{"ticker": "EQT", "price": {"title": "EQT Historical Annual Stock Price Data", "value": 16.75, "historical": {"2021": {"Average Stock Price": "16.2117", "Year Open": "13.4100", "Year High": "18.5000", "Year Low": "13.4100", "Year Close": "16.7500", "Annual % Change": "31.79%"}, "2020": {"Average Stock Price": "12.3413", "Year Open": "10.3600", "Year High": "17.1700", "Year Low": "4.9600", "Year Close": "12.7100", "Annual % Change": "16.61%"}, "2019": {"Average Stock Price": "15.2861", "Year Open": "19.9000", "Year High": "21.7300", "Year Low": "8.4400", "Year Close": "10.9000", "Annual % Change": "-42.30%"}, "2018": {"Average Stock Price": "45.9835", "Year Open": "58.6200", "Year High": "58.9700", "Year Low": "16.6300", "Year Close": "18.8900", "Annual % Change": "-66.81%"}, "2017": {"Average Stock Price": "60.5338", "Year Open": "64.0700", "Year High": "67.0200", "Year Low": "50.8300", "Year Close": "56.9200", "Annual % Change": "-12.97%"}, "2016": {"Average Stock Price": "67.8825", "Year Open": "53.1500", "Year High": "79.3300", "Year Low": "49.5300", "Year Close": "65.4000", "Annual % Change": "25.46%"}, "2015": {"Average Stock Price": "75.0873", "Year Open": "77.5200", "Year High": "91.9500", "Year Low": "47.7500", "Year Close": "52.1300", "Annual % Change": "-31.14%"}, "2014": {"Average Stock Price": "96.2672", "Year Open": "88.7300", "Year High": "109.8400", "Year Low": "75.3800", "Year Close": "75.7000", "Annual % Change": "-15.68%"}, "2013": {"Average Stock Price": "77.6396", "Year Open": "58.3200", "Year High": "92.5600", "Year Low": "57.1900", "Year Close": "89.7800", "Annual % Change": "52.22%"}, "2012": {"Average Stock Price": "53.5661", "Year Open": "54.5200", "Year High": "62.7400", "Year Low": "44.0000", "Year Close": "58.9800", "Annual % Change": "7.65%"}, "2011": {"Average Stock Price": "53.6740", "Year Open": "44.9100", "Year High": "68.3500", "Year Low": "44.4200", "Year Close": "54.7900", "Annual % Change": "22.19%"}, "2010": {"Average Stock Price": "40.2103", "Year Open": "44.7900", "Year High": "47.3700", "Year Low": "32.5400", "Year Close": "44.8400", "Annual % Change": "2.09%"}, "2009": {"Average Stock Price": "37.6898", "Year Open": "34.6700", "Year High": "45.7400", "Year Low": "27.7700", "Year Close": "43.9200", "Annual % Change": "30.91%"}, "2008": {"Average Stock Price": "51.5945", "Year Open": "54.1200", "Year High": "75.1100", "Year Low": "22.9400", "Year Close": "33.5500", "Annual % Change": "-37.03%"}, "2007": {"Average Stock Price": "49.7135", "Year Open": "40.4000", "Year High": "56.6300", "Year Low": "39.6700", "Year Close": "53.2800", "Annual % Change": "27.62%"}, "2006": {"Average Stock Price": "36.7706", "Year Open": "37.6300", "Year High": "44.4500", "Year Low": "31.7700", "Year Close": "41.7500", "Annual % Change": "13.79%"}, "2005": {"Average Stock Price": "33.5407", "Year Open": "29.5850", "Year High": "39.3500", "Year Low": "28.1600", "Year Close": "36.6900", "Annual % Change": "20.97%"}, "2004": {"Average Stock Price": "25.0244", "Year Open": "21.4600", "Year High": "30.3700", "Year Low": "21.0750", "Year Close": "30.3300", "Annual % Change": "41.33%"}, "2003": {"Average Stock Price": "19.6398", "Year Open": "17.6750", "Year High": "21.6250", "Year Low": "17.3400", "Year Close": "21.4600", "Annual % Change": "22.49%"}, "2002": {"Average Stock Price": "17.1699", "Year Open": "16.4600", "Year High": "18.7400", "Year Low": "14.7000", "Year Close": "17.5200", "Annual % Change": "2.85%"}, "2001": {"Average Stock Price": "16.5747", "Year Open": "16.1250", "Year High": "20.0375", "Year Low": "13.6000", "Year Close": "17.0350", "Annual % Change": "2.08%"}, "2000": {"Average Stock Price": "12.4865", "Year Open": "8.3900", "Year High": "16.6875", "Year Low": "8.2350", "Year Close": "16.6875", "Annual % Change": "99.97%"}, "1999": {"Average Stock Price": "8.0846", "Year Open": "7.3600", "Year High": "9.7500", "Year Low": "5.8450", "Year Close": "8.3450", "Annual % Change": "14.59%"}, "1998": {"Average Stock Price": "7.2580", "Year Open": "8.7975", "Year High": "8.7975", "Year Low": "5.2350", "Year Close": "7.2825", "Annual % Change": "-17.67%"}, "1997": {"Average Stock Price": "7.6259", "Year Open": "7.2500", "Year High": "8.8450", "Year Low": "6.9700", "Year Close": "8.8450", "Annual % Change": "18.92%"}, "1996": {"Average Stock Price": "7.2273", "Year Open": "7.7800", "Year High": "7.7813", "Year Low": "6.3750", "Year Close": "7.4375", "Annual % Change": "-4.80%"}, "1995": {"Average Stock Price": "7.2188", "Year Open": "6.8450", "Year High": "7.8125", "Year Low": "6.5000", "Year Close": "7.8125", "Annual % Change": "15.19%"}, "1994": {"Average Stock Price": "8.2917", "Year Open": "9.0625", "Year High": "9.5950", "Year Low": "6.5000", "Year Close": "6.7825", "Annual % Change": "-25.94%"}, "1993": {"Average Stock Price": "9.6047", "Year Open": "8.3750", "Year High": "10.9375", "Year Low": "8.2917", "Year Close": "9.1575", "Annual % Change": "8.80%"}, "1992": {"Average Stock Price": "7.1215", "Year Open": "6.8133", "Year High": "8.5000", "Year Low": "5.9367", "Year Close": "8.4167", "Annual % Change": "23.53%"}, "1991": {"Average Stock Price": "6.2575", "Year Open": "6.2917", "Year High": "6.8750", "Year Low": "5.7083", "Year Close": "6.8133", "Annual % Change": "7.58%"}, "1990": {"Average Stock Price": "6.2748", "Year Open": "6.8333", "Year High": "6.8333", "Year Low": "5.7083", "Year Close": "6.3333", "Annual % Change": "-8.43%"}, "1989": {"Average Stock Price": "6.2508", "Year Open": "5.6250", "Year High": "7.1867", "Year Low": "5.4583", "Year Close": "6.9167", "Annual % Change": "22.53%"}, "1988": {"Average Stock Price": "5.5072", "Year Open": "5.3750", "Year High": "5.9583", "Year Low": "4.9800", "Year Close": "5.6450", "Annual % Change": "7.12%"}}}, "market cap": {"value": "$4.28B"}, "income statement": {"Revenue": {"2019-12-31": "4416.48400", "2018-12-31": "4557.86800", "2017-12-31": "3091.02000", "2016-12-31": "1387.05400", "2015-12-31": "2339.76200", "2014-12-31": "2469.71000", "2013-12-31": "1862.01100", "2012-12-31": "1377.22200", "2011-12-31": "1323.82900", "2010-12-31": "1374.39500", "2009-12-31": "1311.35600", "2008-12-31": "1576.48800", "2007-12-31": "1361.40600", "2006-12-31": "1267.91000", "2005-12-31": "1253.72400"}, "Cost Of Goods Sold": {"2019-12-31": "1913.76000", "2018-12-31": "1899.54100", "2017-12-31": "1363.69700", "2016-12-31": "1059.02400", "2015-12-31": "515.25300", "2014-12-31": "411.16200", "2013-12-31": "275.28200", "2012-12-31": "241.47600", "2011-12-31": "213.74600", "2010-12-31": "320.29800", "2009-12-31": "423.87600", "2008-12-31": "724.99400", "2007-12-31": "636.73900", "2006-12-31": "566.80000", "2005-12-31": "571.88400"}, "Gross Profit": {"2019-12-31": "2502.72400", "2018-12-31": "2658.32700", "2017-12-31": "1727.32300", "2016-12-31": "328.02990", "2015-12-31": "1824.50900", "2014-12-31": "2058.54800", "2013-12-31": "1586.72900", "2012-12-31": "1135.74600", "2011-12-31": "1110.08300", "2010-12-31": "1054.09700", "2009-12-31": "887.48000", "2008-12-31": "851.49400", "2007-12-31": "724.66700", "2006-12-31": "701.11000", "2005-12-31": "681.84000"}, "Research And Development Expenses": {"2019-12-31": "", "2018-12-31": "", "2017-12-31": "", "2016-12-31": "", "2015-12-31": "", "2014-12-31": "", "2013-12-31": "", "2012-12-31": "", "2011-12-31": "", "2010-12-31": "5.36800", "2009-12-31": "17.90500", "2008-12-31": "9.06400", "2007-12-31": "0.86200", "2006-12-31": "0.80200", "2005-12-31": "0.76800"}, "SG&A Expenses": {"2019-12-31": "253.00600", "2018-12-31": "284.22000", "2017-12-31": "208.98600", "2016-12-31": "218.94600", "2015-12-31": "319.68500", "2014-12-31": "292.66200", "2013-12-31": "298.61100", "2012-12-31": "271.50000", "2011-12-31": "237.97200", "2010-12-31": "307.96500", "2009-12-31": "316.70600", "2008-12-31": "240.80800", "2007-12-31": "302.33000", "2006-12-31": "230.57100", "2005-12-31": "235.89800"}, "Other Operating Income Or Expenses": {"2019-12-31": "-1811.75600", "2018-12-31": "-3016.01500", "2017-12-31": "-159.74000", "2016-12-31": "-7.66100", "2015-12-31": "-122.46900", "2014-12-31": "-233.19300", "2013-12-31": "19.61800", "2012-12-31": "0.00000", "2011-12-31": "202.92800", "2010-12-31": "", "2009-12-31": "", "2008-12-31": "", "2007-12-31": "", "2006-12-31": "2.90800", "2005-12-31": "-7.83500"}, "Operating Expenses": {"2019-12-31": "5568.59400", "2018-12-31": "7340.99200", "2017-12-31": "2708.80800", "2016-12-31": "2142.08200", "2015-12-31": "1776.62300", "2014-12-31": "1616.31500", "2013-12-31": "1207.40700", "2012-12-31": "987.59300", "2011-12-31": "562.65810", "2010-12-31": "903.91600", "2009-12-31": "954.56510", "2008-12-31": "1111.68200", "2007-12-31": "1049.73300", "2006-12-31": "895.38700", "2005-12-31": "909.91200"}, "Operating Income": {"2019-12-31": "-1152.11000", "2018-12-31": "-2783.12400", "2017-12-31": "382.21190", "2016-12-31": "-755.02810", "2015-12-31": "563.13890", "2014-12-31": "853.39490", "2013-12-31": "654.60400", "2012-12-31": "389.62910", "2011-12-31": "761.17090", "2010-12-31": "470.47910", "2009-12-31": "356.79090", "2008-12-31": "464.80600", "2007-12-31": "311.67300", "2006-12-31": "372.52310", "2005-12-31": "343.81200"}, "Total Non-Operating Income/Expense": {"2019-12-31": "-445.36100", "2018-12-31": "-294.30700", "2017-12-31": "-183.59900", "2016-12-31": "-139.23400", "2015-12-31": "-136.57800", "2014-12-31": "-129.68400", "2013-12-31": "-133.44600", "2012-12-31": "-169.25000", "2011-12-31": "-103.05200", "2010-12-31": "-115.25900", "2009-12-31": "-103.19400", "2008-12-31": "-54.28200", "2007-12-31": "90.20500", "2006-12-31": "-46.79200", "2005-12-31": "67.80000"}, "Pre-Tax Income": {"2019-12-31": "-1597.47100", "2018-12-31": "-3077.43100", "2017-12-31": "198.61300", "2016-12-31": "-894.26200", "2015-12-31": "426.56100", "2014-12-31": "723.71100", "2013-12-31": "521.15800", "2012-12-31": "220.37900", "2011-12-31": "658.11900", "2010-12-31": "355.22000", "2009-12-31": "253.59700", "2008-12-31": "410.52400", "2007-12-31": "401.87800", "2006-12-31": "325.73100", "2005-12-31": "411.61200"}, "Income Taxes": {"2019-12-31": "-375.77600", "2018-12-31": "-696.51100", "2017-12-31": "-1188.41600", "2016-12-31": "-362.76900", "2015-12-31": "104.67500", "2014-12-31": "214.09200", "2013-12-31": "175.18600", "2012-12-31": "71.46100", "2011-12-31": "238.53700", "2010-12-31": "127.52000", "2009-12-31": "96.66800", "2008-12-31": "154.92000", "2007-12-31": "144.39500", "2006-12-31": "109.70600", "2005-12-31": "153.03800"}, "Income After Taxes": {"2019-12-31": "-1221.69500", "2018-12-31": "-2380.92000", "2017-12-31": "1387.02900", "2016-12-31": "-531.49300", "2015-12-31": "321.88600", "2014-12-31": "509.61900", "2013-12-31": "345.97200", "2012-12-31": "148.91800", "2011-12-31": "419.58200", "2010-12-31": "227.70000", "2009-12-31": "156.92900", "2008-12-31": "255.60400", "2007-12-31": "257.48300", "2006-12-31": "216.02500", "2005-12-31": "258.57400"}, "Other Income": {"2019-12-31": "", "2018-12-31": "", "2017-12-31": "", "2016-12-31": "", "2015-12-31": "", "2014-12-31": "", "2013-12-31": "", "2012-12-31": "", "2011-12-31": "", "2010-12-31": "", "2009-12-31": "", "2008-12-31": "", "2007-12-31": "", "2006-12-31": "", "2005-12-31": ""}, "Income From Continuous Operations": {"2019-12-31": "-1221.69500", "2018-12-31": "-2380.92000", "2017-12-31": "1387.02900", "2016-12-31": "-531.49300", "2015-12-31": "321.88600", "2014-12-31": "509.61900", "2013-12-31": "345.97200", "2012-12-31": "148.91800", "2011-12-31": "419.58200", "2010-12-31": "227.70000", "2009-12-31": "156.92900", "2008-12-31": "255.60400", "2007-12-31": "257.48300", "2006-12-31": "216.02500", "2005-12-31": "258.57400"}, "Income From Discontinued Operations": {"2019-12-31": "", "2018-12-31": "373.76200", "2017-12-31": "471.11300", "2016-12-31": "400.43000", "2015-12-31": "", "2014-12-31": "1.37100", "2013-12-31": "91.84300", "2012-12-31": "47.49300", "2011-12-31": "60.18700", "2010-12-31": "", "2009-12-31": "", "2008-12-31": "", "2007-12-31": "", "2006-12-31": "4.26100", "2005-12-31": "1.48100"}, "Net Income": {"2019-12-31": "-1221.69500", "2018-12-31": "-2244.56800", "2017-12-31": "1508.52900", "2016-12-31": "-452.98300", "2015-12-31": "85.17100", "2014-12-31": "386.96500", "2013-12-31": "390.57200", "2012-12-31": "183.39500", "2011-12-31": "479.76900", "2010-12-31": "227.70000", "2009-12-31": "156.92900", "2008-12-31": "255.60400", "2007-12-31": "257.48300", "2006-12-31": "220.28600", "2005-12-31": "260.05500"}, "EBITDA": {"2019-12-31": "445.84670", "2018-12-31": "-1009.05000", "2017-12-31": "1444.77700", "2016-12-31": "172.89190", "2015-12-31": "1382.35500", "2014-12-31": "1532.69300", "2013-12-31": "1331.17400", "2012-12-31": "888.74710", "2011-12-31": "1100.46800", "2010-12-31": "740.76400", "2009-12-31": "552.86890", "2008-12-31": "601.62200", "2007-12-31": "421.47500", "2006-12-31": "472.64510", "2005-12-31": "437.33900"}, "EBIT": {"2019-12-31": "-1152.11000", "2018-12-31": "-2783.12400", "2017-12-31": "382.21190", "2016-12-31": "-755.02810", "2015-12-31": "563.13890", "2014-12-31": "853.39490", "2013-12-31": "654.60400", "2012-12-31": "389.62910", "2011-12-31": "761.17090", "2010-12-31": "470.47910", "2009-12-31": "356.79090", "2008-12-31": "464.80600", "2007-12-31": "311.67300", "2006-12-31": "372.52310", "2005-12-31": "343.81200"}, "Basic Shares Outstanding": {"2019-12-31": "255.14100", "2018-12-31": "260.93200", "2017-12-31": "187.38000", "2016-12-31": "166.97800", "2015-12-31": "152.39800", "2014-12-31": "151.55300", "2013-12-31": "150.57400", "2012-12-31": "149.61900", "2011-12-31": "149.39200", "2010-12-31": "144.45800", "2009-12-31": "130.82000", "2008-12-31": "127.23400", "2007-12-31": "121.38100", "2006-12-31": "120.12400", "2005-12-31": "121.09900"}, "Shares Outstanding": {"2019-12-31": "255.14100", "2018-12-31": "260.93200", "2017-12-31": "187.72700", "2016-12-31": "166.97800", "2015-12-31": "152.93900", "2014-12-31": "152.51300", "2013-12-31": "151.78700", "2012-12-31": "149.61900", "2011-12-31": "150.20900", "2010-12-31": "145.23200", "2009-12-31": "130.82000", "2008-12-31": "128.10600", "2007-12-31": "121.38100", "2006-12-31": "120.12400", "2005-12-31": "121.09900"}, "Basic EPS": {"2019-12-31": "-4.79000", "2018-12-31": "-8.60000", "2017-12-31": "8.05000", "2016-12-31": "-2.71000", "2015-12-31": "0.56000", "2014-12-31": "2.55000", "2013-12-31": "2.59000", "2012-12-31": "1.23000", "2011-12-31": "3.21000", "2010-12-31": "1.58000", "2009-12-31": "1.20000", "2008-12-31": "2.01000", "2007-12-31": "2.12000", "2006-12-31": "1.83000", "2005-12-31": "2.15000"}, "EPS - Earnings Per Share": {"2019-12-31": "-4.79000", "2018-12-31": "-8.60000", "2017-12-31": "8.04000", "2016-12-31": "-2.71000", "2015-12-31": "0.56000", "2014-12-31": "2.54000", "2013-12-31": "2.57000", "2012-12-31": "1.22000", "2011-12-31": "3.19000", "2010-12-31": "1.57000", "2009-12-31": "1.19000", "2008-12-31": "2.00000", "2007-12-31": "2.10000", "2006-12-31": "1.80000", "2005-12-31": "2.10000"}}, "income statement, quarterly": {"Revenue": {"2020-09-30": "172.12700", "2020-06-30": "527.07400", "2020-03-31": "1107.05700", "2019-12-31": "1011.48300", "2019-09-30": "951.57600", "2019-06-30": "1310.25200", "2019-03-31": "1143.17300", "2018-12-31": "1245.13800", "2018-09-30": "1050.04600", "2018-06-30": "950.64800", "2018-03-31": "1312.03600", "2017-12-31": "848.69600", "2017-09-30": "659.41300", "2017-06-30": "688.74200", "2017-03-31": "894.16900", "2016-12-31": "157.72800", "2016-09-30": "556.72600", "2016-06-30": "127.53100", "2016-03-31": "545.06900", "2015-12-31": "601.38090", "2015-09-30": "583.97800", "2015-06-30": "439.58800", "2015-03-31": "714.81500", "2014-12-31": "703.19380", "2014-09-30": "578.72300", "2014-06-30": "526.16800", "2014-03-31": "661.62500", "2013-12-31": "493.42900", "2013-09-30": "479.60600", "2013-06-30": "473.09300", "2013-03-31": "415.88300", "2012-12-31": "489.78700", "2012-09-30": "364.05700", "2012-06-30": "337.80400", "2012-03-31": "449.96000", "2011-12-31": "436.80400", "2011-09-30": "362.64400", "2011-06-30": "367.79100", "2011-03-31": "472.69500", "2010-12-31": "371.21800", "2010-09-30": "257.33500", "2010-06-30": "257.51500", "2010-03-31": "436.64000", "2009-12-31": "344.02700", "2009-09-30": "218.35700", "2009-06-30": "238.04000", "2009-03-31": "469.40300", "2008-12-31": "408.87800", "2008-09-30": "297.82700", "2008-06-30": "334.00900", "2008-03-31": "535.77400", "2007-12-31": "384.81400", "2007-09-30": "226.80600", "2007-06-30": "293.24000", "2007-03-31": "456.54600", "2006-12-31": "353.78300", "2006-09-30": "232.80100", "2006-06-30": "251.20700", "2006-03-31": "430.11900", "2005-12-31": "392.88210", "2005-09-30": "229.37200", "2005-06-30": "230.19400", "2005-03-31": "401.27600"}, "Cost Of Goods Sold": {"2020-09-30": "470.52100", "2020-06-30": "444.84100", "2020-03-31": "481.13700", "2019-12-31": "475.68700", "2019-09-30": "479.25500", "2019-06-30": "475.15700", "2019-03-31": "483.66100", "2018-12-31": "478.36300", "2018-09-30": "467.07700", "2018-06-30": "477.58500", "2018-03-31": "476.51600", "2017-12-31": "823.57600", "2017-09-30": "178.16800", "2017-06-30": "182.57500", "2017-03-31": "179.37800", "2016-12-31": "672.26410", "2016-09-30": "131.55300", "2016-06-30": "133.68900", "2016-03-31": "121.51800", "2015-12-31": "180.61900", "2015-09-30": "112.67800", "2015-06-30": "112.27000", "2015-03-31": "109.68600", "2014-12-31": "156.42300", "2014-09-30": "86.56700", "2014-06-30": "91.05700", "2014-03-31": "77.11500", "2013-12-31": "74.91500", "2013-09-30": "68.99600", "2013-06-30": "69.75100", "2013-03-31": "61.62000", "2012-12-31": "93.63700", "2012-09-30": "57.59500", "2012-06-30": "62.23900", "2012-03-31": "111.08900", "2011-12-31": "86.98500", "2011-09-30": "59.02900", "2011-06-30": "60.01500", "2011-03-31": "131.34900", "2010-12-31": "82.69300", "2010-09-30": "24.84800", "2010-06-30": "32.50100", "2010-03-31": "130.58300", "2009-12-31": "85.06200", "2009-09-30": "29.13800", "2009-06-30": "49.45100", "2009-03-31": "224.02700", "2008-12-31": "197.75800", "2008-09-30": "105.19000", "2008-06-30": "138.72100", "2008-03-31": "287.69800", "2007-12-31": "183.26800", "2007-09-30": "84.56900", "2007-06-30": "132.96100", "2007-03-31": "236.24200", "2006-12-31": "151.75000", "2006-09-30": "88.33100", "2006-06-30": "101.78300", "2006-03-31": "224.93600", "2005-12-31": "196.75700", "2005-09-30": "81.28300", "2005-06-30": "90.94300", "2005-03-31": "202.90100"}, "Gross Profit": {"2020-09-30": "-298.39400", "2020-06-30": "82.23300", "2020-03-31": "625.92000", "2019-12-31": "535.79600", "2019-09-30": "472.32100", "2019-06-30": "835.09500", "2019-03-31": "659.51200", "2018-12-31": "766.77530", "2018-09-30": "582.96900", "2018-06-30": "473.06300", "2018-03-31": "835.52000", "2017-12-31": "25.11990", "2017-09-30": "481.24500", "2017-06-30": "506.16700", "2017-03-31": "714.79100", "2016-12-31": "-514.53610", "2016-09-30": "425.17300", "2016-06-30": "-6.15800", "2016-03-31": "423.55100", "2015-12-31": "420.76190", "2015-09-30": "471.30000", "2015-06-30": "327.31800", "2015-03-31": "605.12900", "2014-12-31": "546.77090", "2014-09-30": "492.15600", "2014-06-30": "435.11100", "2014-03-31": "584.51000", "2013-12-31": "418.51400", "2013-09-30": "410.61000", "2013-06-30": "403.34200", "2013-03-31": "354.26300", "2012-12-31": "396.15000", "2012-09-30": "306.46200", "2012-06-30": "275.56500", "2012-03-31": "338.87100", "2011-12-31": "349.81900", "2011-09-30": "303.61500", "2011-06-30": "307.77600", "2011-03-31": "341.34600", "2010-12-31": "288.52500", "2010-09-30": "232.48700", "2010-06-30": "225.01400", "2010-03-31": "306.05700", "2009-12-31": "258.96500", "2009-09-30": "189.21900", "2009-06-30": "188.58900", "2009-03-31": "245.37600", "2008-12-31": "211.12000", "2008-09-30": "192.63700", "2008-06-30": "195.28800", "2008-03-31": "248.07600", "2007-12-31": "201.54600", "2007-09-30": "142.23700", "2007-06-30": "160.27900", "2007-03-31": "220.30400", "2006-12-31": "202.03300", "2006-09-30": "144.47000", "2006-06-30": "149.42400", "2006-03-31": "205.18300", "2005-12-31": "196.12510", "2005-09-30": "148.08900", "2005-06-30": "139.25100", "2005-03-31": "198.37500"}, "Research And Development Expenses": {"2020-09-30": "", "2020-06-30": "", "2020-03-31": "", "2019-12-31": "", "2019-09-30": "", "2019-06-30": "", "2019-03-31": "", "2018-12-31": "", "2018-09-30": "", "2018-06-30": "", "2018-03-31": "", "2017-12-31": "", "2017-09-30": "", "2017-06-30": "", "2017-03-31": "3.12200", "2016-12-31": "", "2016-09-30": "", "2016-06-30": "", "2016-03-31": "", "2015-12-31": "", "2015-09-30": "", "2015-06-30": "", "2015-03-31": "", "2014-12-31": "", "2014-09-30": "", "2014-06-30": "", "2014-03-31": "1.41900", "2013-12-31": "", "2013-09-30": "", "2013-06-30": "", "2013-03-31": "3.73000", "2012-12-31": "5.49200", "2012-09-30": "1.16300", "2012-06-30": "1.88700", "2012-03-31": "1.82800", "2011-12-31": "1.54500", "2011-09-30": "0.81400", "2011-06-30": "1.19800", "2011-03-31": "1.37500", "2010-12-31": "2.01400", "2010-09-30": "0.94100", "2010-06-30": "1.07800", "2010-03-31": "1.33500", "2009-12-31": "5.65400", "2009-09-30": "4.52600", "2009-06-30": "4.41400", "2009-03-31": "3.31100", "2008-12-31": "4.16300", "2008-09-30": "3.50800", "2008-06-30": "0.83800", "2008-03-31": "0.55500", "2007-12-31": "0.30100", "2007-09-30": "0.16200", "2007-06-30": "0.11700", "2007-03-31": "0.28200", "2006-12-31": "", "2006-09-30": "", "2006-06-30": "", "2006-03-31": "", "2005-12-31": "", "2005-09-30": "", "2005-06-30": "", "2005-03-31": ""}, "SG&A Expenses": {"2020-09-30": "56.33000", "2020-06-30": "43.34100", "2020-03-31": "34.93800", "2019-12-31": "38.44400", "2019-09-30": "79.37600", "2019-06-30": "86.20800", "2019-03-31": "48.97800", "2018-12-31": "129.63000", "2018-09-30": "51.81600", "2018-06-30": "62.95900", "2018-03-31": "39.81500", "2017-12-31": "18.09600", "2017-09-30": "85.85200", "2017-06-30": "70.98500", "2017-03-31": "88.77400", "2016-12-31": "22.18100", "2016-09-30": "79.62800", "2016-06-30": "93.70500", "2016-03-31": "75.11900", "2015-12-31": "37.82900", "2015-09-30": "93.01800", "2015-06-30": "97.46500", "2015-03-31": "91.37300", "2014-12-31": "42.52800", "2014-09-30": "85.07500", "2014-06-30": "90.87000", "2014-03-31": "74.18900", "2013-12-31": "82.63100", "2013-09-30": "74.07300", "2013-06-30": "78.88900", "2013-03-31": "63.01800", "2012-12-31": "95.36700", "2012-09-30": "87.74000", "2012-06-30": "76.59300", "2012-03-31": "77.33200", "2011-12-31": "83.85100", "2011-09-30": "80.61700", "2011-06-30": "71.52200", "2011-03-31": "63.94600", "2010-12-31": "79.22900", "2010-09-30": "74.81600", "2010-06-30": "80.19000", "2010-03-31": "73.73000", "2009-12-31": "90.16100", "2009-09-30": "95.05500", "2009-06-30": "70.47300", "2009-03-31": "61.34000", "2008-12-31": "89.86500", "2008-09-30": "-7.86600", "2008-06-30": "61.26600", "2008-03-31": "97.33300", "2007-12-31": "79.73800", "2007-09-30": "57.80000", "2007-06-30": "71.05100", "2007-03-31": "93.74100", "2006-12-31": "65.66000", "2006-09-30": "58.18600", "2006-06-30": "53.41600", "2006-03-31": "53.30900", "2005-12-31": "62.93500", "2005-09-30": "70.13600", "2005-06-30": "55.35700", "2005-03-31": "47.47000"}, "Other Operating Income Or Expenses": {"2020-09-30": "-56.96600", "2020-06-30": "-95.23100", "2020-03-31": "-102.62000", "2019-12-31": "-1567.71600", "2019-09-30": "-140.31500", "2019-06-30": "-70.10200", "2019-03-31": "-33.62300", "2018-12-31": "-250.06320", "2018-09-30": "-280.24700", "2018-06-30": "-142.70300", "2018-03-31": "-2343.00200", "2017-12-31": "-144.69600", "2017-09-30": "-10.80600", "2017-06-30": "-4.23800", "2017-03-31": "", "2016-12-31": "", "2016-09-30": "", "2016-06-30": "", "2016-03-31": "", "2015-12-31": "-118.21700", "2015-09-30": "", "2015-06-30": "", "2015-03-31": "-4.25200", "2014-12-31": "-270.94200", "2014-09-30": "", "2014-06-30": "37.74900", "2014-03-31": "", "2013-12-31": "", "2013-09-30": "", "2013-06-30": "", "2013-03-31": "", "2012-12-31": "", "2012-09-30": "", "2012-06-30": "", "2012-03-31": "", "2011-12-31": "0.00000", "2011-09-30": "180.14300", "2011-06-30": "", "2011-03-31": "22.78500", "2010-12-31": "", "2010-09-30": "", "2010-06-30": "", "2010-03-31": "", "2009-12-31": "", "2009-09-30": "", "2009-06-30": "", "2009-03-31": "", "2008-12-31": "", "2008-09-30": "", "2008-06-30": "", "2008-03-31": "", "2007-12-31": "", "2007-09-30": "", "2007-06-30": "", "2007-03-31": "", "2006-12-31": "0.00000", "2006-09-30": "", "2006-06-30": "2.90800", "2006-03-31": "", "2005-12-31": "0.00000", "2005-09-30": "", "2005-06-30": "-7.31600", "2005-03-31": "-0.51900"}, "Operating Expenses": {"2020-09-30": "932.32200", "2020-06-30": "913.98600", "2020-03-31": "983.69900", "2019-12-31": "2473.55000", "2019-09-30": "1113.10500", "2019-06-30": "1014.22200", "2019-03-31": "967.71700", "2018-12-31": "1815.83000", "2018-09-30": "1197.49700", "2018-06-30": "1065.29800", "2018-03-31": "3262.36800", "2017-12-31": "1185.61500", "2017-09-30": "521.38600", "2017-06-30": "498.61500", "2017-03-31": "503.19200", "2016-12-31": "823.92200", "2016-09-30": "448.26900", "2016-06-30": "452.02300", "2016-03-31": "417.86800", "2015-12-31": "556.09010", "2015-09-30": "413.92300", "2015-06-30": "406.55400", "2015-03-31": "400.05600", "2014-12-31": "662.86410", "2014-09-30": "347.22000", "2014-06-30": "301.39700", "2014-03-31": "304.83400", "2013-12-31": "312.34800", "2013-09-30": "312.54200", "2013-06-30": "311.11300", "2013-03-31": "271.40400", "2012-12-31": "338.79700", "2012-09-30": "278.10900", "2012-06-30": "256.40000", "2012-03-31": "297.77400", "2011-12-31": "264.05100", "2011-09-30": "47.66000", "2011-06-30": "214.62100", "2011-03-31": "252.28300", "2010-12-31": "236.56300", "2010-09-30": "169.15300", "2010-06-30": "178.98600", "2010-03-31": "267.52700", "2009-12-31": "230.81800", "2009-09-30": "178.42500", "2009-06-30": "170.52600", "2009-03-31": "333.26700", "2008-12-31": "327.35400", "2008-09-30": "135.10100", "2008-06-30": "232.87600", "2008-03-31": "416.35100", "2007-12-31": "290.88200", "2007-09-30": "169.43800", "2007-06-30": "231.72100", "2007-03-31": "357.69200", "2006-12-31": "244.17090", "2006-09-30": "171.66600", "2006-06-30": "177.08800", "2006-03-31": "302.46200", "2005-12-31": "284.41400", "2005-09-30": "174.68300", "2005-06-30": "176.73500", "2005-03-31": "274.08000"}, "Operating Income": {"2020-09-30": "-760.19500", "2020-06-30": "-386.91200", "2020-03-31": "123.35800", "2019-12-31": "-1462.06700", "2019-09-30": "-161.52900", "2019-06-30": "296.03000", "2019-03-31": "175.45590", "2018-12-31": "-570.69130", "2018-09-30": "-147.45090", "2018-06-30": "-114.65000", "2018-03-31": "-1950.33200", "2017-12-31": "-336.91910", "2017-09-30": "138.02700", "2017-06-30": "190.12700", "2017-03-31": "390.97700", "2016-12-31": "-666.19400", "2016-09-30": "108.45700", "2016-06-30": "-324.49200", "2016-03-31": "127.20100", "2015-12-31": "45.29080", "2015-09-30": "170.05500", "2015-06-30": "33.03400", "2015-03-31": "314.75900", "2014-12-31": "40.32970", "2014-09-30": "231.50300", "2014-06-30": "224.77110", "2014-03-31": "356.79100", "2013-12-31": "181.08110", "2013-09-30": "167.06400", "2013-06-30": "161.98000", "2013-03-31": "144.47900", "2012-12-31": "150.99000", "2012-09-30": "85.94800", "2012-06-30": "81.40400", "2012-03-31": "152.18600", "2011-12-31": "172.75300", "2011-09-30": "314.98400", "2011-06-30": "153.17000", "2011-03-31": "220.41200", "2010-12-31": "134.65500", "2010-09-30": "88.18200", "2010-06-30": "78.52900", "2010-03-31": "169.11300", "2009-12-31": "113.20900", "2009-09-30": "39.93200", "2009-06-30": "67.51400", "2009-03-31": "136.13600", "2008-12-31": "81.52400", "2008-09-30": "162.72600", "2008-06-30": "101.13300", "2008-03-31": "119.42300", "2007-12-31": "93.93200", "2007-09-30": "57.36800", "2007-06-30": "61.51900", "2007-03-31": "98.85400", "2006-12-31": "109.61210", "2006-09-30": "61.13500", "2006-06-30": "74.11900", "2006-03-31": "127.65700", "2005-12-31": "108.46810", "2005-09-30": "54.68900", "2005-06-30": "53.45900", "2005-03-31": "127.19600"}, "Total Non-Operating Income/Expense": {"2020-09-30": "-66.20200", "2020-06-30": "20.83400", "2020-03-31": "-257.67500", "2019-12-31": "-81.38900", "2019-09-30": "-285.84200", "2019-06-30": "-131.59900", "2019-03-31": "53.46900", "2018-12-31": "-127.15900", "2018-09-30": "-51.85700", "2018-06-30": "-57.25000", "2018-03-31": "-58.04100", "2017-12-31": "-62.36800", "2017-09-30": "-43.85100", "2017-06-30": "-37.77300", "2017-03-31": "-39.60700", "2016-12-31": "-53.96400", "2016-09-30": "-25.26900", "2016-06-30": "-28.66100", "2016-03-31": "-31.34000", "2015-12-31": "-32.27100", "2015-09-30": "-33.88600", "2015-06-30": "-34.14400", "2015-03-31": "-36.27700", "2014-12-31": "-36.26000", "2014-09-30": "-34.71300", "2014-06-30": "-29.29400", "2014-03-31": "-29.41700", "2013-12-31": "-29.38800", "2013-09-30": "-33.24400", "2013-06-30": "-35.34300", "2013-03-31": "-35.47100", "2012-12-31": "-60.32100", "2012-09-30": "-37.65900", "2012-06-30": "-35.38000", "2012-03-31": "-35.46100", "2011-12-31": "-31.49600", "2011-09-30": "-29.40500", "2011-06-30": "-15.24100", "2011-03-31": "-26.04800", "2010-12-31": "-21.73500", "2010-09-30": "-30.93700", "2010-06-30": "-31.50700", "2010-03-31": "-31.08000", "2009-12-31": "-31.57900", "2009-09-30": "-29.93200", "2009-06-30": "-24.15200", "2009-03-31": "-17.53100", "2008-12-31": "-23.54700", "2008-09-30": "-10.84400", "2008-06-30": "-11.05600", "2008-03-31": "-8.83500", "2007-12-31": "-1.32000", "2007-09-30": "-7.93000", "2007-06-30": "110.58400", "2007-03-31": "-11.12900", "2006-12-31": "-11.67000", "2006-09-30": "-12.22000", "2006-06-30": "-10.11900", "2006-03-31": "-12.78300", "2005-12-31": "19.04200", "2005-09-30": "8.72200", "2005-06-30": "50.99600", "2005-03-31": "-10.96000"}, "Pre-Tax Income": {"2020-09-30": "-826.39700", "2020-06-30": "-366.07800", "2020-03-31": "-134.31700", "2019-12-31": "-1543.45600", "2019-09-30": "-447.37100", "2019-06-30": "164.43100", "2019-03-31": "228.92500", "2018-12-31": "-697.84990", "2018-09-30": "-199.30800", "2018-06-30": "-171.90000", "2018-03-31": "-2008.37300", "2017-12-31": "-399.28700", "2017-09-30": "94.17600", "2017-06-30": "152.35400", "2017-03-31": "351.37000", "2016-12-31": "-720.15800", "2016-09-30": "83.18800", "2016-06-30": "-353.15300", "2016-03-31": "95.86100", "2015-12-31": "13.02000", "2015-09-30": "136.16900", "2015-06-30": "-1.11000", "2015-03-31": "278.48200", "2014-12-31": "4.07000", "2014-09-30": "196.79000", "2014-06-30": "195.47700", "2014-03-31": "327.37400", "2013-12-31": "151.69300", "2013-09-30": "133.82000", "2013-06-30": "126.63700", "2013-03-31": "109.00800", "2012-12-31": "90.66900", "2012-09-30": "48.28900", "2012-06-30": "46.02400", "2012-03-31": "116.72500", "2011-12-31": "141.25700", "2011-09-30": "285.57900", "2011-06-30": "137.92900", "2011-03-31": "194.36400", "2010-12-31": "112.92000", "2010-09-30": "57.24500", "2010-06-30": "47.02200", "2010-03-31": "138.03300", "2009-12-31": "81.63000", "2009-09-30": "10.00000", "2009-06-30": "43.36200", "2009-03-31": "118.60500", "2008-12-31": "57.97700", "2008-09-30": "151.88200", "2008-06-30": "90.07700", "2008-03-31": "110.58800", "2007-12-31": "92.61200", "2007-09-30": "49.43800", "2007-06-30": "172.10300", "2007-03-31": "87.72500", "2006-12-31": "97.94200", "2006-09-30": "48.91500", "2006-06-30": "64.00000", "2006-03-31": "114.87400", "2005-12-31": "127.51000", "2005-09-30": "63.41100", "2005-06-30": "104.45500", "2005-03-31": "116.23600"}, "Income Taxes": {"2020-09-30": "-225.75700", "2020-06-30": "-103.00300", "2020-03-31": "32.82200", "2019-12-31": "-366.53200", "2019-09-30": "-86.34300", "2019-06-30": "38.86500", "2019-03-31": "38.23400", "2018-12-31": "-99.78800", "2018-09-30": "-71.96100", "2018-06-30": "-94.92200", "2018-03-31": "-429.84000", "2017-12-31": "-1307.50900", "2017-09-30": "-11.28100", "2017-06-30": "29.70900", "2017-03-31": "100.66500", "2016-12-31": "-210.94300", "2016-09-30": "13.08400", "2016-06-30": "-172.34600", "2016-03-31": "7.43600", "2015-12-31": "76.28200", "2015-09-30": "35.93600", "2015-06-30": "-64.85700", "2015-03-31": "57.31400", "2014-12-31": "-25.82800", "2014-09-30": "64.49600", "2014-06-30": "59.08900", "2014-03-31": "116.33500", "2013-12-31": "68.83900", "2013-09-30": "33.50100", "2013-06-30": "38.07800", "2013-03-31": "34.76800", "2012-12-31": "34.44300", "2012-09-30": "11.58500", "2012-06-30": "14.57800", "2012-03-31": "44.69000", "2011-12-31": "50.41100", "2011-09-30": "106.66500", "2011-06-30": "50.17500", "2011-03-31": "72.10900", "2010-12-31": "39.80700", "2010-09-30": "20.72300", "2010-06-30": "17.02200", "2010-03-31": "49.96800", "2009-12-31": "26.24800", "2009-09-30": "7.09100", "2009-06-30": "16.71700", "2009-03-31": "46.61200", "2008-12-31": "24.48200", "2008-09-30": "55.68400", "2008-06-30": "34.68600", "2008-03-31": "40.06800", "2007-12-31": "32.01500", "2007-09-30": "16.51300", "2007-06-30": "64.76000", "2007-03-31": "31.10700", "2006-12-31": "29.98000", "2006-09-30": "17.12000", "2006-06-30": "20.09100", "2006-03-31": "42.51500", "2005-12-31": "47.49100", "2005-09-30": "17.60000", "2005-06-30": "46.50200", "2005-03-31": "41.44500"}, "Income After Taxes": {"2020-09-30": "-600.64000", "2020-06-30": "-263.07500", "2020-03-31": "-167.13900", "2019-12-31": "-1176.92400", "2019-09-30": "-361.02800", "2019-06-30": "125.56600", "2019-03-31": "190.69100", "2018-12-31": "-598.06190", "2018-09-30": "-127.34700", "2018-06-30": "-76.97800", "2018-03-31": "-1578.53300", "2017-12-31": "908.22200", "2017-09-30": "105.45700", "2017-06-30": "122.64500", "2017-03-31": "250.70500", "2016-12-31": "-509.21500", "2016-09-30": "70.10400", "2016-06-30": "-180.80700", "2016-03-31": "88.42500", "2015-12-31": "-63.26200", "2015-09-30": "100.23300", "2015-06-30": "63.74700", "2015-03-31": "221.16800", "2014-12-31": "29.89800", "2014-09-30": "132.29400", "2014-06-30": "136.38800", "2014-03-31": "211.03900", "2013-12-31": "82.85400", "2013-09-30": "100.31900", "2013-06-30": "88.55900", "2013-03-31": "74.24000", "2012-12-31": "56.22600", "2012-09-30": "36.70400", "2012-06-30": "31.44600", "2012-03-31": "72.03500", "2011-12-31": "90.84600", "2011-09-30": "178.91400", "2011-06-30": "87.75400", "2011-03-31": "122.25500", "2010-12-31": "73.11300", "2010-09-30": "36.52200", "2010-06-30": "30.00000", "2010-03-31": "88.06500", "2009-12-31": "55.38200", "2009-09-30": "2.90900", "2009-06-30": "26.64500", "2009-03-31": "71.99300", "2008-12-31": "33.49500", "2008-09-30": "96.19800", "2008-06-30": "55.39100", "2008-03-31": "70.52000", "2007-12-31": "60.59700", "2007-09-30": "32.92500", "2007-06-30": "107.34300", "2007-03-31": "56.61800", "2006-12-31": "67.96200", "2006-09-30": "31.79500", "2006-06-30": "43.90900", "2006-03-31": "72.35900", "2005-12-31": "80.01900", "2005-09-30": "45.81100", "2005-06-30": "57.95300", "2005-03-31": "74.79100"}, "Other Income": {"2020-09-30": "", "2020-06-30": "", "2020-03-31": "", "2019-12-31": "", "2019-09-30": "", "2019-06-30": "", "2019-03-31": "", "2018-12-31": "", "2018-09-30": "", "2018-06-30": "", "2018-03-31": "", "2017-12-31": "", "2017-09-30": "", "2017-06-30": "", "2017-03-31": "", "2016-12-31": "", "2016-09-30": "", "2016-06-30": "", "2016-03-31": "", "2015-12-31": "", "2015-09-30": "", "2015-06-30": "", "2015-03-31": "", "2014-12-31": "", "2014-09-30": "", "2014-06-30": "", "2014-03-31": "", "2013-12-31": "", "2013-09-30": "", "2013-06-30": "", "2013-03-31": "", "2012-12-31": "", "2012-09-30": "", "2012-06-30": "", "2012-03-31": "", "2011-12-31": "", "2011-09-30": "", "2011-06-30": "", "2011-03-31": "", "2010-12-31": "", "2010-09-30": "", "2010-06-30": "", "2010-03-31": "", "2009-12-31": "", "2009-09-30": "", "2009-06-30": "", "2009-03-31": "", "2008-12-31": "", "2008-09-30": "", "2008-06-30": "", "2008-03-31": "", "2007-12-31": "", "2007-09-30": "", "2007-06-30": "", "2007-03-31": "", "2006-12-31": "", "2006-09-30": "", "2006-06-30": "", "2006-03-31": "", "2005-12-31": "", "2005-09-30": "", "2005-06-30": "", "2005-03-31": ""}, "Income From Continuous Operations": {"2020-09-30": "-600.64000", "2020-06-30": "-263.07500", "2020-03-31": "-167.13900", "2019-12-31": "-1176.92400", "2019-09-30": "-361.02800", "2019-06-30": "125.56600", "2019-03-31": "190.69100", "2018-12-31": "-598.06200", "2018-09-30": "-127.34700", "2018-06-30": "-76.97800", "2018-03-31": "-1578.53300", "2017-12-31": "908.22200", "2017-09-30": "105.45700", "2017-06-30": "122.64500", "2017-03-31": "250.70500", "2016-12-31": "-509.21500", "2016-09-30": "70.10400", "2016-06-30": "-180.80700", "2016-03-31": "88.42500", "2015-12-31": "-63.26200", "2015-09-30": "100.23300", "2015-06-30": "63.74700", "2015-03-31": "221.16800", "2014-12-31": "29.89800", "2014-09-30": "132.29400", "2014-06-30": "136.38800", "2014-03-31": "211.03900", "2013-12-31": "82.85400", "2013-09-30": "100.31900", "2013-06-30": "88.55900", "2013-03-31": "74.24000", "2012-12-31": "56.22600", "2012-09-30": "36.70400", "2012-06-30": "31.44600", "2012-03-31": "72.03500", "2011-12-31": "90.84600", "2011-09-30": "178.91400", "2011-06-30": "87.75400", "2011-03-31": "122.25500", "2010-12-31": "73.11300", "2010-09-30": "36.52200", "2010-06-30": "30.00000", "2010-03-31": "88.06500", "2009-12-31": "55.38200", "2009-09-30": "2.90900", "2009-06-30": "26.64500", "2009-03-31": "71.99300", "2008-12-31": "33.49500", "2008-09-30": "96.19800", "2008-06-30": "55.39100", "2008-03-31": "70.52000", "2007-12-31": "60.59700", "2007-09-30": "32.92500", "2007-06-30": "107.34300", "2007-03-31": "56.61800", "2006-12-31": "67.96200", "2006-09-30": "31.79500", "2006-06-30": "43.90900", "2006-03-31": "72.35900", "2005-12-31": "80.01900", "2005-09-30": "45.81100", "2005-06-30": "57.95300", "2005-03-31": "74.79100"}, "Income From Discontinued Operations": {"2020-09-30": "", "2020-06-30": "", "2020-03-31": "", "2019-12-31": "", "2019-09-30": "", "2019-06-30": "", "2019-03-31": "", "2018-12-31": "-163.91100", "2018-09-30": "190.79500", "2018-06-30": "213.32400", "2018-03-31": "133.55400", "2017-12-31": "", "2017-09-30": "", "2017-06-30": "", "2017-03-31": "", "2016-12-31": "", "2016-09-30": "", "2016-06-30": "", "2016-03-31": "", "2015-12-31": "", "2015-09-30": "", "2015-06-30": "", "2015-03-31": "", "2014-12-31": "-0.40100", "2014-09-30": "", "2014-06-30": "1.87600", "2014-03-31": "-0.10400", "2013-12-31": "48.95200", "2013-09-30": "2.29100", "2013-06-30": "5.55900", "2013-03-31": "35.04100", "2012-12-31": "", "2012-09-30": "", "2012-06-30": "", "2012-03-31": "", "2011-12-31": "", "2011-09-30": "", "2011-06-30": "", "2011-03-31": "", "2010-12-31": "", "2010-09-30": "", "2010-06-30": "", "2010-03-31": "", "2009-12-31": "", "2009-09-30": "", "2009-06-30": "", "2009-03-31": "", "2008-12-31": "", "2008-09-30": "", "2008-06-30": "", "2008-03-31": "", "2007-12-31": "", "2007-09-30": "", "2007-06-30": "", "2007-03-31": "", "2006-12-31": "", "2006-09-30": "", "2006-06-30": "", "2006-03-31": "", "2005-12-31": "-7.18000", "2005-09-30": "0.68000", "2005-06-30": "6.36600", "2005-03-31": "1.61500"}, "Net Income": {"2020-09-30": "-600.64000", "2020-06-30": "-263.07500", "2020-03-31": "-167.13900", "2019-12-31": "-1176.92400", "2019-09-30": "-361.02800", "2019-06-30": "125.56600", "2019-03-31": "190.69100", "2018-12-31": "-636.68690", "2018-09-30": "-39.69300", "2018-06-30": "17.80600", "2018-03-31": "-1585.99400", "2017-12-31": "1280.07100", "2017-09-30": "23.34000", "2017-06-30": "41.12600", "2017-03-31": "163.99200", "2016-12-31": "-191.95800", "2016-09-30": "-8.01600", "2016-06-30": "-258.64500", "2016-03-31": "5.63600", "2015-12-31": "-134.57900", "2015-09-30": "40.78700", "2015-06-30": "5.53600", "2015-03-31": "173.42700", "2014-12-31": "-14.70400", "2014-09-30": "98.55500", "2014-06-30": "110.92100", "2014-03-31": "192.19300", "2013-12-31": "115.20500", "2013-09-30": "88.25600", "2013-06-30": "86.85600", "2013-03-31": "100.25500", "2012-12-31": "48.04100", "2012-09-30": "31.87300", "2012-06-30": "31.44600", "2012-03-31": "72.03500", "2011-12-31": "90.84600", "2011-09-30": "178.91400", "2011-06-30": "87.75400", "2011-03-31": "122.25500", "2010-12-31": "73.11300", "2010-09-30": "36.52200", "2010-06-30": "30.00000", "2010-03-31": "88.06500", "2009-12-31": "55.38200", "2009-09-30": "2.90900", "2009-06-30": "26.64500", "2009-03-31": "71.99300", "2008-12-31": "33.49500", "2008-09-30": "96.19800", "2008-06-30": "55.39100", "2008-03-31": "70.52000", "2007-12-31": "60.59700", "2007-09-30": "32.92500", "2007-06-30": "107.34300", "2007-03-31": "56.61800", "2006-12-31": "72.22300", "2006-09-30": "31.79500", "2006-06-30": "43.90900", "2006-03-31": "72.35900", "2005-12-31": "72.83900", "2005-09-30": "46.49100", "2005-06-30": "64.31900", "2005-03-31": "76.40600"}, "EBITDA": {"2020-09-30": "-399.06810", "2020-06-30": "-47.02800", "2020-03-31": "491.66500", "2019-12-31": "-1066.45300", "2019-09-30": "244.19600", "2019-06-30": "686.56900", "2019-03-31": "581.53490", "2018-12-31": "-116.18630", "2018-09-30": "290.81900", "2018-06-30": "305.15600", "2018-03-31": "-1488.83900", "2017-12-31": "6.35080", "2017-09-30": "384.58700", "2017-06-30": "429.13800", "2017-03-31": "624.70100", "2016-12-31": "-421.22200", "2016-09-30": "345.54500", "2016-06-30": "-99.86300", "2016-03-31": "348.43190", "2015-12-31": "264.71580", "2015-09-30": "378.28200", "2015-06-30": "229.85300", "2015-03-31": "509.50400", "2014-12-31": "234.71970", "2014-09-30": "407.08100", "2014-06-30": "381.99010", "2014-03-31": "508.90200", "2013-12-31": "364.31010", "2013-09-30": "342.71200", "2013-06-30": "330.55700", "2013-03-31": "293.59500", "2012-12-31": "295.29100", "2012-09-30": "217.55900", "2012-06-30": "197.08500", "2012-03-31": "259.71100", "2011-12-31": "264.42300", "2011-09-30": "402.32700", "2011-06-30": "235.05600", "2011-03-31": "298.81000", "2010-12-31": "209.29600", "2010-09-30": "156.73000", "2010-06-30": "143.74600", "2010-03-31": "230.99200", "2009-12-31": "", "2009-09-30": "89.63800", "2009-06-30": "113.70200", "2009-03-31": "180.72500", "2008-12-31": "121.25500", "2008-09-30": "196.99500", "2008-06-30": "133.18400", "2008-03-31": "150.18800", "2007-12-31": "121.80800", "2007-09-30": "84.27500", "2007-06-30": "89.11100", "2007-03-31": "126.28100", "2006-12-31": "135.57110", "2006-09-30": "86.28400", "2006-06-30": "98.91600", "2006-03-31": "151.87400", "2005-12-31": "132.42210", "2005-09-30": "77.95300", "2005-06-30": "76.57800", "2005-03-31": "150.38600"}, "EBIT": {"2020-09-30": "-760.19500", "2020-06-30": "-386.91200", "2020-03-31": "123.35800", "2019-12-31": "-1462.06700", "2019-09-30": "-161.52900", "2019-06-30": "296.03000", "2019-03-31": "175.45590", "2018-12-31": "-570.69150", "2018-09-30": "-147.45090", "2018-06-30": "-114.65000", "2018-03-31": "-1950.33200", "2017-12-31": "-336.91910", "2017-09-30": "138.02700", "2017-06-30": "190.12700", "2017-03-31": "390.97700", "2016-12-31": "-666.19410", "2016-09-30": "108.45700", "2016-06-30": "-324.49200", "2016-03-31": "127.20100", "2015-12-31": "45.29090", "2015-09-30": "170.05500", "2015-06-30": "33.03400", "2015-03-31": "314.75900", "2014-12-31": "40.32980", "2014-09-30": "231.50300", "2014-06-30": "224.77110", "2014-03-31": "356.79100", "2013-12-31": "181.08100", "2013-09-30": "167.06400", "2013-06-30": "161.98000", "2013-03-31": "144.47900", "2012-12-31": "150.99000", "2012-09-30": "85.94800", "2012-06-30": "81.40400", "2012-03-31": "152.18600", "2011-12-31": "172.75300", "2011-09-30": "314.98400", "2011-06-30": "153.17000", "2011-03-31": "220.41200", "2010-12-31": "134.65500", "2010-09-30": "88.18200", "2010-06-30": "78.52900", "2010-03-31": "169.11300", "2009-12-31": "113.20900", "2009-09-30": "39.93200", "2009-06-30": "67.51400", "2009-03-31": "136.13600", "2008-12-31": "81.52400", "2008-09-30": "162.72600", "2008-06-30": "101.13300", "2008-03-31": "119.42300", "2007-12-31": "93.93200", "2007-09-30": "57.36800", "2007-06-30": "61.51900", "2007-03-31": "98.85400", "2006-12-31": "109.61210", "2006-09-30": "61.13500", "2006-06-30": "74.11900", "2006-03-31": "127.65700", "2005-12-31": "108.46800", "2005-09-30": "54.68900", "2005-06-30": "53.45900", "2005-03-31": "127.19600"}, "Basic Shares Outstanding": {"2020-09-30": "255.58900", "2020-06-30": "255.52400", "2020-03-31": "255.43500", "2019-12-31": "255.14100", "2019-09-30": "255.23500", "2019-06-30": "255.09900", "2019-03-31": "254.87900", "2018-12-31": "260.93200", "2018-09-30": "259.56000", "2018-06-30": "265.03000", "2018-03-31": "264.87700", "2017-12-31": "187.38000", "2017-09-30": "173.47600", "2017-06-30": "173.46200", "2017-03-31": "173.21300", "2016-12-31": "166.97800", "2016-09-30": "172.86700", "2016-06-30": "166.80100", "2016-03-31": "156.72000", "2015-12-31": "152.39800", "2015-09-30": "152.55100", "2015-06-30": "152.45400", "2015-03-31": "152.03600", "2014-12-31": "151.55300", "2014-09-30": "151.55700", "2014-06-30": "151.74400", "2014-03-31": "151.37100", "2013-12-31": "150.57400", "2013-09-30": "150.67900", "2013-06-30": "150.52500", "2013-03-31": "150.32700", "2012-12-31": "149.77900", "2012-09-30": "149.60400", "2012-06-30": "149.58200", "2012-03-31": "149.49400", "2011-12-31": "149.45000", "2011-09-30": "149.44100", "2011-06-30": "149.44400", "2011-03-31": "149.27100", "2010-12-31": "149.15200", "2010-09-30": "149.13300", "2010-06-30": "147.57500", "2010-03-31": "134.08400", "2009-12-31": "130.86400", "2009-09-30": "130.85000", "2009-06-30": "130.83000", "2009-03-31": "130.74300", "2008-12-31": "130.59500", "2008-09-30": "130.54000", "2008-06-30": "126.24300", "2008-03-31": "121.89100", "2007-12-31": "121.53500", "2007-09-30": "121.38000", "2007-06-30": "121.35600", "2007-03-31": "121.21700", "2006-12-31": "120.12400", "2006-09-30": "120.17200", "2006-06-30": "120.12800", "2006-03-31": "119.57900", "2005-12-31": "121.09900", "2005-09-30": "121.18100", "2005-06-30": "121.47200", "2005-03-31": "121.42400"}, "Shares Outstanding": {"2020-09-30": "255.58900", "2020-06-30": "255.52400", "2020-03-31": "255.43500", "2019-12-31": "255.14100", "2019-09-30": "255.23500", "2019-06-30": "255.22300", "2019-03-31": "255.22600", "2018-12-31": "260.93200", "2018-09-30": "259.56000", "2018-06-30": "265.15400", "2018-03-31": "264.87700", "2017-12-31": "187.72700", "2017-09-30": "173.67500", "2017-06-30": "173.58200", "2017-03-31": "173.51100", "2016-12-31": "166.97800", "2016-09-30": "172.86700", "2016-06-30": "166.80100", "2016-03-31": "157.19500", "2015-12-31": "152.93900", "2015-09-30": "152.85400", "2015-06-30": "152.87700", "2015-03-31": "152.75600", "2014-12-31": "152.51300", "2014-09-30": "152.33000", "2014-06-30": "152.57000", "2014-03-31": "152.75900", "2013-12-31": "151.78700", "2013-09-30": "151.66300", "2013-06-30": "151.39300", "2013-03-31": "150.94900", "2012-12-31": "150.82500", "2012-09-30": "150.38800", "2012-06-30": "150.14900", "2012-03-31": "150.21600", "2011-12-31": "150.37800", "2011-09-30": "150.30100", "2011-06-30": "150.11100", "2011-03-31": "150.00200", "2010-12-31": "149.93500", "2010-09-30": "149.77500", "2010-06-30": "148.28900", "2010-03-31": "135.00900", "2009-12-31": "131.56700", "2009-09-30": "131.50500", "2009-06-30": "131.44300", "2009-03-31": "131.40000", "2008-12-31": "131.29800", "2008-09-30": "131.55800", "2008-06-30": "127.32100", "2008-03-31": "122.92700", "2007-12-31": "122.88400", "2007-09-30": "122.83800", "2007-06-30": "122.83700", "2007-03-31": "122.75700", "2006-12-31": "120.12400", "2006-09-30": "122.10300", "2006-06-30": "122.04400", "2006-03-31": "121.78900", "2005-12-31": "121.09900", "2005-09-30": "123.57600", "2005-06-30": "123.99000", "2005-03-31": "124.35000"}, "Basic EPS": {"2020-09-30": "-2.35000", "2020-06-30": "-1.03000", "2020-03-31": "-0.65000", "2019-12-31": "-4.62000", "2019-09-30": "-1.41000", "2019-06-30": "0.49000", "2019-03-31": "0.75000", "2018-12-31": "-2.53000", "2018-09-30": "-0.15000", "2018-06-30": "0.07000", "2018-03-31": "-5.99000", "2017-12-31": "6.73000", "2017-09-30": "0.13000", "2017-06-30": "0.24000", "2017-03-31": "0.95000", "2016-12-31": "-1.15000", "2016-09-30": "-0.05000", "2016-06-30": "-1.55000", "2016-03-31": "0.04000", "2015-12-31": "-0.89000", "2015-09-30": "0.27000", "2015-06-30": "0.04000", "2015-03-31": "1.14000", "2014-12-31": "-0.10000", "2014-09-30": "0.65000", "2014-06-30": "0.73000", "2014-03-31": "1.27000", "2013-12-31": "0.75000", "2013-09-30": "0.59000", "2013-06-30": "0.58000", "2013-03-31": "0.67000", "2012-12-31": "0.32000", "2012-09-30": "0.21000", "2012-06-30": "0.21000", "2012-03-31": "0.48000", "2011-12-31": "0.61000", "2011-09-30": "1.20000", "2011-06-30": "0.59000", "2011-03-31": "0.82000", "2010-12-31": "0.49000", "2010-09-30": "0.24000", "2010-06-30": "0.20000", "2010-03-31": "0.66000", "2009-12-31": "0.42000", "2009-09-30": "0.02000", "2009-06-30": "0.20000", "2009-03-31": "0.55000", "2008-12-31": "0.26000", "2008-09-30": "0.74000", "2008-06-30": "0.44000", "2008-03-31": "0.58000", "2007-12-31": "0.50000", "2007-09-30": "0.27000", "2007-06-30": "0.88000", "2007-03-31": "0.47000", "2006-12-31": "0.59000", "2006-09-30": "0.26000", "2006-06-30": "0.37000", "2006-03-31": "0.61000", "2005-12-31": "0.61000", "2005-09-30": "0.38000", "2005-06-30": "0.53000", "2005-03-31": "0.63000"}, "EPS - Earnings Per Share": {"2020-09-30": "-2.35000", "2020-06-30": "-1.03000", "2020-03-31": "-0.65000", "2019-12-31": "-4.62000", "2019-09-30": "-1.41000", "2019-06-30": "0.49000", "2019-03-31": "0.75000", "2018-12-31": "-2.53000", "2018-09-30": "-0.15000", "2018-06-30": "0.07000", "2018-03-31": "-5.99000", "2017-12-31": "6.72000", "2017-09-30": "0.13000", "2017-06-30": "0.24000", "2017-03-31": "0.95000", "2016-12-31": "-1.15000", "2016-09-30": "-0.05000", "2016-06-30": "-1.55000", "2016-03-31": "0.04000", "2015-12-31": "-0.89000", "2015-09-30": "0.27000", "2015-06-30": "0.04000", "2015-03-31": "1.14000", "2014-12-31": "-0.10000", "2014-09-30": "0.65000", "2014-06-30": "0.73000", "2014-03-31": "1.26000", "2013-12-31": "0.76000", "2013-09-30": "0.58000", "2013-06-30": "0.57000", "2013-03-31": "0.66000", "2012-12-31": "0.32000", "2012-09-30": "0.21000", "2012-06-30": "0.21000", "2012-03-31": "0.48000", "2011-12-31": "0.60000", "2011-09-30": "1.19000", "2011-06-30": "0.58000", "2011-03-31": "0.82000", "2010-12-31": "0.49000", "2010-09-30": "0.24000", "2010-06-30": "0.20000", "2010-03-31": "0.65000", "2009-12-31": "0.42000", "2009-09-30": "0.02000", "2009-06-30": "0.20000", "2009-03-31": "0.55000", "2008-12-31": "0.26000", "2008-09-30": "0.73000", "2008-06-30": "0.44000", "2008-03-31": "0.57000", "2007-12-31": "0.49000", "2007-09-30": "0.27000", "2007-06-30": "0.87000", "2007-03-31": "0.46000", "2006-12-31": "0.59000", "2006-09-30": "0.26000", "2006-06-30": "0.36000", "2006-03-31": "0.59000", "2005-12-31": "0.59000", "2005-09-30": "0.38000", "2005-06-30": "0.52000", "2005-03-31": "0.61000"}}, "balance sheet": {"Cash On Hand": {"2019-12-31": "4.59600", "2018-12-31": "3.48700", "2017-12-31": "26.31100", "2016-12-31": "1389.93600", "2015-12-31": "1601.23200", "2014-12-31": "1077.42900", "2013-12-31": "845.64100", "2012-12-31": "182.05500", "2011-12-31": "831.25100", "2010-12-31": "", "2009-12-31": "", "2008-12-31": "", "2007-12-31": "81.71100", "2006-12-31": "", "2005-12-31": "74.96600"}, "Receivables": {"2019-12-31": "908.94200", "2018-12-31": "1373.41600", "2017-12-31": "679.07000", "2016-12-31": "341.62800", "2015-12-31": "176.95700", "2014-12-31": "306.08500", "2013-12-31": "235.78100", "2012-12-31": "190.25800", "2011-12-31": "153.32100", "2010-12-31": "156.70900", "2009-12-31": "155.57400", "2008-12-31": "209.00800", "2007-12-31": "188.56100", "2006-12-31": "199.48600", "2005-12-31": "249.39700"}, "Inventory": {"2019-12-31": "", "2018-12-31": "", "2017-12-31": "", "2016-12-31": "", "2015-12-31": "", "2014-12-31": "", "2013-12-31": "19.65600", "2012-12-31": "45.16500", "2011-12-31": "123.96000", "2010-12-31": "137.85300", "2009-12-31": "182.95700", "2008-12-31": "288.18200", "2007-12-31": "283.48500", "2006-12-31": "269.12800", "2005-12-31": "289.92100"}, "Pre-Paid Expenses": {"2019-12-31": "28.65300", "2018-12-31": "111.10700", "2017-12-31": "59.46200", "2016-12-31": "63.60200", "2015-12-31": "55.43300", "2014-12-31": "62.34900", "2013-12-31": "46.70000", "2012-12-31": "38.45100", "2011-12-31": "39.18400", "2010-12-31": "62.00000", "2009-12-31": "154.45600", "2008-12-31": "187.87100", "2007-12-31": "96.67300", "2006-12-31": "87.86700", "2005-12-31": "60.73200"}, "Other Current Assets": {"2019-12-31": "812.66400", "2018-12-31": "481.65400", "2017-12-31": "241.95200", "2016-12-31": "33.05300", "2015-12-31": "417.39700", "2014-12-31": "458.46000", "2013-12-31": "107.64700", "2012-12-31": "304.23700", "2011-12-31": "542.41800", "2010-12-31": "471.37800", "2009-12-31": "202.17900", "2008-12-31": "242.12100", "2007-12-31": "91.81700", "2006-12-31": "170.31300", "2005-12-31": "419.68900"}, "Total Current Assets": {"2019-12-31": "1754.85500", "2018-12-31": "1969.66400", "2017-12-31": "1163.05500", "2016-12-31": "1828.21900", "2015-12-31": "2251.01900", "2014-12-31": "1904.32300", "2013-12-31": "1255.42500", "2012-12-31": "852.84400", "2011-12-31": "1690.13400", "2010-12-31": "827.94000", "2009-12-31": "695.16600", "2008-12-31": "927.18200", "2007-12-31": "742.24700", "2006-12-31": "726.79400", "2005-12-31": "1097.22300"}, "Property, Plant, And Equipment": {"2019-12-31": "16155.49000", "2018-12-31": "17392.51000", "2017-12-31": "19730.01000", "2016-12-31": "13162.22000", "2015-12-31": "11472.02000", "2014-12-31": "10076.81000", "2013-12-31": "8333.76200", "2012-12-31": "7059.41200", "2011-12-31": "6806.30900", "2010-12-31": "5910.09100", "2009-12-31": "4914.73100", "2008-12-31": "4097.51900", "2007-12-31": "2919.49100", "2006-12-31": "2377.47100", "2005-12-31": "2083.20500"}, "Long-Term Investments": {"2019-12-31": "676.00900", "2018-12-31": "1013.00200", "2017-12-31": "", "2016-12-31": "184.56200", "2015-12-31": "77.02500", "2014-12-31": "", "2013-12-31": "128.98300", "2012-12-31": "130.36800", "2011-12-31": "136.97200", "2010-12-31": "220.23300", "2009-12-31": "218.02200", "2008-12-31": "195.12100", "2007-12-31": "171.04100", "2006-12-31": "66.29300", "2005-12-31": "60.74900"}, "Goodwill And Intangible Assets": {"2019-12-31": "26.00600", "2018-12-31": "77.33300", "2017-12-31": "589.54900", "2016-12-31": "", "2015-12-31": "", "2014-12-31": "", "2013-12-31": "", "2012-12-31": "", "2011-12-31": "", "2010-12-31": "", "2009-12-31": "", "2008-12-31": "", "2007-12-31": "", "2006-12-31": "", "2005-12-31": ""}, "Other Long-Term Assets": {"2019-12-31": "196.86700", "2018-12-31": "268.83800", "2017-12-31": "250.73400", "2016-12-31": "297.92500", "2015-12-31": "176.10700", "2014-12-31": "54.21600", "2013-12-31": "73.88300", "2012-12-31": "57.18200", "2011-12-31": "45.20900", "2010-12-31": "39.22500", "2009-12-31": "30.19400", "2008-12-31": "26.31500", "2007-12-31": "26.17700", "2006-12-31": "32.40800", "2005-12-31": "31.05300"}, "Total Long-Term Assets": {"2019-12-31": "17054.37000", "2018-12-31": "18751.68000", "2017-12-31": "28359.55000", "2016-12-31": "13644.70000", "2015-12-31": "11725.15000", "2014-12-31": "10131.03000", "2013-12-31": "8536.62800", "2012-12-31": "7997.01900", "2011-12-31": "7082.58500", "2010-12-31": "6270.49800", "2009-12-31": "5262.09100", "2008-12-31": "4402.48000", "2007-12-31": "3194.72400", "2006-12-31": "2555.46100", "2005-12-31": "2245.06200"}, "Total Assets": {"2019-12-31": "18809.23000", "2018-12-31": "20721.34000", "2017-12-31": "29522.60000", "2016-12-31": "15472.92000", "2015-12-31": "13976.17000", "2014-12-31": "12035.35000", "2013-12-31": "9792.05300", "2012-12-31": "8849.86200", "2011-12-31": "8772.71900", "2010-12-31": "7098.43800", "2009-12-31": "5957.25700", "2008-12-31": "5329.66200", "2007-12-31": "3936.97100", "2006-12-31": "3282.25500", "2005-12-31": "3342.28500"}, "Total Current Liabilities": {"2019-12-31": "1345.90200", "2018-12-31": "2355.00100", "2017-12-31": "1232.23700", "2016-12-31": "804.64000", "2015-12-31": "795.81900", "2014-12-31": "833.34200", "2013-12-31": "523.41000", "2012-12-31": "570.46400", "2011-12-31": "804.91000", "2010-12-31": "596.98400", "2009-12-31": "612.67400", "2008-12-31": "1042.60800", "2007-12-31": "1519.30800", "2006-12-31": "1105.12300", "2005-12-31": "2092.49600"}, "Long Term Debt": {"2019-12-31": "5276.77500", "2018-12-31": "4792.99100", "2017-12-31": "5984.92300", "2016-12-31": "3289.45900", "2015-12-31": "2793.34300", "2014-12-31": "2793.47900", "2013-12-31": "2490.35400", "2012-12-31": "2502.96900", "2011-12-31": "2527.62700", "2010-12-31": "1943.20000", "2009-12-31": "1949.20000", "2008-12-31": "1249.20000", "2007-12-31": "753.50000", "2006-12-31": "753.50000", "2005-12-31": "763.50000"}, "Other Non-Current Liabilities": {"2019-12-31": "897.14800", "2018-12-31": "791.74200", "2017-12-31": "752.83700", "2016-12-31": "499.57200", "2015-12-31": "386.79800", "2014-12-31": "284.59900", "2013-12-31": "258.39600", "2012-12-31": "187.94100", "2011-12-31": "179.81900", "2010-12-31": "160.53500", "2009-12-31": "157.26500", "2008-12-31": "136.83200", "2007-12-31": "124.45800", "2006-12-31": "88.39300", "2005-12-31": "86.90900"}, "Total Long Term Liabilities": {"2019-12-31": "7659.73700", "2018-12-31": "7408.11400", "2017-12-31": "9875.75400", "2016-12-31": "5549.03500", "2015-12-31": "5152.31100", "2014-12-31": "4828.94800", "2013-12-31": "4404.51500", "2012-12-31": "4390.59600", "2011-12-31": "4373.97900", "2010-12-31": "3422.75800", "2009-12-31": "3193.55300", "2008-12-31": "2236.96100", "2007-12-31": "1320.19100", "2006-12-31": "1230.85200", "2005-12-31": "895.32100"}, "Total Liabilities": {"2019-12-31": "9005.63900", "2018-12-31": "9763.11500", "2017-12-31": "11107.99000", "2016-12-31": "6353.67500", "2015-12-31": "5948.13000", "2014-12-31": "5662.29000", "2013-12-31": "4927.92500", "2012-12-31": "4961.06000", "2011-12-31": "5178.88900", "2010-12-31": "4019.74200", "2009-12-31": "3806.22700", "2008-12-31": "3279.56900", "2007-12-31": "2839.49900", "2006-12-31": "2335.97500", "2005-12-31": "2987.81700"}, "Common Stock Net": {"2019-12-31": "7818.20500", "2018-12-31": "7828.55400", "2017-12-31": "9388.90300", "2016-12-31": "3440.18500", "2015-12-31": "2153.28000", "2014-12-31": "1895.63200", "2013-12-31": "1869.84300", "2012-12-31": "1770.54500", "2011-12-31": "1734.99400", "2010-12-31": "1723.89800", "2009-12-31": "952.23700", "2008-12-31": "948.49700", "2007-12-31": "382.19100", "2006-12-31": "366.85600", "2005-12-31": "358.68400"}, "Retained Earnings (Accumulated Deficit)": {"2019-12-31": "2023.08900", "2018-12-31": "3184.27500", "2017-12-31": "3996.77500", "2016-12-31": "2509.07300", "2015-12-31": "2982.21200", "2014-12-31": "2917.12900", "2013-12-31": "2567.98000", "2012-12-31": "2195.50200", "2011-12-31": "2143.91000", "2010-12-31": "1795.76600", "2009-12-31": "1695.35800", "2008-12-31": "1653.79700", "2007-12-31": "1509.59600", "2006-12-31": "1363.31000", "2005-12-31": "1247.89500"}, "Comprehensive Income": {"2019-12-31": "-5.19900", "2018-12-31": "-5.40600", "2017-12-31": "-2.45800", "2016-12-31": "2.04200", "2015-12-31": "46.37800", "2014-12-31": "199.49400", "2013-12-31": "44.70300", "2012-12-31": "99.54700", "2011-12-31": "188.14100", "2010-12-31": "38.10400", "2009-12-31": "-14.44000", "2008-12-31": "-68.73700", "2007-12-31": "-309.26400", "2006-12-31": "-314.30200", "2005-12-31": "-755.60000"}, "Other Share Holders Equity": {"2019-12-31": "", "2018-12-31": "", "2017-12-31": "", "2016-12-31": "", "2015-12-31": "", "2014-12-31": "", "2013-12-31": "", "2012-12-31": "", "2011-12-31": "", "2010-12-31": "", "2009-12-31": "", "2008-12-31": "", "2007-12-31": "", "2006-12-31": "", "2005-12-31": ""}, "Share Holder Equity": {"2019-12-31": "9803.58800", "2018-12-31": "10958.23000", "2017-12-31": "18414.61000", "2016-12-31": "9119.24700", "2015-12-31": "8028.04200", "2014-12-31": "6373.06300", "2013-12-31": "4864.12800", "2012-12-31": "3888.80200", "2011-12-31": "3593.83000", "2010-12-31": "3078.69600", "2009-12-31": "2151.03000", "2008-12-31": "2050.09300", "2007-12-31": "1097.47200", "2006-12-31": "946.28000", "2005-12-31": "354.46800"}, "Total Liabilities And Share Holders Equity": {"2019-12-31": "18809.23000", "2018-12-31": "20721.34000", "2017-12-31": "29522.60000", "2016-12-31": "15472.92000", "2015-12-31": "13976.17000", "2014-12-31": "12035.35000", "2013-12-31": "9792.05300", "2012-12-31": "8849.86200", "2011-12-31": "8772.71900", "2010-12-31": "7098.43800", "2009-12-31": "5957.25700", "2008-12-31": "5329.66200", "2007-12-31": "3936.97100", "2006-12-31": "3282.25500", "2005-12-31": "3342.28500"}}, "balance sheet, quarterly": {"Cash On Hand": {"2020-09-30": "13.66800", "2020-06-30": "2.96800", "2020-03-31": "18.65100", "2019-12-31": "4.59600", "2019-09-30": "7.54200", "2019-06-30": "30.17000", "2019-03-31": "40.84600", "2018-12-31": "3.48700", "2018-09-30": "4.85500", "2018-06-30": "698.03200", "2018-03-31": "210.38200", "2017-12-31": "26.31100", "2017-09-30": "483.55800", "2017-06-30": "572.34400", "2017-03-31": "899.37500", "2016-12-31": "1389.93600", "2016-09-30": "1757.41400", "2016-06-30": "2257.01700", "2016-03-31": "1556.48700", "2015-12-31": "1601.23200", "2015-09-30": "1662.67500", "2015-06-30": "1958.15700", "2015-03-31": "1783.51800", "2014-12-31": "1077.42900", "2014-09-30": "1510.07900", "2014-06-30": "1617.00900", "2014-03-31": "909.80400", "2013-12-31": "845.64100", "2013-09-30": "423.89700", "2013-06-30": "16.70000", "2013-03-31": "160.32500", "2012-12-31": "182.05500", "2012-09-30": "638.99400", "2012-06-30": "515.03800", "2012-03-31": "745.20800", "2011-12-31": "831.25100", "2011-09-30": "334.91200", "2011-06-30": "79.22500", "2011-03-31": "138.62800", "2010-12-31": "", "2010-09-30": "197.36700", "2010-06-30": "425.60100", "2010-03-31": "553.02600", "2009-12-31": "", "2009-09-30": "192.50400", "2009-06-30": "335.34500", "2009-03-31": "", "2008-12-31": "", "2008-09-30": "10.63400", "2008-06-30": "168.54400", "2008-03-31": "", "2007-12-31": "81.71100", "2007-09-30": "180.92800", "2007-06-30": "166.34200", "2007-03-31": "", "2006-12-31": "", "2006-09-30": "", "2006-06-30": "", "2006-03-31": "5.01700", "2005-12-31": "74.96600", "2005-09-30": "", "2005-06-30": "30.00000", "2005-03-31": "2.79100"}, "Receivables": {"2020-09-30": "479.19200", "2020-06-30": "543.39500", "2020-03-31": "832.80000", "2019-12-31": "908.94200", "2019-09-30": "680.04900", "2019-06-30": "766.40700", "2019-03-31": "948.10200", "2018-12-31": "1373.41600", "2018-09-30": "882.38600", "2018-06-30": "774.70200", "2018-03-31": "674.10400", "2017-12-31": "679.07000", "2017-09-30": "279.20100", "2017-06-30": "310.97500", "2017-03-31": "278.98100", "2016-12-31": "341.62800", "2016-09-30": "189.41600", "2016-06-30": "170.26800", "2016-03-31": "149.51700", "2015-12-31": "176.95700", "2015-09-30": "147.22900", "2015-06-30": "150.39000", "2015-03-31": "237.06700", "2014-12-31": "306.08500", "2014-09-30": "199.60900", "2014-06-30": "235.30600", "2014-03-31": "329.37700", "2013-12-31": "235.78100", "2013-09-30": "186.06100", "2013-06-30": "237.37200", "2013-03-31": "219.70500", "2012-12-31": "190.25800", "2012-09-30": "126.02200", "2012-06-30": "105.80000", "2012-03-31": "131.26300", "2011-12-31": "153.32100", "2011-09-30": "124.54200", "2011-06-30": "131.56700", "2011-03-31": "149.65500", "2010-12-31": "156.70900", "2010-09-30": "93.42400", "2010-06-30": "112.23000", "2010-03-31": "172.72700", "2009-12-31": "155.57400", "2009-09-30": "76.45200", "2009-06-30": "103.57400", "2009-03-31": "174.36700", "2008-12-31": "209.00800", "2008-09-30": "152.17300", "2008-06-30": "218.34400", "2008-03-31": "268.28500", "2007-12-31": "188.56100", "2007-09-30": "102.82500", "2007-06-30": "162.01800", "2007-03-31": "233.25000", "2006-12-31": "199.48600", "2006-09-30": "116.15700", "2006-06-30": "137.53700", "2006-03-31": "197.50800", "2005-12-31": "249.39700", "2005-09-30": "714.78200", "2005-06-30": "367.95700", "2005-03-31": "376.38200"}, "Inventory": {"2020-09-30": "", "2020-06-30": "", "2020-03-31": "", "2019-12-31": "", "2019-09-30": "", "2019-06-30": "", "2019-03-31": "", "2018-12-31": "", "2018-09-30": "", "2018-06-30": "", "2018-03-31": "", "2017-12-31": "", "2017-09-30": "", "2017-06-30": "", "2017-03-31": "", "2016-12-31": "", "2016-09-30": "", "2016-06-30": "", "2016-03-31": "", "2015-12-31": "", "2015-09-30": "", "2015-06-30": "", "2015-03-31": "", "2014-12-31": "", "2014-09-30": "", "2014-06-30": "13.38900", "2014-03-31": "9.92800", "2013-12-31": "19.65600", "2013-09-30": "67.91100", "2013-06-30": "55.03400", "2013-03-31": "41.40500", "2012-12-31": "45.16500", "2012-09-30": "88.17100", "2012-06-30": "77.90700", "2012-03-31": "65.65700", "2011-12-31": "123.96000", "2011-09-30": "138.01200", "2011-06-30": "110.38200", "2011-03-31": "72.24100", "2010-12-31": "137.85300", "2010-09-30": "167.36800", "2010-06-30": "144.03900", "2010-03-31": "113.03100", "2009-12-31": "182.95700", "2009-09-30": "195.65400", "2009-06-30": "157.42700", "2009-03-31": "147.08200", "2008-12-31": "288.18200", "2008-09-30": "340.93500", "2008-06-30": "255.63000", "2008-03-31": "144.44800", "2007-12-31": "283.48500", "2007-09-30": "298.59300", "2007-06-30": "226.95400", "2007-03-31": "149.82200", "2006-12-31": "269.12800", "2006-09-30": "323.76600", "2006-06-30": "289.01300", "2006-03-31": "189.04700", "2005-12-31": "289.92100", "2005-09-30": "257.61900", "2005-06-30": "189.98400", "2005-03-31": "105.46300"}, "Pre-Paid Expenses": {"2020-09-30": "345.64600", "2020-06-30": "79.99100", "2020-03-31": "43.09000", "2019-12-31": "28.65300", "2019-09-30": "35.99500", "2019-06-30": "13.14800", "2019-03-31": "20.83900", "2018-12-31": "111.10700", "2018-09-30": "31.85300", "2018-06-30": "37.79000", "2018-03-31": "44.81200", "2017-12-31": "59.46200", "2017-09-30": "28.14400", "2017-06-30": "28.09200", "2017-03-31": "14.20600", "2016-12-31": "63.60200", "2016-09-30": "64.54100", "2016-06-30": "50.01300", "2016-03-31": "49.65400", "2015-12-31": "55.43300", "2015-09-30": "57.65300", "2015-06-30": "32.60800", "2015-03-31": "43.14000", "2014-12-31": "62.34900", "2014-09-30": "47.98800", "2014-06-30": "32.06500", "2014-03-31": "41.24300", "2013-12-31": "46.70000", "2013-09-30": "44.11500", "2013-06-30": "33.51000", "2013-03-31": "31.58700", "2012-12-31": "38.45100", "2012-09-30": "45.66300", "2012-06-30": "39.59500", "2012-03-31": "37.98600", "2011-12-31": "39.18400", "2011-09-30": "49.73200", "2011-06-30": "57.31200", "2011-03-31": "47.11600", "2010-12-31": "62.00000", "2010-09-30": "22.29200", "2010-06-30": "10.38700", "2010-03-31": "12.43800", "2009-12-31": "154.45600", "2009-09-30": "94.17000", "2009-06-30": "75.37400", "2009-03-31": "148.40000", "2008-12-31": "187.87100", "2008-09-30": "222.58200", "2008-06-30": "215.13900", "2008-03-31": "135.15800", "2007-12-31": "96.67300", "2007-09-30": "66.73500", "2007-06-30": "60.77000", "2007-03-31": "49.12700", "2006-12-31": "87.86700", "2006-09-30": "69.96200", "2006-06-30": "54.29300", "2006-03-31": "44.09500", "2005-12-31": "60.73200", "2005-09-30": "38.15700", "2005-06-30": "27.27600", "2005-03-31": "20.08300"}, "Other Current Assets": {"2020-09-30": "503.64800", "2020-06-30": "915.44100", "2020-03-31": "1053.50200", "2019-12-31": "812.66400", "2019-09-30": "771.63400", "2019-06-30": "788.36600", "2019-03-31": "370.25400", "2018-12-31": "481.65400", "2018-09-30": "315.56400", "2018-06-30": "270.28800", "2018-03-31": "262.28300", "2017-12-31": "241.95200", "2017-09-30": "67.55500", "2017-06-30": "85.44200", "2017-03-31": "59.39100", "2016-12-31": "33.05300", "2016-09-30": "134.69800", "2016-06-30": "136.59100", "2016-03-31": "400.70000", "2015-12-31": "417.39700", "2015-09-30": "395.26400", "2015-06-30": "349.15200", "2015-03-31": "458.76000", "2014-12-31": "458.46000", "2014-09-30": "101.54200", "2014-06-30": "66.40800", "2014-03-31": "79.82100", "2013-12-31": "107.64700", "2013-09-30": "211.30700", "2013-06-30": "234.79200", "2013-03-31": "204.06200", "2012-12-31": "304.23700", "2012-09-30": "329.07700", "2012-06-30": "475.21300", "2012-03-31": "624.51600", "2011-12-31": "542.41800", "2011-09-30": "321.69500", "2011-06-30": "420.89900", "2011-03-31": "207.79600", "2010-12-31": "471.37800", "2010-09-30": "287.66600", "2010-06-30": "194.39700", "2010-03-31": "266.71400", "2009-12-31": "202.17900", "2009-09-30": "171.37600", "2009-06-30": "202.78500", "2009-03-31": "280.88200", "2008-12-31": "242.12100", "2008-09-30": "127.03400", "2008-06-30": "254.00300", "2008-03-31": "117.64700", "2007-12-31": "91.81700", "2007-09-30": "75.57300", "2007-06-30": "55.07400", "2007-03-31": "67.09300", "2006-12-31": "170.31300", "2006-09-30": "168.21700", "2006-06-30": "174.15300", "2006-03-31": "257.06100", "2005-12-31": "419.68900", "2005-09-30": "288.77200", "2005-06-30": "171.95200", "2005-03-31": "233.47200"}, "Total Current Assets": {"2020-09-30": "1342.15400", "2020-06-30": "1541.79500", "2020-03-31": "1948.04300", "2019-12-31": "1754.85500", "2019-09-30": "1495.22000", "2019-06-30": "1598.09100", "2019-03-31": "1380.04100", "2018-12-31": "1969.66400", "2018-09-30": "1234.65800", "2018-06-30": "1780.81200", "2018-03-31": "1191.58100", "2017-12-31": "1163.05500", "2017-09-30": "858.45800", "2017-06-30": "996.85300", "2017-03-31": "1251.95300", "2016-12-31": "1828.21900", "2016-09-30": "2146.06900", "2016-06-30": "2613.88900", "2016-03-31": "2156.35800", "2015-12-31": "2251.01900", "2015-09-30": "2262.82100", "2015-06-30": "2490.30700", "2015-03-31": "2522.48500", "2014-12-31": "1904.32300", "2014-09-30": "1859.21800", "2014-06-30": "1964.17700", "2014-03-31": "1370.17300", "2013-12-31": "1255.42500", "2013-09-30": "933.29100", "2013-06-30": "577.40800", "2013-03-31": "657.08400", "2012-12-31": "852.84400", "2012-09-30": "1227.92700", "2012-06-30": "1213.55300", "2012-03-31": "1604.63000", "2011-12-31": "1690.13400", "2011-09-30": "968.89300", "2011-06-30": "799.38500", "2011-03-31": "615.43600", "2010-12-31": "827.94000", "2010-09-30": "768.11700", "2010-06-30": "886.65400", "2010-03-31": "1117.93600", "2009-12-31": "695.16600", "2009-09-30": "730.15600", "2009-06-30": "874.50500", "2009-03-31": "750.73100", "2008-12-31": "927.18200", "2008-09-30": "853.35800", "2008-06-30": "1111.66000", "2008-03-31": "665.53800", "2007-12-31": "742.24700", "2007-09-30": "724.65400", "2007-06-30": "671.15800", "2007-03-31": "499.29200", "2006-12-31": "726.79400", "2006-09-30": "678.10200", "2006-06-30": "654.99600", "2006-03-31": "695.24600", "2005-12-31": "1097.22300", "2005-09-30": "1299.33000", "2005-06-30": "787.16900", "2005-03-31": "738.19100"}, "Property, Plant, And Equipment": {"2020-09-30": "15557.42000", "2020-06-30": "15704.07000", "2020-03-31": "15965.54000", "2019-12-31": "16155.49000", "2019-09-30": "17569.99000", "2019-06-30": "17505.65000", "2019-03-31": "17453.21000", "2018-12-31": "17392.51000", "2018-09-30": "23129.89000", "2018-06-30": "23164.67000", "2018-03-31": "22875.84000", "2017-12-31": "19730.01000", "2017-09-30": "14541.26000", "2017-06-30": "14257.26000", "2017-03-31": "13950.14000", "2016-12-31": "13162.22000", "2016-09-30": "12407.78000", "2016-06-30": "11842.03000", "2016-03-31": "11625.42000", "2015-12-31": "11472.02000", "2015-09-30": "11272.20000", "2015-06-30": "10902.46000", "2015-03-31": "10420.06000", "2014-12-31": "10076.81000", "2014-09-30": "9827.06700", "2014-06-30": "9347.53500", "2014-03-31": "8676.24500", "2013-12-31": "8333.76200", "2013-09-30": "8476.16400", "2013-06-30": "8200.83200", "2013-03-31": "7868.79400", "2012-12-31": "7059.41200", "2012-09-30": "7492.43900", "2012-06-30": "7256.44200", "2012-03-31": "6975.25700", "2011-12-31": "6806.30900", "2011-09-30": "6485.61900", "2011-06-30": "6222.26700", "2011-03-31": "6088.33400", "2010-12-31": "5910.09100", "2010-09-30": "5806.62900", "2010-06-30": "5541.43300", "2010-03-31": "5074.83300", "2009-12-31": "4914.73100", "2009-09-30": "4633.84800", "2009-06-30": "4482.21700", "2009-03-31": "4259.82900", "2008-12-31": "4097.51900", "2008-09-30": "3789.81900", "2008-06-30": "3374.96400", "2008-03-31": "3092.07900", "2007-12-31": "2919.49100", "2007-09-30": "2669.04000", "2007-06-30": "2490.88800", "2007-03-31": "2507.69400", "2006-12-31": "2377.47100", "2006-09-30": "2253.04800", "2006-06-30": "2174.46700", "2006-03-31": "2121.18000", "2005-12-31": "2083.20500", "2005-09-30": "1983.48300", "2005-06-30": "1937.44800", "2005-03-31": "1999.05900"}, "Long-Term Investments": {"2020-09-30": "214.00400", "2020-06-30": "210.24100", "2020-03-31": "127.25800", "2019-12-31": "676.00900", "2019-09-30": "736.22300", "2019-06-30": "997.31600", "2019-03-31": "1102.05700", "2018-12-31": "1013.00200", "2018-09-30": "1300.43000", "2018-06-30": "1003.29900", "2018-03-31": "546.42800", "2017-12-31": "", "2017-09-30": "339.97800", "2017-06-30": "260.73700", "2017-03-31": "237.30800", "2016-12-31": "184.56200", "2016-09-30": "160.32600", "2016-06-30": "135.94900", "2016-03-31": "", "2015-12-31": "77.02500", "2015-09-30": "", "2015-06-30": "46.47800", "2015-03-31": "46.08400", "2014-12-31": "", "2014-09-30": "", "2014-06-30": "", "2014-03-31": "123.74000", "2013-12-31": "128.98300", "2013-09-30": "127.18500", "2013-06-30": "129.69500", "2013-03-31": "127.85100", "2012-12-31": "130.36800", "2012-09-30": "133.86100", "2012-06-30": "132.22100", "2012-03-31": "136.18300", "2011-12-31": "136.97200", "2011-09-30": "136.14800", "2011-06-30": "139.23400", "2011-03-31": "194.51200", "2010-12-31": "220.23300", "2010-09-30": "227.87000", "2010-06-30": "221.64500", "2010-03-31": "222.65500", "2009-12-31": "218.02200", "2009-09-30": "214.88100", "2009-06-30": "208.69700", "2009-03-31": "201.25200", "2008-12-31": "195.12100", "2008-09-30": "193.55000", "2008-06-30": "183.78200", "2008-03-31": "172.29700", "2007-12-31": "171.04100", "2007-09-30": "169.85500", "2007-06-30": "164.33500", "2007-03-31": "69.01600", "2006-12-31": "66.29300", "2006-09-30": "64.33600", "2006-06-30": "62.98900", "2006-03-31": "61.87900", "2005-12-31": "60.74900", "2005-09-30": "131.20900", "2005-06-30": "146.80500", "2005-03-31": "610.06800"}, "Goodwill And Intangible Assets": {"2020-09-30": "3.57300", "2020-06-30": "11.05000", "2020-03-31": "18.52800", "2019-12-31": "26.00600", "2019-09-30": "33.48300", "2019-06-30": "56.64900", "2019-03-31": "66.99100", "2018-12-31": "77.33300", "2018-09-30": "2672.90100", "2018-06-30": "2693.62900", "2018-03-31": "2714.35700", "2017-12-31": "589.54900", "2017-09-30": "", "2017-06-30": "", "2017-03-31": "", "2016-12-31": "", "2016-09-30": "", "2016-06-30": "", "2016-03-31": "", "2015-12-31": "", "2015-09-30": "", "2015-06-30": "", "2015-03-31": "", "2014-12-31": "", "2014-09-30": "", "2014-06-30": "", "2014-03-31": "", "2013-12-31": "", "2013-09-30": "", "2013-06-30": "", "2013-03-31": "", "2012-12-31": "", "2012-09-30": "", "2012-06-30": "", "2012-03-31": "", "2011-12-31": "", "2011-09-30": "", "2011-06-30": "", "2011-03-31": "", "2010-12-31": "", "2010-09-30": "", "2010-06-30": "", "2010-03-31": "", "2009-12-31": "", "2009-09-30": "", "2009-06-30": "", "2009-03-31": "", "2008-12-31": "", "2008-09-30": "", "2008-06-30": "", "2008-03-31": "", "2007-12-31": "", "2007-09-30": "", "2007-06-30": "", "2007-03-31": "", "2006-12-31": "", "2006-09-30": "", "2006-06-30": "", "2006-03-31": "", "2005-12-31": "", "2005-09-30": "", "2005-06-30": "", "2005-03-31": ""}, "Other Long-Term Assets": {"2020-09-30": "457.58700", "2020-06-30": "541.70900", "2020-03-31": "575.14600", "2019-12-31": "196.86700", "2019-09-30": "325.52900", "2019-06-30": "321.63900", "2019-03-31": "337.38400", "2018-12-31": "268.83800", "2018-09-30": "323.44600", "2018-06-30": "320.82200", "2018-03-31": "304.14000", "2017-12-31": "250.73400", "2017-09-30": "244.95000", "2017-06-30": "209.15900", "2017-03-31": "207.20800", "2016-12-31": "297.92500", "2016-09-30": "175.80900", "2016-06-30": "191.31700", "2016-03-31": "267.84700", "2015-12-31": "176.10700", "2015-09-30": "205.08700", "2015-06-30": "133.08700", "2015-03-31": "77.68700", "2014-12-31": "54.21600", "2014-09-30": "77.36700", "2014-06-30": "74.22400", "2014-03-31": "76.14800", "2013-12-31": "73.88300", "2013-09-30": "32.13700", "2013-06-30": "36.21700", "2013-03-31": "38.19800", "2012-12-31": "57.18200", "2012-09-30": "40.69900", "2012-06-30": "44.68800", "2012-03-31": "42.88400", "2011-12-31": "45.20900", "2011-09-30": "31.14600", "2011-06-30": "33.24100", "2011-03-31": "36.50800", "2010-12-31": "39.22500", "2010-09-30": "27.64300", "2010-06-30": "27.94700", "2010-03-31": "45.72100", "2009-12-31": "30.19400", "2009-09-30": "31.02500", "2009-06-30": "30.20400", "2009-03-31": "24.10400", "2008-12-31": "26.31500", "2008-09-30": "109.37500", "2008-06-30": "119.75000", "2008-03-31": "115.18500", "2007-12-31": "26.17700", "2007-09-30": "110.37100", "2007-06-30": "113.02600", "2007-03-31": "112.10900", "2006-12-31": "32.40800", "2006-09-30": "94.97300", "2006-06-30": "98.64200", "2006-03-31": "97.67200", "2005-12-31": "31.05300", "2005-09-30": "174.12300", "2005-06-30": "171.59100", "2005-03-31": "172.44000"}, "Total Long-Term Assets": {"2020-09-30": "16232.58000", "2020-06-30": "16467.07000", "2020-03-31": "16686.47000", "2019-12-31": "17054.37000", "2019-09-30": "18665.23000", "2019-06-30": "18881.26000", "2019-03-31": "18959.64000", "2018-12-31": "18751.68000", "2018-09-30": "27426.67000", "2018-06-30": "27182.42000", "2018-03-31": "26440.77000", "2017-12-31": "28359.55000", "2017-09-30": "15126.19000", "2017-06-30": "14727.16000", "2017-03-31": "14394.66000", "2016-12-31": "13644.70000", "2016-09-30": "12743.92000", "2016-06-30": "12169.30000", "2016-03-31": "11893.27000", "2015-12-31": "11725.15000", "2015-09-30": "11477.29000", "2015-06-30": "11082.02000", "2015-03-31": "10543.83000", "2014-12-31": "10131.03000", "2014-09-30": "9904.43500", "2014-06-30": "9421.75900", "2014-03-31": "8876.13400", "2013-12-31": "8536.62800", "2013-09-30": "8748.96000", "2013-06-30": "8476.86700", "2013-03-31": "8145.40000", "2012-12-31": "7997.01900", "2012-09-30": "7769.77300", "2012-06-30": "7534.61800", "2012-03-31": "7254.35900", "2011-12-31": "7082.58500", "2011-09-30": "6751.30100", "2011-06-30": "6493.70400", "2011-03-31": "6421.33600", "2010-12-31": "6270.49800", "2010-09-30": "6157.78500", "2010-06-30": "5887.38100", "2010-03-31": "5441.89700", "2009-12-31": "5262.09100", "2009-09-30": "4959.47700", "2009-06-30": "4801.60800", "2009-03-31": "4568.20400", "2008-12-31": "4402.48000", "2008-09-30": "4092.74400", "2008-06-30": "3678.49600", "2008-03-31": "3379.56100", "2007-12-31": "3194.72400", "2007-09-30": "2949.26600", "2007-06-30": "2768.24900", "2007-03-31": "2688.81900", "2006-12-31": "2555.46100", "2006-09-30": "2412.35700", "2006-06-30": "2336.09800", "2006-03-31": "2280.73100", "2005-12-31": "2245.06200", "2005-09-30": "2326.96200", "2005-06-30": "2255.84400", "2005-03-31": "2781.56700"}, "Total Assets": {"2020-09-30": "17574.73000", "2020-06-30": "18008.87000", "2020-03-31": "18634.52000", "2019-12-31": "18809.23000", "2019-09-30": "20160.45000", "2019-06-30": "20479.35000", "2019-03-31": "20339.69000", "2018-12-31": "20721.34000", "2018-09-30": "28661.33000", "2018-06-30": "28963.23000", "2018-03-31": "27632.35000", "2017-12-31": "29522.60000", "2017-09-30": "15984.65000", "2017-06-30": "15724.01000", "2017-03-31": "15646.61000", "2016-12-31": "15472.92000", "2016-09-30": "14889.98000", "2016-06-30": "14783.19000", "2016-03-31": "14049.63000", "2015-12-31": "13976.17000", "2015-09-30": "13740.11000", "2015-06-30": "13572.33000", "2015-03-31": "13066.32000", "2014-12-31": "12035.35000", "2014-09-30": "11763.65000", "2014-06-30": "11385.94000", "2014-03-31": "10246.31000", "2013-12-31": "9792.05300", "2013-09-30": "9682.25200", "2013-06-30": "9054.27500", "2013-03-31": "8802.48400", "2012-12-31": "8849.86200", "2012-09-30": "8997.70000", "2012-06-30": "8748.17100", "2012-03-31": "8858.98900", "2011-12-31": "8772.71900", "2011-09-30": "7720.19400", "2011-06-30": "7293.08900", "2011-03-31": "7036.77200", "2010-12-31": "7098.43800", "2010-09-30": "6925.90200", "2010-06-30": "6774.03500", "2010-03-31": "6559.83300", "2009-12-31": "5957.25700", "2009-09-30": "5689.63300", "2009-06-30": "5676.11300", "2009-03-31": "5318.93500", "2008-12-31": "5329.66200", "2008-09-30": "4946.10200", "2008-06-30": "4790.15600", "2008-03-31": "4045.09900", "2007-12-31": "3936.97100", "2007-09-30": "3673.92000", "2007-06-30": "3439.40700", "2007-03-31": "3188.11100", "2006-12-31": "3282.25500", "2006-09-30": "3090.45900", "2006-06-30": "2991.09400", "2006-03-31": "2975.97700", "2005-12-31": "3342.28500", "2005-09-30": "3626.29200", "2005-06-30": "3043.01300", "2005-03-31": "3519.75800"}, "Total Current Liabilities": {"2020-09-30": "1839.51700", "2020-06-30": "1560.58600", "2020-03-31": "1473.23200", "2019-12-31": "1345.90200", "2019-09-30": "1449.71000", "2019-06-30": "1533.28800", "2019-03-31": "2185.49000", "2018-12-31": "2355.00100", "2018-09-30": "2646.07600", "2018-06-30": "2356.24300", "2018-03-31": "1108.67600", "2017-12-31": "1232.23700", "2017-09-30": "1435.25900", "2017-06-30": "1355.72600", "2017-03-31": "894.74300", "2016-12-31": "804.64000", "2016-09-30": "618.62600", "2016-06-30": "527.27700", "2016-03-31": "421.34800", "2015-12-31": "795.81900", "2015-09-30": "991.11600", "2015-06-30": "1031.32300", "2015-03-31": "1055.57500", "2014-12-31": "833.34200", "2014-09-30": "616.79500", "2014-06-30": "948.96500", "2014-03-31": "758.38100", "2013-12-31": "523.41000", "2013-09-30": "540.68200", "2013-06-30": "495.40400", "2013-03-31": "499.35800", "2012-12-31": "570.46400", "2012-09-30": "818.93800", "2012-06-30": "696.61000", "2012-03-31": "715.93200", "2011-12-31": "804.91000", "2011-09-30": "592.64000", "2011-06-30": "472.03500", "2011-03-31": "405.25500", "2010-12-31": "596.98400", "2010-09-30": "518.15600", "2010-06-30": "479.77700", "2010-03-31": "471.83500", "2009-12-31": "612.67400", "2009-09-30": "494.57500", "2009-06-30": "447.45000", "2009-03-31": "801.72900", "2008-12-31": "1042.60800", "2008-09-30": "957.45700", "2008-06-30": "1711.02400", "2008-03-31": "1205.29800", "2007-12-31": "1519.30800", "2007-09-30": "1239.12200", "2007-06-30": "1126.21700", "2007-03-31": "1110.44200", "2006-12-31": "1105.12300", "2006-09-30": "1067.32400", "2006-06-30": "1244.78900", "2006-03-31": "1331.18200", "2005-12-31": "2092.49600", "2005-09-30": "2387.69800", "2005-06-30": "1322.09400", "2005-03-31": "1574.73900"}, "Long Term Debt": {"2020-09-30": "4697.58700", "2020-06-30": "4604.03100", "2020-03-31": "5020.60800", "2019-12-31": "5276.77500", "2019-09-30": "5154.47900", "2019-06-30": "4992.96600", "2019-03-31": "4343.42600", "2018-12-31": "4792.99100", "2018-09-30": "7808.57000", "2018-06-30": "7833.58700", "2018-03-31": "7456.82600", "2017-12-31": "5984.92300", "2017-09-30": "2691.04100", "2017-06-30": "2584.97300", "2017-03-31": "3082.93800", "2016-12-31": "3289.45900", "2016-09-30": "2796.75900", "2016-06-30": "2795.62000", "2016-03-31": "2794.48100", "2015-12-31": "2793.34300", "2015-09-30": "2818.20000", "2015-06-30": "2818.20000", "2015-03-31": "2818.20000", "2014-12-31": "2793.47900", "2014-09-30": "2983.25200", "2014-06-30": "2486.53300", "2014-03-31": "2486.89700", "2013-12-31": "2490.35400", "2013-09-30": "2495.71700", "2013-06-30": "2499.07400", "2013-03-31": "2499.43700", "2012-12-31": "2502.96900", "2012-09-30": "2503.33300", "2012-06-30": "2506.73900", "2012-03-31": "2507.10300", "2011-12-31": "2527.62700", "2011-09-30": "1978.59600", "2011-06-30": "1988.38000", "2011-03-31": "1943.20000", "2010-12-31": "1943.20000", "2010-09-30": "1949.20000", "2010-06-30": "1949.20000", "2010-03-31": "1949.20000", "2009-12-31": "1949.20000", "2009-09-30": "1949.20000", "2009-06-30": "1949.20000", "2009-03-31": "1249.20000", "2008-12-31": "1249.20000", "2008-09-30": "1253.50000", "2008-06-30": "1253.50000", "2008-03-31": "1253.50000", "2007-12-31": "753.50000", "2007-09-30": "753.50000", "2007-06-30": "753.50000", "2007-03-31": "753.50000", "2006-12-31": "753.50000", "2006-09-30": "753.43400", "2006-06-30": "763.43400", "2006-03-31": "763.43400", "2005-12-31": "763.50000", "2005-09-30": "764.29600", "2005-06-30": "617.45800", "2005-03-31": "617.61500"}, "Other Non-Current Liabilities": {"2020-09-30": "855.19300", "2020-06-30": "855.17500", "2020-03-31": "893.90500", "2019-12-31": "897.14800", "2019-09-30": "848.98500", "2019-06-30": "807.16300", "2019-03-31": "811.60300", "2018-12-31": "791.74200", "2018-09-30": "776.42400", "2018-06-30": "746.42700", "2018-03-31": "771.93400", "2017-12-31": "752.83700", "2017-09-30": "567.46300", "2017-06-30": "529.41800", "2017-03-31": "516.55100", "2016-12-31": "499.57200", "2016-09-30": "382.42600", "2016-06-30": "395.31400", "2016-03-31": "380.54300", "2015-12-31": "386.79800", "2015-09-30": "302.96500", "2015-06-30": "276.07600", "2015-03-31": "286.73700", "2014-12-31": "284.59900", "2014-09-30": "274.53100", "2014-06-30": "265.99900", "2014-03-31": "259.86200", "2013-12-31": "258.39600", "2013-09-30": "239.96800", "2013-06-30": "237.65400", "2013-03-31": "224.91600", "2012-12-31": "187.94100", "2012-09-30": "228.56100", "2012-06-30": "226.23000", "2012-03-31": "180.87900", "2011-12-31": "179.81900", "2011-09-30": "169.75100", "2011-06-30": "168.17500", "2011-03-31": "155.78700", "2010-12-31": "160.53500", "2010-09-30": "215.11800", "2010-06-30": "167.10200", "2010-03-31": "162.15000", "2009-12-31": "157.26500", "2009-09-30": "175.13600", "2009-06-30": "164.26400", "2009-03-31": "142.44300", "2008-12-31": "136.83200", "2008-09-30": "139.53200", "2008-06-30": "133.71400", "2008-03-31": "130.11500", "2007-12-31": "124.45800", "2007-09-30": "130.84500", "2007-06-30": "125.68500", "2007-03-31": "127.48900", "2006-12-31": "88.39300", "2006-09-30": "97.79600", "2006-06-30": "98.04800", "2006-03-31": "107.80100", "2005-12-31": "86.90900", "2005-09-30": "197.31600", "2005-06-30": "195.24700", "2005-03-31": "197.90300"}, "Total Long Term Liabilities": {"2020-09-30": "6889.40900", "2020-06-30": "7009.45500", "2020-03-31": "7527.40700", "2019-12-31": "7659.73700", "2019-09-30": "7813.11400", "2019-06-30": "7697.58400", "2019-03-31": "7014.60700", "2018-12-31": "7408.11400", "2018-09-30": "9797.86000", "2018-06-30": "9904.36600", "2018-03-31": "9659.90800", "2017-12-31": "9875.75400", "2017-09-30": "5124.71200", "2017-06-30": "4990.71500", "2017-03-31": "5441.29500", "2016-12-31": "5549.03500", "2016-09-30": "4997.07900", "2016-06-30": "4998.45600", "2016-03-31": "5146.70600", "2015-12-31": "5152.31100", "2015-09-30": "4996.71700", "2015-06-30": "4895.76600", "2015-03-31": "4870.57800", "2014-12-31": "4828.94800", "2014-09-30": "4971.60700", "2014-06-30": "4407.03800", "2014-03-31": "4473.41900", "2013-12-31": "4404.51500", "2013-09-30": "4406.24700", "2013-06-30": "4456.64600", "2013-03-31": "4376.09000", "2012-12-31": "4390.59600", "2012-09-30": "4330.99100", "2012-06-30": "4405.55300", "2012-03-31": "4436.92300", "2011-12-31": "4373.97900", "2011-09-30": "3689.81700", "2011-06-30": "3584.49900", "2011-03-31": "3478.26100", "2010-12-31": "3422.75800", "2010-09-30": "3348.72900", "2010-06-30": "3287.16200", "2010-03-31": "3289.48500", "2009-12-31": "3193.55300", "2009-09-30": "3083.02600", "2009-06-30": "3072.88800", "2009-03-31": "2338.87900", "2008-12-31": "2236.96100", "2008-09-30": "2090.47800", "2008-06-30": "1724.41400", "2008-03-31": "1804.96200", "2007-12-31": "1320.19100", "2007-09-30": "1341.35200", "2007-06-30": "1290.16400", "2007-03-31": "1196.59000", "2006-12-31": "1230.85200", "2006-09-30": "1153.95600", "2006-06-30": "1060.67200", "2006-03-31": "1029.05300", "2005-12-31": "895.32100", "2005-09-30": "971.85500", "2005-06-30": "1047.67900", "2005-03-31": "1195.99400"}, "Total Liabilities": {"2020-09-30": "8728.92600", "2020-06-30": "8570.04100", "2020-03-31": "9000.63900", "2019-12-31": "9005.63900", "2019-09-30": "9262.82400", "2019-06-30": "9230.87200", "2019-03-31": "9200.09700", "2018-12-31": "9763.11500", "2018-09-30": "12443.94000", "2018-06-30": "12260.61000", "2018-03-31": "10768.58000", "2017-12-31": "11107.99000", "2017-09-30": "6559.97100", "2017-06-30": "6346.44100", "2017-03-31": "6336.03800", "2016-12-31": "6353.67500", "2016-09-30": "5615.70500", "2016-06-30": "5525.73300", "2016-03-31": "5568.05400", "2015-12-31": "5948.13000", "2015-09-30": "5987.83300", "2015-06-30": "5927.08900", "2015-03-31": "5926.15300", "2014-12-31": "5662.29000", "2014-09-30": "5588.40200", "2014-06-30": "5356.00300", "2014-03-31": "5231.80000", "2013-12-31": "4927.92500", "2013-09-30": "4946.92900", "2013-06-30": "4952.05000", "2013-03-31": "4875.44800", "2012-12-31": "4961.06000", "2012-09-30": "5149.92900", "2012-06-30": "5102.16300", "2012-03-31": "5152.85500", "2011-12-31": "5178.88900", "2011-09-30": "4282.45700", "2011-06-30": "4056.53400", "2011-03-31": "3883.51600", "2010-12-31": "4019.74200", "2010-09-30": "3866.88500", "2010-06-30": "3766.93900", "2010-03-31": "3761.32000", "2009-12-31": "3806.22700", "2009-09-30": "3577.60100", "2009-06-30": "3520.33800", "2009-03-31": "3140.60800", "2008-12-31": "3279.56900", "2008-09-30": "3047.93500", "2008-06-30": "3435.43800", "2008-03-31": "3010.26000", "2007-12-31": "2839.49900", "2007-09-30": "2580.47400", "2007-06-30": "2416.38100", "2007-03-31": "2307.03200", "2006-12-31": "2335.97500", "2006-09-30": "2221.28000", "2006-06-30": "2305.46100", "2006-03-31": "2360.23500", "2005-12-31": "2987.81700", "2005-09-30": "3359.55300", "2005-06-30": "2369.77300", "2005-03-31": "2770.73300"}, "Common Stock Net": {"2020-09-30": "7895.62800", "2020-06-30": "7889.07200", "2020-03-31": "7821.63100", "2019-12-31": "7818.20500", "2019-09-30": "7818.68300", "2019-06-30": "7807.74000", "2019-03-31": "7817.22700", "2018-12-31": "7828.55400", "2018-09-30": "8684.16900", "2018-06-30": "9316.20900", "2018-03-31": "9363.28900", "2017-12-31": "9388.90300", "2017-09-30": "3449.11900", "2017-06-30": "3440.69100", "2017-03-31": "3432.41200", "2016-12-31": "3440.18500", "2016-09-30": "3418.97900", "2016-06-30": "3402.84000", "2016-03-31": "2567.56800", "2015-12-31": "2153.28000", "2015-09-30": "2384.31200", "2015-06-30": "2351.61600", "2015-03-31": "1994.65900", "2014-12-31": "1895.63200", "2014-09-30": "1880.84900", "2014-06-30": "1861.46800", "2014-03-31": "1831.73100", "2013-12-31": "1869.84300", "2013-09-30": "1827.41300", "2013-06-30": "1805.50000", "2013-03-31": "1780.96600", "2012-12-31": "1770.54500", "2012-09-30": "1773.57000", "2012-06-30": "1754.88400", "2012-03-31": "1743.51300", "2011-12-31": "1734.99400", "2011-09-30": "1731.24600", "2011-06-30": "1725.39800", "2011-03-31": "1718.32300", "2010-12-31": "1723.89800", "2010-09-30": "1720.36100", "2010-06-30": "1716.84800", "2010-03-31": "1473.17900", "2009-12-31": "952.23700", "2009-09-30": "950.82700", "2009-06-30": "949.79200", "2009-03-31": "948.37600", "2008-12-31": "948.49700", "2008-09-30": "945.25600", "2008-06-30": "945.42300", "2008-03-31": "385.61900", "2007-12-31": "382.19100", "2007-09-30": "369.29500", "2007-06-30": "369.04300", "2007-03-31": "368.72400", "2006-12-31": "366.85600", "2006-09-30": "363.88100", "2006-06-30": "363.97100", "2006-03-31": "361.77100", "2005-12-31": "358.68400", "2005-09-30": "356.97500", "2005-06-30": "358.33400", "2005-03-31": "361.08200"}, "Retained Earnings (Accumulated Deficit)": {"2020-09-30": "984.57100", "2020-06-30": "1585.21100", "2020-03-31": "1848.28600", "2019-12-31": "2023.08900", "2019-09-30": "3117.01500", "2019-06-30": "3485.71100", "2019-03-31": "3367.81000", "2018-12-31": "3184.27500", "2018-09-30": "2369.27100", "2018-06-30": "2416.80200", "2018-03-31": "2406.95200", "2017-12-31": "3996.77500", "2017-09-30": "2721.91100", "2017-06-30": "2703.77800", "2017-03-31": "2667.85900", "2016-12-31": "2509.07300", "2016-09-30": "2706.22100", "2016-06-30": "2719.42700", "2016-03-31": "2983.26200", "2015-12-31": "2982.21200", "2015-09-30": "3121.37600", "2015-06-30": "3085.17300", "2015-03-31": "3085.99400", "2014-12-31": "2917.12900", "2014-09-30": "2936.38700", "2014-06-30": "2842.38400", "2014-03-31": "2755.63100", "2013-12-31": "2567.98000", "2013-09-30": "2457.30400", "2013-06-30": "2373.57500", "2013-03-31": "2291.24100", "2012-12-31": "2195.50200", "2012-09-30": "2180.42400", "2012-06-30": "2181.50400", "2012-03-31": "2183.00700", "2011-12-31": "2143.91000", "2011-09-30": "2085.98000", "2011-06-30": "1939.98000", "2011-03-31": "1885.13500", "2010-12-31": "1795.76600", "2010-09-30": "1755.50700", "2010-06-30": "1751.83500", "2010-03-31": "1754.60500", "2009-12-31": "1695.35800", "2009-09-30": "1668.82600", "2009-06-30": "1694.76000", "2009-03-31": "1696.95700", "2008-12-31": "1653.79700", "2008-09-30": "1649.11500", "2008-06-30": "1581.71800", "2008-03-31": "1553.22700", "2007-12-31": "1509.59600", "2007-09-30": "1475.77900", "2007-06-30": "1469.62900", "2007-03-31": "1389.05200", "2006-12-31": "1363.31000", "2006-09-30": "1317.66800", "2006-06-30": "1312.43400", "2006-03-31": "1295.07800", "2005-12-31": "1247.89500", "2005-09-30": "1200.17800", "2005-06-30": "1179.59100", "2005-03-31": "1141.04800"}, "Comprehensive Income": {"2020-09-30": "-5.04300", "2020-06-30": "-5.11500", "2020-03-31": "-5.18700", "2019-12-31": "-5.19900", "2019-09-30": "-5.54600", "2019-06-30": "-5.66600", "2019-03-31": "-5.78400", "2018-12-31": "-5.40600", "2018-09-30": "-3.25100", "2018-06-30": "-2.95900", "2018-03-31": "-2.61500", "2017-12-31": "-2.45800", "2017-09-30": "-1.63100", "2017-06-30": "-0.29300", "2017-03-31": "1.26600", "2016-12-31": "2.04200", "2016-09-30": "13.29900", "2016-06-30": "27.92100", "2016-03-31": "34.20300", "2015-12-31": "46.37800", "2015-09-30": "77.53000", "2015-06-30": "116.63800", "2015-03-31": "158.98100", "2014-12-31": "199.49400", "2014-09-30": "21.92000", "2014-06-30": "3.88900", "2014-03-31": "22.98400", "2013-12-31": "44.70300", "2013-09-30": "77.17500", "2013-06-30": "84.99300", "2013-03-31": "21.58200", "2012-12-31": "99.54700", "2012-09-30": "82.73600", "2012-06-30": "180.69500", "2012-03-31": "251.02800", "2011-12-31": "188.14100", "2011-09-30": "94.43600", "2011-06-30": "44.72000", "2011-03-31": "23.86900", "2010-12-31": "38.10400", "2010-09-30": "62.40900", "2010-06-30": "17.93600", "2010-03-31": "50.26100", "2009-12-31": "-14.44000", "2009-09-30": "-25.30600", "2009-06-30": "-5.99700", "2009-03-31": "15.88500", "2008-12-31": "-68.73700", "2008-09-30": "-211.05400", "2008-06-30": "-688.76900", "2008-03-31": "-420.58600", "2007-12-31": "-309.26400", "2007-09-30": "-282.49500", "2007-06-30": "-346.26100", "2007-03-31": "-406.73300", "2006-12-31": "-314.30200", "2006-09-30": "-328.63700", "2006-06-30": "-506.22200", "2006-03-31": "-555.42500", "2005-12-31": "-755.60000", "2005-09-30": "-837.20500", "2005-06-30": "-440.96800", "2005-03-31": "-346.55300"}, "Other Share Holders Equity": {"2020-09-30": "", "2020-06-30": "", "2020-03-31": "", "2019-12-31": "", "2019-09-30": "", "2019-06-30": "", "2019-03-31": "", "2018-12-31": "", "2018-09-30": "", "2018-06-30": "", "2018-03-31": "", "2017-12-31": "", "2017-09-30": "", "2017-06-30": "", "2017-03-31": "", "2016-12-31": "", "2016-09-30": "", "2016-06-30": "", "2016-03-31": "", "2015-12-31": "", "2015-09-30": "", "2015-06-30": "", "2015-03-31": "", "2014-12-31": "", "2014-09-30": "", "2014-06-30": "", "2014-03-31": "", "2013-12-31": "", "2013-09-30": "", "2013-06-30": "", "2013-03-31": "", "2012-12-31": "", "2012-09-30": "", "2012-06-30": "", "2012-03-31": "", "2011-12-31": "", "2011-09-30": "", "2011-06-30": "", "2011-03-31": "", "2010-12-31": "", "2010-09-30": "", "2010-06-30": "", "2010-03-31": "", "2009-12-31": "", "2009-09-30": "", "2009-06-30": "", "2009-03-31": "", "2008-12-31": "", "2008-09-30": "", "2008-06-30": "", "2008-03-31": "", "2007-12-31": "", "2007-09-30": "", "2007-06-30": "", "2007-03-31": "", "2006-12-31": "", "2006-09-30": "", "2006-06-30": "", "2006-03-31": "", "2005-12-31": "", "2005-09-30": "", "2005-06-30": "", "2005-03-31": ""}, "Share Holder Equity": {"2020-09-30": "8845.80900", "2020-06-30": "9438.82700", "2020-03-31": "9633.87800", "2019-12-31": "9803.58800", "2019-09-30": "10897.63000", "2019-06-30": "11248.47000", "2019-03-31": "11139.59000", "2018-12-31": "10958.23000", "2018-09-30": "16217.39000", "2018-06-30": "16702.62000", "2018-03-31": "16863.76000", "2017-12-31": "18414.61000", "2017-09-30": "9424.67700", "2017-06-30": "9377.57000", "2017-03-31": "9310.57600", "2016-12-31": "9119.24700", "2016-09-30": "9274.27900", "2016-06-30": "9257.45300", "2016-03-31": "8481.57100", "2015-12-31": "8028.04200", "2015-09-30": "7752.27300", "2015-06-30": "7645.24100", "2015-03-31": "7140.16500", "2014-12-31": "6373.06300", "2014-09-30": "6175.25000", "2014-06-30": "6029.93300", "2014-03-31": "5014.50600", "2013-12-31": "4864.12800", "2013-09-30": "4735.32300", "2013-06-30": "4102.22500", "2013-03-31": "3927.03600", "2012-12-31": "3888.80200", "2012-09-30": "3847.77100", "2012-06-30": "3646.00800", "2012-03-31": "3706.13400", "2011-12-31": "3593.83000", "2011-09-30": "3437.73700", "2011-06-30": "3236.55500", "2011-03-31": "3153.25600", "2010-12-31": "3078.69600", "2010-09-30": "3059.01700", "2010-06-30": "3007.09600", "2010-03-31": "2798.51300", "2009-12-31": "2151.03000", "2009-09-30": "2112.03200", "2009-06-30": "2155.77500", "2009-03-31": "2178.32700", "2008-12-31": "2050.09300", "2008-09-30": "1898.16700", "2008-06-30": "1354.71800", "2008-03-31": "1034.83900", "2007-12-31": "1097.47200", "2007-09-30": "1093.44600", "2007-06-30": "1023.02600", "2007-03-31": "881.07900", "2006-12-31": "946.28000", "2006-09-30": "869.17900", "2006-06-30": "685.63300", "2006-03-31": "615.74200", "2005-12-31": "354.46800", "2005-09-30": "266.73900", "2005-06-30": "673.24000", "2005-03-31": "749.02500"}, "Total Liabilities And Share Holders Equity": {"2020-09-30": "17574.73000", "2020-06-30": "18008.87000", "2020-03-31": "18634.52000", "2019-12-31": "18809.23000", "2019-09-30": "20160.45000", "2019-06-30": "20479.35000", "2019-03-31": "20339.69000", "2018-12-31": "20721.34000", "2018-09-30": "28661.33000", "2018-06-30": "28963.23000", "2018-03-31": "27632.35000", "2017-12-31": "29522.60000", "2017-09-30": "15984.65000", "2017-06-30": "15724.01000", "2017-03-31": "15646.61000", "2016-12-31": "15472.92000", "2016-09-30": "14889.98000", "2016-06-30": "14783.19000", "2016-03-31": "14049.63000", "2015-12-31": "13976.17000", "2015-09-30": "13740.11000", "2015-06-30": "13572.33000", "2015-03-31": "13066.32000", "2014-12-31": "12035.35000", "2014-09-30": "11763.65000", "2014-06-30": "11385.94000", "2014-03-31": "10246.31000", "2013-12-31": "9792.05300", "2013-09-30": "9682.25200", "2013-06-30": "9054.27500", "2013-03-31": "8802.48400", "2012-12-31": "8849.86200", "2012-09-30": "8997.70000", "2012-06-30": "8748.17100", "2012-03-31": "8858.98900", "2011-12-31": "8772.71900", "2011-09-30": "7720.19400", "2011-06-30": "7293.08900", "2011-03-31": "7036.77200", "2010-12-31": "7098.43800", "2010-09-30": "6925.90200", "2010-06-30": "6774.03500", "2010-03-31": "6559.83300", "2009-12-31": "5957.25700", "2009-09-30": "5689.63300", "2009-06-30": "5676.11300", "2009-03-31": "5318.93500", "2008-12-31": "5329.66200", "2008-09-30": "4946.10200", "2008-06-30": "4790.15600", "2008-03-31": "4045.09900", "2007-12-31": "3936.97100", "2007-09-30": "3673.92000", "2007-06-30": "3439.40700", "2007-03-31": "3188.11100", "2006-12-31": "3282.25500", "2006-09-30": "3090.45900", "2006-06-30": "2991.09400", "2006-03-31": "2975.97700", "2005-12-31": "3342.28500", "2005-09-30": "3626.29200", "2005-06-30": "3043.01300", "2005-03-31": "3519.75800"}}, "cash flow statement": {"Net Income/Loss": {"2019-12-31": "-1221.69500", "2018-12-31": "-2007.15800", "2017-12-31": "1858.14200", "2016-12-31": "-131.06300", "2015-12-31": "321.88600", "2014-12-31": "510.99000", "2013-12-31": "437.81500", "2012-12-31": "196.41100", "2011-12-31": "479.76900", "2010-12-31": "227.70000", "2009-12-31": "156.92900", "2008-12-31": "255.60400", "2007-12-31": "257.48300", "2006-12-31": "220.28600", "2005-12-31": "260.05500"}, "Total Depreciation And Amortization - Cash Flow": {"2019-12-31": "1597.95700", "2018-12-31": "1774.07400", "2017-12-31": "1062.56500", "2016-12-31": "927.92000", "2015-12-31": "819.21600", "2014-12-31": "679.29800", "2013-12-31": "676.57000", "2012-12-31": "499.11800", "2011-12-31": "339.29700", "2010-12-31": "270.28500", "2009-12-31": "196.07800", "2008-12-31": "136.81600", "2007-12-31": "109.80200", "2006-12-31": "100.12200", "2005-12-31": "93.52700"}, "Other Non-Cash Items": {"2019-12-31": "1455.90600", "2018-12-31": "3328.83500", "2017-12-31": "-1272.34500", "2016-12-31": "441.73500", "2015-12-31": "10.27700", "2014-12-31": "207.62100", "2013-12-31": "-7.90100", "2012-12-31": "137.39200", "2011-12-31": "19.70400", "2010-12-31": "159.86600", "2009-12-31": "243.90800", "2008-12-31": "260.13300", "2007-12-31": "-117.15700", "2006-12-31": "12.43000", "2005-12-31": "-241.35700"}, "Total Non-Cash Items": {"2019-12-31": "3053.86300", "2018-12-31": "5102.90900", "2017-12-31": "-209.78010", "2016-12-31": "1369.65500", "2015-12-31": "829.49300", "2014-12-31": "886.91890", "2013-12-31": "668.66900", "2012-12-31": "636.51010", "2011-12-31": "359.00100", "2010-12-31": "430.15100", "2009-12-31": "439.98600", "2008-12-31": "396.94900", "2007-12-31": "-7.35500", "2006-12-31": "112.55200", "2005-12-31": "-147.83000"}, "Change In Accounts Receivable": {"2019-12-31": "432.32300", "2018-12-31": "-439.06200", "2017-12-31": "-8.97900", "2016-12-31": "-165.50700", "2015-12-31": "131.03100", "2014-12-31": "-70.39200", "2013-12-31": "-44.81800", "2012-12-31": "-48.36400", "2011-12-31": "14.31700", "2010-12-31": "-6.33000", "2009-12-31": "66.32700", "2008-12-31": "-33.37700", "2007-12-31": "2.45500", "2006-12-31": "63.52700", "2005-12-31": "-78.04900"}, "Change In Inventories": {"2019-12-31": "", "2018-12-31": "", "2017-12-31": "", "2016-12-31": "", "2015-12-31": "", "2014-12-31": "", "2013-12-31": "", "2012-12-31": "43.27700", "2011-12-31": "1.11700", "2010-12-31": "45.10400", "2009-12-31": "73.18100", "2008-12-31": "-4.69700", "2007-12-31": "-14.35700", "2006-12-31": "20.79300", "2005-12-31": "-85.29600"}, "Change In Accounts Payable": {"2019-12-31": "-238.67400", "2018-12-31": "457.11300", "2017-12-31": "-16.68000", "2016-12-31": "40.54800", "2015-12-31": "-37.62300", "2014-12-31": "30.35000", "2013-12-31": "15.99000", "2012-12-31": "20.62400", "2011-12-31": "42.26200", "2010-12-31": "-36.85300", "2009-12-31": "-107.74500", "2008-12-31": "77.47500", "2007-12-31": "65.93100", "2006-12-31": "-29.29200", "2005-12-31": "71.45100"}, "Change In Assets/Liabilities": {"2019-12-31": "-6.83200", "2018-12-31": "-20.35800", "2017-12-31": "27.28000", "2016-12-31": "-84.19300", "2015-12-31": "-27.84700", "2014-12-31": "56.87500", "2013-12-31": "85.20500", "2012-12-31": "-51.63600", "2011-12-31": "8.55400", "2010-12-31": "129.96800", "2009-12-31": "97.06300", "2008-12-31": "-182.79700", "2007-12-31": "122.56300", "2006-12-31": "196.60500", "2005-12-31": "-300.34900"}, "Total Change In Assets/Liabilities": {"2019-12-31": "19.53600", "2018-12-31": "-119.49500", "2017-12-31": "-10.66400", "2016-12-31": "-174.27200", "2015-12-31": "65.56100", "2014-12-31": "16.83300", "2013-12-31": "56.37700", "2012-12-31": "-36.09900", "2011-12-31": "66.25000", "2010-12-31": "131.88900", "2009-12-31": "128.82600", "2008-12-31": "-143.39600", "2007-12-31": "176.59200", "2006-12-31": "285.00800", "2005-12-31": "-424.53100"}, "Cash Flow From Operating Activities": {"2019-12-31": "1851.70400", "2018-12-31": "2976.25600", "2017-12-31": "1637.69800", "2016-12-31": "1064.32000", "2015-12-31": "1216.94000", "2014-12-31": "1414.74200", "2013-12-31": "1162.86100", "2012-12-31": "796.82200", "2011-12-31": "905.02000", "2010-12-31": "789.74000", "2009-12-31": "725.74100", "2008-12-31": "509.15700", "2007-12-31": "426.72000", "2006-12-31": "617.84600", "2005-12-31": "-312.30600"}, "Net Change In Property, Plant, And Equipment": {"2019-12-31": "-1602.45400", "2018-12-31": "-3969.32600", "2017-12-31": "-2095.17900", "2016-12-31": "-2600.23000", "2015-12-31": "-2434.01800", "2014-12-31": "-2269.86200", "2013-12-31": "-1022.77500", "2012-12-31": "-1370.49800", "2011-12-31": "-644.03700", "2010-12-31": "-1246.93200", "2009-12-31": "-963.90800", "2008-12-31": "-1343.99600", "2007-12-31": "-583.21600", "2006-12-31": "-403.09400", "2005-12-31": "-133.46300"}, "Net Change In Intangible Assets": {"2019-12-31": "", "2018-12-31": "", "2017-12-31": "", "2016-12-31": "", "2015-12-31": "", "2014-12-31": "", "2013-12-31": "", "2012-12-31": "", "2011-12-31": "", "2010-12-31": "", "2009-12-31": "", "2008-12-31": "", "2007-12-31": "-28.09200", "2006-12-31": "", "2005-12-31": ""}, "Net Acquisitions/Divestitures": {"2019-12-31": "", "2018-12-31": "", "2017-12-31": "-2379.22900", "2016-12-31": "", "2015-12-31": "", "2014-12-31": "-174.18400", "2013-12-31": "", "2012-12-31": "", "2011-12-31": "", "2010-12-31": "", "2009-12-31": "", "2008-12-31": "", "2007-12-31": "", "2006-12-31": "", "2005-12-31": "-57.50000"}, "Net Change In Short-term Investments": {"2019-12-31": "", "2018-12-31": "", "2017-12-31": "", "2016-12-31": "", "2015-12-31": "", "2014-12-31": "", "2013-12-31": "", "2012-12-31": "", "2011-12-31": "", "2010-12-31": "", "2009-12-31": "", "2008-12-31": "", "2007-12-31": "", "2006-12-31": "", "2005-12-31": ""}, "Net Change In Long-Term Investments": {"2019-12-31": "", "2018-12-31": "", "2017-12-31": "283.75800", "2016-12-31": "-284.88200", "2015-12-31": "-84.18200", "2014-12-31": "", "2013-12-31": "", "2012-12-31": "", "2011-12-31": "29.94700", "2010-12-31": "11.55600", "2009-12-31": "-9.40000", "2008-12-31": "-32.00000", "2007-12-31": "21.17000", "2006-12-31": "-2.47100", "2005-12-31": "456.45800"}, "Net Change In Investments - Total": {"2019-12-31": "", "2018-12-31": "", "2017-12-31": "283.75800", "2016-12-31": "-284.88200", "2015-12-31": "-84.18200", "2014-12-31": "", "2013-12-31": "", "2012-12-31": "", "2011-12-31": "29.94700", "2010-12-31": "11.55600", "2009-12-31": "-9.40000", "2008-12-31": "-32.00000", "2007-12-31": "21.17000", "2006-12-31": "-2.47100", "2005-12-31": "456.45800"}, "Investing Activities - Other": {"2019-12-31": "1.31200", "2018-12-31": "-9.77800", "2017-12-31": "-11.42000", "2016-12-31": "-1.36900", "2015-12-31": "-7.40700", "2014-12-31": "-0.16600", "2013-12-31": "23.00000", "2012-12-31": "", "2011-12-31": "", "2010-12-31": "-4.05300", "2009-12-31": "-12.21200", "2008-12-31": "", "2007-12-31": "", "2006-12-31": "-0.72400", "2005-12-31": "82.59500"}, "Cash Flow From Investing Activities": {"2019-12-31": "-1601.14200", "2018-12-31": "-3979.10400", "2017-12-31": "-4202.07000", "2016-12-31": "-2886.48100", "2015-12-31": "-2525.60700", "2014-12-31": "-2444.21200", "2013-12-31": "-999.77500", "2012-12-31": "-1370.49800", "2011-12-31": "-614.09000", "2010-12-31": "-1239.42900", "2009-12-31": "-985.52000", "2008-12-31": "-1375.99600", "2007-12-31": "-590.13800", "2006-12-31": "-406.28900", "2005-12-31": "348.09000"}, "Net Long-Term Debt": {"2019-12-31": "295.33900", "2018-12-31": "2491.62400", "2017-12-31": "1000.00000", "2016-12-31": "195.88100", "2015-12-31": "129.99600", "2014-12-31": "-11.16200", "2013-12-31": "-23.20400", "2012-12-31": "-219.31500", "2011-12-31": "734.54300", "2010-12-31": "", "2009-12-31": "695.70000", "2008-12-31": "500.00000", "2007-12-31": "-10.00000", "2006-12-31": "-3.00000", "2005-12-31": "140.00000"}, "Net Current Debt": {"2019-12-31": "-506.00000", "2018-12-31": "-316.00000", "2017-12-31": "986.50000", "2016-12-31": "", "2015-12-31": "", "2014-12-31": "", "2013-12-31": "", "2012-12-31": "", "2011-12-31": "-53.65000", "2010-12-31": "48.65000", "2009-12-31": "-314.91700", "2008-12-31": "-159.41200", "2007-12-31": "343.33000", "2006-12-31": "-229.30100", "2005-12-31": "69.80100"}, "Debt Issuance/Retirement Net - Total": {"2019-12-31": "-210.66100", "2018-12-31": "2175.62400", "2017-12-31": "1986.50000", "2016-12-31": "195.88100", "2015-12-31": "129.99600", "2014-12-31": "-11.16200", "2013-12-31": "-23.20400", "2012-12-31": "-219.31500", "2011-12-31": "680.89300", "2010-12-31": "48.65000", "2009-12-31": "380.78300", "2008-12-31": "340.58800", "2007-12-31": "333.33000", "2006-12-31": "-232.30100", "2005-12-31": "209.80100"}, "Net Common Equity Issued/Repurchased": {"2019-12-31": "", "2018-12-31": "-538.90300", "2017-12-31": "-0.03000", "2016-12-31": "1443.07100", "2015-12-31": "1852.59100", "2014-12-31": "1370.09900", "2013-12-31": "574.57900", "2012-12-31": "284.65100", "2011-12-31": "2.79100", "2010-12-31": "537.20600", "2009-12-31": "", "2008-12-31": "562.58800", "2007-12-31": "3.19800", "2006-12-31": "34.91000", "2005-12-31": "-97.23400"}, "Net Total Equity Issued/Repurchased": {"2019-12-31": "", "2018-12-31": "-538.90300", "2017-12-31": "-0.03000", "2016-12-31": "1443.07100", "2015-12-31": "1852.59100", "2014-12-31": "1370.09900", "2013-12-31": "574.57900", "2012-12-31": "284.65100", "2011-12-31": "2.79100", "2010-12-31": "537.20600", "2009-12-31": "", "2008-12-31": "562.58800", "2007-12-31": "3.19800", "2006-12-31": "34.91000", "2005-12-31": "-97.23400"}, "Total Common And Preferred Stock Dividends Paid": {"2019-12-31": "-30.65500", "2018-12-31": "-412.02600", "2017-12-31": "-256.95000", "2016-12-31": "-210.13700", "2015-12-31": "-140.06900", "2014-12-31": "-86.02600", "2013-12-31": "-50.87500", "2012-12-31": "-136.83400", "2011-12-31": "-131.62500", "2010-12-31": "-127.29200", "2009-12-31": "-115.36800", "2008-12-31": "-111.40300", "2007-12-31": "-107.08600", "2006-12-31": "-104.87100", "2005-12-31": "-99.73700"}, "Financial Activities - Other": {"2019-12-31": "-8.13700", "2018-12-31": "-365.67500", "2017-12-31": "-196.37300", "2016-12-31": "-29.34600", "2015-12-31": "-10.04800", "2014-12-31": "-11.65300", "2013-12-31": "", "2012-12-31": "-4.02200", "2011-12-31": "-11.73800", "2010-12-31": "-8.87500", "2009-12-31": "-5.63600", "2008-12-31": "-6.64500", "2007-12-31": "15.68700", "2006-12-31": "15.73900", "2005-12-31": "26.35200"}, "Cash Flow From Financial Activities": {"2019-12-31": "-249.45300", "2018-12-31": "859.02000", "2017-12-31": "1533.14700", "2016-12-31": "1399.46900", "2015-12-31": "1832.47000", "2014-12-31": "1261.25800", "2013-12-31": "500.50000", "2012-12-31": "-75.52000", "2011-12-31": "540.32100", "2010-12-31": "449.68900", "2009-12-31": "259.77900", "2008-12-31": "785.12800", "2007-12-31": "245.12900", "2006-12-31": "-286.52300", "2005-12-31": "39.18200"}, "Net Cash Flow": {"2019-12-31": "1.10900", "2018-12-31": "-143.82800", "2017-12-31": "-1031.22500", "2016-12-31": "-422.69200", "2015-12-31": "523.80300", "2014-12-31": "231.78800", "2013-12-31": "663.58600", "2012-12-31": "-649.19600", "2011-12-31": "831.25100", "2010-12-31": "0.00000", "2009-12-31": "", "2008-12-31": "-81.71100", "2007-12-31": "81.71100", "2006-12-31": "-74.96600", "2005-12-31": "74.96600"}, "Stock-Based Compensation": {"2019-12-31": "31.23300", "2018-12-31": "25.18900", "2017-12-31": "94.59200", "2016-12-31": "44.60500", "2015-12-31": "58.62900", "2014-12-31": "42.12300", "2013-12-31": "52.61800", "2012-12-31": "40.23000", "2011-12-31": "20.08000", "2010-12-31": "14.10400", "2009-12-31": "6.76800", "2008-12-31": "6.70000", "2007-12-31": "3.03100", "2006-12-31": "", "2005-12-31": ""}, "Common Stock Dividends Paid": {"2019-12-31": "-30.65500", "2018-12-31": "-412.02600", "2017-12-31": "-256.95000", "2016-12-31": "-210.13700", "2015-12-31": "-140.06900", "2014-12-31": "-86.02600", "2013-12-31": "-50.87500", "2012-12-31": "-136.83400", "2011-12-31": "-131.62500", "2010-12-31": "-127.29200", "2009-12-31": "-115.36800", "2008-12-31": "-111.40300", "2007-12-31": "-107.08600", "2006-12-31": "-104.87100", "2005-12-31": "-99.73700"}}, "cash flow statement, quarterly": {"Net Income/Loss": {"2020-09-30": -600.64, "2020-06-30": -263.075, "2020-03-31": "-167.13900", "2019-12-31": -1176.924, "2019-09-30": -361.028, "2019-06-30": 125.566, "2019-03-31": "190.69100", "2018-12-31": -761.973, "2018-09-30": 63.448, "2018-06-30": 136.346, "2018-03-31": "-1444.97900", "2017-12-31": 1379.335, "2017-09-30": 105.457, "2017-06-30": 122.645, "2017-03-31": "250.70500", "2016-12-31": -108.785, "2016-09-30": 70.104, "2016-06-30": -180.807, "2016-03-31": "88.42500", "2015-12-31": -63.262, "2015-09-30": 100.233, "2015-06-30": 63.747, "2015-03-31": "221.16800", "2014-12-31": 29.497, "2014-09-30": 132.294, "2014-06-30": 138.264, "2014-03-31": "210.93500", "2013-12-31": 131.806, "2013-09-30": 102.61, "2013-06-30": 94.118, "2013-03-31": "109.28100", "2012-12-31": 56.226, "2012-09-30": 36.704, "2012-06-30": 31.446, "2012-03-31": "72.03500", "2011-12-31": 90.846, "2011-09-30": 178.914, "2011-06-30": 87.754, "2011-03-31": "122.25500", "2010-12-31": 73.113, "2010-09-30": 36.522, "2010-06-30": 30, "2010-03-31": "88.06500", "2009-12-31": 55.382, "2009-09-30": 2.909, "2009-06-30": 26.645, "2009-03-31": "71.99300", "2008-12-31": 33.495, "2008-09-30": 96.198, "2008-06-30": 55.391, "2008-03-31": "70.52000", "2007-12-31": 60.597, "2007-09-30": 32.925, "2007-06-30": 107.343, "2007-03-31": "56.61800", "2006-12-31": 72.223, "2006-09-30": 31.795, "2006-06-30": 43.909, "2006-03-31": "72.35900", "2005-12-31": 72.839, "2005-09-30": 46.491, "2005-06-30": 64.319, "2005-03-31": "76.40600"}, "Total Depreciation And Amortization - Cash Flow": {"2020-09-30": 361.127, "2020-06-30": 339.884, "2020-03-31": "368.30700", "2019-12-31": 395.614, "2019-09-30": 405.725, "2019-06-30": 390.539, "2019-03-31": "406.07900", "2018-12-31": 454.505, "2018-09-30": 438.27, "2018-06-30": 419.806, "2018-03-31": "461.49300", "2017-12-31": 343.27, "2017-09-30": 246.56, "2017-06-30": 239.011, "2017-03-31": "233.72400", "2016-12-31": 244.972, "2016-09-30": 237.088, "2016-06-30": 224.629, "2016-03-31": "221.23100", "2015-12-31": 219.425, "2015-09-30": 208.227, "2015-06-30": 196.819, "2015-03-31": "194.74500", "2014-12-31": 194.39, "2014-09-30": 175.578, "2014-06-30": 157.219, "2014-03-31": "152.11100", "2013-12-31": 183.229, "2013-09-30": 175.648, "2013-06-30": 168.577, "2013-03-31": "149.11600", "2012-12-31": 144.301, "2012-09-30": 131.611, "2012-06-30": 115.681, "2012-03-31": "107.52500", "2011-12-31": 91.67, "2011-09-30": 87.343, "2011-06-30": 81.886, "2011-03-31": "78.39800", "2010-12-31": 74.641, "2010-09-30": 68.548, "2010-06-30": 65.217, "2010-03-31": "61.87900", "2009-12-31": 55.595, "2009-09-30": 49.706, "2009-06-30": 46.188, "2009-03-31": "44.58900", "2008-12-31": 39.731, "2008-09-30": 34.269, "2008-06-30": 32.051, "2008-03-31": "30.76500", "2007-12-31": 27.876, "2007-09-30": 26.907, "2007-06-30": 27.592, "2007-03-31": "27.42700", "2006-12-31": 25.959, "2006-09-30": 25.149, "2006-06-30": 24.797, "2006-03-31": "24.21700", "2005-12-31": 23.954, "2005-09-30": 23.264, "2005-06-30": 23.119, "2005-03-31": "23.19000"}, "Other Non-Cash Items": {"2020-09-30": 534.2019, "2020-06-30": 143.916, "2020-03-31": "311.47900", "2019-12-31": 1284.307, "2019-09-30": 251.42, "2019-06-30": -130.404, "2019-03-31": "50.58300", "2018-12-31": 1099.55, "2018-09-30": 206.323, "2018-06-30": 134.824, "2018-03-31": "1888.13800", "2017-12-31": -1180.356, "2017-09-30": -29.933, "2017-06-30": -24.959, "2017-03-31": "-37.09700", "2016-12-31": 291.402, "2016-09-30": -30.411, "2016-06-30": 163.665, "2016-03-31": "17.07900", "2015-12-31": 180.563, "2015-09-30": 4.738, "2015-06-30": -141.077, "2015-03-31": "-33.94700", "2014-12-31": 144.088, "2014-09-30": 27.366, "2014-06-30": -59.738, "2014-03-31": "95.90500", "2013-12-31": -70.128, "2013-09-30": -41.519, "2013-06-30": 55.972, "2013-03-31": "47.77400", "2012-12-31": 67.669, "2012-09-30": 2.669, "2012-06-30": 18.854, "2012-03-31": "48.20000", "2011-12-31": 49.213, "2011-09-30": -95.7, "2011-06-30": 17.453, "2011-03-31": "48.73800", "2010-12-31": 60.707, "2010-09-30": 26.72, "2010-06-30": 18.099, "2010-03-31": "54.34000", "2009-12-31": 152.492, "2009-09-30": 10.012, "2009-06-30": 23.751, "2009-03-31": "57.65300", "2008-12-31": 63.395, "2008-09-30": 76.814, "2008-06-30": 74.453, "2008-03-31": "45.47100", "2007-12-31": -55.358, "2007-09-30": 11.135, "2007-06-30": -68.887, "2007-03-31": "-4.04700", "2006-12-31": 5.375, "2006-09-30": 9.208, "2006-06-30": -7.72, "2006-03-31": "5.56700", "2005-12-31": -55.784, "2005-09-30": -42.004, "2005-06-30": -135.618, "2005-03-31": "-7.95100"}, "Total Non-Cash Items": {"2020-09-30": 895.329, "2020-06-30": 483.8, "2020-03-31": "679.78600", "2019-12-31": 1679.921, "2019-09-30": 657.1451, "2019-06-30": 260.1349, "2019-03-31": "456.66200", "2018-12-31": 1554.055, "2018-09-30": 644.593, "2018-06-30": 554.63, "2018-03-31": "2349.63100", "2017-12-31": -837.086, "2017-09-30": 216.6269, "2017-06-30": 214.052, "2017-03-31": "196.62700", "2016-12-31": 536.374, "2016-09-30": 206.677, "2016-06-30": 388.294, "2016-03-31": "238.31000", "2015-12-31": 399.988, "2015-09-30": 212.965, "2015-06-30": 55.742, "2015-03-31": "160.79800", "2014-12-31": 338.4779, "2014-09-30": 202.944, "2014-06-30": 97.481, "2014-03-31": "248.01600", "2013-12-31": 113.101, "2013-09-30": 134.129, "2013-06-30": 224.549, "2013-03-31": "196.89000", "2012-12-31": 211.9701, "2012-09-30": 134.28, "2012-06-30": 134.535, "2012-03-31": "155.72500", "2011-12-31": 140.883, "2011-09-30": -8.357, "2011-06-30": 99.339, "2011-03-31": "127.13600", "2010-12-31": 135.348, "2010-09-30": 95.268, "2010-06-30": 83.316, "2010-03-31": "116.21900", "2009-12-31": 208.087, "2009-09-30": 59.718, "2009-06-30": 69.939, "2009-03-31": "102.24200", "2008-12-31": 103.126, "2008-09-30": 111.083, "2008-06-30": 106.504, "2008-03-31": "76.23600", "2007-12-31": -27.482, "2007-09-30": 38.042, "2007-06-30": -41.295, "2007-03-31": "23.38000", "2006-12-31": 31.334, "2006-09-30": 34.357, "2006-06-30": 17.077, "2006-03-31": "29.78400", "2005-12-31": -31.83, "2005-09-30": -18.74, "2005-06-30": -112.499, "2005-03-31": "15.23900"}, "Change In Accounts Receivable": {"2020-09-30": -66.609, "2020-06-30": 57.265, "2020-03-31": "149.05700", "2019-12-31": -75.983, "2019-09-30": 41.251, "2019-06-30": 124.59, "2019-03-31": "342.46500", "2018-12-31": -431.349, "2018-09-30": -54.454, "2018-06-30": -15.682, "2018-03-31": "62.42300", "2017-12-31": -73.036, "2017-09-30": 32.044, "2017-06-30": -32.361, "2017-03-31": "64.37400", "2016-12-31": -153.986, "2016-09-30": -17.658, "2016-06-30": -21.203, "2016-03-31": "27.34000", "2015-12-31": -30.087, "2015-09-30": 3.775, "2015-06-30": 87.801, "2015-03-31": "69.54200", "2014-12-31": -104.811, "2014-09-30": 34.862, "2014-06-30": 94.839, "2014-03-31": "-95.28200", "2013-12-31": -82.644, "2013-09-30": 48.919, "2013-06-30": -2.268, "2013-03-31": "-8.82500", "2012-12-31": -99.234, "2012-09-30": -21.92, "2012-06-30": 36.539, "2012-03-31": "36.25100", "2011-12-31": -52.635, "2011-09-30": 7.808, "2011-06-30": 44.571, "2011-03-31": "14.57300", "2010-12-31": -96.513, "2010-09-30": 19.503, "2010-06-30": 76.054, "2010-03-31": "-5.37400", "2009-12-31": -109.794, "2009-09-30": 27.25, "2009-06-30": 97.586, "2009-03-31": "51.28500", "2008-12-31": -99.928, "2008-09-30": 59.848, "2008-06-30": 74.809, "2008-03-31": "-68.10600", "2007-12-31": -124.303, "2007-09-30": 59.382, "2007-06-30": 92.298, "2007-03-31": "-24.92200", "2006-12-31": -112.756, "2006-09-30": 17.595, "2006-06-30": 91.422, "2006-03-31": "67.26600", "2005-12-31": -156.304, "2005-09-30": -24.078, "2005-06-30": 90.412, "2005-03-31": "11.92100"}, "Change In Inventories": {"2020-09-30": 0, "2020-06-30": 0, "2020-03-31": "", "2019-12-31": 0, "2019-09-30": 0, "2019-06-30": 0, "2019-03-31": "", "2018-12-31": 0, "2018-09-30": 0, "2018-06-30": 0, "2018-03-31": "", "2017-12-31": 0, "2017-09-30": 0, "2017-06-30": 0, "2017-03-31": "", "2016-12-31": 0, "2016-09-30": 0, "2016-06-30": 0, "2016-03-31": "", "2015-12-31": 0, "2015-09-30": 0, "2015-06-30": 0, "2015-03-31": "", "2014-12-31": 0, "2014-09-30": 0, "2014-06-30": 0, "2014-03-31": "", "2013-12-31": -13.014, "2013-09-30": -10.938, "2013-06-30": -13.837, "2013-03-31": "37.78900", "2012-12-31": 7.296, "2012-09-30": -15.023, "2012-06-30": -4.624, "2012-03-31": "55.62800", "2011-12-31": 0.65, "2011-09-30": -27.891, "2011-06-30": -38.887, "2011-03-31": "67.24500", "2010-12-31": 29.515, "2010-09-30": -23.329, "2010-06-30": -31.008, "2010-03-31": "69.92600", "2009-12-31": 12.697, "2009-09-30": -38.227, "2009-06-30": -42.389, "2009-03-31": "141.10000", "2008-12-31": 52.753, "2008-09-30": -85.305, "2008-06-30": -111.182, "2008-03-31": "139.03700", "2007-12-31": 15.108, "2007-09-30": -71.639, "2007-06-30": -77.132, "2007-03-31": "119.30600", "2006-12-31": 54.638, "2006-09-30": -34.753, "2006-06-30": -99.966, "2006-03-31": "100.87400", "2005-12-31": -32.452, "2005-09-30": -67.637, "2005-06-30": -84.511, "2005-03-31": "99.30400"}, "Change In Accounts Payable": {"2020-09-30": 23.12, "2020-06-30": -0.133, "2020-03-31": "-85.84000", "2019-12-31": 47.779, "2019-09-30": -32.99, "2019-06-30": -103.976, "2019-03-31": "-149.48700", "2018-12-31": 251.753, "2018-09-30": 223.728, "2018-06-30": -18.675, "2018-03-31": "0.30700", "2017-12-31": -1.234, "2017-09-30": -21.205, "2017-06-30": 20.984, "2017-03-31": "-15.22500", "2016-12-31": 53.464, "2016-09-30": 2.679, "2016-06-30": 22.96, "2016-03-31": "-38.55500", "2015-12-31": 46.639, "2015-09-30": -20.872, "2015-06-30": -24.064, "2015-03-31": "-39.32600", "2014-12-31": 45.551, "2014-09-30": -36.926, "2014-06-30": -55.818, "2014-03-31": "77.54300", "2013-12-31": 14.912, "2013-09-30": 19.083, "2013-06-30": 0.02, "2013-03-31": "-18.02500", "2012-12-31": 30.625, "2012-09-30": 44.273, "2012-06-30": 1.695, "2012-03-31": "-55.96900", "2011-12-31": 4.727, "2011-09-30": 64.611, "2011-06-30": 14.032, "2011-03-31": "-41.10800", "2010-12-31": 20.549, "2010-09-30": -3.875, "2010-06-30": 8.627, "2010-03-31": "-62.15400", "2009-12-31": 105.461, "2009-09-30": -31.512, "2009-06-30": -23.743, "2009-03-31": "-157.95100", "2008-12-31": 88.04, "2008-09-30": -57.595, "2008-06-30": 64.093, "2008-03-31": "-17.06300", "2007-12-31": 96.313, "2007-09-30": -29.009, "2007-06-30": 11.138, "2007-03-31": "-12.51100", "2006-12-31": 33.147, "2006-09-30": 16.48, "2006-06-30": -11.708, "2006-03-31": "-67.21100", "2005-12-31": 82.833, "2005-09-30": -3.905, "2005-06-30": 12.092, "2005-03-31": "-19.56900"}, "Change In Assets/Liabilities": {"2020-09-30": -217.925, "2020-06-30": -20.727, "2020-03-31": "17.20700", "2019-12-31": -85.878, "2019-09-30": 15.045, "2019-06-30": 34.051, "2019-03-31": "29.95000", "2018-12-31": 35.568, "2018-09-30": 26.951, "2018-06-30": -19.907, "2018-03-31": "-62.97000", "2017-12-31": -29.368, "2017-09-30": 69.455, "2017-06-30": -31.143, "2017-03-31": "18.33600", "2016-12-31": -65.326, "2016-09-30": 12.493, "2016-06-30": -0.757, "2016-03-31": "-30.60300", "2015-12-31": -36.556, "2015-09-30": -51.91, "2015-06-30": 19.685, "2015-03-31": "40.93400", "2014-12-31": -35.918, "2014-09-30": 43.351, "2014-06-30": 14.793, "2014-03-31": "34.64900", "2013-12-31": 30.592, "2013-09-30": 77.345, "2013-06-30": -4.877, "2013-03-31": "-17.85500", "2012-12-31": -80.031, "2012-09-30": 73.217, "2012-06-30": -3.276, "2012-03-31": "-41.54600", "2011-12-31": -16.286, "2011-09-30": 40.666, "2011-06-30": 31.761, "2011-03-31": "-47.58700", "2010-12-31": 128.144, "2010-09-30": 20.379, "2010-06-30": 36.856, "2010-03-31": "-55.41100", "2009-12-31": -99.077, "2009-09-30": 64.402, "2009-06-30": 127.761, "2009-03-31": "3.97700", "2008-12-31": 4.8, "2008-09-30": 113.898, "2008-06-30": -206.904, "2008-03-31": "-94.59100", "2007-12-31": 64.635, "2007-09-30": 0.118, "2007-06-30": -5.789, "2007-03-31": "63.59900", "2006-12-31": -43.685, "2006-09-30": 86.223, "2006-06-30": 51.212, "2006-03-31": "102.85500", "2005-12-31": 235.957, "2005-09-30": -320.231, "2005-06-30": -66.352, "2005-03-31": "-149.72300"}, "Total Change In Assets/Liabilities": {"2020-09-30": -110.233, "2020-06-30": 226.134, "2020-03-31": "-12.38500", "2019-12-31": -285.147, "2019-09-30": 22.904, "2019-06-30": 57.845, "2019-03-31": "223.93400", "2018-12-31": -261.216, "2018-09-30": 196.225, "2018-06-30": -54.264, "2018-03-31": "-0.24000", "2017-12-31": -115.923, "2017-09-30": 80.294, "2017-06-30": -42.52, "2017-03-31": "67.48500", "2016-12-31": -130.968, "2016-09-30": -2.486, "2016-06-30": 1, "2016-03-31": "-41.81800", "2015-12-31": -20.004, "2015-09-30": -69.007, "2015-06-30": 83.422, "2015-03-31": "71.15000", "2014-12-31": -95.178, "2014-09-30": 41.287, "2014-06-30": 53.814, "2014-03-31": "16.91000", "2013-12-31": -50.154, "2013-09-30": 134.409, "2013-06-30": -20.962, "2013-03-31": "-6.91600", "2012-12-31": -141.344, "2012-09-30": 80.547, "2012-06-30": 30.334, "2012-03-31": "-5.63600", "2011-12-31": -63.544, "2011-09-30": 85.194, "2011-06-30": 51.477, "2011-03-31": "-6.87700", "2010-12-31": -39.768, "2010-09-30": 12.678, "2010-06-30": 87.85, "2010-03-31": "71.12900", "2009-12-31": -90.713, "2009-09-30": 21.913, "2009-06-30": 159.215, "2009-03-31": "38.41100", "2008-12-31": 45.665, "2008-09-30": 30.846, "2008-06-30": -179.184, "2008-03-31": "-40.72300", "2007-12-31": 51.753, "2007-09-30": -41.148, "2007-06-30": 20.515, "2007-03-31": "145.47200", "2006-12-31": -35.281, "2006-09-30": 85.545, "2006-06-30": 30.96, "2006-03-31": "203.78400", "2005-12-31": 97.746, "2005-09-30": -415.851, "2005-06-30": -48.359, "2005-03-31": "-58.06700"}, "Cash Flow From Operating Activities": {"2020-09-30": 184.456, "2020-06-30": 446.859, "2020-03-31": "500.26200", "2019-12-31": 217.85, "2019-09-30": 319.021, "2019-06-30": 443.546, "2019-03-31": "871.28700", "2018-12-31": 530.866, "2018-09-30": 904.266, "2018-06-30": 636.712, "2018-03-31": "904.41200", "2017-12-31": 426.326, "2017-09-30": 402.378, "2017-06-30": 294.177, "2017-03-31": "514.81700", "2016-12-31": 296.621, "2016-09-30": 274.295, "2016-06-30": 208.487, "2016-03-31": "284.91700", "2015-12-31": 316.722, "2015-09-30": 244.191, "2015-06-30": 202.911, "2015-03-31": "453.11600", "2014-12-31": 272.797, "2014-09-30": 376.525, "2014-06-30": 289.559, "2014-03-31": "475.86100", "2013-12-31": 194.753, "2013-09-30": 371.148, "2013-06-30": 297.705, "2013-03-31": "299.25500", "2012-12-31": 126.852, "2012-09-30": 251.531, "2012-06-30": 196.315, "2012-03-31": "222.12400", "2011-12-31": 168.185, "2011-09-30": 255.751, "2011-06-30": 238.57, "2011-03-31": "242.51400", "2010-12-31": 168.693, "2010-09-30": 144.468, "2010-06-30": 201.166, "2010-03-31": "275.41300", "2009-12-31": 172.756, "2009-09-30": 84.54, "2009-06-30": 255.799, "2009-03-31": "212.64600", "2008-12-31": 182.286, "2008-09-30": 238.127, "2008-06-30": -17.289, "2008-03-31": "106.03300", "2007-12-31": 84.868, "2007-09-30": 29.819, "2007-06-30": 86.563, "2007-03-31": "225.47000", "2006-12-31": 68.276, "2006-09-30": 151.697, "2006-06-30": 91.946, "2006-03-31": "305.92700", "2005-12-31": 138.755, "2005-09-30": -388.1, "2005-06-30": -96.539, "2005-03-31": "33.57800"}, "Net Change In Property, Plant, And Equipment": {"2020-09-30": -273.9899, "2020-06-30": -145.002, "2020-03-31": "-256.15600", "2019-12-31": -345.121, "2019-09-30": -491.552, "2019-06-30": -394.753, "2019-03-31": "-371.02800", "2018-12-31": -1703.191, "2018-09-30": -510.428, "2018-06-30": -909.3611, "2018-03-31": "-846.34590", "2017-12-31": -19.909, "2017-09-30": -523.667, "2017-06-30": -1220.444, "2017-03-31": "-331.15900", "2016-12-31": -918.264, "2016-09-30": -860.228, "2016-06-30": -412.517, "2016-03-31": "-409.22100", "2015-12-31": -450.498, "2015-09-30": -616.633, "2015-06-30": -684.958, "2015-03-31": "-681.92900", "2014-12-31": -507.748, "2014-09-30": -617.782, "2014-06-30": -664.378, "2014-03-31": "-479.95400", "2013-12-31": 197.867, "2013-09-30": -427.489, "2013-06-30": -494.881, "2013-03-31": "-298.27200", "2012-12-31": -351.837, "2012-09-30": -360.087, "2012-06-30": -391.378, "2012-03-31": "-267.19600", "2011-12-31": -371.479, "2011-09-30": 41.828, "2011-06-30": -281.483, "2011-03-31": "-32.90300", "2010-12-31": -383.921, "2010-09-30": -340.151, "2010-06-30": -305.333, "2010-03-31": "-217.52700", "2009-12-31": -327.842, "2009-09-30": -196.718, "2009-06-30": -231.633, "2009-03-31": "-207.71500", "2008-12-31": -384.034, "2008-09-30": -448.827, "2008-06-30": -311.121, "2008-03-31": "-200.01400", "2007-12-31": -258.39, "2007-09-30": -199.088, "2007-06-30": 31.101, "2007-03-31": "-156.83900", "2006-12-31": -150.49, "2006-09-30": -99.188, "2006-06-30": -82.782, "2006-03-31": "-70.63400", "2005-12-31": -81.775, "2005-09-30": -61.25, "2005-06-30": 53.335, "2005-03-31": "-43.77300"}, "Net Change In Intangible Assets": {"2020-09-30": 0, "2020-06-30": 0, "2020-03-31": "", "2019-12-31": 0, "2019-09-30": 0, "2019-06-30": 0, "2019-03-31": "", "2018-12-31": 0, "2018-09-30": 0, "2018-06-30": 0, "2018-03-31": "", "2017-12-31": 0, "2017-09-30": 0, "2017-06-30": 0, "2017-03-31": "", "2016-12-31": 0, "2016-09-30": 0, "2016-06-30": 0, "2016-03-31": "", "2015-12-31": 0, "2015-09-30": 0, "2015-06-30": 0, "2015-03-31": "", "2014-12-31": 0, "2014-09-30": 0, "2014-06-30": 0, "2014-03-31": "", "2013-12-31": 0, "2013-09-30": 0, "2013-06-30": 0, "2013-03-31": "", "2012-12-31": 0, "2012-09-30": 0, "2012-06-30": 0, "2012-03-31": "", "2011-12-31": 0, "2011-09-30": 0, "2011-06-30": 0, "2011-03-31": "", "2010-12-31": 0, "2010-09-30": 0, "2010-06-30": 0, "2010-03-31": "", "2009-12-31": 0, "2009-09-30": 0, "2009-06-30": 0, "2009-03-31": "", "2008-12-31": 0, "2008-09-30": 0, "2008-06-30": 0, "2008-03-31": "", "2007-12-31": -28.092, "2007-09-30": 0, "2007-06-30": 0, "2007-03-31": "", "2006-12-31": 0, "2006-09-30": 0, "2006-06-30": 0, "2006-03-31": "", "2005-12-31": 0, "2005-09-30": 0, "2005-06-30": 0, "2005-03-31": ""}, "Net Acquisitions/Divestitures": {"2020-09-30": 0, "2020-06-30": 0, "2020-03-31": "", "2019-12-31": 0, "2019-09-30": 0, "2019-06-30": 0, "2019-03-31": "", "2018-12-31": 0, "2018-09-30": 0, "2018-06-30": 0, "2018-03-31": "", "2017-12-31": -2379.229, "2017-09-30": 0, "2017-06-30": 669.479, "2017-03-31": "-669.47900", "2016-12-31": 0, "2016-09-30": 10, "2016-06-30": -10, "2016-03-31": "", "2015-12-31": 0, "2015-09-30": 0, "2015-06-30": 0, "2015-03-31": "", "2014-12-31": -174.184, "2014-09-30": 0, "2014-06-30": 0, "2014-03-31": "", "2013-12-31": 0, "2013-09-30": 0, "2013-06-30": 0, "2013-03-31": "", "2012-12-31": 0, "2012-09-30": 0, "2012-06-30": 0, "2012-03-31": "", "2011-12-31": 0, "2011-09-30": 0, "2011-06-30": 0, "2011-03-31": "", "2010-12-31": 0, "2010-09-30": 0, "2010-06-30": 0, "2010-03-31": "", "2009-12-31": 0, "2009-09-30": 0, "2009-06-30": 0, "2009-03-31": "", "2008-12-31": 0, "2008-09-30": 0, "2008-06-30": 0, "2008-03-31": "", "2007-12-31": 0, "2007-09-30": 0, "2007-06-30": 0, "2007-03-31": "", "2006-12-31": 0.724, "2006-09-30": 0, "2006-06-30": -0.724, "2006-03-31": "", "2005-12-31": 0, "2005-09-30": 0, "2005-06-30": 0, "2005-03-31": "-57.50000"}, "Net Change In Short-term Investments": {"2020-09-30": 0, "2020-06-30": -52.323, "2020-03-31": "52.32300", "2019-12-31": 0, "2019-09-30": 0, "2019-06-30": 0, "2019-03-31": "", "2018-12-31": 0, "2018-09-30": 0, "2018-06-30": 0, "2018-03-31": "", "2017-12-31": 0, "2017-09-30": 0, "2017-06-30": 0, "2017-03-31": "", "2016-12-31": 0, "2016-09-30": 0, "2016-06-30": 0, "2016-03-31": "", "2015-12-31": 0, "2015-09-30": 0, "2015-06-30": 0, "2015-03-31": "", "2014-12-31": 0, "2014-09-30": 0, "2014-06-30": 0, "2014-03-31": "", "2013-12-31": 0, "2013-09-30": 0, "2013-06-30": 0, "2013-03-31": "", "2012-12-31": 0, "2012-09-30": 0, "2012-06-30": 0, "2012-03-31": "", "2011-12-31": 0, "2011-09-30": 0, "2011-06-30": 0, "2011-03-31": "", "2010-12-31": 0, "2010-09-30": 0, "2010-06-30": 0, "2010-03-31": "", "2009-12-31": 0, "2009-09-30": 0, "2009-06-30": 0, "2009-03-31": "", "2008-12-31": 0, "2008-09-30": 0, "2008-06-30": 0, "2008-03-31": "", "2007-12-31": 0, "2007-09-30": 0, "2007-06-30": 0, "2007-03-31": "", "2006-12-31": 0, "2006-09-30": 0, "2006-06-30": 0, "2006-03-31": "", "2005-12-31": 0, "2005-09-30": 0, "2005-06-30": 0, "2005-03-31": ""}, "Net Change In Long-Term Investments": {"2020-09-30": -52.323, "2020-06-30": 52.323, "2020-03-31": "", "2019-12-31": 0, "2019-09-30": 0, "2019-06-30": 0, "2019-03-31": "", "2018-12-31": 0, "2018-09-30": 0, "2018-06-30": 0, "2018-03-31": "", "2017-12-31": 0, "2017-09-30": 0, "2017-06-30": 0, "2017-03-31": "283.75800", "2016-12-31": -297.415, "2016-09-30": 12.533, "2016-06-30": -12.533, "2016-03-31": "12.53300", "2015-12-31": -92.526, "2015-09-30": 8.344, "2015-06-30": 0, "2015-03-31": "", "2014-12-31": 0, "2014-09-30": 0, "2014-06-30": 0, "2014-03-31": "", "2013-12-31": 0, "2013-09-30": 0, "2013-06-30": 0, "2013-03-31": "", "2012-12-31": 0, "2012-09-30": 0, "2012-06-30": 0, "2012-03-31": "", "2011-12-31": 0, "2011-09-30": 0, "2011-06-30": 15.919, "2011-03-31": "14.02800", "2010-12-31": 12.306, "2010-09-30": 0, "2010-06-30": 0, "2010-03-31": "-0.75000", "2009-12-31": 0, "2009-09-30": 0.111, "2009-06-30": -2.011, "2009-03-31": "-7.50000", "2008-12-31": -6.2, "2008-09-30": -12, "2008-06-30": -10.8, "2008-03-31": "-3.00000", "2007-12-31": 23.584, "2007-09-30": 0, "2007-06-30": 0, "2007-03-31": "-2.41400", "2006-12-31": -0.157, "2006-09-30": -0.113, "2006-06-30": 1.017, "2006-03-31": "-3.21800", "2005-12-31": 65.326, "2005-09-30": 40.419, "2005-06-30": 354.161, "2005-03-31": "-3.44800"}, "Net Change In Investments - Total": {"2020-09-30": -52.323, "2020-06-30": 0, "2020-03-31": "52.32300", "2019-12-31": 0, "2019-09-30": 0, "2019-06-30": 0, "2019-03-31": "", "2018-12-31": 0, "2018-09-30": 0, "2018-06-30": 0, "2018-03-31": "", "2017-12-31": 0, "2017-09-30": 0, "2017-06-30": 0, "2017-03-31": "283.75800", "2016-12-31": -297.415, "2016-09-30": 12.533, "2016-06-30": -12.533, "2016-03-31": "12.53300", "2015-12-31": -92.526, "2015-09-30": 8.344, "2015-06-30": 0, "2015-03-31": "", "2014-12-31": 0, "2014-09-30": 0, "2014-06-30": 0, "2014-03-31": "", "2013-12-31": 0, "2013-09-30": 0, "2013-06-30": 0, "2013-03-31": "", "2012-12-31": 0, "2012-09-30": 0, "2012-06-30": 0, "2012-03-31": "", "2011-12-31": 0, "2011-09-30": 0, "2011-06-30": 15.919, "2011-03-31": "14.02800", "2010-12-31": 12.306, "2010-09-30": 0, "2010-06-30": 0, "2010-03-31": "-0.75000", "2009-12-31": 0, "2009-09-30": 0.111, "2009-06-30": -2.011, "2009-03-31": "-7.50000", "2008-12-31": -6.2, "2008-09-30": -12, "2008-06-30": -10.8, "2008-03-31": "-3.00000", "2007-12-31": 23.584, "2007-09-30": 0, "2007-06-30": 0, "2007-03-31": "-2.41400", "2006-12-31": -0.157, "2006-09-30": -0.113, "2006-06-30": 1.017, "2006-03-31": "-3.21800", "2005-12-31": 65.326, "2005-09-30": 40.419, "2005-06-30": 354.161, "2005-03-31": "-3.44800"}, "Investing Activities - Other": {"2020-09-30": 52.575, "2020-06-30": -52.598, "2020-03-31": "52.46300", "2019-12-31": 0.189, "2019-09-30": -0.029, "2019-06-30": 0.455, "2019-03-31": "0.69700", "2018-12-31": 443.547, "2018-09-30": -446.794, "2018-06-30": -3.441, "2018-03-31": "-3.09000", "2017-12-31": -11.42, "2017-09-30": 0, "2017-06-30": 0, "2017-03-31": "", "2016-12-31": -1.369, "2016-09-30": 28.13, "2016-06-30": -28.13, "2016-03-31": "", "2015-12-31": -7.407, "2015-09-30": 0, "2015-06-30": 0, "2015-03-31": "", "2014-12-31": 338.395, "2014-09-30": 4.183, "2014-06-30": -342.744, "2014-03-31": "", "2013-12-31": 23, "2013-09-30": 0, "2013-06-30": 0, "2013-03-31": "", "2012-12-31": 0, "2012-09-30": 0, "2012-06-30": 0, "2012-03-31": "", "2011-12-31": 0, "2011-09-30": 0, "2011-06-30": 0, "2011-03-31": "", "2010-12-31": -4.053, "2010-09-30": 0, "2010-06-30": 0, "2010-03-31": "", "2009-12-31": -12.212, "2009-09-30": 0, "2009-06-30": 0, "2009-03-31": "", "2008-12-31": 0, "2008-09-30": 0, "2008-06-30": 0, "2008-03-31": "", "2007-12-31": 68.256, "2007-09-30": 26.744, "2007-06-30": -95, "2007-03-31": "", "2006-12-31": -0.724, "2006-09-30": 0, "2006-06-30": 0, "2006-03-31": "", "2005-12-31": 80.029, "2005-09-30": 29.857, "2005-06-30": -30.074, "2005-03-31": "2.78300"}, "Cash Flow From Investing Activities": {"2020-09-30": -273.738, "2020-06-30": -145.277, "2020-03-31": "-203.69300", "2019-12-31": -344.932, "2019-09-30": -491.581, "2019-06-30": -394.298, "2019-03-31": "-370.33100", "2018-12-31": -1259.644, "2018-09-30": -957.222, "2018-06-30": -912.802, "2018-03-31": "-849.43600", "2017-12-31": -2410.558, "2017-09-30": -523.667, "2017-06-30": -550.965, "2017-03-31": "-716.88000", "2016-12-31": -1217.048, "2016-09-30": -809.565, "2016-06-30": -463.18, "2016-03-31": "-396.68800", "2015-12-31": -550.431, "2015-09-30": -608.289, "2015-06-30": -684.958, "2015-03-31": "-681.92900", "2014-12-31": -343.537, "2014-09-30": -613.599, "2014-06-30": -1007.122, "2014-03-31": "-479.95400", "2013-12-31": 220.867, "2013-09-30": -427.489, "2013-06-30": -494.881, "2013-03-31": "-298.27200", "2012-12-31": -351.837, "2012-09-30": -360.087, "2012-06-30": -391.378, "2012-03-31": "-267.19600", "2011-12-31": -371.479, "2011-09-30": 41.828, "2011-06-30": -265.564, "2011-03-31": "-18.87500", "2010-12-31": -375.668, "2010-09-30": -340.151, "2010-06-30": -305.333, "2010-03-31": "-218.27700", "2009-12-31": -340.054, "2009-09-30": -196.607, "2009-06-30": -233.644, "2009-03-31": "-215.21500", "2008-12-31": -390.234, "2008-09-30": -460.827, "2008-06-30": -321.921, "2008-03-31": "-203.01400", "2007-12-31": -194.642, "2007-09-30": -172.344, "2007-06-30": -63.899, "2007-03-31": "-159.25300", "2006-12-31": -150.647, "2006-09-30": -99.301, "2006-06-30": -82.489, "2006-03-31": "-73.85200", "2005-12-31": 63.58, "2005-09-30": 9.026, "2005-06-30": 377.422, "2005-03-31": "-101.93800"}, "Net Long-Term Debt": {"2020-09-30": 153.2891, "2020-06-30": -267.8499, "2020-03-31": "-245.22410", "2019-12-31": -1.19, "2019-09-30": 798.8271, "2019-06-30": -51.1571, "2019-03-31": "-451.14100", "2018-12-31": -1195.877, "2018-09-30": 4750.5, "2018-06-30": -1231, "2018-03-31": "168.00100", "2017-12-31": 1000, "2017-09-30": 0, "2017-06-30": 0, "2017-03-31": "", "2016-12-31": 403.881, "2016-09-30": -468, "2016-06-30": 550, "2016-03-31": "-290.00000", "2015-12-31": -211, "2015-09-30": -84.001, "2015-06-30": 428.09, "2015-03-31": "-3.09300", "2014-12-31": -5, "2014-09-30": -2.993, "2014-06-30": 0, "2014-03-31": "-3.16900", "2013-12-31": 0, "2013-09-30": -3.043, "2013-06-30": 0, "2013-03-31": "-20.16100", "2012-12-31": -200, "2012-09-30": -9.783, "2012-06-30": 0, "2012-03-31": "-9.53200", "2011-12-31": 744, "2011-09-30": -9.457, "2011-06-30": 0, "2011-03-31": "", "2010-12-31": 0, "2010-09-30": 0, "2010-06-30": 0, "2010-03-31": "", "2009-12-31": -2.3, "2009-09-30": -2, "2009-06-30": 700, "2009-03-31": "", "2008-12-31": 0, "2008-09-30": 0, "2008-06-30": 6.645, "2008-03-31": "493.35500", "2007-12-31": 0, "2007-09-30": -10, "2007-06-30": 0, "2007-03-31": "", "2006-12-31": 0, "2006-09-30": -3, "2006-06-30": 0, "2006-03-31": "", "2005-12-31": 0, "2005-09-30": 150, "2005-06-30": -10, "2005-03-31": ""}, "Net Current Debt": {"2020-09-30": -49.5, "2020-06-30": 0, "2020-03-31": "", "2019-12-31": 133, "2019-09-30": -639, "2019-06-30": 0, "2019-03-31": "", "2018-12-31": 4224.5, "2018-09-30": -4540.5, "2018-06-30": 45, "2018-03-31": "-45.00000", "2017-12-31": 881.5, "2017-09-30": 105, "2017-06-30": 0, "2017-03-31": "", "2016-12-31": 0, "2016-09-30": 0, "2016-06-30": 0, "2016-03-31": "", "2015-12-31": 0, "2015-09-30": 0, "2015-06-30": -299, "2015-03-31": "299.00000", "2014-12-31": 0, "2014-09-30": -330, "2014-06-30": 220, "2014-03-31": "110.00000", "2013-12-31": 0, "2013-09-30": -55, "2013-06-30": 55, "2013-03-31": "", "2012-12-31": 4.022, "2012-09-30": -1.864, "2012-06-30": -2.158, "2012-03-31": "", "2011-12-31": 0, "2011-09-30": 0, "2011-06-30": 0, "2011-03-31": "-53.65000", "2010-12-31": 53.65, "2010-09-30": 0, "2010-06-30": 0, "2010-03-31": "-5.00000", "2009-12-31": 5, "2009-09-30": 0, "2009-06-30": -350.967, "2009-03-31": "31.05000", "2008-12-31": 226.25, "2008-09-30": 93.667, "2008-06-30": -26.95, "2008-03-31": "-452.37900", "2007-12-31": 93.828, "2007-09-30": 220.715, "2007-06-30": 73.287, "2007-03-31": "-44.50000", "2006-12-31": 81.395, "2006-09-30": -23.895, "2006-06-30": 11.499, "2006-03-31": "-298.30000", "2005-12-31": -72.202, "2005-09-30": 281.003, "2005-06-30": -235.5, "2005-03-31": "96.50000"}, "Debt Issuance/Retirement Net - Total": {"2020-09-30": 103.7891, "2020-06-30": -267.8499, "2020-03-31": "-245.22410", "2019-12-31": 131.81, "2019-09-30": 159.8271, "2019-06-30": -51.1571, "2019-03-31": "-451.14100", "2018-12-31": 3028.623, "2018-09-30": 210, "2018-06-30": -1186, "2018-03-31": "123.00100", "2017-12-31": 1881.5, "2017-09-30": 105, "2017-06-30": 0, "2017-03-31": "", "2016-12-31": 403.881, "2016-09-30": -468, "2016-06-30": 550, "2016-03-31": "-290.00000", "2015-12-31": -211, "2015-09-30": -84.001, "2015-06-30": 129.09, "2015-03-31": "295.90700", "2014-12-31": -5, "2014-09-30": -332.993, "2014-06-30": 220, "2014-03-31": "106.83100", "2013-12-31": 0, "2013-09-30": -58.043, "2013-06-30": 55, "2013-03-31": "-20.16100", "2012-12-31": -195.978, "2012-09-30": -11.647, "2012-06-30": -2.158, "2012-03-31": "-9.53200", "2011-12-31": 744, "2011-09-30": -9.457, "2011-06-30": 0, "2011-03-31": "-53.65000", "2010-12-31": 53.65, "2010-09-30": 0, "2010-06-30": 0, "2010-03-31": "-5.00000", "2009-12-31": 2.7, "2009-09-30": -2, "2009-06-30": 349.033, "2009-03-31": "31.05000", "2008-12-31": 226.25, "2008-09-30": 93.667, "2008-06-30": -20.305, "2008-03-31": "40.97600", "2007-12-31": 93.828, "2007-09-30": 210.715, "2007-06-30": 73.287, "2007-03-31": "-44.50000", "2006-12-31": 81.395, "2006-09-30": -26.895, "2006-06-30": 11.499, "2006-03-31": "-298.30000", "2005-12-31": -72.202, "2005-09-30": 431.003, "2005-06-30": -245.5, "2005-03-31": "96.50000"}, "Net Common Equity Issued/Repurchased": {"2020-09-30": 0, "2020-06-30": 0, "2020-03-31": "", "2019-12-31": 0, "2019-09-30": 0, "2019-06-30": 0, "2019-03-31": "", "2018-12-31": -2501.946, "2018-09-30": -500.208, "2018-06-30": 2461.314, "2018-03-31": "1.93700", "2017-12-31": -0.015, "2017-09-30": 0, "2017-06-30": -0.008, "2017-03-31": "-0.00700", "2016-12-31": -0.007, "2016-09-30": 558.9871, "2016-06-30": 453.6809, "2016-03-31": "430.41000", "2015-12-31": 423.144, "2015-09-30": 183.866, "2015-06-30": 548.9, "2015-03-31": "696.68100", "2014-12-31": -42.181, "2014-09-30": 500.155, "2014-06-30": 912.125, "2014-03-31": "", "2013-12-31": 45.137, "2013-09-30": 514.055, "2013-06-30": 8.392, "2013-03-31": "6.99500", "2012-12-31": 6.04, "2012-09-30": 277.112, "2012-06-30": 0, "2012-03-31": "1.49900", "2011-12-31": 0.287, "2011-09-30": 0.479, "2011-06-30": 0.5, "2011-03-31": "1.52500", "2010-12-31": -2.313, "2010-09-30": 0.298, "2010-06-30": 9.513, "2010-03-31": "529.70800", "2009-12-31": -0.293, "2009-09-30": 0.068, "2009-06-30": 0, "2009-03-31": "0.22500", "2008-12-31": 1.007, "2008-09-30": -0.082, "2008-06-30": 561.188, "2008-03-31": "0.47500", "2007-12-31": 0.525, "2007-09-30": 0.224, "2007-06-30": 1.032, "2007-03-31": "1.41700", "2006-12-31": 17.908, "2006-09-30": 0.728, "2006-06-30": 0.423, "2006-03-31": "15.85100", "2005-12-31": -36.541, "2005-09-30": -28.577, "2005-06-30": -18.024, "2005-03-31": "-14.09200"}, "Net Total Equity Issued/Repurchased": {"2020-09-30": 0, "2020-06-30": 0, "2020-03-31": "", "2019-12-31": 0, "2019-09-30": 0, "2019-06-30": 0, "2019-03-31": "", "2018-12-31": -2501.946, "2018-09-30": -500.208, "2018-06-30": 2461.314, "2018-03-31": "1.93700", "2017-12-31": -0.015, "2017-09-30": 0, "2017-06-30": -0.008, "2017-03-31": "-0.00700", "2016-12-31": -0.007, "2016-09-30": 558.9871, "2016-06-30": 453.6809, "2016-03-31": "430.41000", "2015-12-31": 423.144, "2015-09-30": 183.866, "2015-06-30": 548.9, "2015-03-31": "696.68100", "2014-12-31": -42.181, "2014-09-30": 500.155, "2014-06-30": 912.125, "2014-03-31": "", "2013-12-31": 45.137, "2013-09-30": 514.055, "2013-06-30": 8.392, "2013-03-31": "6.99500", "2012-12-31": 6.04, "2012-09-30": 277.112, "2012-06-30": 0, "2012-03-31": "1.49900", "2011-12-31": 0.287, "2011-09-30": 0.479, "2011-06-30": 0.5, "2011-03-31": "1.52500", "2010-12-31": -2.313, "2010-09-30": 0.298, "2010-06-30": 9.513, "2010-03-31": "529.70800", "2009-12-31": -0.293, "2009-09-30": 0.068, "2009-06-30": 0, "2009-03-31": "0.22500", "2008-12-31": 1.007, "2008-09-30": -0.082, "2008-06-30": 561.188, "2008-03-31": "0.47500", "2007-12-31": 0.525, "2007-09-30": 0.224, "2007-06-30": 1.032, "2007-03-31": "1.41700", "2006-12-31": 17.908, "2006-09-30": 0.728, "2006-06-30": 0.423, "2006-03-31": "15.85100", "2005-12-31": -36.541, "2005-09-30": -28.577, "2005-06-30": -18.024, "2005-03-31": "-14.09200"}, "Total Common And Preferred Stock Dividends Paid": {"2020-09-30": 0, "2020-06-30": 0, "2020-03-31": "-7.66400", "2019-12-31": -7.67, "2019-09-30": -7.668, "2019-06-30": -7.665, "2019-03-31": "-7.65200", "2018-12-31": -108.751, "2018-09-30": -106.632, "2018-06-30": -99.805, "2018-03-31": "-96.83800", "2017-12-31": -68.832, "2017-09-30": -65.711, "2017-06-30": -62.565, "2017-03-31": "-59.84200", "2016-12-31": -57.452, "2016-09-30": -54.998, "2016-06-30": -50.321, "2016-03-31": "-47.36600", "2015-12-31": -41.126, "2015-09-30": -37.13, "2015-06-30": -34.406, "2015-03-31": "-27.40700", "2014-12-31": -26.218, "2014-09-30": -25.033, "2014-06-30": -17.801, "2014-03-31": "-16.97400", "2013-12-31": -16.15, "2013-09-30": -15.337, "2013-06-30": -9.841, "2013-03-31": "-9.54700", "2012-12-31": -37.994, "2012-09-30": -32.953, "2012-06-30": -32.949, "2012-03-31": "-32.93800", "2011-12-31": -32.916, "2011-09-30": -32.914, "2011-06-30": -32.909, "2011-03-31": "-32.88600", "2010-12-31": -32.854, "2010-09-30": -32.849, "2010-06-30": -32.771, "2010-03-31": "-28.81800", "2009-12-31": -28.851, "2009-09-30": -28.842, "2009-06-30": -28.842, "2009-03-31": "-28.83300", "2008-12-31": -28.814, "2008-09-30": -28.8, "2008-06-30": -26.9, "2008-03-31": "-26.88900", "2007-12-31": -26.78, "2007-09-30": -26.775, "2007-06-30": -26.766, "2007-03-31": "-26.76500", "2006-12-31": -26.581, "2006-09-30": -26.561, "2006-06-30": -26.553, "2006-03-31": "-25.17600", "2005-12-31": -25.122, "2005-09-30": -25.904, "2005-06-30": -25.776, "2005-03-31": "-22.93500"}, "Financial Activities - Other": {"2020-09-30": -3.807, "2020-06-30": -49.415, "2020-03-31": "-29.62600", "2019-12-31": -0.004, "2019-09-30": -2.227, "2019-06-30": -1.102, "2019-03-31": "-4.80400", "2018-12-31": 309.4839, "2018-09-30": -243.3809, "2018-06-30": -411.769, "2018-03-31": "-20.00900", "2017-12-31": -164.664, "2017-09-30": -6.786, "2017-06-30": -7.67, "2017-03-31": "-17.25300", "2016-12-31": -4.869, "2016-09-30": -0.322, "2016-06-30": 1.863, "2016-03-31": "-26.01800", "2015-12-31": 1.248, "2015-09-30": 5.881, "2015-06-30": 13.102, "2015-03-31": "-30.27900", "2014-12-31": 50.05, "2014-09-30": -7.802, "2014-06-30": -32.3, "2014-03-31": "-21.60100", "2013-12-31": -22.863, "2013-09-30": 22.863, "2013-06-30": 0, "2013-03-31": "", "2012-12-31": -4.022, "2012-09-30": 0, "2012-06-30": 0, "2012-03-31": "", "2011-12-31": -11.738, "2011-09-30": 0, "2011-06-30": 0, "2011-03-31": "", "2010-12-31": -8.875, "2010-09-30": 0, "2010-06-30": 0, "2010-03-31": "", "2009-12-31": 1.238, "2009-09-30": 0, "2009-06-30": -7.001, "2009-03-31": "0.12700", "2008-12-31": -1.129, "2008-09-30": 0.005, "2008-06-30": -6.229, "2008-03-31": "0.70800", "2007-12-31": 11.24, "2007-09-30": 0.267, "2007-06-30": 0.549, "2007-03-31": "3.63100", "2006-12-31": 9.649, "2006-09-30": 0.332, "2006-06-30": 0.157, "2006-03-31": "5.60100", "2005-12-31": 6.496, "2005-09-30": 2.552, "2005-06-30": 7.701, "2005-03-31": "9.60300"}, "Cash Flow From Financial Activities": {"2020-09-30": 99.982, "2020-06-30": -317.265, "2020-03-31": "-282.51400", "2019-12-31": 124.136, "2019-09-30": 149.932, "2019-06-30": -59.924, "2019-03-31": "-463.59700", "2018-12-31": 727.41, "2018-09-30": -640.221, "2018-06-30": 763.74, "2018-03-31": "8.09100", "2017-12-31": 1647.989, "2017-09-30": 32.503, "2017-06-30": -70.243, "2017-03-31": "-77.10200", "2016-12-31": 341.553, "2016-09-30": 35.667, "2016-06-30": 955.223, "2016-03-31": "67.02600", "2015-12-31": 172.266, "2015-09-30": 68.616, "2015-06-30": 656.686, "2015-03-31": "934.90200", "2014-12-31": -23.349, "2014-09-30": 134.327, "2014-06-30": 1082.024, "2014-03-31": "68.25600", "2013-12-31": 6.124, "2013-09-30": 463.538, "2013-06-30": 53.551, "2013-03-31": "-22.71300", "2012-12-31": -231.954, "2012-09-30": 232.512, "2012-06-30": -35.107, "2012-03-31": "-40.97100", "2011-12-31": 699.633, "2011-09-30": -41.892, "2011-06-30": -32.409, "2011-03-31": "-85.01100", "2010-12-31": 9.608, "2010-09-30": -32.551, "2010-06-30": -23.258, "2010-03-31": "495.89000", "2009-12-31": -25.206, "2009-09-30": -30.774, "2009-06-30": 313.19, "2009-03-31": "2.56900", "2008-12-31": 197.314, "2008-09-30": 64.79, "2008-06-30": 507.754, "2008-03-31": "15.27000", "2007-12-31": 78.813, "2007-09-30": 184.431, "2007-06-30": 48.102, "2007-03-31": "-66.21700", "2006-12-31": 82.371, "2006-09-30": -52.396, "2006-06-30": -14.474, "2006-03-31": "-302.02400", "2005-12-31": -127.369, "2005-09-30": 379.074, "2005-06-30": -281.599, "2005-03-31": "69.07600"}, "Net Cash Flow": {"2020-09-30": 10.7, "2020-06-30": -15.683, "2020-03-31": "14.05500", "2019-12-31": -2.946, "2019-09-30": -22.628, "2019-06-30": -10.676, "2019-03-31": "37.35900", "2018-12-31": -1.368, "2018-09-30": -693.177, "2018-06-30": 487.65, "2018-03-31": "63.06700", "2017-12-31": -336.243, "2017-09-30": -88.786, "2017-06-30": -327.031, "2017-03-31": "-279.16500", "2016-12-31": -578.874, "2016-09-30": -499.603, "2016-06-30": 700.53, "2016-03-31": "-44.74500", "2015-12-31": -61.443, "2015-09-30": -295.482, "2015-06-30": 174.639, "2015-03-31": "706.08900", "2014-12-31": -94.089, "2014-09-30": -102.747, "2014-06-30": 364.461, "2014-03-31": "64.16300", "2013-12-31": 421.744, "2013-09-30": 407.197, "2013-06-30": -143.625, "2013-03-31": "-21.73000", "2012-12-31": -456.939, "2012-09-30": 123.956, "2012-06-30": -230.17, "2012-03-31": "-86.04300", "2011-12-31": 496.339, "2011-09-30": 255.687, "2011-06-30": -59.403, "2011-03-31": "138.62800", "2010-12-31": -197.367, "2010-09-30": -228.234, "2010-06-30": -127.425, "2010-03-31": "553.02600", "2009-12-31": -192.504, "2009-09-30": -142.841, "2009-06-30": 335.345, "2009-03-31": "0.00000", "2008-12-31": -10.634, "2008-09-30": -157.91, "2008-06-30": 168.544, "2008-03-31": "-81.71100", "2007-12-31": -30.961, "2007-09-30": 41.906, "2007-06-30": 70.766, "2007-03-31": "0.00000", "2006-12-31": 0, "2006-09-30": 0, "2006-06-30": -5.017, "2006-03-31": "-69.94900", "2005-12-31": 74.966, "2005-09-30": 0, "2005-06-30": -0.716, "2005-03-31": "0.71600"}, "Stock-Based Compensation": {"2020-09-30": 7.103, "2020-06-30": 3.439, "2020-03-31": "4.68400", "2019-12-31": 1.78, "2019-09-30": 19.952, "2019-06-30": 5.648, "2019-03-31": "3.85300", "2018-12-31": 2.052, "2018-09-30": 8.589, "2018-06-30": 8.656, "2018-03-31": "5.89200", "2017-12-31": 66.698, "2017-09-30": 6.597, "2017-06-30": 6.532, "2017-03-31": "14.76500", "2016-12-31": 10.054, "2016-09-30": 10.674, "2016-06-30": 11.1, "2016-03-31": "12.77700", "2015-12-31": 17.007, "2015-09-30": 13.193, "2015-06-30": 12.988, "2015-03-31": "15.44100", "2014-12-31": 9.051, "2014-09-30": 12.262, "2014-06-30": 9.493, "2014-03-31": "11.31700", "2013-12-31": 15.51, "2013-09-30": 9.628, "2013-06-30": 17.146, "2013-03-31": "10.33400", "2012-12-31": 11.478, "2012-09-30": 11.517, "2012-06-30": 8.979, "2012-03-31": "8.25600", "2011-12-31": 4.962, "2011-09-30": 4.25, "2011-06-30": 6.87, "2011-03-31": "3.99800", "2010-12-31": 3.814, "2010-09-30": 3.538, "2010-06-30": 3.508, "2010-03-31": "3.24400", "2009-12-31": 1.56, "2009-09-30": 1.655, "2009-06-30": 1.618, "2009-03-31": "1.93500", "2008-12-31": 2.548, "2008-09-30": 4.152, "2008-06-30": 0, "2008-03-31": "", "2007-12-31": 3.031, "2007-09-30": 0, "2007-06-30": 0, "2007-03-31": "", "2006-12-31": 0, "2006-09-30": 0, "2006-06-30": 0, "2006-03-31": "", "2005-12-31": 0, "2005-09-30": 0, "2005-06-30": 0, "2005-03-31": ""}, "Common Stock Dividends Paid": {"2020-09-30": 0, "2020-06-30": 0, "2020-03-31": "-7.66400", "2019-12-31": -7.67, "2019-09-30": -7.668, "2019-06-30": -7.665, "2019-03-31": "-7.65200", "2018-12-31": -108.751, "2018-09-30": -106.632, "2018-06-30": -99.805, "2018-03-31": "-96.83800", "2017-12-31": -68.832, "2017-09-30": -65.711, "2017-06-30": -62.565, "2017-03-31": "-59.84200", "2016-12-31": -57.452, "2016-09-30": -54.998, "2016-06-30": -50.321, "2016-03-31": "-47.36600", "2015-12-31": -41.126, "2015-09-30": -37.13, "2015-06-30": -34.406, "2015-03-31": "-27.40700", "2014-12-31": -26.218, "2014-09-30": -25.033, "2014-06-30": -17.801, "2014-03-31": "-16.97400", "2013-12-31": -16.15, "2013-09-30": -15.337, "2013-06-30": -9.841, "2013-03-31": "-9.54700", "2012-12-31": -37.994, "2012-09-30": -32.953, "2012-06-30": -32.949, "2012-03-31": "-32.93800", "2011-12-31": -32.916, "2011-09-30": -32.914, "2011-06-30": -32.909, "2011-03-31": "-32.88600", "2010-12-31": -32.854, "2010-09-30": -32.849, "2010-06-30": -32.771, "2010-03-31": "-28.81800", "2009-12-31": -28.851, "2009-09-30": -28.842, "2009-06-30": -28.842, "2009-03-31": "-28.83300", "2008-12-31": -28.814, "2008-09-30": -28.8, "2008-06-30": -26.9, "2008-03-31": "-26.88900", "2007-12-31": -26.78, "2007-09-30": -26.775, "2007-06-30": -26.766, "2007-03-31": "-26.76500", "2006-12-31": -26.581, "2006-09-30": -26.561, "2006-06-30": -26.553, "2006-03-31": "-25.17600", "2005-12-31": -25.122, "2005-09-30": -25.904, "2005-06-30": -25.776, "2005-03-31": "-22.93500"}}, "financial ratios": {"Current Ratio": {"2019-12-31": "1.30390", "2018-12-31": "0.83640", "2017-12-31": "0.94390", "2016-12-31": "2.27210", "2015-12-31": "2.82860", "2014-12-31": "2.28520", "2013-12-31": "2.39860", "2012-12-31": "1.49500", "2011-12-31": "2.09980", "2010-12-31": "1.38690", "2009-12-31": "1.13460", "2008-12-31": "0.88930", "2007-12-31": "0.48850", "2006-12-31": "0.65770", "2005-12-31": "0.52440"}, "Long-term Debt / Capital": {"2019-12-31": "0.34990", "2018-12-31": "0.30430", "2017-12-31": "0.24530", "2016-12-31": "0.26510", "2015-12-31": "0.25810", "2014-12-31": "0.30470", "2013-12-31": "0.33860", "2012-12-31": "0.39160", "2011-12-31": "0.41290", "2010-12-31": "0.38690", "2009-12-31": "0.47540", "2008-12-31": "0.37860", "2007-12-31": "0.40710", "2006-12-31": "0.44330", "2005-12-31": "0.68290"}, "Debt/Equity Ratio": {"2019-12-31": "0.53990", "2018-12-31": "0.50170", "2017-12-31": "0.32570", "2016-12-31": "0.36070", "2015-12-31": "0.38520", "2014-12-31": "0.46440", "2013-12-31": "0.51430", "2012-12-31": "0.64960", "2011-12-31": "0.76430", "2010-12-31": "0.65060", "2009-12-31": "0.90850", "2008-12-31": "0.76750", "2007-12-31": "1.12330", "2006-12-31": "0.95060", "2005-12-31": "3.19300"}, "Gross Margin": {"2019-12-31": "56.66780", "2018-12-31": "58.32390", "2017-12-31": "55.88200", "2016-12-31": "23.64940", "2015-12-31": "77.97840", "2014-12-31": "83.35180", "2013-12-31": "85.21590", "2012-12-31": "82.46650", "2011-12-31": "83.85400", "2010-12-31": "76.69530", "2009-12-31": "67.67650", "2008-12-31": "54.01210", "2007-12-31": "53.22930", "2006-12-31": "55.29650", "2005-12-31": "54.38520"}, "Operating Margin": {"2019-12-31": "-26.08660", "2018-12-31": "-61.06200", "2017-12-31": "12.36520", "2016-12-31": "-54.43390", "2015-12-31": "24.06820", "2014-12-31": "34.55450", "2013-12-31": "35.15580", "2012-12-31": "28.29090", "2011-12-31": "57.49770", "2010-12-31": "34.23170", "2009-12-31": "27.20780", "2008-12-31": "29.48360", "2007-12-31": "22.89350", "2006-12-31": "29.38090", "2005-12-31": "27.42330"}, "EBIT Margin": {"2019-12-31": "-26.08660", "2018-12-31": "-61.06200", "2017-12-31": "12.36520", "2016-12-31": "-54.43390", "2015-12-31": "24.06820", "2014-12-31": "34.55450", "2013-12-31": "35.15580", "2012-12-31": "28.29090", "2011-12-31": "57.49770", "2010-12-31": "34.23170", "2009-12-31": "27.20780", "2008-12-31": "29.48360", "2007-12-31": "22.89350", "2006-12-31": "29.38090", "2005-12-31": "27.42330"}, "EBITDA Margin": {"2019-12-31": "10.09510", "2018-12-31": "-22.13860", "2017-12-31": "46.74110", "2016-12-31": "12.46470", "2015-12-31": "59.08100", "2014-12-31": "62.05960", "2013-12-31": "71.49120", "2012-12-31": "64.53190", "2011-12-31": "83.12770", "2010-12-31": "53.89750", "2009-12-31": "42.16010", "2008-12-31": "38.16220", "2007-12-31": "30.95880", "2006-12-31": "37.27750", "2005-12-31": "34.88320"}, "Pre-Tax Profit Margin": {"2019-12-31": "-36.17070", "2018-12-31": "-67.51910", "2017-12-31": "6.42550", "2016-12-31": "-64.47210", "2015-12-31": "18.23100", "2014-12-31": "29.30350", "2013-12-31": "27.98900", "2012-12-31": "16.00170", "2011-12-31": "49.71330", "2010-12-31": "25.84560", "2009-12-31": "19.33850", "2008-12-31": "26.04040", "2007-12-31": "29.51930", "2006-12-31": "25.69040", "2005-12-31": "32.83120"}, "Net Profit Margin": {"2019-12-31": "-27.66220", "2018-12-31": "-49.24600", "2017-12-31": "48.80360", "2016-12-31": "-32.65790", "2015-12-31": "3.64020", "2014-12-31": "15.66840", "2013-12-31": "20.97580", "2012-12-31": "13.31630", "2011-12-31": "36.24100", "2010-12-31": "16.56730", "2009-12-31": "11.96690", "2008-12-31": "16.21350", "2007-12-31": "18.91300", "2006-12-31": "17.37400", "2005-12-31": "20.74260"}, "Asset Turnover": {"2019-12-31": "0.23480", "2018-12-31": "0.22000", "2017-12-31": "0.10470", "2016-12-31": "0.08960", "2015-12-31": "0.16740", "2014-12-31": "0.20520", "2013-12-31": "0.19020", "2012-12-31": "0.15560", "2011-12-31": "0.15090", "2010-12-31": "0.19360", "2009-12-31": "0.22010", "2008-12-31": "0.29580", "2007-12-31": "0.34580", "2006-12-31": "0.38630", "2005-12-31": "0.37510"}, "Inventory Turnover Ratio": {"2019-12-31": "", "2018-12-31": "", "2017-12-31": "", "2016-12-31": "", "2015-12-31": "", "2014-12-31": "", "2013-12-31": "14.00500", "2012-12-31": "5.34650", "2011-12-31": "1.72430", "2010-12-31": "2.32350", "2009-12-31": "2.31680", "2008-12-31": "2.51580", "2007-12-31": "2.24610", "2006-12-31": "2.10610", "2005-12-31": "1.97260"}, "Receiveable Turnover": {"2019-12-31": "4.85890", "2018-12-31": "3.31860", "2017-12-31": "4.55180", "2016-12-31": "4.06010", "2015-12-31": "13.22220", "2014-12-31": "8.06870", "2013-12-31": "7.89720", "2012-12-31": "7.23870", "2011-12-31": "8.63440", "2010-12-31": "8.77040", "2009-12-31": "8.42910", "2008-12-31": "7.54270", "2007-12-31": "7.22000", "2006-12-31": "6.35590", "2005-12-31": "5.02700"}, "Days Sales In Receivables": {"2019-12-31": "75.11950", "2018-12-31": "109.98490", "2017-12-31": "80.18730", "2016-12-31": "89.89860", "2015-12-31": "27.60510", "2014-12-31": "45.23650", "2013-12-31": "46.21890", "2012-12-31": "50.42340", "2011-12-31": "42.27300", "2010-12-31": "41.61740", "2009-12-31": "43.30210", "2008-12-31": "48.39110", "2007-12-31": "50.55420", "2006-12-31": "57.42710", "2005-12-31": "72.60760"}, "ROE - Return On Equity": {"2019-12-31": "-12.46170", "2018-12-31": "-21.72720", "2017-12-31": "7.53220", "2016-12-31": "-5.82830", "2015-12-31": "4.00950", "2014-12-31": "7.99650", "2013-12-31": "7.11270", "2012-12-31": "3.82940", "2011-12-31": "11.67510", "2010-12-31": "7.39600", "2009-12-31": "7.29550", "2008-12-31": "12.46790", "2007-12-31": "23.46150", "2006-12-31": "22.82890", "2005-12-31": "72.94710"}, "Return On Tangible Equity": {"2019-12-31": "-12.49490", "2018-12-31": "-21.88170", "2017-12-31": "7.78130", "2016-12-31": "-5.82830", "2015-12-31": "4.00950", "2014-12-31": "7.99650", "2013-12-31": "7.11270", "2012-12-31": "3.82940", "2011-12-31": "11.67510", "2010-12-31": "7.39600", "2009-12-31": "7.29550", "2008-12-31": "12.46790", "2007-12-31": "23.46150", "2006-12-31": "22.82890", "2005-12-31": "72.94710"}, "ROA - Return On Assets": {"2019-12-31": "-6.49520", "2018-12-31": "-11.49020", "2017-12-31": "4.69820", "2016-12-31": "-3.43500", "2015-12-31": "2.30310", "2014-12-31": "4.23440", "2013-12-31": "3.53320", "2012-12-31": "1.68270", "2011-12-31": "4.78280", "2010-12-31": "3.20770", "2009-12-31": "2.63420", "2008-12-31": "4.79590", "2007-12-31": "6.54010", "2006-12-31": "6.58160", "2005-12-31": "7.73640"}, "ROI - Return On Investment": {"2019-12-31": "-8.10120", "2018-12-31": "-15.11580", "2017-12-31": "5.68470", "2016-12-31": "-4.28320", "2015-12-31": "2.97450", "2014-12-31": "5.55960", "2013-12-31": "4.70420", "2012-12-31": "2.32980", "2011-12-31": "6.85430", "2010-12-31": "4.53410", "2009-12-31": "3.82730", "2008-12-31": "7.74720", "2007-12-31": "13.91070", "2006-12-31": "12.70900", "2005-12-31": "23.12890"}, "Book Value Per Share": {"2019-12-31": "38.41970", "2018-12-31": "43.06260", "2017-12-31": "69.66790", "2016-12-31": "52.76520", "2015-12-31": "52.62430", "2014-12-31": "42.03980", "2013-12-31": "32.23750", "2012-12-31": "25.90650", "2011-12-31": "24.04270", "2010-12-31": "20.64120", "2009-12-31": "16.42870", "2008-12-31": "15.66560", "2007-12-31": "8.98430", "2006-12-31": "7.78170", "2005-12-31": "2.95620"}, "Operating Cash Flow Per Share": {"2019-12-31": -4.1487, "2018-12-31": 2.6825, "2017-12-31": 2.3498, "2016-12-31": -1.583, "2015-12-31": -1.3192, "2014-12-31": 1.6151, "2013-12-31": 2.3354, "2012-12-31": -0.6994, "2011-12-31": 0.5873, "2010-12-31": -0.1098, "2009-12-31": 1.5731, "2008-12-31": 0.459, "2007-12-31": -1.6279, "2006-12-31": 7.7223, "2005-12-31": -2.5789}, "Free Cash Flow Per Share": {"2019-12-31": 4.7828, "2018-12-31": -1.369, "2017-12-31": 6.7614, "2016-12-31": -1.2404, "2015-12-31": -2.351, "2014-12-31": -6.5298, "2013-12-31": 4.7571, "2012-12-31": -5.5717, "2011-12-31": 4.8855, "2010-12-31": -1.3274, "2009-12-31": 4.6962, "2008-12-31": -5.2275, "2007-12-31": -3.0771, "2006-12-31": 5.4688, "2005-12-31": -3.681}}, "financial ratios, quarterly": {"Current Ratio": {"2020-09-30": "0.72960", "2020-06-30": "0.98800", "2020-03-31": "1.32230", "2019-12-31": "1.30390", "2019-09-30": "1.03140", "2019-06-30": "1.04230", "2019-03-31": "0.63150", "2018-12-31": "0.83640", "2018-09-30": "0.46660", "2018-06-30": "0.75580", "2018-03-31": "1.07480", "2017-12-31": "0.94390", "2017-09-30": "0.59810", "2017-06-30": "0.73530", "2017-03-31": "1.39920", "2016-12-31": "2.27210", "2016-09-30": "3.46910", "2016-06-30": "4.95730", "2016-03-31": "5.11780", "2015-12-31": "2.82860", "2015-09-30": "2.28310", "2015-06-30": "2.41470", "2015-03-31": "2.38970", "2014-12-31": "2.28520", "2014-09-30": "3.01430", "2014-06-30": "2.06980", "2014-03-31": "1.80670", "2013-12-31": "2.39860", "2013-09-30": "1.72610", "2013-06-30": "1.16550", "2013-03-31": "1.31590", "2012-12-31": "1.49500", "2012-09-30": "1.49940", "2012-06-30": "1.74210", "2012-03-31": "2.24130", "2011-12-31": "2.09980", "2011-09-30": "1.63490", "2011-06-30": "1.69350", "2011-03-31": "1.51860", "2010-12-31": "1.38690", "2010-09-30": "1.48240", "2010-06-30": "1.84810", "2010-03-31": "2.36930", "2009-12-31": "", "2009-09-30": "1.47630", "2009-06-30": "1.95440", "2009-03-31": "0.93640", "2008-12-31": "0.88930", "2008-09-30": "0.89130", "2008-06-30": "0.64970", "2008-03-31": "0.55220", "2007-12-31": "0.48850", "2007-09-30": "0.58480", "2007-06-30": "0.59590", "2007-03-31": "0.44960", "2006-12-31": "0.65770", "2006-09-30": "0.63530", "2006-06-30": "0.52620", "2006-03-31": "0.52230", "2005-12-31": "0.52440", "2005-09-30": "0.54420", "2005-06-30": "0.59540", "2005-03-31": "0.46880"}, "Long-term Debt / Capital": {"2020-09-30": "0.34690", "2020-06-30": "0.32790", "2020-03-31": "0.34260", "2019-12-31": "0.34990", "2019-09-30": "0.32110", "2019-06-30": "0.30740", "2019-03-31": "0.28050", "2018-12-31": "0.30430", "2018-09-30": "0.32500", "2018-06-30": "0.31930", "2018-03-31": "0.30660", "2017-12-31": "0.24530", "2017-09-30": "0.22210", "2017-06-30": "0.21610", "2017-03-31": "0.24880", "2016-12-31": "0.26510", "2016-09-30": "0.23170", "2016-06-30": "0.23190", "2016-03-31": "0.24780", "2015-12-31": "0.25810", "2015-09-30": "0.26660", "2015-06-30": "0.26930", "2015-03-31": "0.28300", "2014-12-31": "0.30470", "2014-09-30": "0.32570", "2014-06-30": "0.29200", "2014-03-31": "0.33150", "2013-12-31": "0.33860", "2013-09-30": "0.34510", "2013-06-30": "0.37860", "2013-03-31": "0.38890", "2012-12-31": "0.39160", "2012-09-30": "0.39420", "2012-06-30": "0.40740", "2012-03-31": "0.40350", "2011-12-31": "0.41290", "2011-09-30": "0.36530", "2011-06-30": "0.38060", "2011-03-31": "0.38130", "2010-12-31": "0.38690", "2010-09-30": "0.38920", "2010-06-30": "0.39330", "2010-03-31": "0.41060", "2009-12-31": "", "2009-09-30": "0.48000", "2009-06-30": "0.47480", "2009-03-31": "0.36450", "2008-12-31": "0.37860", "2008-09-30": "0.39770", "2008-06-30": "0.48060", "2008-03-31": "0.54780", "2007-12-31": "0.40710", "2007-09-30": "0.40800", "2007-06-30": "0.42410", "2007-03-31": "0.46100", "2006-12-31": "0.44330", "2006-09-30": "0.46430", "2006-06-30": "0.52680", "2006-03-31": "0.55350", "2005-12-31": "0.68290", "2005-09-30": "0.74130", "2005-06-30": "0.47840", "2005-03-31": "0.45190"}, "Debt/Equity Ratio": {"2020-09-30": "0.53480", "2020-06-30": "0.48950", "2020-03-31": "0.52280", "2019-12-31": "0.53990", "2019-09-30": "0.47340", "2019-06-30": "0.44430", "2019-03-31": "0.45320", "2018-12-31": "0.50170", "2018-09-30": "0.52460", "2018-06-30": "0.51090", "2018-03-31": "0.44220", "2017-12-31": "0.32570", "2017-09-30": "0.36060", "2017-06-30": "0.35110", "2017-03-31": "0.35340", "2016-12-31": "0.36070", "2016-09-30": "0.31140", "2016-06-30": "0.30200", "2016-03-31": "0.33050", "2015-12-31": "0.38520", "2015-09-30": "0.42930", "2015-06-30": "0.43040", "2015-03-31": "0.46000", "2014-12-31": "0.46440", "2014-09-30": "0.48490", "2014-06-30": "0.46890", "2014-03-31": "0.52010", "2013-12-31": "0.51430", "2013-09-30": "0.52830", "2013-06-30": "0.62410", "2013-03-31": "0.63810", "2012-12-31": "0.64960", "2012-09-30": "0.70860", "2012-06-30": "0.75060", "2012-03-31": "0.73850", "2011-12-31": "0.76430", "2011-09-30": "0.58290", "2011-06-30": "0.62210", "2011-03-31": "0.61820", "2010-12-31": "0.65060", "2010-09-30": "0.63720", "2010-06-30": "0.64820", "2010-03-31": "0.69650", "2009-12-31": "", "2009-09-30": "0.92400", "2009-06-30": "0.90620", "2009-03-31": "0.73660", "2008-12-31": "0.76750", "2008-09-30": "0.70970", "2008-06-30": "0.92530", "2008-03-31": "1.23730", "2007-12-31": "1.12330", "2007-09-30": "1.04170", "2007-06-30": "0.90740", "2007-03-31": "0.97040", "2006-12-31": "0.95060", "2006-09-30": "0.94120", "2006-06-30": "1.23230", "2006-03-31": "1.35350", "2005-12-31": "3.19300", "2005-09-30": "4.51910", "2005-06-30": "1.15050", "2005-03-31": "1.40540"}, "Gross Margin": {"2020-09-30": "-173.35690", "2020-06-30": "15.60180", "2020-03-31": "56.53910", "2019-12-31": "52.97130", "2019-09-30": "49.63570", "2019-06-30": "63.73550", "2019-03-31": "57.69140", "2018-12-31": "61.58150", "2018-09-30": "55.51840", "2018-06-30": "49.76220", "2018-03-31": "63.68120", "2017-12-31": "2.95980", "2017-09-30": "72.98080", "2017-06-30": "73.49150", "2017-03-31": "79.93910", "2016-12-31": "-326.21740", "2016-09-30": "76.37020", "2016-06-30": "-4.82860", "2016-03-31": "77.70590", "2015-12-31": "69.96600", "2015-09-30": "80.70510", "2015-06-30": "74.46020", "2015-03-31": "84.65530", "2014-12-31": "77.75530", "2014-09-30": "85.04170", "2014-06-30": "82.69430", "2014-03-31": "88.34460", "2013-12-31": "84.81750", "2013-09-30": "85.61400", "2013-06-30": "85.25640", "2013-03-31": "85.18330", "2012-12-31": "80.88210", "2012-09-30": "84.17970", "2012-06-30": "81.57540", "2012-03-31": "75.31140", "2011-12-31": "80.08600", "2011-09-30": "83.72260", "2011-06-30": "83.68230", "2011-03-31": "72.21270", "2010-12-31": "77.72390", "2010-09-30": "90.34410", "2010-06-30": "87.37900", "2010-03-31": "70.09370", "2009-12-31": "", "2009-09-30": "86.65580", "2009-06-30": "79.22580", "2009-03-31": "52.27410", "2008-12-31": "51.63400", "2008-09-30": "64.68080", "2008-06-30": "58.46790", "2008-03-31": "46.30240", "2007-12-31": "52.37490", "2007-09-30": "62.71310", "2007-06-30": "54.65800", "2007-03-31": "48.25450", "2006-12-31": "57.10650", "2006-09-30": "62.05730", "2006-06-30": "59.48240", "2006-03-31": "47.70380", "2005-12-31": "49.91960", "2005-09-30": "64.56280", "2005-06-30": "60.49290", "2005-03-31": "49.43610"}, "Operating Margin": {"2020-09-30": "-441.64770", "2020-06-30": "-73.40750", "2020-03-31": "11.14290", "2019-12-31": "-144.54690", "2019-09-30": "-16.97490", "2019-06-30": "22.59340", "2019-03-31": "15.34820", "2018-12-31": "-45.83360", "2018-09-30": "-14.04230", "2018-06-30": "-12.06020", "2018-03-31": "-148.64920", "2017-12-31": "-39.69850", "2017-09-30": "20.93180", "2017-06-30": "27.60500", "2017-03-31": "43.72520", "2016-12-31": "-422.36900", "2016-09-30": "19.48120", "2016-06-30": "-254.44170", "2016-03-31": "23.33670", "2015-12-31": "7.53110", "2015-09-30": "29.12010", "2015-06-30": "7.51480", "2015-03-31": "44.03360", "2014-12-31": "5.73520", "2014-09-30": "40.00240", "2014-06-30": "42.71850", "2014-03-31": "53.92650", "2013-12-31": "36.69850", "2013-09-30": "34.83360", "2013-06-30": "34.23850", "2013-03-31": "34.74030", "2012-12-31": "30.82770", "2012-09-30": "23.60840", "2012-06-30": "24.09800", "2012-03-31": "33.82210", "2011-12-31": "39.54930", "2011-09-30": "86.85760", "2011-06-30": "41.64590", "2011-03-31": "46.62880", "2010-12-31": "36.27380", "2010-09-30": "34.26740", "2010-06-30": "30.49490", "2010-03-31": "38.73050", "2009-12-31": "", "2009-09-30": "18.28750", "2009-06-30": "28.36250", "2009-03-31": "29.00200", "2008-12-31": "19.93850", "2008-09-30": "54.63780", "2008-06-30": "30.27850", "2008-03-31": "22.28980", "2007-12-31": "24.40970", "2007-09-30": "25.29390", "2007-06-30": "20.97910", "2007-03-31": "21.65260", "2006-12-31": "30.98290", "2006-09-30": "26.26060", "2006-06-30": "29.50520", "2006-03-31": "29.67950", "2005-12-31": "27.60830", "2005-09-30": "23.84290", "2005-06-30": "23.22350", "2005-03-31": "31.69790"}, "EBIT Margin": {"2020-09-30": "-441.64770", "2020-06-30": "-73.40750", "2020-03-31": "11.14290", "2019-12-31": "-144.54690", "2019-09-30": "-16.97490", "2019-06-30": "22.59340", "2019-03-31": "15.34820", "2018-12-31": "-45.83360", "2018-09-30": "-14.04230", "2018-06-30": "-12.06020", "2018-03-31": "-148.64920", "2017-12-31": "-39.69840", "2017-09-30": "20.93180", "2017-06-30": "27.60500", "2017-03-31": "43.72520", "2016-12-31": "-422.36900", "2016-09-30": "19.48120", "2016-06-30": "-254.44170", "2016-03-31": "23.33670", "2015-12-31": "7.53110", "2015-09-30": "29.12010", "2015-06-30": "7.51480", "2015-03-31": "44.03360", "2014-12-31": "5.73520", "2014-09-30": "40.00240", "2014-06-30": "42.71850", "2014-03-31": "53.92650", "2013-12-31": "36.69850", "2013-09-30": "34.83360", "2013-06-30": "34.23850", "2013-03-31": "34.74030", "2012-12-31": "30.82770", "2012-09-30": "23.60840", "2012-06-30": "24.09800", "2012-03-31": "33.82210", "2011-12-31": "39.54930", "2011-09-30": "86.85760", "2011-06-30": "41.64590", "2011-03-31": "46.62880", "2010-12-31": "36.27380", "2010-09-30": "34.26740", "2010-06-30": "30.49490", "2010-03-31": "38.73050", "2009-12-31": "", "2009-09-30": "18.28750", "2009-06-30": "28.36250", "2009-03-31": "29.00200", "2008-12-31": "19.93850", "2008-09-30": "54.63780", "2008-06-30": "30.27850", "2008-03-31": "22.28980", "2007-12-31": "24.40970", "2007-09-30": "25.29390", "2007-06-30": "20.97910", "2007-03-31": "21.65260", "2006-12-31": "30.98290", "2006-09-30": "26.26060", "2006-06-30": "29.50520", "2006-03-31": "29.67950", "2005-12-31": "27.60830", "2005-09-30": "23.84290", "2005-06-30": "23.22350", "2005-03-31": "31.69790"}, "EBITDA Margin": {"2020-09-30": "", "2020-06-30": "", "2020-03-31": "", "2019-12-31": "", "2019-09-30": "", "2019-06-30": "", "2019-03-31": "", "2018-12-31": "", "2018-09-30": "", "2018-06-30": "", "2018-03-31": "", "2017-12-31": "", "2017-09-30": "", "2017-06-30": "", "2017-03-31": "", "2016-12-31": "", "2016-09-30": "", "2016-06-30": "", "2016-03-31": "", "2015-12-31": "", "2015-09-30": "", "2015-06-30": "", "2015-03-31": "", "2014-12-31": "", "2014-09-30": "", "2014-06-30": "", "2014-03-31": "", "2013-12-31": "", "2013-09-30": "", "2013-06-30": "", "2013-03-31": "", "2012-12-31": "", "2012-09-30": "", "2012-06-30": "", "2012-03-31": "", "2011-12-31": "", "2011-09-30": "", "2011-06-30": "", "2011-03-31": "", "2010-12-31": "", "2010-09-30": "", "2010-06-30": "", "2010-03-31": "", "2009-12-31": "", "2009-09-30": "", "2009-06-30": "", "2009-03-31": "", "2008-12-31": "", "2008-09-30": "", "2008-06-30": "", "2008-03-31": "", "2007-12-31": "", "2007-09-30": "", "2007-06-30": "", "2007-03-31": "", "2006-12-31": "", "2006-09-30": "", "2006-06-30": "", "2006-03-31": "", "2005-12-31": "", "2005-09-30": "", "2005-06-30": "", "2005-03-31": ""}, "Pre-Tax Profit Margin": {"2020-09-30": "-480.10890", "2020-06-30": "-69.45480", "2020-03-31": "-12.13280", "2019-12-31": "-152.59340", "2019-09-30": "-47.01370", "2019-06-30": "12.54960", "2019-03-31": "20.02540", "2018-12-31": "-56.04600", "2018-09-30": "-18.98090", "2018-06-30": "-18.08240", "2018-03-31": "-153.07300", "2017-12-31": "-47.04710", "2017-09-30": "14.28180", "2017-06-30": "22.12060", "2017-03-31": "39.29570", "2016-12-31": "-456.58230", "2016-09-30": "14.94240", "2016-06-30": "-276.91540", "2016-03-31": "17.58700", "2015-12-31": "2.16500", "2015-09-30": "23.31750", "2015-06-30": "-0.25250", "2015-03-31": "38.95860", "2014-12-31": "0.57880", "2014-09-30": "34.00420", "2014-06-30": "37.15110", "2014-03-31": "49.48030", "2013-12-31": "30.74260", "2013-09-30": "27.90210", "2013-06-30": "26.76790", "2013-03-31": "26.21120", "2012-12-31": "18.51190", "2012-09-30": "13.26410", "2012-06-30": "13.62450", "2012-03-31": "25.94120", "2011-12-31": "32.33880", "2011-09-30": "78.74910", "2011-06-30": "37.50200", "2011-03-31": "41.11830", "2010-12-31": "30.41880", "2010-09-30": "22.24530", "2010-06-30": "18.25990", "2010-03-31": "31.61250", "2009-12-31": "", "2009-09-30": "4.57970", "2009-06-30": "18.21630", "2009-03-31": "25.26720", "2008-12-31": "14.17950", "2008-09-30": "50.99670", "2008-06-30": "26.96840", "2008-03-31": "20.64080", "2007-12-31": "24.06670", "2007-09-30": "21.79750", "2007-06-30": "58.69020", "2007-03-31": "19.21490", "2006-12-31": "27.68420", "2006-09-30": "21.01150", "2006-06-30": "25.47700", "2006-03-31": "26.70750", "2005-12-31": "32.45500", "2005-09-30": "27.64550", "2005-06-30": "45.37700", "2005-03-31": "28.96660"}, "Net Profit Margin": {"2020-09-30": "-348.95170", "2020-06-30": "-49.91240", "2020-03-31": "-15.09760", "2019-12-31": "-116.35630", "2019-09-30": "-37.94000", "2019-06-30": "9.58330", "2019-03-31": "16.68090", "2018-12-31": "-51.13380", "2018-09-30": "-3.78010", "2018-06-30": "1.87300", "2018-03-31": "-120.88040", "2017-12-31": "150.82800", "2017-09-30": "3.53950", "2017-06-30": "5.97120", "2017-03-31": "18.34020", "2016-12-31": "-121.70200", "2016-09-30": "-1.43980", "2016-06-30": "-202.80950", "2016-03-31": "1.03400", "2015-12-31": "-22.37830", "2015-09-30": "6.98430", "2015-06-30": "1.25940", "2015-03-31": "24.26180", "2014-12-31": "-2.09100", "2014-09-30": "17.02970", "2014-06-30": "21.08090", "2014-03-31": "29.04860", "2013-12-31": "23.34780", "2013-09-30": "18.40180", "2013-06-30": "18.35920", "2013-03-31": "24.10650", "2012-12-31": "9.80860", "2012-09-30": "8.75490", "2012-06-30": "9.30890", "2012-03-31": "16.00920", "2011-12-31": "20.79790", "2011-09-30": "49.33600", "2011-06-30": "23.85980", "2011-03-31": "25.86340", "2010-12-31": "19.69540", "2010-09-30": "14.19240", "2010-06-30": "11.64980", "2010-03-31": "20.16880", "2009-12-31": "", "2009-09-30": "1.33220", "2009-06-30": "11.19350", "2009-03-31": "15.33710", "2008-12-31": "8.19190", "2008-09-30": "32.30000", "2008-06-30": "16.58370", "2008-03-31": "13.16230", "2007-12-31": "15.74710", "2007-09-30": "14.51680", "2007-06-30": "36.60590", "2007-03-31": "12.40140", "2006-12-31": "20.41450", "2006-09-30": "13.65760", "2006-06-30": "17.47920", "2006-03-31": "16.82300", "2005-12-31": "18.53970", "2005-09-30": "20.26880", "2005-06-30": "27.94120", "2005-03-31": "19.04080"}, "Asset Turnover": {"2020-09-30": "0.00980", "2020-06-30": "0.02930", "2020-03-31": "0.05940", "2019-12-31": "0.05380", "2019-09-30": "0.04720", "2019-06-30": "0.06400", "2019-03-31": "0.05620", "2018-12-31": "0.06010", "2018-09-30": "0.03660", "2018-06-30": "0.03280", "2018-03-31": "0.04750", "2017-12-31": "0.02870", "2017-09-30": "0.04130", "2017-06-30": "0.04380", "2017-03-31": "0.05710", "2016-12-31": "0.01020", "2016-09-30": "0.03740", "2016-06-30": "0.00860", "2016-03-31": "0.03880", "2015-12-31": "0.04300", "2015-09-30": "0.04250", "2015-06-30": "0.03240", "2015-03-31": "0.05470", "2014-12-31": "0.05840", "2014-09-30": "0.04920", "2014-06-30": "0.04620", "2014-03-31": "0.06460", "2013-12-31": "0.05040", "2013-09-30": "0.04950", "2013-06-30": "0.05230", "2013-03-31": "0.04720", "2012-12-31": "0.05530", "2012-09-30": "0.04050", "2012-06-30": "0.03860", "2012-03-31": "0.05080", "2011-12-31": "0.04980", "2011-09-30": "0.04700", "2011-06-30": "0.05040", "2011-03-31": "0.06720", "2010-12-31": "0.05230", "2010-09-30": "0.03720", "2010-06-30": "0.03800", "2010-03-31": "0.06660", "2009-12-31": "", "2009-09-30": "0.03840", "2009-06-30": "0.04190", "2009-03-31": "0.08830", "2008-12-31": "0.07670", "2008-09-30": "0.06020", "2008-06-30": "0.06970", "2008-03-31": "0.13250", "2007-12-31": "0.09770", "2007-09-30": "0.06170", "2007-06-30": "0.08530", "2007-03-31": "0.14320", "2006-12-31": "0.10780", "2006-09-30": "0.07530", "2006-06-30": "0.08400", "2006-03-31": "0.14450", "2005-12-31": "0.11750", "2005-09-30": "0.06330", "2005-06-30": "0.07560", "2005-03-31": "0.11400"}, "Inventory Turnover Ratio": {"2020-09-30": "", "2020-06-30": "", "2020-03-31": "", "2019-12-31": "", "2019-09-30": "", "2019-06-30": "", "2019-03-31": "", "2018-12-31": "", "2018-09-30": "", "2018-06-30": "", "2018-03-31": "", "2017-12-31": "", "2017-09-30": "", "2017-06-30": "", "2017-03-31": "", "2016-12-31": "", "2016-09-30": "", "2016-06-30": "", "2016-03-31": "", "2015-12-31": "", "2015-09-30": "", "2015-06-30": "", "2015-03-31": "", "2014-12-31": "", "2014-09-30": "", "2014-06-30": "6.80090", "2014-03-31": "7.76740", "2013-12-31": "3.81130", "2013-09-30": "1.01600", "2013-06-30": "1.26740", "2013-03-31": "1.48820", "2012-12-31": "2.07320", "2012-09-30": "0.65320", "2012-06-30": "0.79890", "2012-03-31": "1.69200", "2011-12-31": "0.70170", "2011-09-30": "0.42770", "2011-06-30": "0.54370", "2011-03-31": "1.81820", "2010-12-31": "0.59990", "2010-09-30": "0.14850", "2010-06-30": "0.22560", "2010-03-31": "1.15530", "2009-12-31": "", "2009-09-30": "0.14890", "2009-06-30": "0.31410", "2009-03-31": "1.52310", "2008-12-31": "0.68620", "2008-09-30": "0.30850", "2008-06-30": "0.54270", "2008-03-31": "1.99170", "2007-12-31": "0.64650", "2007-09-30": "0.28320", "2007-06-30": "0.58590", "2007-03-31": "1.57680", "2006-12-31": "0.56390", "2006-09-30": "0.27280", "2006-06-30": "0.35220", "2006-03-31": "1.18980", "2005-12-31": "0.67870", "2005-09-30": "0.31550", "2005-06-30": "0.47870", "2005-03-31": "1.92390"}, "Receiveable Turnover": {"2020-09-30": "0.35920", "2020-06-30": "0.97000", "2020-03-31": "1.32930", "2019-12-31": "1.11280", "2019-09-30": "1.39930", "2019-06-30": "1.70960", "2019-03-31": "1.20570", "2018-12-31": "0.90660", "2018-09-30": "1.19000", "2018-06-30": "1.22710", "2018-03-31": "1.94630", "2017-12-31": "1.24980", "2017-09-30": "2.36180", "2017-06-30": "2.21480", "2017-03-31": "3.20510", "2016-12-31": "0.46170", "2016-09-30": "2.93920", "2016-06-30": "0.74900", "2016-03-31": "3.64550", "2015-12-31": "3.39850", "2015-09-30": "3.96650", "2015-06-30": "2.92300", "2015-03-31": "3.01520", "2014-12-31": "2.29740", "2014-09-30": "2.89930", "2014-06-30": "2.23610", "2014-03-31": "2.00870", "2013-12-31": "2.09270", "2013-09-30": "2.57770", "2013-06-30": "1.99300", "2013-03-31": "1.89290", "2012-12-31": "2.57430", "2012-09-30": "2.88880", "2012-06-30": "3.19290", "2012-03-31": "3.42790", "2011-12-31": "2.84900", "2011-09-30": "2.91180", "2011-06-30": "2.79550", "2011-03-31": "3.15860", "2010-12-31": "2.36880", "2010-09-30": "2.75450", "2010-06-30": "2.29450", "2010-03-31": "2.52790", "2009-12-31": "", "2009-09-30": "2.85610", "2009-06-30": "2.29830", "2009-03-31": "2.69200", "2008-12-31": "1.95630", "2008-09-30": "1.95720", "2008-06-30": "1.52970", "2008-03-31": "1.99700", "2007-12-31": "2.04080", "2007-09-30": "2.20570", "2007-06-30": "1.80990", "2007-03-31": "1.95730", "2006-12-31": "1.77350", "2006-09-30": "2.00420", "2006-06-30": "1.82650", "2006-03-31": "2.17770", "2005-12-31": "1.57530", "2005-09-30": "0.32090", "2005-06-30": "0.62560", "2005-03-31": "1.06610"}, "Days Sales In Receivables": {"2020-09-30": "250.55500", "2020-06-30": "92.78690", "2020-03-31": "67.70380", "2019-12-31": "80.87610", "2019-09-30": "64.31900", "2019-06-30": "52.64380", "2019-03-31": "74.64240", "2018-12-31": "99.27210", "2018-09-30": "75.62980", "2018-06-30": "73.34280", "2018-03-31": "46.24060", "2017-12-31": "72.01200", "2017-09-30": "38.10680", "2017-06-30": "40.63600", "2017-03-31": "28.08000", "2016-12-31": "194.93380", "2016-09-30": "30.62090", "2016-06-30": "120.16000", "2016-03-31": "24.68780", "2015-12-31": "26.48260", "2015-09-30": "22.69030", "2015-06-30": "30.79040", "2015-03-31": "29.84830", "2014-12-31": "39.17510", "2014-09-30": "31.04220", "2014-06-30": "40.24860", "2014-03-31": "44.80470", "2013-12-31": "43.00580", "2013-09-30": "34.91510", "2013-06-30": "45.15700", "2013-03-31": "47.54570", "2012-12-31": "34.96050", "2012-09-30": "31.15440", "2012-06-30": "28.18800", "2012-03-31": "26.25490", "2011-12-31": "31.59060", "2011-09-30": "30.90850", "2011-06-30": "32.19500", "2011-03-31": "28.49400", "2010-12-31": "37.99330", "2010-09-30": "32.67400", "2010-06-30": "39.22370", "2010-03-31": "35.60240", "2009-12-31": "", "2009-09-30": "31.51120", "2009-06-30": "39.16010", "2009-03-31": "33.43190", "2008-12-31": "46.00570", "2008-09-30": "45.98500", "2008-06-30": "58.83360", "2008-03-31": "45.06690", "2007-12-31": "44.10050", "2007-09-30": "40.80250", "2007-06-30": "49.72590", "2007-03-31": "45.98110", "2006-12-31": "50.74790", "2006-09-30": "44.90590", "2006-06-30": "49.27540", "2006-03-31": "41.32750", "2005-12-31": "57.13100", "2005-09-30": "280.46310", "2005-06-30": "143.86180", "2005-03-31": "84.41670"}, "ROE - Return On Equity": {"2020-09-30": "-6.79010", "2020-06-30": "-2.78720", "2020-03-31": "-1.73490", "2019-12-31": "-12.00500", "2019-09-30": "-3.31290", "2019-06-30": "1.11630", "2019-03-31": "1.71180", "2018-12-31": "-5.45770", "2018-09-30": "-0.78520", "2018-06-30": "-0.46090", "2018-03-31": "-9.36050", "2017-12-31": "4.93210", "2017-09-30": "1.11890", "2017-06-30": "1.30790", "2017-03-31": "2.69270", "2016-12-31": "-5.58400", "2016-09-30": "0.75590", "2016-06-30": "-1.95310", "2016-03-31": "1.04260", "2015-12-31": "-0.78800", "2015-09-30": "1.29300", "2015-06-30": "0.83380", "2015-03-31": "3.09750", "2014-12-31": "0.46910", "2014-09-30": "2.14230", "2014-06-30": "2.26180", "2014-03-31": "4.20860", "2013-12-31": "1.70340", "2013-09-30": "2.11850", "2013-06-30": "2.15880", "2013-03-31": "1.89050", "2012-12-31": "1.44580", "2012-09-30": "0.95390", "2012-06-30": "0.86250", "2012-03-31": "1.94370", "2011-12-31": "2.52780", "2011-09-30": "5.20440", "2011-06-30": "2.71130", "2011-03-31": "3.87710", "2010-12-31": "2.37480", "2010-09-30": "1.19390", "2010-06-30": "0.99760", "2010-03-31": "3.14690", "2009-12-31": "", "2009-09-30": "0.13770", "2009-06-30": "1.23600", "2009-03-31": "3.30500", "2008-12-31": "1.63380", "2008-09-30": "5.06790", "2008-06-30": "4.08870", "2008-03-31": "6.81460", "2007-12-31": "5.52150", "2007-09-30": "3.01110", "2007-06-30": "10.49270", "2007-03-31": "6.42600", "2006-12-31": "7.18200", "2006-09-30": "3.65810", "2006-06-30": "6.40420", "2006-03-31": "11.75150", "2005-12-31": "22.57440", "2005-09-30": "17.17450", "2005-06-30": "8.60810", "2005-03-31": "9.98510"}, "Return On Tangible Equity": {"2020-09-30": "-6.79290", "2020-06-30": "-2.79040", "2020-03-31": "-1.73830", "2019-12-31": "-12.03700", "2019-09-30": "-3.32310", "2019-06-30": "1.12190", "2019-03-31": "1.72220", "2018-12-31": "-5.49640", "2018-09-30": "-0.94020", "2018-06-30": "-0.54950", "2018-03-31": "-11.15620", "2017-12-31": "5.09520", "2017-09-30": "1.11890", "2017-06-30": "1.30790", "2017-03-31": "2.69270", "2016-12-31": "-5.58400", "2016-09-30": "0.75590", "2016-06-30": "-1.95310", "2016-03-31": "1.04260", "2015-12-31": "-0.78800", "2015-09-30": "1.29300", "2015-06-30": "0.83380", "2015-03-31": "3.09750", "2014-12-31": "0.46910", "2014-09-30": "2.14230", "2014-06-30": "2.26180", "2014-03-31": "4.20860", "2013-12-31": "1.70340", "2013-09-30": "2.11850", "2013-06-30": "2.15880", "2013-03-31": "1.89050", "2012-12-31": "1.44580", "2012-09-30": "0.95390", "2012-06-30": "0.86250", "2012-03-31": "1.94370", "2011-12-31": "2.52780", "2011-09-30": "5.20440", "2011-06-30": "2.71130", "2011-03-31": "3.87710", "2010-12-31": "2.37480", "2010-09-30": "1.19390", "2010-06-30": "0.99760", "2010-03-31": "3.14690", "2009-12-31": "", "2009-09-30": "0.13770", "2009-06-30": "1.23600", "2009-03-31": "3.30500", "2008-12-31": "1.63380", "2008-09-30": "5.06790", "2008-06-30": "4.08870", "2008-03-31": "6.81460", "2007-12-31": "5.52150", "2007-09-30": "3.01110", "2007-06-30": "10.49270", "2007-03-31": "6.42600", "2006-12-31": "7.18200", "2006-09-30": "3.65810", "2006-06-30": "6.40420", "2006-03-31": "11.75150", "2005-12-31": "22.57440", "2005-09-30": "17.17450", "2005-06-30": "8.60810", "2005-03-31": "9.98510"}, "ROA - Return On Assets": {"2020-09-30": "-3.41760", "2020-06-30": "-1.46080", "2020-03-31": "-0.89690", "2019-12-31": "-6.25720", "2019-09-30": "-1.79080", "2019-06-30": "0.61310", "2019-03-31": "0.93750", "2018-12-31": "-2.88620", "2018-09-30": "-0.44430", "2018-06-30": "-0.26580", "2018-03-31": "-5.71260", "2017-12-31": "3.07640", "2017-09-30": "0.65970", "2017-06-30": "0.78000", "2017-03-31": "1.60230", "2016-12-31": "-3.29100", "2016-09-30": "0.47080", "2016-06-30": "-1.22310", "2016-03-31": "0.62940", "2015-12-31": "-0.45260", "2015-09-30": "0.72950", "2015-06-30": "0.46970", "2015-03-31": "1.69270", "2014-12-31": "0.24840", "2014-09-30": "1.12460", "2014-06-30": "1.19790", "2014-03-31": "2.05970", "2013-12-31": "0.84610", "2013-09-30": "1.03610", "2013-06-30": "0.97810", "2013-03-31": "0.84340", "2012-12-31": "0.63530", "2012-09-30": "0.40790", "2012-06-30": "0.35950", "2012-03-31": "0.81310", "2011-12-31": "1.03560", "2011-09-30": "2.31750", "2011-06-30": "1.20320", "2011-03-31": "1.73740", "2010-12-31": "1.03000", "2010-09-30": "0.52730", "2010-06-30": "0.44290", "2010-03-31": "1.34250", "2009-12-31": "", "2009-09-30": "0.05110", "2009-06-30": "0.46940", "2009-03-31": "1.35350", "2008-12-31": "0.62850", "2008-09-30": "1.94490", "2008-06-30": "1.15640", "2008-03-31": "1.74330", "2007-12-31": "1.53920", "2007-09-30": "0.89620", "2007-06-30": "3.12100", "2007-03-31": "1.77590", "2006-12-31": "2.07060", "2006-09-30": "1.02880", "2006-06-30": "1.46800", "2006-03-31": "2.43140", "2005-12-31": "2.39410", "2005-09-30": "1.26330", "2005-06-30": "1.90450", "2005-03-31": "2.12490"}, "ROI - Return On Investment": {"2020-09-30": "-4.43490", "2020-06-30": "-1.87340", "2020-03-31": "-1.14050", "2019-12-31": "-7.80430", "2019-09-30": "-2.24910", "2019-06-30": "0.77310", "2019-03-31": "1.23160", "2018-12-31": "-3.79690", "2018-09-30": "-0.53000", "2018-06-30": "-0.31370", "2018-03-31": "-6.49050", "2017-12-31": "3.72230", "2017-09-30": "0.87040", "2017-06-30": "1.02520", "2017-03-31": "2.02290", "2016-12-31": "-4.10370", "2016-09-30": "0.58080", "2016-06-30": "-1.50010", "2016-03-31": "0.78420", "2015-12-31": "-0.58460", "2015-09-30": "0.94820", "2015-06-30": "0.60920", "2015-03-31": "2.22090", "2014-12-31": "0.32620", "2014-09-30": "1.44450", "2014-06-30": "1.60150", "2014-03-31": "2.81330", "2013-12-31": "1.12660", "2013-09-30": "1.38730", "2013-06-30": "1.34150", "2013-03-31": "1.15520", "2012-12-31": "0.87970", "2012-09-30": "0.57790", "2012-06-30": "0.51110", "2012-03-31": "1.15940", "2011-12-31": "1.48410", "2011-09-30": "3.30320", "2011-06-30": "1.67950", "2011-03-31": "2.39880", "2010-12-31": "1.45590", "2010-09-30": "0.72920", "2010-06-30": "0.60530", "2010-03-31": "1.85490", "2009-12-31": "", "2009-09-30": "0.07160", "2009-06-30": "0.64910", "2009-03-31": "2.10040", "2008-12-31": "1.01520", "2008-09-30": "3.05230", "2008-06-30": "2.12370", "2008-03-31": "3.08170", "2007-12-31": "3.27380", "2007-09-30": "1.78270", "2007-06-30": "6.04230", "2007-03-31": "3.46380", "2006-12-31": "3.99830", "2006-09-30": "1.95950", "2006-06-30": "3.03020", "2006-03-31": "5.24650", "2005-12-31": "7.15750", "2005-09-30": "4.44320", "2005-06-30": "4.49010", "2005-03-31": "5.47260"}, "Book Value Per Share": {"2020-09-30": "34.64200", "2020-06-30": "36.97300", "2020-03-31": "37.74110", "2019-12-31": "38.41970", "2019-09-30": "42.70730", "2019-06-30": "44.14700", "2019-03-31": "43.68480", "2018-12-31": "43.06260", "2018-09-30": "63.74110", "2018-06-30": "63.18830", "2018-03-31": "63.63680", "2017-12-31": "69.66790", "2017-09-30": "54.37010", "2017-06-30": "54.10330", "2017-03-31": "53.72020", "2016-12-31": "52.76520", "2016-09-30": "53.68370", "2016-06-30": "53.58970", "2016-03-31": "52.81380", "2015-12-31": "52.62430", "2015-09-30": "50.82130", "2015-06-30": "50.16430", "2015-03-31": "46.86810", "2014-12-31": "42.03980", "2014-09-30": "40.75910", "2014-06-30": "39.80100", "2014-03-31": "33.04430", "2013-12-31": "32.23750", "2013-09-30": "31.41890", "2013-06-30": "27.24030", "2013-03-31": "26.10450", "2012-12-31": "25.90650", "2012-09-30": "25.71820", "2012-06-30": "24.37250", "2012-03-31": "24.77780", "2011-12-31": "24.04270", "2011-09-30": "23.00440", "2011-06-30": "21.65510", "2011-03-31": "21.10190", "2010-12-31": "20.64120", "2010-09-30": "20.51060", "2010-06-30": "20.16440", "2010-03-31": "19.49190", "2009-12-31": "", "2009-09-30": "16.13240", "2009-06-30": "16.46850", "2009-03-31": "16.64150", "2008-12-31": "15.66560", "2008-09-30": "14.51510", "2008-06-30": "10.35280", "2008-03-31": "8.46520", "2007-12-31": "8.98430", "2007-09-30": "8.98730", "2007-06-30": "8.40950", "2007-03-31": "7.24490", "2006-12-31": "7.78170", "2006-09-30": "7.19970", "2006-06-30": "5.68160", "2006-03-31": "5.10660", "2005-12-31": "2.95620", "2005-09-30": "2.20680", "2005-06-30": "5.54400", "2005-03-31": "6.14830"}, "Operating Cash Flow Per Share": {"2020-09-30": 0.7207, "2020-06-30": 1.7481, "2020-03-31": "1.95850", "2019-12-31": 0.8562, "2019-09-30": 1.2497, "2019-06-30": 1.7379, "2019-03-31": "3.41380", "2018-12-31": 1.985, "2018-09-30": 3.6091, "2018-06-30": 2.3977, "2018-03-31": "3.41450", "2017-12-31": 1.7489, "2017-09-30": 2.3143, "2017-06-30": 1.6935, "2017-03-31": "2.96710", "2016-12-31": 1.933, "2016-09-30": 1.483, "2016-06-30": 1.1455, "2016-03-31": "1.81250", "2015-12-31": 2.0676, "2015-09-30": 1.5982, "2015-06-30": 1.3249, "2015-03-31": "2.96630", "2014-12-31": 1.7797, "2014-09-30": 2.4797, "2014-06-30": 1.9017, "2014-03-31": "3.11510", "2013-12-31": 1.2778, "2013-09-30": 2.4402, "2013-06-30": 1.9606, "2013-03-31": "1.98250", "2012-12-31": 0.8282, "2012-09-30": 1.6681, "2012-06-30": 1.3081, "2012-03-31": "1.47870", "2011-12-31": 1.1159, "2011-09-30": 1.6975, "2011-06-30": 1.5882, "2011-03-31": "1.61670", "2010-12-31": 1.1207, "2010-09-30": 0.9326, "2010-06-30": 1.1739, "2010-03-31": "2.04000", "2009-12-31": -4.205, "2009-09-30": 0.6411, "2009-06-30": 1.9456, "2009-03-31": "1.61830", "2008-12-31": 1.3933, "2008-09-30": 1.7876, "2008-06-30": -0.1656, "2008-03-31": "0.86260", "2007-12-31": 0.6895, "2007-09-30": 0.2428, "2007-06-30": 0.7035, "2007-03-31": "1.83670", "2006-12-31": 0.6425, "2006-09-30": 1.2408, "2006-06-30": 0.7482, "2006-03-31": "2.51190", "2005-12-31": 1.0712, "2005-09-30": -3.1423, "2005-06-30": -0.7778, "2005-03-31": "0.27000"}, "Free Cash Flow Per Share": {"2020-09-30": -0.3508, "2020-06-30": 1.181, "2020-03-31": "0.95560", "2019-12-31": -0.4983, "2019-09-30": -0.6761, "2019-06-30": 0.1912, "2019-03-31": "1.96010", "2018-12-31": -4.4965, "2018-09-30": 1.4999, "2018-06-30": -1.0285, "2018-03-31": "0.21920", "2017-12-31": 2.5373, "2017-09-30": -0.6961, "2017-06-30": -5.3366, "2017-03-31": "1.05850", "2016-12-31": -3.9095, "2016-09-30": -3.3204, "2016-06-30": -1.1776, "2016-03-31": "-0.79080", "2015-12-31": -0.8707, "2015-09-30": -2.4373, "2015-06-30": -3.152, "2015-03-31": "-1.49790", "2014-12-31": -1.5357, "2014-09-30": -1.5877, "2014-06-30": -2.4567, "2014-03-31": "-0.02680", "2013-12-31": 2.588, "2013-09-30": -0.3692, "2013-06-30": -1.3024, "2013-03-31": "0.00650", "2012-12-31": -1.485, "2012-09-30": -0.7193, "2012-06-30": -1.2993, "2012-03-31": "-0.30000", "2011-12-31": -1.3535, "2011-09-30": 1.9785, "2011-06-30": -0.2869, "2011-03-31": "1.39740", "2010-12-31": -1.4338, "2010-09-30": -1.3034, "2010-06-30": -0.7409, "2010-03-31": "0.42880", "2009-12-31": 0.6318, "2009-09-30": -0.8532, "2009-06-30": 0.1839, "2009-03-31": "0.03750", "2008-12-31": -1.5461, "2008-09-30": -1.4948, "2008-06-30": -2.553, "2008-03-31": "-0.76450", "2007-12-31": -1.4121, "2007-09-30": -1.378, "2007-06-30": 0.9575, "2007-03-31": "0.55910", "2006-12-31": -0.6443, "2006-09-30": 0.4291, "2006-06-30": 0.071, "2006-03-31": "1.93200", "2005-12-31": 0.3873, "2005-09-30": -3.6376, "2005-06-30": -0.3487, "2005-03-31": "-0.08200"}}, "revenue": {"EQT Annual Revenue (Millions of US $)": {"2019": "$4,416", "2018": "$4,558", "2017": "$3,091", "2016": "$1,387", "2015": "$2,340", "2014": "$2,470", "2013": "$1,862", "2012": "$1,377", "2011": "$1,324", "2010": "$1,374", "2009": "$1,311", "2008": "$1,576", "2007": "$1,361", "2006": "$1,268", "2005": "$1,254"}, "EQT Quarterly Revenue (Millions of US $)": {"2020-09-30": "$172", "2020-06-30": "$527", "2020-03-31": "$1,107", "2019-12-31": "$1,011", "2019-09-30": "$952", "2019-06-30": "$1,310", "2019-03-31": "$1,143", "2018-12-31": "$1,245", "2018-09-30": "$1,050", "2018-06-30": "$951", "2018-03-31": "$1,312", "2017-12-31": "$849", "2017-09-30": "$659", "2017-06-30": "$689", "2017-03-31": "$894", "2016-12-31": "$158", "2016-09-30": "$557", "2016-06-30": "$128", "2016-03-31": "$545", "2015-12-31": "$601", "2015-09-30": "$584", "2015-06-30": "$440", "2015-03-31": "$715", "2014-12-31": "$703", "2014-09-30": "$579", "2014-06-30": "$526", "2014-03-31": "$662", "2013-12-31": "$493", "2013-09-30": "$480", "2013-06-30": "$473", "2013-03-31": "$416", "2012-12-31": "$490", "2012-09-30": "$364", "2012-06-30": "$338", "2012-03-31": "$450", "2011-12-31": "$437", "2011-09-30": "$363", "2011-06-30": "$368", "2011-03-31": "$473", "2010-12-31": "$371", "2010-09-30": "$257", "2010-06-30": "$258", "2010-03-31": "$437", "2009-12-31": "$344", "2009-09-30": "$218", "2009-06-30": "$238", "2009-03-31": "$469", "2008-12-31": "$409", "2008-09-30": "$298", "2008-06-30": "$334", "2008-03-31": "$536", "2007-12-31": "$385", "2007-09-30": "$227", "2007-06-30": "$293", "2007-03-31": "$457", "2006-12-31": "$354", "2006-09-30": "$233", "2006-06-30": "$251", "2006-03-31": "$430", "2005-12-31": "$393", "2005-09-30": "$229", "2005-06-30": "$230", "2005-03-31": "$401"}}, "gross-profit": {"EQT Annual Gross Profit (Millions of US $)": {"2019": "$2,503", "2018": "$2,658", "2017": "$1,727", "2016": "$328", "2015": "$1,825", "2014": "$2,059", "2013": "$1,587", "2012": "$1,136", "2011": "$1,110", "2010": "$1,054", "2009": "$887", "2008": "$851", "2007": "$725", "2006": "$701", "2005": "$682"}, "EQT Quarterly Gross Profit (Millions of US $)": {"2020-09-30": "$-298", "2020-06-30": "$82", "2020-03-31": "$626", "2019-12-31": "$536", "2019-09-30": "$472", "2019-06-30": "$835", "2019-03-31": "$660", "2018-12-31": "$767", "2018-09-30": "$583", "2018-06-30": "$473", "2018-03-31": "$836", "2017-12-31": "$25", "2017-09-30": "$481", "2017-06-30": "$506", "2017-03-31": "$715", "2016-12-31": "$-515", "2016-09-30": "$425", "2016-06-30": "$-6", "2016-03-31": "$424", "2015-12-31": "$421", "2015-09-30": "$471", "2015-06-30": "$327", "2015-03-31": "$605", "2014-12-31": "$547", "2014-09-30": "$492", "2014-06-30": "$435", "2014-03-31": "$585", "2013-12-31": "$419", "2013-09-30": "$411", "2013-06-30": "$403", "2013-03-31": "$354", "2012-12-31": "$396", "2012-09-30": "$306", "2012-06-30": "$276", "2012-03-31": "$339", "2011-12-31": "$350", "2011-09-30": "$304", "2011-06-30": "$308", "2011-03-31": "$341", "2010-12-31": "$289", "2010-09-30": "$232", "2010-06-30": "$225", "2010-03-31": "$306", "2009-12-31": "$259", "2009-09-30": "$189", "2009-06-30": "$189", "2009-03-31": "$245", "2008-12-31": "$211", "2008-09-30": "$193", "2008-06-30": "$195", "2008-03-31": "$248", "2007-12-31": "$202", "2007-09-30": "$142", "2007-06-30": "$160", "2007-03-31": "$220", "2006-12-31": "$202", "2006-09-30": "$144", "2006-06-30": "$149", "2006-03-31": "$205", "2005-12-31": "$196", "2005-09-30": "$148", "2005-06-30": "$139", "2005-03-31": "$198"}}, "operating-income": {"EQT Annual Operating Income (Millions of US $)": {"2019": "$-1,152", "2018": "$-2,783", "2017": "$382", "2016": "$-755", "2015": "$563", "2014": "$853", "2013": "$655", "2012": "$390", "2011": "$761", "2010": "$470", "2009": "$357", "2008": "$465", "2007": "$312", "2006": "$373", "2005": "$344"}, "EQT Quarterly Operating Income (Millions of US $)": {"2020-09-30": "$-760", "2020-06-30": "$-387", "2020-03-31": "$123", "2019-12-31": "$-1,462", "2019-09-30": "$-162", "2019-06-30": "$296", "2019-03-31": "$175", "2018-12-31": "$-571", "2018-09-30": "$-147", "2018-06-30": "$-115", "2018-03-31": "$-1,950", "2017-12-31": "$-337", "2017-09-30": "$138", "2017-06-30": "$190", "2017-03-31": "$391", "2016-12-31": "$-666", "2016-09-30": "$108", "2016-06-30": "$-324", "2016-03-31": "$127", "2015-12-31": "$45", "2015-09-30": "$170", "2015-06-30": "$33", "2015-03-31": "$315", "2014-12-31": "$40", "2014-09-30": "$232", "2014-06-30": "$225", "2014-03-31": "$357", "2013-12-31": "$181", "2013-09-30": "$167", "2013-06-30": "$162", "2013-03-31": "$144", "2012-12-31": "$151", "2012-09-30": "$86", "2012-06-30": "$81", "2012-03-31": "$152", "2011-12-31": "$173", "2011-09-30": "$315", "2011-06-30": "$153", "2011-03-31": "$220", "2010-12-31": "$135", "2010-09-30": "$88", "2010-06-30": "$79", "2010-03-31": "$169", "2009-12-31": "$113", "2009-09-30": "$40", "2009-06-30": "$68", "2009-03-31": "$136", "2008-12-31": "$82", "2008-09-30": "$163", "2008-06-30": "$101", "2008-03-31": "$119", "2007-12-31": "$94", "2007-09-30": "$57", "2007-06-30": "$62", "2007-03-31": "$99", "2006-12-31": "$110", "2006-09-30": "$61", "2006-06-30": "$74", "2006-03-31": "$128", "2005-12-31": "$108", "2005-09-30": "$55", "2005-06-30": "$53", "2005-03-31": "$127"}}, "ebitda": {"EQT Annual EBITDA (Millions of US $)": {"2019": "$446", "2018": "$-1,009", "2017": "$1,445", "2016": "$173", "2015": "$1,382", "2014": "$1,533", "2013": "$1,331", "2012": "$889", "2011": "$1,100", "2010": "$741", "2009": "$553", "2008": "$602", "2007": "$421", "2006": "$473", "2005": "$437"}, "EQT Quarterly EBITDA (Millions of US $)": {"2020-09-30": "$-399", "2020-06-30": "$-47", "2020-03-31": "$492", "2019-12-31": "$-1,066", "2019-09-30": "$244", "2019-06-30": "$687", "2019-03-31": "$582", "2018-12-31": "$-116", "2018-09-30": "$291", "2018-06-30": "$305", "2018-03-31": "$-1,489", "2017-12-31": "$6", "2017-09-30": "$385", "2017-06-30": "$429", "2017-03-31": "$625", "2016-12-31": "$-421", "2016-09-30": "$346", "2016-06-30": "$-100", "2016-03-31": "$348", "2015-12-31": "$265", "2015-09-30": "$378", "2015-06-30": "$230", "2015-03-31": "$510", "2014-12-31": "$235", "2014-09-30": "$407", "2014-06-30": "$382", "2014-03-31": "$509", "2013-12-31": "$364", "2013-09-30": "$343", "2013-06-30": "$331", "2013-03-31": "$294", "2012-12-31": "$295", "2012-09-30": "$218", "2012-06-30": "$197", "2012-03-31": "$260", "2011-12-31": "$264", "2011-09-30": "$402", "2011-06-30": "$235", "2011-03-31": "$299", "2010-12-31": "$209", "2010-09-30": "$157", "2010-06-30": "$144", "2010-03-31": "$231", "2009-12-31": "", "2009-09-30": "$90", "2009-06-30": "$114", "2009-03-31": "$181", "2008-12-31": "$121", "2008-09-30": "$197", "2008-06-30": "$133", "2008-03-31": "$150", "2007-12-31": "$122", "2007-09-30": "$84", "2007-06-30": "$89", "2007-03-31": "$126", "2006-12-31": "$136", "2006-09-30": "$86", "2006-06-30": "$99", "2006-03-31": "$152", "2005-12-31": "$132", "2005-09-30": "$78", "2005-06-30": "$77", "2005-03-31": "$150"}}, "net-income": {"EQT Annual Net Income (Millions of US $)": {"2019": "$-1,222", "2018": "$-2,245", "2017": "$1,509", "2016": "$-453", "2015": "$85", "2014": "$387", "2013": "$391", "2012": "$183", "2011": "$480", "2010": "$228", "2009": "$157", "2008": "$256", "2007": "$257", "2006": "$220", "2005": "$260"}, "EQT Quarterly Net Income (Millions of US $)": {"2020-09-30": "$-601", "2020-06-30": "$-263", "2020-03-31": "$-167", "2019-12-31": "$-1,177", "2019-09-30": "$-361", "2019-06-30": "$126", "2019-03-31": "$191", "2018-12-31": "$-637", "2018-09-30": "$-40", "2018-06-30": "$18", "2018-03-31": "$-1,586", "2017-12-31": "$1,280", "2017-09-30": "$23", "2017-06-30": "$41", "2017-03-31": "$164", "2016-12-31": "$-192", "2016-09-30": "$-8", "2016-06-30": "$-259", "2016-03-31": "$6", "2015-12-31": "$-135", "2015-09-30": "$41", "2015-06-30": "$6", "2015-03-31": "$173", "2014-12-31": "$-15", "2014-09-30": "$99", "2014-06-30": "$111", "2014-03-31": "$192", "2013-12-31": "$115", "2013-09-30": "$88", "2013-06-30": "$87", "2013-03-31": "$100", "2012-12-31": "$48", "2012-09-30": "$32", "2012-06-30": "$31", "2012-03-31": "$72", "2011-12-31": "$91", "2011-09-30": "$179", "2011-06-30": "$88", "2011-03-31": "$122", "2010-12-31": "$73", "2010-09-30": "$37", "2010-06-30": "$30", "2010-03-31": "$88", "2009-12-31": "$55", "2009-09-30": "$3", "2009-06-30": "$27", "2009-03-31": "$72", "2008-12-31": "$33", "2008-09-30": "$96", "2008-06-30": "$55", "2008-03-31": "$71", "2007-12-31": "$61", "2007-09-30": "$33", "2007-06-30": "$107", "2007-03-31": "$57", "2006-12-31": "$72", "2006-09-30": "$32", "2006-06-30": "$44", "2006-03-31": "$72", "2005-12-31": "$73", "2005-09-30": "$46", "2005-06-30": "$64", "2005-03-31": "$76"}}, "eps-earnings-per-share-diluted": {"EQT Annual EPS": {"2019": "$-4.79", "2018": "$-8.60", "2017": "$8.04", "2016": "$-2.71", "2015": "$0.56", "2014": "$2.54", "2013": "$2.57", "2012": "$1.22", "2011": "$3.19", "2010": "$1.57", "2009": "$1.19", "2008": "$2.00", "2007": "$2.10", "2006": "$1.80", "2005": "$2.10"}, "EQT Quarterly EPS": {"2020-09-30": "$-2.35", "2020-06-30": "$-1.03", "2020-03-31": "$-0.65", "2019-12-31": "$-4.62", "2019-09-30": "$-1.41", "2019-06-30": "$0.49", "2019-03-31": "$0.75", "2018-12-31": "$-2.53", "2018-09-30": "$-0.15", "2018-06-30": "$0.07", "2018-03-31": "$-5.99", "2017-12-31": "$6.72", "2017-09-30": "$0.13", "2017-06-30": "$0.24", "2017-03-31": "$0.95", "2016-12-31": "$-1.15", "2016-09-30": "$-0.05", "2016-06-30": "$-1.55", "2016-03-31": "$0.04", "2015-12-31": "$-0.89", "2015-09-30": "$0.27", "2015-06-30": "$0.04", "2015-03-31": "$1.14", "2014-12-31": "$-0.10", "2014-09-30": "$0.65", "2014-06-30": "$0.73", "2014-03-31": "$1.26", "2013-12-31": "$0.76", "2013-09-30": "$0.58", "2013-06-30": "$0.57", "2013-03-31": "$0.66", "2012-12-31": "$0.32", "2012-09-30": "$0.21", "2012-06-30": "$0.21", "2012-03-31": "$0.48", "2011-12-31": "$0.60", "2011-09-30": "$1.19", "2011-06-30": "$0.58", "2011-03-31": "$0.82", "2010-12-31": "$0.49", "2010-09-30": "$0.24", "2010-06-30": "$0.20", "2010-03-31": "$0.65", "2009-12-31": "$0.42", "2009-09-30": "$0.02", "2009-06-30": "$0.20", "2009-03-31": "$0.55", "2008-12-31": "$0.26", "2008-09-30": "$0.73", "2008-06-30": "$0.44", "2008-03-31": "$0.57", "2007-12-31": "$0.49", "2007-09-30": "$0.27", "2007-06-30": "$0.87", "2007-03-31": "$0.46", "2006-12-31": "$0.59", "2006-09-30": "$0.26", "2006-06-30": "$0.36", "2006-03-31": "$0.59", "2005-12-31": "$0.59", "2005-09-30": "$0.38", "2005-06-30": "$0.52", "2005-03-31": "$0.61"}}, "shares-outstanding": {"EQT Annual Shares Outstanding (Millions of Shares)": {"2019": "255", "2018": "261", "2017": "188", "2016": "167", "2015": "153", "2014": "153", "2013": "152", "2012": "150", "2011": "150", "2010": "145", "2009": "131", "2008": "128", "2007": "121", "2006": "120", "2005": "121"}, "EQT Quarterly Shares Outstanding (Millions of Shares)": {"2020-09-30": "256", "2020-06-30": "256", "2020-03-31": "255", "2019-12-31": "255", "2019-09-30": "255", "2019-06-30": "255", "2019-03-31": "255", "2018-12-31": "261", "2018-09-30": "260", "2018-06-30": "265", "2018-03-31": "265", "2017-12-31": "188", "2017-09-30": "174", "2017-06-30": "174", "2017-03-31": "174", "2016-12-31": "167", "2016-09-30": "173", "2016-06-30": "167", "2016-03-31": "157", "2015-12-31": "153", "2015-09-30": "153", "2015-06-30": "153", "2015-03-31": "153", "2014-12-31": "153", "2014-09-30": "152", "2014-06-30": "153", "2014-03-31": "153", "2013-12-31": "152", "2013-09-30": "152", "2013-06-30": "151", "2013-03-31": "151", "2012-12-31": "151", "2012-09-30": "150", "2012-06-30": "150", "2012-03-31": "150", "2011-12-31": "150", "2011-09-30": "150", "2011-06-30": "150", "2011-03-31": "150", "2010-12-31": "150", "2010-09-30": "150", "2010-06-30": "148", "2010-03-31": "135", "2009-12-31": "132", "2009-09-30": "132", "2009-06-30": "131", "2009-03-31": "131", "2008-12-31": "131", "2008-09-30": "132", "2008-06-30": "127", "2008-03-31": "123", "2007-12-31": "123", "2007-09-30": "123", "2007-06-30": "123", "2007-03-31": "123", "2006-12-31": "120", "2006-09-30": "122", "2006-06-30": "122", "2006-03-31": "122", "2005-12-31": "121", "2005-09-30": "124", "2005-06-30": "124", "2005-03-31": "124"}}, "total-assets": {"EQT Annual Total Assets (Millions of US $)": {"2019": "$18,809", "2018": "$20,721", "2017": "$29,523", "2016": "$15,473", "2015": "$13,976", "2014": "$12,035", "2013": "$9,792", "2012": "$8,850", "2011": "$8,773", "2010": "$7,098", "2009": "$5,957", "2008": "$5,330", "2007": "$3,937", "2006": "$3,282", "2005": "$3,342"}, "EQT Quarterly Total Assets (Millions of US $)": {"2020-09-30": "$17,575", "2020-06-30": "$18,009", "2020-03-31": "$18,635", "2019-12-31": "$18,809", "2019-09-30": "$20,160", "2019-06-30": "$20,479", "2019-03-31": "$20,340", "2018-12-31": "$20,721", "2018-09-30": "$28,661", "2018-06-30": "$28,963", "2018-03-31": "$27,632", "2017-12-31": "$29,523", "2017-09-30": "$15,985", "2017-06-30": "$15,724", "2017-03-31": "$15,647", "2016-12-31": "$15,473", "2016-09-30": "$14,890", "2016-06-30": "$14,783", "2016-03-31": "$14,050", "2015-12-31": "$13,976", "2015-09-30": "$13,740", "2015-06-30": "$13,572", "2015-03-31": "$13,066", "2014-12-31": "$12,035", "2014-09-30": "$11,764", "2014-06-30": "$11,386", "2014-03-31": "$10,246", "2013-12-31": "$9,792", "2013-09-30": "$9,682", "2013-06-30": "$9,054", "2013-03-31": "$8,802", "2012-12-31": "$8,850", "2012-09-30": "$8,998", "2012-06-30": "$8,748", "2012-03-31": "$8,859", "2011-12-31": "$8,773", "2011-09-30": "$7,720", "2011-06-30": "$7,293", "2011-03-31": "$7,037", "2010-12-31": "$7,098", "2010-09-30": "$6,926", "2010-06-30": "$6,774", "2010-03-31": "$6,560", "2009-12-31": "$5,957", "2009-09-30": "$5,690", "2009-06-30": "$5,676", "2009-03-31": "$5,319", "2008-12-31": "$5,330", "2008-09-30": "$4,946", "2008-06-30": "$4,790", "2008-03-31": "$4,045", "2007-12-31": "$3,937", "2007-09-30": "$3,674", "2007-06-30": "$3,439", "2007-03-31": "$3,188", "2006-12-31": "$3,282", "2006-09-30": "$3,090", "2006-06-30": "$2,991", "2006-03-31": "$2,976", "2005-12-31": "$3,342", "2005-09-30": "$3,626", "2005-06-30": "$3,043", "2005-03-31": "$3,520"}}, "cash-on-hand": {"EQT Annual Cash on Hand (Millions of US $)": {"2019": "$5", "2018": "$3", "2017": "$26", "2016": "$1,390", "2015": "$1,601", "2014": "$1,077", "2013": "$846", "2012": "$182", "2011": "$831", "2010": "$", "2009": "$", "2008": "$", "2007": "$82", "2006": "$", "2005": "$75"}, "EQT Quarterly Cash on Hand (Millions of US $)": {"2020-09-30": "$14", "2020-06-30": "$3", "2020-03-31": "$19", "2019-12-31": "$5", "2019-09-30": "$8", "2019-06-30": "$30", "2019-03-31": "$41", "2018-12-31": "$3", "2018-09-30": "$5", "2018-06-30": "$698", "2018-03-31": "$210", "2017-12-31": "$26", "2017-09-30": "$484", "2017-06-30": "$572", "2017-03-31": "$899", "2016-12-31": "$1,390", "2016-09-30": "$1,757", "2016-06-30": "$2,257", "2016-03-31": "$1,556", "2015-12-31": "$1,601", "2015-09-30": "$1,663", "2015-06-30": "$1,958", "2015-03-31": "$1,784", "2014-12-31": "$1,077", "2014-09-30": "$1,510", "2014-06-30": "$1,617", "2014-03-31": "$910", "2013-12-31": "$846", "2013-09-30": "$424", "2013-06-30": "$17", "2013-03-31": "$160", "2012-12-31": "$182", "2012-09-30": "$639", "2012-06-30": "$515", "2012-03-31": "$745", "2011-12-31": "$831", "2011-09-30": "$335", "2011-06-30": "$79", "2011-03-31": "$139", "2010-12-31": "", "2010-09-30": "$197", "2010-06-30": "$426", "2010-03-31": "$553", "2009-12-31": "", "2009-09-30": "$193", "2009-06-30": "$335", "2009-03-31": "", "2008-12-31": "", "2008-09-30": "$11", "2008-06-30": "$169", "2008-03-31": "", "2007-12-31": "$82", "2007-09-30": "$181", "2007-06-30": "$166", "2007-03-31": "", "2006-12-31": "", "2006-09-30": "", "2006-06-30": "", "2006-03-31": "$5", "2005-12-31": "$75", "2005-09-30": "", "2005-06-30": "$30", "2005-03-31": "$3"}}, "long-term-debt": {"EQT Annual Long Term Debt (Millions of US $)": {"2019": "$5,277", "2018": "$4,793", "2017": "$5,985", "2016": "$3,289", "2015": "$2,793", "2014": "$2,793", "2013": "$2,490", "2012": "$2,503", "2011": "$2,528", "2010": "$1,943", "2009": "$1,949", "2008": "$1,249", "2007": "$754", "2006": "$754", "2005": "$764"}, "EQT Quarterly Long Term Debt (Millions of US $)": {"2020-09-30": "$4,698", "2020-06-30": "$4,604", "2020-03-31": "$5,021", "2019-12-31": "$5,277", "2019-09-30": "$5,154", "2019-06-30": "$4,993", "2019-03-31": "$4,343", "2018-12-31": "$4,793", "2018-09-30": "$7,809", "2018-06-30": "$7,834", "2018-03-31": "$7,457", "2017-12-31": "$5,985", "2017-09-30": "$2,691", "2017-06-30": "$2,585", "2017-03-31": "$3,083", "2016-12-31": "$3,289", "2016-09-30": "$2,797", "2016-06-30": "$2,796", "2016-03-31": "$2,794", "2015-12-31": "$2,793", "2015-09-30": "$2,818", "2015-06-30": "$2,818", "2015-03-31": "$2,818", "2014-12-31": "$2,793", "2014-09-30": "$2,983", "2014-06-30": "$2,487", "2014-03-31": "$2,487", "2013-12-31": "$2,490", "2013-09-30": "$2,496", "2013-06-30": "$2,499", "2013-03-31": "$2,499", "2012-12-31": "$2,503", "2012-09-30": "$2,503", "2012-06-30": "$2,507", "2012-03-31": "$2,507", "2011-12-31": "$2,528", "2011-09-30": "$1,979", "2011-06-30": "$1,988", "2011-03-31": "$1,943", "2010-12-31": "$1,943", "2010-09-30": "$1,949", "2010-06-30": "$1,949", "2010-03-31": "$1,949", "2009-12-31": "$1,949", "2009-09-30": "$1,949", "2009-06-30": "$1,949", "2009-03-31": "$1,249", "2008-12-31": "$1,249", "2008-09-30": "$1,254", "2008-06-30": "$1,254", "2008-03-31": "$1,254", "2007-12-31": "$754", "2007-09-30": "$754", "2007-06-30": "$754", "2007-03-31": "$754", "2006-12-31": "$754", "2006-09-30": "$753", "2006-06-30": "$763", "2006-03-31": "$763", "2005-12-31": "$764", "2005-09-30": "$764", "2005-06-30": "$617", "2005-03-31": "$618"}}, "total-liabilities": {"EQT Annual Total Liabilities (Millions of US $)": {"2019": "$9,006", "2018": "$9,763", "2017": "$11,108", "2016": "$6,354", "2015": "$5,948", "2014": "$5,662", "2013": "$4,928", "2012": "$4,961", "2011": "$5,179", "2010": "$4,020", "2009": "$3,806", "2008": "$3,280", "2007": "$2,839", "2006": "$2,336", "2005": "$2,988"}, "EQT Quarterly Total Liabilities (Millions of US $)": {"2020-09-30": "$8,729", "2020-06-30": "$8,570", "2020-03-31": "$9,001", "2019-12-31": "$9,006", "2019-09-30": "$9,263", "2019-06-30": "$9,231", "2019-03-31": "$9,200", "2018-12-31": "$9,763", "2018-09-30": "$12,444", "2018-06-30": "$12,261", "2018-03-31": "$10,769", "2017-12-31": "$11,108", "2017-09-30": "$6,560", "2017-06-30": "$6,346", "2017-03-31": "$6,336", "2016-12-31": "$6,354", "2016-09-30": "$5,616", "2016-06-30": "$5,526", "2016-03-31": "$5,568", "2015-12-31": "$5,948", "2015-09-30": "$5,988", "2015-06-30": "$5,927", "2015-03-31": "$5,926", "2014-12-31": "$5,662", "2014-09-30": "$5,588", "2014-06-30": "$5,356", "2014-03-31": "$5,232", "2013-12-31": "$4,928", "2013-09-30": "$4,947", "2013-06-30": "$4,952", "2013-03-31": "$4,875", "2012-12-31": "$4,961", "2012-09-30": "$5,150", "2012-06-30": "$5,102", "2012-03-31": "$5,153", "2011-12-31": "$5,179", "2011-09-30": "$4,282", "2011-06-30": "$4,057", "2011-03-31": "$3,884", "2010-12-31": "$4,020", "2010-09-30": "$3,867", "2010-06-30": "$3,767", "2010-03-31": "$3,761", "2009-12-31": "$3,806", "2009-09-30": "$3,578", "2009-06-30": "$3,520", "2009-03-31": "$3,141", "2008-12-31": "$3,280", "2008-09-30": "$3,048", "2008-06-30": "$3,435", "2008-03-31": "$3,010", "2007-12-31": "$2,839", "2007-09-30": "$2,580", "2007-06-30": "$2,416", "2007-03-31": "$2,307", "2006-12-31": "$2,336", "2006-09-30": "$2,221", "2006-06-30": "$2,305", "2006-03-31": "$2,360", "2005-12-31": "$2,988", "2005-09-30": "$3,360", "2005-06-30": "$2,370", "2005-03-31": "$2,771"}}, "total-share-holder-equity": {"EQT Annual Share Holder Equity (Millions of US $)": {"2019": "$9,804", "2018": "$10,958", "2017": "$18,415", "2016": "$9,119", "2015": "$8,028", "2014": "$6,373", "2013": "$4,864", "2012": "$3,889", "2011": "$3,594", "2010": "$3,079", "2009": "$2,151", "2008": "$2,050", "2007": "$1,097", "2006": "$946", "2005": "$354"}, "EQT Quarterly Share Holder Equity (Millions of US $)": {"2020-09-30": "$8,846", "2020-06-30": "$9,439", "2020-03-31": "$9,634", "2019-12-31": "$9,804", "2019-09-30": "$10,898", "2019-06-30": "$11,248", "2019-03-31": "$11,140", "2018-12-31": "$10,958", "2018-09-30": "$16,217", "2018-06-30": "$16,703", "2018-03-31": "$16,864", "2017-12-31": "$18,415", "2017-09-30": "$9,425", "2017-06-30": "$9,378", "2017-03-31": "$9,311", "2016-12-31": "$9,119", "2016-09-30": "$9,274", "2016-06-30": "$9,257", "2016-03-31": "$8,482", "2015-12-31": "$8,028", "2015-09-30": "$7,752", "2015-06-30": "$7,645", "2015-03-31": "$7,140", "2014-12-31": "$6,373", "2014-09-30": "$6,175", "2014-06-30": "$6,030", "2014-03-31": "$5,015", "2013-12-31": "$4,864", "2013-09-30": "$4,735", "2013-06-30": "$4,102", "2013-03-31": "$3,927", "2012-12-31": "$3,889", "2012-09-30": "$3,848", "2012-06-30": "$3,646", "2012-03-31": "$3,706", "2011-12-31": "$3,594", "2011-09-30": "$3,438", "2011-06-30": "$3,237", "2011-03-31": "$3,153", "2010-12-31": "$3,079", "2010-09-30": "$3,059", "2010-06-30": "$3,007", "2010-03-31": "$2,799", "2009-12-31": "$2,151", "2009-09-30": "$2,112", "2009-06-30": "$2,156", "2009-03-31": "$2,178", "2008-12-31": "$2,050", "2008-09-30": "$1,898", "2008-06-30": "$1,355", "2008-03-31": "$1,035", "2007-12-31": "$1,097", "2007-09-30": "$1,093", "2007-06-30": "$1,023", "2007-03-31": "$881", "2006-12-31": "$946", "2006-09-30": "$869", "2006-06-30": "$686", "2006-03-31": "$616", "2005-12-31": "$354", "2005-09-30": "$267", "2005-06-30": "$673", "2005-03-31": "$749"}}, "profit-margins": {"current": "-78.35%"}, "gross margin": {"2020-09-30": "33.58%", "2020-06-30": "47.71%", "2020-03-31": "56.37%", "2019-12-31": "56.68%", "2019-09-30": "58.80%", "2019-06-30": "59.92%", "2019-03-31": "56.57%", "2018-12-31": "58.34%", "2018-09-30": "46.06%", "2018-06-30": "48.13%", "2018-03-31": "52.66%", "2017-12-31": "55.87%", "2017-09-30": "49.46%", "2017-06-30": "49.22%", "2017-03-31": "35.64%", "2016-12-31": "23.63%", "2016-09-30": "69.03%", "2016-06-30": "70.51%", "2016-03-31": "75.71%", "2015-12-31": "77.95%", "2015-09-30": "79.85%", "2015-06-30": "80.88%", "2015-03-31": "82.40%", "2014-12-31": "83.36%", "2014-09-30": "85.44%", "2014-06-30": "85.61%", "2014-03-31": "86.24%", "2013-12-31": "85.23%", "2013-09-30": "84.13%", "2013-06-30": "83.71%", "2013-03-31": "82.84%", "2012-12-31": "80.21%", "2012-09-30": "79.99%", "2012-06-30": "79.91%", "2012-03-31": "80.41%", "2011-12-31": "79.40%", "2011-09-30": "78.86%", "2011-06-30": "79.65%", "2011-03-31": "79.99%", "2010-12-31": "79.52%", "2010-09-30": "78.86%", "2010-06-30": "77.88%", "2010-03-31": "76.23%", "2009-12-31": "69.50%", "2009-09-30": "62.52%", "2009-06-30": "59.26%", "2009-03-31": "55.89%", "2008-12-31": "53.71%", "2008-09-30": "53.96%", "2008-06-30": "53.10%", "2008-03-31": "52.19%", "2007-12-31": "53.16%", "2007-09-30": "54.40%", "2007-06-30": "54.30%", "2007-03-31": "55.21%", "2006-12-31": "55.21%", "2006-09-30": "53.10%", "2006-06-30": "53.57%", "2006-03-31": "53.67%", "2005-12-31": "54.35%"}, "operating margin": {"2020-09-30": "-88.25%", "2020-06-30": "-52.49%", "2020-03-31": "-27.51%", "2019-12-31": "-26.11%", "2019-09-30": "-5.63%", "2019-06-30": "-5.20%", "2019-03-31": "-14.99%", "2018-12-31": "-61.06%", "2018-09-30": "-61.24%", "2018-06-30": "-60.04%", "2018-03-31": "-55.83%", "2017-12-31": "12.36%", "2017-09-30": "2.21%", "2017-06-30": "1.00%", "2017-03-31": "-28.27%", "2016-12-31": "-54.39%", "2016-09-30": "-2.40%", "2016-06-30": "0.97%", "2016-03-31": "17.28%", "2015-12-31": "24.06%", "2015-09-30": "22.85%", "2015-06-30": "25.44%", "2015-03-31": "32.18%", "2014-12-31": "34.57%", "2014-09-30": "44.03%", "2014-06-30": "43.04%", "2014-03-31": "41.13%", "2013-12-31": "35.12%", "2013-09-30": "33.57%", "2013-06-30": "31.15%", "2013-03-31": "28.73%", "2012-12-31": "28.62%", "2012-09-30": "30.96%", "2012-06-30": "45.40%", "2012-03-31": "49.01%", "2011-12-31": "52.47%", "2011-09-30": "52.25%", "2011-06-30": "40.57%", "2011-03-31": "38.41%", "2010-12-31": "35.60%", "2010-09-30": "34.65%", "2010-06-30": "31.90%", "2010-03-31": "31.53%", "2009-12-31": "28.13%", "2009-09-30": "24.44%", "2009-06-30": "31.75%", "2009-03-31": "31.92%", "2008-12-31": "29.49%", "2008-09-30": "30.71%", "2008-06-30": "25.03%", "2008-03-31": "23.04%", "2007-12-31": "22.91%", "2007-09-30": "24.64%", "2007-06-30": "24.83%", "2007-03-31": "26.56%", "2006-12-31": "29.42%", "2006-09-30": "28.39%", "2006-06-30": "28.01%", "2006-03-31": "26.83%", "2005-12-31": "27.37%"}, "ebitda margin": {"2020-09-30": "-36.21%", "2020-06-30": "-10.48%", "2020-03-31": "8.15%", "2019-12-31": "10.12%", "2019-09-30": "30.04%", "2019-06-30": "30.41%", "2019-03-31": "24.20%", "2018-12-31": "-22.14%", "2018-09-30": "-21.31%", "2018-06-30": "-21.03%", "2018-03-31": "-19.07%", "2017-12-31": "46.75%", "2017-09-30": "42.42%", "2017-06-30": "42.60%", "2017-03-31": "25.91%", "2016-12-31": "12.46%", "2016-09-30": "46.91%", "2016-06-30": "47.95%", "2016-03-31": "56.27%", "2015-12-31": "59.10%", "2015-09-30": "55.41%", "2015-06-30": "56.71%", "2015-03-31": "60.80%", "2014-12-31": "62.06%", "2014-09-30": "73.54%", "2014-06-30": "73.95%", "2014-03-31": "73.39%", "2013-12-31": "71.54%", "2013-09-30": "67.94%", "2013-06-30": "65.29%", "2013-03-31": "62.44%", "2012-12-31": "59.07%", "2012-09-30": "59.09%", "2012-06-30": "70.72%", "2012-03-31": "71.76%", "2011-12-31": "73.13%", "2011-09-30": "72.70%", "2011-06-30": "61.27%", "2011-03-31": "59.53%", "2010-12-31": "56.01%", "2010-09-30": "41.05%", "2010-06-30": "36.99%", "2010-03-31": "35.17%", "2009-12-31": "30.34%", "2009-09-30": "37.93%", "2009-06-30": "43.35%", "2009-03-31": "41.85%", "2008-12-31": "38.11%", "2008-09-30": "38.76%", "2008-06-30": "33.00%", "2008-03-31": "30.88%", "2007-12-31": "30.91%", "2007-09-30": "32.68%", "2007-06-30": "32.69%", "2007-03-31": "34.52%", "2006-12-31": "37.30%", "2006-09-30": "35.88%", "2006-06-30": "35.38%", "2006-03-31": "34.24%", "2005-12-31": "34.88%"}, "pre tax profit margin": {"2020-09-30": "-101.85%", "2020-06-30": "-69.22%", "2020-03-31": "-44.75%", "2019-12-31": "-36.16%", "2019-09-30": "-16.17%", "2019-06-30": "-10.61%", "2019-03-31": "-19.14%", "2018-12-31": "-67.51%", "2018-09-30": "-66.75%", "2018-06-30": "-65.90%", "2018-03-31": "-61.58%", "2017-12-31": "6.41%", "2017-09-30": "-5.13%", "2017-06-30": "-5.83%", "2017-03-31": "-36.79%", "2016-12-31": "-64.41%", "2016-09-30": "-8.79%", "2016-06-30": "-5.81%", "2016-03-31": "11.24%", "2015-12-31": "18.21%", "2015-09-30": "17.08%", "2015-06-30": "19.61%", "2015-03-31": "26.71%", "2014-12-31": "29.27%", "2014-09-30": "38.54%", "2014-06-30": "37.39%", "2014-03-31": "35.10%", "2013-12-31": "28.03%", "2013-09-30": "24.80%", "2013-06-30": "21.51%", "2013-03-31": "18.28%", "2012-12-31": "18.39%", "2012-09-30": "22.15%", "2012-06-30": "37.15%", "2012-03-31": "42.15%", "2011-12-31": "46.25%", "2011-09-30": "46.41%", "2011-06-30": "34.17%", "2011-03-31": "30.24%", "2010-12-31": "26.83%", "2010-09-30": "25.00%", "2010-06-30": "22.04%", "2010-03-31": "22.07%", "2009-12-31": "20.02%", "2009-09-30": "17.24%", "2009-06-30": "26.31%", "2009-03-31": "27.75%", "2008-12-31": "26.06%", "2008-09-30": "28.72%", "2008-06-30": "23.14%", "2008-03-31": "29.49%", "2007-12-31": "29.52%", "2007-09-30": "30.58%", "2007-06-30": "30.44%", "2007-03-31": "23.09%", "2006-12-31": "25.71%", "2006-09-30": "27.24%", "2006-06-30": "28.40%", "2006-03-31": "31.98%", "2005-12-31": "32.80%"}, "net profit margin": {"2020-09-30": "-78.38%", "2020-06-30": "-54.71%", "2020-03-31": "-36.05%", "2019-12-31": "-27.65%", "2019-09-30": "-14.65%", "2019-06-30": "-7.58%", "2019-03-31": "-10.66%", "2018-12-31": "-49.25%", "2018-09-30": "-7.88%", "2018-06-30": "-7.03%", "2018-03-31": "-6.90%", "2017-12-31": "48.79%", "2017-09-30": "1.50%", "2017-06-30": "0.22%", "2017-03-31": "-16.98%", "2016-12-31": "-32.64%", "2016-09-30": "-21.63%", "2016-06-30": "-18.68%", "2016-03-31": "-3.78%", "2015-12-31": "3.63%", "2015-09-30": "8.39%", "2015-06-30": "10.79%", "2015-03-31": "14.59%", "2014-12-31": "15.67%", "2014-09-30": "22.88%", "2014-06-30": "23.42%", "2014-03-31": "22.87%", "2013-12-31": "20.95%", "2013-09-30": "17.37%", "2013-06-30": "15.32%", "2013-03-31": "13.12%", "2012-12-31": "11.14%", "2012-09-30": "14.22%", "2012-06-30": "23.49%", "2012-03-31": "26.58%", "2011-12-31": "29.25%", "2011-09-30": "29.33%", "2011-06-30": "21.78%", "2011-03-31": "19.28%", "2010-12-31": "17.23%", "2010-09-30": "16.20%", "2010-06-30": "14.00%", "2010-03-31": "13.99%", "2009-12-31": "12.37%", "2009-09-30": "10.12%", "2009-06-30": "16.12%", "2009-03-31": "16.95%", "2008-12-31": "16.17%", "2008-09-30": "18.22%", "2008-06-30": "14.84%", "2008-03-31": "18.88%", "2007-12-31": "18.94%", "2007-09-30": "20.21%", "2007-06-30": "20.04%", "2007-03-31": "15.83%", "2006-12-31": "17.35%", "2006-09-30": "16.91%", "2006-06-30": "18.04%", "2006-03-31": "19.89%", "2005-12-31": "20.67%"}, "pe ratio": {"current": "0.00", "2021-02-05": "0.00", "2020-09-30": "0.00", "2020-06-30": "0.00", "2020-03-31": "0.00", "2019-12-31": "0.00", "2019-09-30": "0.00", "2019-06-30": "0.00", "2019-03-31": "0.00", "2018-12-31": "0.00", "2018-09-30": "0.00", "2018-06-30": "737.51", "2018-03-31": "120.88", "2017-12-31": "4.25", "2017-09-30": "165.81", "2017-06-30": "1041.87", "2017-03-31": "0.00", "2016-12-31": "0.00", "2016-09-30": "0.00", "2016-06-30": "0.00", "2016-03-31": "0.00", "2015-12-31": "48.65", "2015-09-30": "25.51", "2015-06-30": "24.99", "2015-03-31": "18.20", "2014-12-31": "15.83", "2014-09-30": "14.34", "2014-06-30": "17.09", "2014-03-31": "16.21", "2013-12-31": "18.52", "2013-09-30": "21.99", "2013-06-30": "23.80", "2013-03-31": "25.53", "2012-12-31": "25.49", "2012-09-30": "20.66", "2012-06-30": "11.32", "2012-03-31": "8.81", "2011-12-31": "8.91", "2011-09-30": "8.96", "2011-06-30": "12.70", "2011-03-31": "14.62", "2010-12-31": "14.49", "2010-09-30": "12.12", "2010-06-30": "14.14", "2010-03-31": "15.95", "2009-12-31": "18.43", "2009-09-30": "20.55", "2009-06-30": "9.91", "2009-03-31": "7.77", "2008-12-31": "8.19", "2008-09-30": "7.97", "2008-06-30": "18.83", "2008-03-31": "12.88", "2007-12-31": "12.22", "2007-09-30": "11.31", "2007-06-30": "10.81", "2007-03-31": "13.70", "2006-12-31": "10.93"}, "price sales": {"2021-02-05": "1.52", "2020-09-30": "1.17", "2020-06-30": "0.84", "2020-03-31": "0.41", "2019-12-31": "0.63", "2019-09-30": "0.58", "2019-06-30": "0.85", "2019-03-31": "1.21", "2018-12-31": "1.07", "2018-09-30": "1.38", "2018-06-30": "1.75", "2018-03-31": "1.47", "2017-12-31": "1.74", "2017-09-30": "2.51", "2017-06-30": "2.35", "2017-03-31": "3.23", "2016-12-31": "4.15", "2016-09-30": "3.40", "2016-06-30": "3.44", "2016-03-31": "2.54", "2015-12-31": "1.81", "2015-09-30": "2.15", "2015-06-30": "2.71", "2015-03-31": "2.66", "2014-12-31": "2.48", "2014-09-30": "3.28", "2014-06-30": "4.00", "2014-03-31": "3.69", "2013-12-31": "3.86", "2013-09-30": "3.81", "2013-06-30": "3.63", "2013-03-31": "3.35", "2012-12-31": "2.85", "2012-09-30": "2.93", "2012-06-30": "2.66", "2012-03-31": "2.33", "2011-12-31": "2.60", "2011-09-30": "2.63", "2011-06-30": "2.76", "2011-03-31": "2.82", "2010-12-31": "2.50", "2010-09-30": "1.97", "2010-06-30": "1.97", "2010-03-31": "2.21", "2009-12-31": "2.27", "2009-09-30": "2.08", "2009-06-30": "1.60", "2009-03-31": "1.33", "2008-12-31": "1.33", "2008-09-30": "1.44", "2008-06-30": "2.79", "2008-03-31": "2.42", "2007-12-31": "2.30", "2007-09-30": "2.27", "2007-06-30": "2.15", "2007-03-31": "2.15", "2006-12-31": "1.88"}, "price book": {"current": "0.48", "2021-02-05": "0.48", "2020-09-30": "0.37", "2020-06-30": "0.32", "2020-03-31": "0.19", "2019-12-31": "0.28", "2019-09-30": "0.25", "2019-06-30": "0.35", "2019-03-31": "0.47", "2018-12-31": "0.43", "2018-09-30": "0.37", "2018-06-30": "0.47", "2018-03-31": "0.40", "2017-12-31": "0.44", "2017-09-30": "0.64", "2017-06-30": "0.58", "2017-03-31": "0.61", "2016-12-31": "0.66", "2016-09-30": "0.72", "2016-06-30": "0.77", "2016-03-31": "0.68", "2015-12-31": "0.53", "2015-09-30": "0.68", "2015-06-30": "0.86", "2015-03-31": "0.94", "2014-12-31": "0.96", "2014-09-30": "1.19", "2014-06-30": "1.43", "2014-03-31": "1.55", "2013-12-31": "1.47", "2013-09-30": "1.49", "2013-06-30": "1.54", "2013-03-31": "1.37", "2012-12-31": "1.20", "2012-09-30": "1.21", "2012-06-30": "1.15", "2012-03-31": "1.01", "2011-12-31": "1.18", "2011-09-30": "1.20", "2011-06-30": "1.25", "2011-03-31": "1.21", "2010-12-31": "1.11", "2010-09-30": "0.89", "2010-06-30": "0.90", "2010-03-31": "1.06", "2009-12-31": "0.00", "2009-09-30": "1.31", "2009-06-30": "1.05", "2009-03-31": "0.92", "2008-12-31": "1.05", "2008-09-30": "1.23", "2008-06-30": "3.22", "2008-03-31": "3.35", "2007-12-31": "2.84", "2007-09-30": "2.76", "2007-06-30": "2.80", "2007-03-31": "3.16", "2006-12-31": "2.53", "2006-09-30": "2.28", "2006-06-30": "2.75", "2006-03-31": "3.31"}, "price fcf": {"2021-02-05": "", "2020-09-30": "$1.29", "2020-06-30": "$0.96", "2020-03-31": "$-0.03", "2019-12-31": "$0.98", "2019-09-30": "$-3.02", "2019-06-30": "$-0.85", "2019-03-31": "$-2.07", "2018-12-31": "$-3.81", "2018-09-30": "$3.23", "2018-06-30": "$1.03", "2018-03-31": "$-3.28", "2017-12-31": "$-2.44", "2017-09-30": "$-8.88", "2017-06-30": "$-11.51", "2017-03-31": "$-7.35", "2016-12-31": "$-9.20", "2016-09-30": "$-6.16", "2016-06-30": "$-5.28", "2016-03-31": "$-7.25", "2015-12-31": "$-7.96", "2015-09-30": "$-8.62", "2015-06-30": "$-7.77", "2015-03-31": "$-7.08", "2014-12-31": "$-5.61", "2014-09-30": "$-1.48", "2014-06-30": "$-0.26", "2014-03-31": "$0.89", "2013-12-31": "$0.92", "2013-09-30": "$-3.15", "2013-06-30": "$-3.50", "2013-03-31": "$-3.50", "2012-12-31": "$-3.80", "2012-09-30": "$-3.67", "2012-06-30": "$-0.97", "2012-03-31": "$0.04", "2011-12-31": "$1.74", "2011-09-30": "$1.66", "2011-06-30": "$-1.63", "2011-03-31": "$-2.08", "2010-12-31": "$-3.05", "2010-09-30": "$-0.98", "2010-06-30": "$-0.53", "2010-03-31": "$0.39", "2009-12-31": "$0.00", "2009-09-30": "$-2.18", "2009-06-30": "$-2.82", "2009-03-31": "$-5.56", "2008-12-31": "$-6.36", "2008-09-30": "$-6.22", "2008-06-30": "$-6.11", "2008-03-31": "$-2.60", "2007-12-31": "$-1.27", "2007-09-30": "$-0.51", "2007-06-30": "$1.30", "2007-03-31": "$0.41", "2006-12-31": "$1.79"}, "net worth": {"value": "$4.28B"}, "current ratio": {"2020-09-30": "0.73", "2020-06-30": "0.99", "2020-03-31": "1.32", "2019-12-31": "1.30", "2019-09-30": "1.03", "2019-06-30": "1.04", "2019-03-31": "0.63", "2018-12-31": "0.84", "2018-09-30": "0.47", "2018-06-30": "0.76", "2018-03-31": "1.08", "2017-12-31": "0.94", "2017-09-30": "0.60", "2017-06-30": "0.74", "2017-03-31": "1.40", "2016-12-31": "2.27", "2016-09-30": "3.47", "2016-06-30": "4.96", "2016-03-31": "5.12", "2015-12-31": "2.83", "2015-09-30": "2.28", "2015-06-30": "2.42", "2015-03-31": "2.39", "2014-12-31": "2.29", "2014-09-30": "3.01", "2014-06-30": "2.07", "2014-03-31": "1.81", "2013-12-31": "2.40", "2013-09-30": "1.73", "2013-06-30": "1.17", "2013-03-31": "1.32", "2012-12-31": "1.50", "2012-09-30": "1.50", "2012-06-30": "1.74", "2012-03-31": "2.24", "2011-12-31": "2.10", "2011-09-30": "1.64", "2011-06-30": "1.69", "2011-03-31": "1.52", "2010-12-31": "1.39", "2010-09-30": "1.48", "2010-06-30": "1.85", "2010-03-31": "2.37", "2009-12-31": "1.14", "2009-09-30": "1.48", "2009-06-30": "1.95", "2009-03-31": "0.94", "2008-12-31": "0.89", "2008-09-30": "0.89", "2008-06-30": "0.65", "2008-03-31": "0.55", "2007-12-31": "0.49", "2007-09-30": "0.59", "2007-06-30": "0.60", "2007-03-31": "0.45", "2006-12-31": "0.66", "2006-09-30": "0.64", "2006-06-30": "0.53", "2006-03-31": "0.52", "2005-12-31": "0.52", "2005-09-30": "0.54", "2005-06-30": "0.60", "2005-03-31": "0.47"}, "quick ratio": {"2020-09-30": "0.00", "2020-06-30": "0.00", "2020-03-31": "0.00", "2019-12-31": "0.00", "2019-09-30": "0.00", "2019-06-30": "0.00", "2019-03-31": "0.00", "2018-12-31": "0.00", "2018-09-30": "0.00", "2018-06-30": "0.00", "2018-03-31": "0.00", "2017-12-31": "0.00", "2017-09-30": "0.00", "2017-06-30": "0.00", "2017-03-31": "0.00", "2016-12-31": "0.00", "2016-09-30": "0.00", "2016-06-30": "0.00", "2016-03-31": "0.00", "2015-12-31": "0.00", "2015-09-30": "0.00", "2015-06-30": "0.00", "2015-03-31": "0.00", "2014-12-31": "0.00", "2014-09-30": "0.00", "2014-06-30": "2.06", "2014-03-31": "1.79", "2013-12-31": "2.36", "2013-09-30": "1.60", "2013-06-30": "1.05", "2013-03-31": "1.23", "2012-12-31": "1.42", "2012-09-30": "1.39", "2012-06-30": "1.63", "2012-03-31": "2.15", "2011-12-31": "1.95", "2011-09-30": "1.40", "2011-06-30": "1.46", "2011-03-31": "1.34", "2010-12-31": "1.16", "2010-09-30": "1.16", "2010-06-30": "1.55", "2010-03-31": "2.13", "2009-12-31": "0.84", "2009-09-30": "1.08", "2009-06-30": "1.60", "2009-03-31": "0.75", "2008-12-31": "0.61", "2008-09-30": "0.54", "2008-06-30": "0.50", "2008-03-31": "0.43", "2007-12-31": "0.30", "2007-09-30": "0.34", "2007-06-30": "0.39", "2007-03-31": "0.32", "2006-12-31": "0.41", "2006-09-30": "0.33", "2006-06-30": "0.29", "2006-03-31": "0.38", "2005-12-31": "0.39", "2005-09-30": "0.44", "2005-06-30": "0.45", "2005-03-31": "0.40"}, "debt equity ratio": {"current": "0.53", "2020-09-30": "0.99", "2020-06-30": "0.91", "2020-03-31": "0.93", "2019-12-31": "0.92", "2019-09-30": "0.85", "2019-06-30": "0.82", "2019-03-31": "0.83", "2018-12-31": "0.89", "2018-09-30": "0.77", "2018-06-30": "0.73", "2018-03-31": "0.64", "2017-12-31": "0.60", "2017-09-30": "0.70", "2017-06-30": "0.68", "2017-03-31": "0.68", "2016-12-31": "0.70", "2016-09-30": "0.61", "2016-06-30": "0.60", "2016-03-31": "0.66", "2015-12-31": "0.74", "2015-09-30": "0.77", "2015-06-30": "0.78", "2015-03-31": "0.83", "2014-12-31": "0.89", "2014-09-30": "0.91", "2014-06-30": "0.89", "2014-03-31": "1.04", "2013-12-31": "1.01", "2013-09-30": "1.05", "2013-06-30": "1.21", "2013-03-31": "1.24", "2012-12-31": "1.28", "2012-09-30": "1.34", "2012-06-30": "1.40", "2012-03-31": "1.39", "2011-12-31": "1.44", "2011-09-30": "1.25", "2011-06-30": "1.25", "2011-03-31": "1.23", "2010-12-31": "1.31", "2010-09-30": "1.26", "2010-06-30": "1.25", "2010-03-31": "1.34", "2009-12-31": "1.77", "2009-09-30": "1.69", "2009-06-30": "1.63", "2009-03-31": "1.44", "2008-12-31": "1.60", "2008-09-30": "1.61", "2008-06-30": "2.54", "2008-03-31": "2.91", "2007-12-31": "2.59", "2007-09-30": "2.36", "2007-06-30": "2.36", "2007-03-31": "2.62", "2006-12-31": "2.47", "2006-09-30": "2.56", "2006-06-30": "3.36", "2006-03-31": "3.83", "2005-12-31": "8.43", "2005-09-30": "12.60", "2005-06-30": "3.52", "2005-03-31": "3.70"}, "return on equity": {"2020-09-30": "-23.41%", "2020-06-30": "-19.79%", "2020-03-31": "-15.19%", "2019-12-31": "-11.33%", "2019-09-30": "-6.16%", "2019-06-30": "-2.91%", "2019-03-31": "-3.40%", "2018-12-31": "-14.78%", "2018-09-30": "-1.92%", "2018-06-30": "-1.73%", "2018-03-31": "-1.79%", "2017-12-31": "12.96%", "2017-09-30": "0.39%", "2017-06-30": "0.05%", "2017-03-31": "-3.19%", "2016-12-31": "-5.01%", "2016-09-30": "-4.52%", "2016-06-30": "-4.14%", "2016-03-31": "-1.03%", "2015-12-31": "1.11%", "2015-09-30": "2.84%", "2015-06-30": "3.85%", "2015-03-31": "5.72%", "2014-12-31": "6.56%", "2014-09-30": "9.36%", "2014-06-30": "9.80%", "2014-03-31": "10.30%", "2013-12-31": "8.85%", "2013-09-30": "7.76%", "2013-06-30": "6.77%", "2013-03-31": "5.51%", "2012-12-31": "4.85%", "2012-09-30": "6.11%", "2012-06-30": "10.37%", "2012-03-31": "12.31%", "2011-12-31": "14.30%", "2011-09-30": "14.32%", "2011-06-30": "10.22%", "2011-03-31": "8.52%", "2010-12-31": "7.64%", "2010-09-30": "7.63%", "2010-06-30": "6.99%", "2010-03-31": "7.51%", "2009-12-31": "7.30%", "2009-09-30": "6.36%", "2009-06-30": "11.01%", "2009-03-31": "13.69%", "2008-12-31": "16.09%", "2008-09-30": "21.02%", "2008-06-30": "19.21%", "2008-03-31": "25.61%", "2007-12-31": "25.21%", "2007-09-30": "27.29%", "2007-06-30": "28.82%", "2007-03-31": "24.25%", "2006-12-31": "28.23%", "2006-09-30": "35.01%", "2006-06-30": "48.88%", "2006-03-31": "53.40%", "2005-12-31": "50.71%"}, "return on assets": {"2020-09-30": "-12.09%", "2020-06-30": "-10.41%", "2020-03-31": "-8.09%", "2019-12-31": "-6.12%", "2019-09-30": "-3.33%", "2019-06-30": "-1.60%", "2019-03-31": "-1.90%", "2018-12-31": "-8.47%", "2018-09-30": "-1.14%", "2018-06-30": "-1.04%", "2018-03-31": "-1.09%", "2017-12-31": "7.85%", "2017-09-30": "0.23%", "2017-06-30": "0.03%", "2017-03-31": "-1.94%", "2016-12-31": "-3.06%", "2016-09-30": "-2.75%", "2016-06-30": "-2.45%", "2016-03-31": "-0.59%", "2015-12-31": "0.63%", "2015-09-30": "1.56%", "2015-06-30": "2.09%", "2015-03-31": "3.05%", "2014-12-31": "3.41%", "2014-09-30": "4.79%", "2014-06-30": "4.92%", "2014-03-31": "4.97%", "2013-12-31": "4.18%", "2013-09-30": "3.55%", "2013-06-30": "2.99%", "2013-03-31": "2.38%", "2012-12-31": "2.06%", "2012-09-30": "2.56%", "2012-06-30": "4.38%", "2012-03-31": "5.27%", "2011-12-31": "6.23%", "2011-09-30": "6.34%", "2011-06-30": "4.51%", "2011-03-31": "3.77%", "2010-12-31": "3.33%", "2010-09-30": "3.20%", "2010-06-30": "2.82%", "2010-03-31": "2.90%", "2009-12-31": "2.77%", "2009-09-30": "2.45%", "2009-06-30": "4.29%", "2009-03-31": "5.02%", "2008-12-31": "5.34%", "2008-09-30": "6.39%", "2008-06-30": "5.35%", "2008-03-31": "7.21%", "2007-12-31": "7.25%", "2007-09-30": "7.92%", "2007-06-30": "8.25%", "2007-03-31": "6.53%", "2006-12-31": "7.13%", "2006-09-30": "7.13%", "2006-06-30": "7.27%", "2006-03-31": "7.85%", "2005-12-31": "7.66%"}, "return on investments": {"2020-09-30": "-17.35%", "2020-06-30": "-12.62%", "2020-03-31": "-7.77%", "2019-12-31": "-7.34%", "2019-09-30": "-1.65%", "2019-06-30": "-1.38%", "2019-03-31": "-3.30%", "2018-12-31": "-12.56%", "2018-09-30": "-10.48%", "2018-06-30": "-10.61%", "2018-03-31": "-10.76%", "2017-12-31": "2.51%", "2017-09-30": "0.43%", "2017-06-30": "0.19%", "2017-03-31": "-4.01%", "2016-12-31": "-6.32%", "2016-09-30": "-0.38%", "2016-06-30": "0.16%", "2016-03-31": "3.48%", "2015-12-31": "5.39%", "2015-09-30": "5.56%", "2015-06-30": "6.40%", "2015-03-31": "8.83%", "2014-12-31": "9.95%", "2014-09-30": "12.23%", "2014-06-30": "12.16%", "2014-03-31": "12.09%", "2013-12-31": "9.47%", "2013-09-30": "9.37%", "2013-06-30": "8.43%", "2013-03-31": "7.30%", "2012-12-31": "7.49%", "2012-09-30": "7.92%", "2012-06-30": "12.07%", "2012-03-31": "13.81%", "2011-12-31": "15.76%", "2011-09-30": "15.86%", "2011-06-30": "11.71%", "2011-03-31": "10.40%", "2010-12-31": "9.55%", "2010-09-30": "9.55%", "2010-06-30": "8.98%", "2010-03-31": "9.17%", "2009-12-31": "9.10%", "2009-09-30": "8.76%", "2009-06-30": "12.84%", "2009-03-31": "15.44%", "2008-12-31": "16.39%", "2008-09-30": "19.27%", "2008-06-30": "17.27%", "2008-03-31": "17.11%", "2007-12-31": "17.55%", "2007-09-30": "18.85%", "2007-06-30": "19.72%", "2007-03-31": "21.48%", "2006-12-31": "24.26%", "2006-09-30": "26.65%", "2006-06-30": "29.33%", "2006-03-31": "28.55%", "2005-12-31": "28.54%"}, "return on tangible equity": {"2020-09-30": "-23.45%", "2020-06-30": "-19.84%", "2020-03-31": "-15.24%", "2019-12-31": "-11.38%", "2019-09-30": "-6.19%", "2019-06-30": "-3.08%", "2019-03-31": "-3.78%", "2018-12-31": "-17.08%", "2018-09-30": "-2.20%", "2018-06-30": "-1.91%", "2018-03-31": "-1.91%", "2017-12-31": "13.13%", "2017-09-30": "0.39%", "2017-06-30": "0.05%", "2017-03-31": "-3.19%", "2016-12-31": "-5.01%", "2016-09-30": "-4.52%", "2016-06-30": "-4.14%", "2016-03-31": "-1.03%", "2015-12-31": "1.11%", "2015-09-30": "2.84%", "2015-06-30": "3.85%", "2015-03-31": "5.72%", "2014-12-31": "6.56%", "2014-09-30": "9.36%", "2014-06-30": "9.80%", "2014-03-31": "10.30%", "2013-12-31": "8.85%", "2013-09-30": "7.76%", "2013-06-30": "6.77%", "2013-03-31": "5.51%", "2012-12-31": "4.85%", "2012-09-30": "6.11%", "2012-06-30": "10.37%", "2012-03-31": "12.31%", "2011-12-31": "14.30%", "2011-09-30": "14.32%", "2011-06-30": "10.22%", "2011-03-31": "8.52%", "2010-12-31": "7.64%", "2010-09-30": "7.63%", "2010-06-30": "6.99%", "2010-03-31": "7.51%", "2009-12-31": "7.30%", "2009-09-30": "6.36%", "2009-06-30": "11.01%", "2009-03-31": "13.69%", "2008-12-31": "16.09%", "2008-09-30": "21.02%", "2008-06-30": "19.21%", "2008-03-31": "25.61%", "2007-12-31": "25.21%", "2007-09-30": "27.29%", "2007-06-30": "28.82%", "2007-03-31": "24.25%", "2006-12-31": "28.23%", "2006-09-30": "35.01%", "2006-06-30": "48.88%", "2006-03-31": "53.40%", "2005-12-31": "50.71%"}, "dividend yield history": {"last payout": "$0.00", "last yield": "0.00%"}}