{"ticker": "EQC", "price": {"title": "Equity Commonwealth Historical Annual Stock Price Data", "value": 28.52, "historical": {"2021": {"Average Stock Price": "27.8721", "Year Open": "26.9400", "Year High": "28.6000", "Year Low": "26.5500", "Year Close": "28.5200", "Annual % Change": "4.55%"}, "2020": {"Average Stock Price": "30.6350", "Year Open": "32.1500", "Year High": "34.6400", "Year Low": "26.0800", "Year Close": "27.2800", "Annual % Change": "-16.91%"}, "2019": {"Average Stock Price": "32.5784", "Year Open": "29.3600", "Year High": "34.6300", "Year Low": "29.3600", "Year Close": "32.8300", "Annual % Change": "9.40%"}, "2018": {"Average Stock Price": "30.7353", "Year Open": "30.5500", "Year High": "32.4900", "Year Low": "28.1000", "Year Close": "30.0100", "Annual % Change": "-1.64%"}, "2017": {"Average Stock Price": "30.9644", "Year Open": "30.3900", "Year High": "32.5100", "Year Low": "29.8000", "Year Close": "30.5100", "Annual % Change": "0.89%"}, "2016": {"Average Stock Price": "28.8287", "Year Open": "27.3000", "Year High": "31.7700", "Year Low": "25.4100", "Year Close": "30.2400", "Annual % Change": "9.05%"}, "2015": {"Average Stock Price": "26.7205", "Year Open": "26.0400", "Year High": "29.6700", "Year Low": "25.2100", "Year Close": "27.7300", "Annual % Change": "8.02%"}, "2014": {"Average Stock Price": "26.0082", "Year Open": "23.3000", "Year High": "28.0600", "Year Low": "22.4000", "Year Close": "25.6700", "Annual % Change": "10.12%"}, "2013": {"Average Stock Price": "22.0870", "Year Open": "16.0600", "Year High": "26.2600", "Year Low": "15.7100", "Year Close": "23.3100", "Annual % Change": "47.16%"}, "2012": {"Average Stock Price": "17.2353", "Year Open": "17.0200", "Year High": "21.0000", "Year Low": "13.5800", "Year Close": "15.8400", "Annual % Change": "-4.81%"}, "2011": {"Average Stock Price": "22.7357", "Year Open": "25.9800", "Year High": "28.7100", "Year Low": "15.9500", "Year Close": "16.6400", "Annual % Change": "-34.77%"}, "2010": {"Average Stock Price": "26.9468", "Year Open": "25.6400", "Year High": "32.8000", "Year Low": "23.2700", "Year Close": "25.5100", "Annual % Change": "-1.43%"}, "2009": {"Average Stock Price": "20.2384", "Year Open": "13.4800", "Year High": "32.2800", "Year Low": "10.7200", "Year Close": "25.8800", "Annual % Change": "91.99%"}, "2008": {"Average Stock Price": "25.2025", "Year Open": "30.5200", "Year High": "33.5600", "Year Low": "6.2800", "Year Close": "13.4800", "Annual % Change": "-56.40%"}, "2007": {"Average Stock Price": "43.1423", "Year Open": "49.2400", "Year High": "54.1600", "Year Low": "29.9200", "Year Close": "30.9200", "Annual % Change": "-37.41%"}, "2006": {"Average Stock Price": "45.8231", "Year Open": "42.4800", "Year High": "50.9600", "Year Low": "41.7600", "Year Close": "49.4000", "Annual % Change": "19.32%"}, "2005": {"Average Stock Price": "47.8076", "Year Open": "50.8400", "Year High": "52.6400", "Year Low": "40.8000", "Year Close": "41.4000", "Annual % Change": "-19.33%"}, "2004": {"Average Stock Price": "42.8629", "Year Open": "41.0000", "Year High": "51.8400", "Year Low": "35.4000", "Year Close": "51.3200", "Annual % Change": "27.16%"}, "2003": {"Average Stock Price": "36.4467", "Year Open": "33.5600", "Year High": "41.2000", "Year Low": "32.7200", "Year Close": "40.3600", "Annual % Change": "22.45%"}, "2002": {"Average Stock Price": "34.0938", "Year Open": "34.8800", "Year High": "37.4800", "Year Low": "28.7600", "Year Close": "32.9600", "Annual % Change": "-4.85%"}, "2001": {"Average Stock Price": "34.0550", "Year Open": "32.0000", "Year High": "40.0400", "Year Low": "31.2000", "Year Close": "34.6400", "Annual % Change": "14.50%"}, "2000": {"Average Stock Price": "29.8377", "Year Open": "36.7600", "Year High": "41.7600", "Year Low": "24.7520", "Year Close": "30.2520", "Annual % Change": "-15.97%"}, "1999": {"Average Stock Price": "51.5341", "Year Open": "58.0000", "Year High": "62.2400", "Year Low": "29.7520", "Year Close": "36.0000", "Annual % Change": "-35.71%"}, "1998": {"Average Stock Price": "71.6506", "Year Open": "81.0000", "Year High": "83.7600", "Year Low": "56.0000", "Year Close": "56.0000", "Annual % Change": "-30.21%"}, "1997": {"Average Stock Price": "75.3775", "Year Open": "76.5200", "Year High": "82.5200", "Year Low": "70.5200", "Year Close": "80.2400", "Annual % Change": "4.21%"}, "1996": {"Average Stock Price": "69.7166", "Year Open": "65.0000", "Year High": "77.0000", "Year Low": "64.0000", "Year Close": "77.0000", "Annual % Change": "18.46%"}, "1995": {"Average Stock Price": "60.8660", "Year Open": "54.5200", "Year High": "67.5200", "Year Low": "53.0000", "Year Close": "65.0000", "Annual % Change": "21.45%"}, "1994": {"Average Stock Price": "59.0587", "Year Open": "58.5200", "Year High": "65.0000", "Year Low": "53.5200", "Year Close": "53.5200", "Annual % Change": "-9.29%"}, "1993": {"Average Stock Price": "55.3513", "Year Open": "48.5200", "Year High": "67.0000", "Year Low": "46.5200", "Year Close": "59.0000", "Annual % Change": "19.14%"}, "1992": {"Average Stock Price": "48.0247", "Year Open": "56.5200", "Year High": "58.0000", "Year Low": "36.5000", "Year Close": "49.5200", "Annual % Change": "-13.91%"}, "1991": {"Average Stock Price": "44.5971", "Year Open": "33.0000", "Year High": "57.5200", "Year Low": "30.5000", "Year Close": "57.5200", "Annual % Change": "71.70%"}, "1990": {"Average Stock Price": "35.0949", "Year Open": "38.5000", "Year High": "39.0000", "Year Low": "29.5000", "Year Close": "33.5000", "Annual % Change": "-12.94%"}, "1989": {"Average Stock Price": "36.0395", "Year Open": "34.0000", "Year High": "42.0000", "Year Low": "31.5200", "Year Close": "38.4800", "Annual % Change": "13.18%"}}}, "market cap": {"value": "$3.47B"}, "income statement": {"Revenue": {"2019-12-31": "127.85000", "2018-12-31": "197.02200", "2017-12-31": "340.57100", "2016-12-31": "500.68000", "2015-12-31": "714.89100", "2014-12-31": "861.85700", "2013-12-31": "953.02900", "2012-12-31": "961.08700", "2011-12-31": "741.34400", "2010-12-31": "720.74700", "2009-12-31": "764.46100", "2008-12-31": "752.11000", "2007-12-31": "783.67100", "2006-12-31": "744.00800", "2005-12-31": "708.50100"}, "Cost Of Goods Sold": {"2019-12-31": "", "2018-12-31": "", "2017-12-31": "", "2016-12-31": "", "2015-12-31": "", "2014-12-31": "", "2013-12-31": "", "2012-12-31": "", "2011-12-31": "", "2010-12-31": "", "2009-12-31": "", "2008-12-31": "", "2007-12-31": "", "2006-12-31": "", "2005-12-31": ""}, "Gross Profit": {"2019-12-31": "127.85000", "2018-12-31": "197.02200", "2017-12-31": "340.57100", "2016-12-31": "500.68000", "2015-12-31": "714.89100", "2014-12-31": "861.85700", "2013-12-31": "953.02900", "2012-12-31": "961.08700", "2011-12-31": "741.34400", "2010-12-31": "720.74700", "2009-12-31": "764.46100", "2008-12-31": "752.11000", "2007-12-31": "783.67100", "2006-12-31": "744.00800", "2005-12-31": "708.50100"}, "Research And Development Expenses": {"2019-12-31": "", "2018-12-31": "", "2017-12-31": "", "2016-12-31": "", "2015-12-31": "", "2014-12-31": "", "2013-12-31": "", "2012-12-31": "", "2011-12-31": "", "2010-12-31": "", "2009-12-31": "", "2008-12-31": "", "2007-12-31": "", "2006-12-31": "", "2005-12-31": ""}, "SG&A Expenses": {"2019-12-31": "38.44200", "2018-12-31": "44.43900", "2017-12-31": "47.76000", "2016-12-31": "50.25600", "2015-12-31": "57.45700", "2014-12-31": "113.15500", "2013-12-31": "80.50400", "2012-12-31": "49.31200", "2011-12-31": "38.22100", "2010-12-31": "36.67200", "2009-12-31": "36.60300", "2008-12-31": "33.89100", "2007-12-31": "33.72700", "2006-12-31": "30.22200", "2005-12-31": "30.44600"}, "Other Operating Income Or Expenses": {"2019-12-31": "-46.41800", "2018-12-31": "-92.00300", "2017-12-31": "-161.13900", "2016-12-31": "-259.18200", "2015-12-31": "-342.11000", "2014-12-31": "-573.05400", "2013-12-31": "-534.61600", "2012-12-31": "-403.32100", "2011-12-31": "-310.17500", "2010-12-31": "-354.40300", "2009-12-31": "-328.13200", "2008-12-31": "-314.10900", "2007-12-31": "-315.14300", "2006-12-31": "-299.39500", "2005-12-31": "-269.66900"}, "Operating Expenses": {"2019-12-31": "112.98200", "2018-12-31": "185.48300", "2017-12-31": "299.60700", "2016-12-31": "441.24400", "2015-12-31": "593.56800", "2014-12-31": "913.74100", "2013-12-31": "849.52200", "2012-12-31": "682.91700", "2011-12-31": "520.05800", "2010-12-31": "578.75500", "2009-12-31": "542.76900", "2008-12-31": "515.29800", "2007-12-31": "519.26200", "2006-12-31": "478.68900", "2005-12-31": "435.98200"}, "Operating Income": {"2019-12-31": "14.86800", "2018-12-31": "11.53900", "2017-12-31": "40.96400", "2016-12-31": "59.43600", "2015-12-31": "121.32300", "2014-12-31": "-51.88400", "2013-12-31": "103.50700", "2012-12-31": "278.17000", "2011-12-31": "221.28600", "2010-12-31": "141.99200", "2009-12-31": "221.69200", "2008-12-31": "236.81200", "2007-12-31": "264.40900", "2006-12-31": "265.31900", "2005-12-31": "272.51900"}, "Total Non-Operating Income/Expense": {"2019-12-31": "479.28200", "2018-12-31": "264.52500", "2017-12-31": "-10.79800", "2016-12-31": "174.20300", "2015-12-31": "-19.10200", "2014-12-31": "51.82100", "2013-12-31": "-163.94500", "2012-12-31": "-193.68600", "2011-12-31": "-167.69500", "2010-12-31": "-114.60300", "2009-12-31": "-153.60700", "2008-12-31": "-174.30800", "2007-12-31": "-169.38800", "2006-12-31": "-43.40900", "2005-12-31": "-116.05800"}, "Pre-Tax Income": {"2019-12-31": "494.15000", "2018-12-31": "276.06400", "2017-12-31": "30.16600", "2016-12-31": "233.63900", "2015-12-31": "102.22100", "2014-12-31": "-0.06300", "2013-12-31": "-60.43800", "2012-12-31": "84.48400", "2011-12-31": "53.59100", "2010-12-31": "27.38900", "2009-12-31": "68.08500", "2008-12-31": "62.50400", "2007-12-31": "95.02100", "2006-12-31": "221.91000", "2005-12-31": "156.46100"}, "Income Taxes": {"2019-12-31": "1.28400", "2018-12-31": "3.15600", "2017-12-31": "0.50000", "2016-12-31": "0.74500", "2015-12-31": "2.36400", "2014-12-31": "3.19100", "2013-12-31": "2.63400", "2012-12-31": "3.20700", "2011-12-31": "1.34700", "2010-12-31": "0.55000", "2009-12-31": "0.73500", "2008-12-31": "0.77300", "2007-12-31": "0.39500", "2006-12-31": "", "2005-12-31": ""}, "Income After Taxes": {"2019-12-31": "492.86600", "2018-12-31": "272.90800", "2017-12-31": "29.66600", "2016-12-31": "232.89400", "2015-12-31": "99.85700", "2014-12-31": "-3.25400", "2013-12-31": "-63.07200", "2012-12-31": "81.27700", "2011-12-31": "52.24400", "2010-12-31": "26.83900", "2009-12-31": "67.35000", "2008-12-31": "61.73100", "2007-12-31": "94.62600", "2006-12-31": "221.91000", "2005-12-31": "156.46100"}, "Other Income": {"2019-12-31": "", "2018-12-31": "", "2017-12-31": "", "2016-12-31": "", "2015-12-31": "", "2014-12-31": "", "2013-12-31": "", "2012-12-31": "", "2011-12-31": "", "2010-12-31": "", "2009-12-31": "", "2008-12-31": "", "2007-12-31": "", "2006-12-31": "", "2005-12-31": ""}, "Income From Continuous Operations": {"2019-12-31": "492.86600", "2018-12-31": "272.90800", "2017-12-31": "29.66600", "2016-12-31": "232.89400", "2015-12-31": "99.85700", "2014-12-31": "21.20600", "2013-12-31": "-37.31800", "2012-12-31": "92.69700", "2011-12-31": "52.24400", "2010-12-31": "26.83900", "2009-12-31": "67.35000", "2008-12-31": "61.73100", "2007-12-31": "94.62600", "2006-12-31": "221.91000", "2005-12-31": "156.46100"}, "Income From Discontinued Operations": {"2019-12-31": "", "2018-12-31": "", "2017-12-31": "", "2016-12-31": "", "2015-12-31": "", "2014-12-31": "2.80600", "2013-12-31": "-119.64900", "2012-12-31": "-172.54200", "2011-12-31": "57.74000", "2010-12-31": "108.57000", "2009-12-31": "97.32400", "2008-12-31": "182.91400", "2007-12-31": "29.62900", "2006-12-31": "28.67000", "2005-12-31": "8.52300"}, "Net Income": {"2019-12-31": "484.69200", "2018-12-31": "264.82500", "2017-12-31": "21.66800", "2016-12-31": "205.32900", "2015-12-31": "71.93300", "2014-12-31": "-24.28800", "2013-12-31": "-221.66400", "2012-12-31": "-151.95800", "2011-12-31": "62.99900", "2010-12-31": "81.75500", "2009-12-31": "114.00600", "2008-12-31": "193.97700", "2007-12-31": "59.45300", "2006-12-31": "198.97400", "2005-12-31": "118.98400"}, "EBITDA": {"2019-12-31": "43.75700", "2018-12-31": "62.79200", "2017-12-31": "136.25100", "2016-12-31": "201.49800", "2015-12-31": "323.82500", "2014-12-31": "185.71100", "2013-12-31": "360.06490", "2012-12-31": "549.82900", "2011-12-31": "459.85800", "2010-12-31": "380.50100", "2009-12-31": "434.19500", "2008-12-31": "443.67300", "2007-12-31": "461.72600", "2006-12-31": "440.11900", "2005-12-31": "418.85400"}, "EBIT": {"2019-12-31": "14.86800", "2018-12-31": "11.53900", "2017-12-31": "40.96400", "2016-12-31": "59.43600", "2015-12-31": "121.32300", "2014-12-31": "-51.88400", "2013-12-31": "103.50700", "2012-12-31": "278.17000", "2011-12-31": "221.28600", "2010-12-31": "141.99200", "2009-12-31": "221.69200", "2008-12-31": "236.81200", "2007-12-31": "264.40900", "2006-12-31": "265.31900", "2005-12-31": "272.51900"}, "Basic Shares Outstanding": {"2019-12-31": "122.09100", "2018-12-31": "122.31400", "2017-12-31": "124.12500", "2016-12-31": "125.47400", "2015-12-31": "128.62100", "2014-12-31": "125.16300", "2013-12-31": "112.37800", "2012-12-31": "83.75000", "2011-12-31": "77.42800", "2010-12-31": "64.70300", "2009-12-31": "56.05500", "2008-12-31": "56.61700", "2007-12-31": "53.59030", "2006-12-31": "52.49130", "2005-12-31": "49.45780"}, "Shares Outstanding": {"2019-12-31": "126.26000", "2018-12-31": "123.38500", "2017-12-31": "125.12900", "2016-12-31": "126.76800", "2015-12-31": "129.43700", "2014-12-31": "125.16300", "2013-12-31": "112.37800", "2012-12-31": "83.75000", "2011-12-31": "77.42800", "2010-12-31": "64.70300", "2009-12-31": "63.35300", "2008-12-31": "63.91500", "2007-12-31": "60.88850", "2006-12-31": "54.13100", "2005-12-31": "49.45780"}, "Basic EPS": {"2019-12-31": "3.97000", "2018-12-31": "2.17000", "2017-12-31": "0.17000", "2016-12-31": "1.64000", "2015-12-31": "0.56000", "2014-12-31": "-0.19000", "2013-12-31": "-1.97000", "2012-12-31": "-1.81000", "2011-12-31": "0.81000", "2010-12-31": "1.26000", "2009-12-31": "2.03000", "2008-12-31": "3.43000", "2007-12-31": "1.12000", "2006-12-31": "3.80000", "2005-12-31": "2.40000"}, "EPS - Earnings Per Share": {"2019-12-31": "3.90000", "2018-12-31": "2.15000", "2017-12-31": "0.17000", "2016-12-31": "1.62000", "2015-12-31": "0.56000", "2014-12-31": "-0.19000", "2013-12-31": "-1.97000", "2012-12-31": "-1.81000", "2011-12-31": "0.81000", "2010-12-31": "1.26000", "2009-12-31": "2.03000", "2008-12-31": "3.43000", "2007-12-31": "1.12000", "2006-12-31": "3.76000", "2005-12-31": "2.40000"}}, "income statement, quarterly": {"Revenue": {"2020-09-30": "16.48500", "2020-06-30": "16.26500", "2020-03-31": "18.82000", "2019-12-31": "25.99500", "2019-09-30": "26.73500", "2019-06-30": "33.36800", "2019-03-31": "41.75200", "2018-12-31": "42.92500", "2018-09-30": "46.87300", "2018-06-30": "48.63600", "2018-03-31": "58.58800", "2017-12-31": "71.62300", "2017-09-30": "77.79800", "2017-06-30": "91.59900", "2017-03-31": "99.55100", "2016-12-31": "103.54600", "2016-09-30": "114.63200", "2016-06-30": "145.36700", "2016-03-31": "137.13500", "2015-12-31": "138.93400", "2015-09-30": "159.20800", "2015-06-30": "203.69400", "2015-03-31": "213.05500", "2014-12-31": "212.80800", "2014-09-30": "216.59500", "2014-06-30": "215.19400", "2014-03-31": "217.26000", "2013-12-31": "214.02800", "2013-09-30": "214.20100", "2013-06-30": "262.18800", "2013-03-31": "262.61200", "2012-12-31": "241.11000", "2012-09-30": "226.80200", "2012-06-30": "249.79700", "2012-03-31": "243.37800", "2011-12-31": "70.94800", "2011-09-30": "241.78500", "2011-06-30": "217.93800", "2011-03-31": "210.67300", "2010-12-31": "136.79200", "2010-09-30": "193.05900", "2010-06-30": "195.81700", "2010-03-31": "195.07900", "2009-12-31": "128.68100", "2009-09-30": "206.03200", "2009-06-30": "212.77700", "2009-03-31": "216.97100", "2008-12-31": "134.97600", "2008-09-30": "211.68900", "2008-06-30": "204.27300", "2008-03-31": "201.17200", "2007-12-31": "185.47700", "2007-09-30": "196.99900", "2007-06-30": "196.23100", "2007-03-31": "204.96400", "2006-12-31": "153.95000", "2006-09-30": "202.54200", "2006-06-30": "197.95700", "2006-03-31": "189.55900", "2005-12-31": "185.23900", "2005-09-30": "182.89400", "2005-06-30": "173.81400", "2005-03-31": "166.55400"}, "Cost Of Goods Sold": {"2020-09-30": "", "2020-06-30": "", "2020-03-31": "", "2019-12-31": "", "2019-09-30": "", "2019-06-30": "", "2019-03-31": "", "2018-12-31": "", "2018-09-30": "", "2018-06-30": "", "2018-03-31": "", "2017-12-31": "", "2017-09-30": "", "2017-06-30": "", "2017-03-31": "", "2016-12-31": "", "2016-09-30": "", "2016-06-30": "", "2016-03-31": "", "2015-12-31": "", "2015-09-30": "", "2015-06-30": "", "2015-03-31": "", "2014-12-31": "", "2014-09-30": "", "2014-06-30": "", "2014-03-31": "", "2013-12-31": "", "2013-09-30": "", "2013-06-30": "", "2013-03-31": "", "2012-12-31": "", "2012-09-30": "", "2012-06-30": "", "2012-03-31": "", "2011-12-31": "", "2011-09-30": "", "2011-06-30": "", "2011-03-31": "", "2010-12-31": "", "2010-09-30": "", "2010-06-30": "", "2010-03-31": "", "2009-12-31": "", "2009-09-30": "", "2009-06-30": "", "2009-03-31": "", "2008-12-31": "", "2008-09-30": "", "2008-06-30": "", "2008-03-31": "", "2007-12-31": "", "2007-09-30": "", "2007-06-30": "", "2007-03-31": "", "2006-12-31": "", "2006-09-30": "", "2006-06-30": "", "2006-03-31": "", "2005-12-31": "", "2005-09-30": "", "2005-06-30": "", "2005-03-31": ""}, "Gross Profit": {"2020-09-30": "16.48500", "2020-06-30": "16.26500", "2020-03-31": "18.82000", "2019-12-31": "25.99500", "2019-09-30": "26.73500", "2019-06-30": "33.36800", "2019-03-31": "41.75200", "2018-12-31": "42.92500", "2018-09-30": "46.87300", "2018-06-30": "48.63600", "2018-03-31": "58.58800", "2017-12-31": "71.62300", "2017-09-30": "77.79800", "2017-06-30": "91.59900", "2017-03-31": "99.55100", "2016-12-31": "103.54600", "2016-09-30": "114.63200", "2016-06-30": "145.36700", "2016-03-31": "137.13500", "2015-12-31": "138.93400", "2015-09-30": "159.20800", "2015-06-30": "203.69400", "2015-03-31": "213.05500", "2014-12-31": "212.80800", "2014-09-30": "216.59500", "2014-06-30": "215.19400", "2014-03-31": "217.26000", "2013-12-31": "214.02800", "2013-09-30": "214.20100", "2013-06-30": "262.18800", "2013-03-31": "262.61200", "2012-12-31": "241.11000", "2012-09-30": "226.80200", "2012-06-30": "249.79700", "2012-03-31": "243.37800", "2011-12-31": "70.94800", "2011-09-30": "241.78500", "2011-06-30": "217.93800", "2011-03-31": "210.67300", "2010-12-31": "136.79200", "2010-09-30": "193.05900", "2010-06-30": "195.81700", "2010-03-31": "195.07900", "2009-12-31": "128.68100", "2009-09-30": "206.03200", "2009-06-30": "212.77700", "2009-03-31": "216.97100", "2008-12-31": "134.97600", "2008-09-30": "211.68900", "2008-06-30": "204.27300", "2008-03-31": "201.17200", "2007-12-31": "185.47700", "2007-09-30": "196.99900", "2007-06-30": "196.23100", "2007-03-31": "204.96400", "2006-12-31": "153.95000", "2006-09-30": "202.54200", "2006-06-30": "197.95700", "2006-03-31": "189.55900", "2005-12-31": "185.23900", "2005-09-30": "182.89400", "2005-06-30": "173.81400", "2005-03-31": "166.55400"}, "Research And Development Expenses": {"2020-09-30": "", "2020-06-30": "", "2020-03-31": "", "2019-12-31": "", "2019-09-30": "", "2019-06-30": "", "2019-03-31": "", "2018-12-31": "", "2018-09-30": "", "2018-06-30": "", "2018-03-31": "", "2017-12-31": "", "2017-09-30": "", "2017-06-30": "", "2017-03-31": "", "2016-12-31": "", "2016-09-30": "", "2016-06-30": "", "2016-03-31": "", "2015-12-31": "", "2015-09-30": "", "2015-06-30": "", "2015-03-31": "", "2014-12-31": "", "2014-09-30": "", "2014-06-30": "", "2014-03-31": "", "2013-12-31": "", "2013-09-30": "", "2013-06-30": "", "2013-03-31": "", "2012-12-31": "", "2012-09-30": "", "2012-06-30": "", "2012-03-31": "", "2011-12-31": "", "2011-09-30": "", "2011-06-30": "", "2011-03-31": "", "2010-12-31": "", "2010-09-30": "", "2010-06-30": "", "2010-03-31": "", "2009-12-31": "", "2009-09-30": "", "2009-06-30": "", "2009-03-31": "", "2008-12-31": "", "2008-09-30": "", "2008-06-30": "", "2008-03-31": "", "2007-12-31": "", "2007-09-30": "", "2007-06-30": "", "2007-03-31": "", "2006-12-31": "", "2006-09-30": "", "2006-06-30": "", "2006-03-31": "", "2005-12-31": "", "2005-09-30": "", "2005-06-30": "", "2005-03-31": ""}, "SG&A Expenses": {"2020-09-30": "7.19100", "2020-06-30": "8.30200", "2020-03-31": "10.60400", "2019-12-31": "8.29000", "2019-09-30": "8.52300", "2019-06-30": "9.53300", "2019-03-31": "12.09600", "2018-12-31": "8.97300", "2018-09-30": "10.90500", "2018-06-30": "11.22200", "2018-03-31": "13.33900", "2017-12-31": "12.03300", "2017-09-30": "11.68900", "2017-06-30": "11.96000", "2017-03-31": "12.07800", "2016-12-31": "11.49000", "2016-09-30": "13.27700", "2016-06-30": "12.17700", "2016-03-31": "13.31200", "2015-12-31": "13.73900", "2015-09-30": "16.24900", "2015-06-30": "10.91100", "2015-03-31": "16.55800", "2014-12-31": "16.76000", "2014-09-30": "47.45000", "2014-06-30": "24.09700", "2014-03-31": "24.84800", "2013-12-31": "17.05000", "2013-09-30": "25.74200", "2013-06-30": "21.04900", "2013-03-31": "16.66300", "2012-12-31": "12.61600", "2012-09-30": "12.56500", "2012-06-30": "12.59500", "2012-03-31": "11.53600", "2011-12-31": "3.94600", "2011-09-30": "11.69200", "2011-06-30": "11.62400", "2011-03-31": "10.95900", "2010-12-31": "8.16400", "2010-09-30": "9.70400", "2010-06-30": "9.55400", "2010-03-31": "9.25000", "2009-12-31": "7.70900", "2009-09-30": "9.60700", "2009-06-30": "9.79600", "2009-03-31": "9.49100", "2008-12-31": "6.85400", "2008-09-30": "9.18400", "2008-06-30": "8.99100", "2008-03-31": "8.86200", "2007-12-31": "8.07700", "2007-09-30": "8.43900", "2007-06-30": "8.63300", "2007-03-31": "8.57800", "2006-12-31": "5.29600", "2006-09-30": "8.51300", "2006-06-30": "8.54000", "2006-03-31": "7.87300", "2005-12-31": "7.01600", "2005-09-30": "9.10200", "2005-06-30": "7.45300", "2005-03-31": "6.87500"}, "Other Operating Income Or Expenses": {"2020-09-30": "-6.44400", "2020-06-30": "-6.67700", "2020-03-31": "-8.76100", "2019-12-31": "-9.74100", "2019-09-30": "-9.92300", "2019-06-30": "-10.97400", "2019-03-31": "-15.78000", "2018-12-31": "-15.53900", "2018-09-30": "-20.25700", "2018-06-30": "-19.52100", "2018-03-31": "-36.68600", "2017-12-31": "-30.67400", "2017-09-30": "-32.38000", "2017-06-30": "-55.71200", "2017-03-31": "-42.37300", "2016-12-31": "-57.48200", "2016-09-30": "-49.31300", "2016-06-30": "-95.12900", "2016-03-31": "-57.25800", "2015-12-31": "-63.82000", "2015-09-30": "-73.57100", "2015-06-30": "-104.94400", "2015-03-31": "-99.77500", "2014-12-31": "-261.30800", "2014-09-30": "-99.39200", "2014-06-30": "-115.38400", "2014-03-31": "-96.97000", "2013-12-31": "-99.77800", "2013-09-30": "-226.60300", "2013-06-30": "-104.10500", "2013-03-31": "-104.13000", "2012-12-31": "-111.04600", "2012-09-30": "-92.00500", "2012-06-30": "-103.03400", "2012-03-31": "-97.23600", "2011-12-31": "-15.22500", "2011-09-30": "-113.93000", "2011-06-30": "-90.62300", "2011-03-31": "-90.39700", "2010-12-31": "-108.55800", "2010-09-30": "-83.02300", "2010-06-30": "-81.35200", "2010-03-31": "-81.47000", "2009-12-31": "-82.50800", "2009-09-30": "-87.88100", "2009-06-30": "-73.51500", "2009-03-31": "-84.22800", "2008-12-31": "-60.07100", "2008-09-30": "-89.07400", "2008-06-30": "-83.74700", "2008-03-31": "-81.21700", "2007-12-31": "-77.65600", "2007-09-30": "-78.99900", "2007-06-30": "-78.51100", "2007-03-31": "-79.97700", "2006-12-31": "-69.75500", "2006-09-30": "-80.21900", "2006-06-30": "-75.95900", "2006-03-31": "-73.46200", "2005-12-31": "-73.48600", "2005-09-30": "-69.34100", "2005-06-30": "-63.73500", "2005-03-31": "-63.10700"}, "Operating Expenses": {"2020-09-30": "18.77200", "2020-06-30": "19.37700", "2020-03-31": "24.47900", "2019-12-31": "24.06800", "2019-09-30": "24.38500", "2019-06-30": "28.06800", "2019-03-31": "36.46100", "2018-12-31": "35.34200", "2018-09-30": "42.44900", "2018-06-30": "43.76400", "2018-03-31": "63.92800", "2017-12-31": "61.44500", "2017-09-30": "65.20200", "2017-06-30": "91.59400", "2017-03-31": "81.36600", "2016-12-31": "98.01200", "2016-09-30": "91.77400", "2016-06-30": "144.63700", "2016-03-31": "106.82100", "2015-12-31": "114.70200", "2015-09-30": "130.34200", "2015-06-30": "169.49200", "2015-03-31": "179.03200", "2014-12-31": "336.90200", "2014-09-30": "204.05500", "2014-06-30": "199.31200", "2014-03-31": "173.47200", "2013-12-31": "168.39910", "2013-09-30": "308.37400", "2013-06-30": "188.75800", "2013-03-31": "183.99100", "2012-12-31": "178.13900", "2012-09-30": "157.98900", "2012-06-30": "177.49600", "2012-03-31": "169.29300", "2011-12-31": "22.03900", "2011-09-30": "186.81600", "2011-06-30": "154.99900", "2011-03-31": "156.20400", "2010-12-31": "167.96300", "2010-09-30": "137.08000", "2010-06-30": "137.24200", "2010-03-31": "136.47000", "2009-12-31": "119.92800", "2009-09-30": "147.06900", "2009-06-30": "133.40400", "2009-03-31": "142.36800", "2008-12-31": "97.59800", "2008-09-30": "144.84200", "2008-06-30": "137.96600", "2008-03-31": "134.89200", "2007-12-31": "127.04400", "2007-09-30": "130.33000", "2007-06-30": "129.82800", "2007-03-31": "132.06000", "2006-12-31": "105.01400", "2006-09-30": "129.79600", "2006-06-30": "124.87800", "2006-03-31": "119.00100", "2005-12-31": "115.95200", "2005-09-30": "112.93300", "2005-06-30": "104.60400", "2005-03-31": "102.49300"}, "Operating Income": {"2020-09-30": "-2.28700", "2020-06-30": "-3.11200", "2020-03-31": "-5.65900", "2019-12-31": "1.92700", "2019-09-30": "2.35000", "2019-06-30": "5.30000", "2019-03-31": "5.29100", "2018-12-31": "7.58300", "2018-09-30": "4.42400", "2018-06-30": "4.87200", "2018-03-31": "-5.34000", "2017-12-31": "10.17800", "2017-09-30": "12.59600", "2017-06-30": "0.00500", "2017-03-31": "18.18500", "2016-12-31": "5.53390", "2016-09-30": "22.85800", "2016-06-30": "0.73000", "2016-03-31": "30.31400", "2015-12-31": "24.23200", "2015-09-30": "28.86600", "2015-06-30": "34.20200", "2015-03-31": "34.02300", "2014-12-31": "-124.09410", "2014-09-30": "12.54000", "2014-06-30": "15.88200", "2014-03-31": "43.78800", "2013-12-31": "45.62890", "2013-09-30": "-94.17300", "2013-06-30": "73.43000", "2013-03-31": "78.62100", "2012-12-31": "62.97100", "2012-09-30": "68.81300", "2012-06-30": "72.30100", "2012-03-31": "74.08500", "2011-12-31": "48.90900", "2011-09-30": "54.96900", "2011-06-30": "62.93900", "2011-03-31": "54.46900", "2010-12-31": "-31.17100", "2010-09-30": "55.97900", "2010-06-30": "58.57500", "2010-03-31": "58.60900", "2009-12-31": "8.75310", "2009-09-30": "58.96300", "2009-06-30": "79.37300", "2009-03-31": "74.60300", "2008-12-31": "37.37800", "2008-09-30": "66.84700", "2008-06-30": "66.30700", "2008-03-31": "66.28000", "2007-12-31": "58.43300", "2007-09-30": "66.66900", "2007-06-30": "66.40300", "2007-03-31": "72.90400", "2006-12-31": "48.93600", "2006-09-30": "72.74600", "2006-06-30": "73.07900", "2006-03-31": "70.55800", "2005-12-31": "69.28700", "2005-09-30": "69.96100", "2005-06-30": "69.21000", "2005-03-31": "64.06100"}, "Total Non-Operating Income/Expense": {"2020-09-30": "2.72800", "2020-06-30": "31.05700", "2020-03-31": "431.20600", "2019-12-31": "14.23400", "2019-09-30": "21.02500", "2019-06-30": "237.41700", "2019-03-31": "206.60600", "2018-12-31": "8.37900", "2018-09-30": "28.41800", "2018-06-30": "31.71900", "2018-03-31": "196.00900", "2017-12-31": "-31.80200", "2017-09-30": "20.96300", "2017-06-30": "-5.77100", "2017-03-31": "5.81200", "2016-12-31": "7.00600", "2016-09-30": "63.75500", "2016-06-30": "87.27900", "2016-03-31": "16.16300", "2015-12-31": "18.90000", "2015-09-30": "1.62300", "2015-06-30": "-18.67100", "2015-03-31": "-20.95400", "2014-12-31": "-33.61100", "2014-09-30": "143.61400", "2014-06-30": "-20.74000", "2014-03-31": "-37.44200", "2013-12-31": "-36.69000", "2013-09-30": "-39.00900", "2013-06-30": "-43.07100", "2013-03-31": "-45.17500", "2012-12-31": "-51.41100", "2012-09-30": "-47.68900", "2012-06-30": "-48.65600", "2012-03-31": "-45.93000", "2011-12-31": "-43.93000", "2011-09-30": "-34.84800", "2011-06-30": "-44.92300", "2011-03-31": "-43.99400", "2010-12-31": "-25.01900", "2010-09-30": "-1.19600", "2010-06-30": "-63.39800", "2010-03-31": "-24.99000", "2009-12-31": "-28.35200", "2009-09-30": "-38.49800", "2009-06-30": "-43.04300", "2009-03-31": "-43.71400", "2008-12-31": "-40.63400", "2008-09-30": "-44.66900", "2008-06-30": "-44.29400", "2008-03-31": "-44.71100", "2007-12-31": "-44.46500", "2007-09-30": "-43.48800", "2007-06-30": "-41.62300", "2007-03-31": "-39.81200", "2006-12-31": "-38.63300", "2006-09-30": "-42.59600", "2006-06-30": "-41.54400", "2006-03-31": "79.36400", "2005-12-31": "-26.02800", "2005-09-30": "-31.72600", "2005-06-30": "-26.27100", "2005-03-31": "-32.03300"}, "Pre-Tax Income": {"2020-09-30": "0.44100", "2020-06-30": "27.94500", "2020-03-31": "425.54700", "2019-12-31": "16.16100", "2019-09-30": "23.37500", "2019-06-30": "242.71700", "2019-03-31": "211.89700", "2018-12-31": "15.96200", "2018-09-30": "32.84200", "2018-06-30": "36.59100", "2018-03-31": "190.66900", "2017-12-31": "-21.62400", "2017-09-30": "33.55900", "2017-06-30": "-5.76600", "2017-03-31": "23.99700", "2016-12-31": "12.54000", "2016-09-30": "86.61300", "2016-06-30": "88.00900", "2016-03-31": "46.47700", "2015-12-31": "43.13200", "2015-09-30": "30.48900", "2015-06-30": "15.53100", "2015-03-31": "13.06900", "2014-12-31": "-157.70500", "2014-09-30": "156.15400", "2014-06-30": "-4.85800", "2014-03-31": "6.34600", "2013-12-31": "8.93900", "2013-09-30": "-133.18200", "2013-06-30": "30.35900", "2013-03-31": "33.44600", "2012-12-31": "11.56000", "2012-09-30": "21.12400", "2012-06-30": "23.64500", "2012-03-31": "28.15500", "2011-12-31": "4.97900", "2011-09-30": "20.12100", "2011-06-30": "18.01600", "2011-03-31": "10.47500", "2010-12-31": "-56.19000", "2010-09-30": "54.78300", "2010-06-30": "-4.82300", "2010-03-31": "33.61900", "2009-12-31": "-19.59900", "2009-09-30": "20.46500", "2009-06-30": "36.33000", "2009-03-31": "30.88900", "2008-12-31": "-3.25600", "2008-09-30": "22.17800", "2008-06-30": "22.01300", "2008-03-31": "21.56900", "2007-12-31": "13.96800", "2007-09-30": "23.18100", "2007-06-30": "24.78000", "2007-03-31": "33.09200", "2006-12-31": "10.30300", "2006-09-30": "30.15000", "2006-06-30": "31.53500", "2006-03-31": "149.92200", "2005-12-31": "43.25900", "2005-09-30": "38.23500", "2005-06-30": "42.93900", "2005-03-31": "32.02800"}, "Income Taxes": {"2020-09-30": "0.07100", "2020-06-30": "0.05900", "2020-03-31": "0.04000", "2019-12-31": "0.16500", "2019-09-30": "-0.52100", "2019-06-30": "0.34000", "2019-03-31": "1.30000", "2018-12-31": "0.54000", "2018-09-30": "0.06500", "2018-06-30": "-0.45600", "2018-03-31": "3.00700", "2017-12-31": "-0.05500", "2017-09-30": "0.33500", "2017-06-30": "0.04500", "2017-03-31": "0.17500", "2016-12-31": "0.28000", "2016-09-30": "0.22500", "2016-06-30": "0.16500", "2016-03-31": "0.07500", "2015-12-31": "-0.01300", "2015-09-30": "0.02300", "2015-06-30": "2.91500", "2015-03-31": "-0.56100", "2014-12-31": "1.02500", "2014-09-30": "0.70300", "2014-06-30": "0.90800", "2014-03-31": "0.55500", "2013-12-31": "0.10700", "2013-09-30": "0.78500", "2013-06-30": "0.75400", "2013-03-31": "0.98800", "2012-12-31": "1.30100", "2012-09-30": "1.32200", "2012-06-30": "0.09200", "2012-03-31": "0.49200", "2011-12-31": "0.60400", "2011-09-30": "0.30700", "2011-06-30": "0.09000", "2011-03-31": "0.34600", "2010-12-31": "0.22100", "2010-09-30": "-0.03400", "2010-06-30": "0.18100", "2010-03-31": "0.18200", "2009-12-31": "0.21700", "2009-09-30": "0.17600", "2009-06-30": "0.19000", "2009-03-31": "0.15200", "2008-12-31": "0.16200", "2008-09-30": "0.45100", "2008-06-30": "-0.00400", "2008-03-31": "0.16400", "2007-12-31": "", "2007-09-30": "", "2007-06-30": "", "2007-03-31": "", "2006-12-31": "", "2006-09-30": "", "2006-06-30": "", "2006-03-31": "", "2005-12-31": "", "2005-09-30": "", "2005-06-30": "", "2005-03-31": ""}, "Income After Taxes": {"2020-09-30": "0.37000", "2020-06-30": "27.88600", "2020-03-31": "425.50700", "2019-12-31": "15.99600", "2019-09-30": "23.89600", "2019-06-30": "242.37700", "2019-03-31": "210.59700", "2018-12-31": "15.42200", "2018-09-30": "32.77700", "2018-06-30": "37.04700", "2018-03-31": "187.66200", "2017-12-31": "-21.56900", "2017-09-30": "33.22400", "2017-06-30": "-5.81100", "2017-03-31": "23.82200", "2016-12-31": "12.26000", "2016-09-30": "86.38800", "2016-06-30": "87.84400", "2016-03-31": "46.40200", "2015-12-31": "43.14500", "2015-09-30": "30.46600", "2015-06-30": "12.61600", "2015-03-31": "13.63000", "2014-12-31": "-158.73000", "2014-09-30": "155.45100", "2014-06-30": "-5.76600", "2014-03-31": "5.79100", "2013-12-31": "8.83200", "2013-09-30": "-133.96700", "2013-06-30": "29.60500", "2013-03-31": "32.45800", "2012-12-31": "10.25900", "2012-09-30": "19.80200", "2012-06-30": "23.55300", "2012-03-31": "27.66300", "2011-12-31": "4.37500", "2011-09-30": "19.81400", "2011-06-30": "17.92600", "2011-03-31": "10.12900", "2010-12-31": "-56.41100", "2010-09-30": "54.81700", "2010-06-30": "-5.00400", "2010-03-31": "33.43700", "2009-12-31": "-19.81600", "2009-09-30": "20.28900", "2009-06-30": "36.14000", "2009-03-31": "30.73700", "2008-12-31": "-3.41800", "2008-09-30": "21.72700", "2008-06-30": "22.01700", "2008-03-31": "21.40500", "2007-12-31": "13.57300", "2007-09-30": "23.18100", "2007-06-30": "24.78000", "2007-03-31": "33.09200", "2006-12-31": "10.30300", "2006-09-30": "30.15000", "2006-06-30": "31.53500", "2006-03-31": "149.92200", "2005-12-31": "43.25900", "2005-09-30": "38.23500", "2005-06-30": "42.93900", "2005-03-31": "32.02800"}, "Other Income": {"2020-09-30": "", "2020-06-30": "", "2020-03-31": "", "2019-12-31": "", "2019-09-30": "", "2019-06-30": "", "2019-03-31": "", "2018-12-31": "", "2018-09-30": "", "2018-06-30": "", "2018-03-31": "", "2017-12-31": "", "2017-09-30": "", "2017-06-30": "", "2017-03-31": "", "2016-12-31": "", "2016-09-30": "", "2016-06-30": "", "2016-03-31": "", "2015-12-31": "", "2015-09-30": "", "2015-06-30": "", "2015-03-31": "", "2014-12-31": "", "2014-09-30": "", "2014-06-30": "", "2014-03-31": "", "2013-12-31": "", "2013-09-30": "", "2013-06-30": "", "2013-03-31": "", "2012-12-31": "", "2012-09-30": "", "2012-06-30": "", "2012-03-31": "", "2011-12-31": "", "2011-09-30": "", "2011-06-30": "", "2011-03-31": "", "2010-12-31": "", "2010-09-30": "", "2010-06-30": "", "2010-03-31": "", "2009-12-31": "", "2009-09-30": "", "2009-06-30": "", "2009-03-31": "", "2008-12-31": "", "2008-09-30": "", "2008-06-30": "", "2008-03-31": "", "2007-12-31": "", "2007-09-30": "", "2007-06-30": "", "2007-03-31": "", "2006-12-31": "", "2006-09-30": "", "2006-06-30": "", "2006-03-31": "", "2005-12-31": "", "2005-09-30": "", "2005-06-30": "", "2005-03-31": ""}, "Income From Continuous Operations": {"2020-09-30": "0.37000", "2020-06-30": "27.88600", "2020-03-31": "425.50700", "2019-12-31": "15.99600", "2019-09-30": "23.89600", "2019-06-30": "242.37700", "2019-03-31": "210.59700", "2018-12-31": "15.42200", "2018-09-30": "32.77700", "2018-06-30": "37.04700", "2018-03-31": "187.66200", "2017-12-31": "-21.56900", "2017-09-30": "33.22400", "2017-06-30": "-5.81100", "2017-03-31": "23.82200", "2016-12-31": "12.26000", "2016-09-30": "86.38800", "2016-06-30": "87.84400", "2016-03-31": "46.40200", "2015-12-31": "43.14500", "2015-09-30": "30.46600", "2015-06-30": "12.61600", "2015-03-31": "13.63000", "2014-12-31": "-158.73000", "2014-09-30": "156.52300", "2014-06-30": "6.68800", "2014-03-31": "16.72500", "2013-12-31": "19.67300", "2013-09-30": "-123.47500", "2013-06-30": "29.76400", "2013-03-31": "36.72000", "2012-12-31": "21.67900", "2012-09-30": "19.80200", "2012-06-30": "23.55300", "2012-03-31": "27.66300", "2011-12-31": "4.37500", "2011-09-30": "19.81400", "2011-06-30": "17.92600", "2011-03-31": "10.12900", "2010-12-31": "-56.41100", "2010-09-30": "54.81700", "2010-06-30": "-5.00400", "2010-03-31": "33.43700", "2009-12-31": "-19.81600", "2009-09-30": "20.28900", "2009-06-30": "36.14000", "2009-03-31": "30.73700", "2008-12-31": "-3.41800", "2008-09-30": "21.72700", "2008-06-30": "22.01700", "2008-03-31": "21.40500", "2007-12-31": "13.57300", "2007-09-30": "23.18100", "2007-06-30": "24.78000", "2007-03-31": "33.09200", "2006-12-31": "10.30300", "2006-09-30": "30.15000", "2006-06-30": "31.53500", "2006-03-31": "149.92200", "2005-12-31": "43.25900", "2005-09-30": "38.23500", "2005-06-30": "42.93900", "2005-03-31": "32.02800"}, "Income From Discontinued Operations": {"2020-09-30": "", "2020-06-30": "", "2020-03-31": "", "2019-12-31": "", "2019-09-30": "", "2019-06-30": "", "2019-03-31": "", "2018-12-31": "", "2018-09-30": "", "2018-06-30": "", "2018-03-31": "", "2017-12-31": "", "2017-09-30": "", "2017-06-30": "", "2017-03-31": "", "2016-12-31": "", "2016-09-30": "", "2016-06-30": "", "2016-03-31": "", "2015-12-31": "", "2015-09-30": "", "2015-06-30": "", "2015-03-31": "", "2014-12-31": "0.16900", "2014-09-30": "0.21700", "2014-06-30": "-1.30300", "2014-03-31": "3.72300", "2013-12-31": "-24.97400", "2013-09-30": "-92.73200", "2013-06-30": "-0.84700", "2013-03-31": "-1.09600", "2012-12-31": "-168.94900", "2012-09-30": "2.46300", "2012-06-30": "-2.96700", "2012-03-31": "-3.08900", "2011-12-31": "10.49800", "2011-09-30": "8.72100", "2011-06-30": "2.03800", "2011-03-31": "36.48300", "2010-12-31": "78.71500", "2010-09-30": "10.99300", "2010-06-30": "15.00200", "2010-03-31": "3.86000", "2009-12-31": "9.56300", "2009-09-30": "51.91000", "2009-06-30": "23.47600", "2009-03-31": "12.37500", "2008-12-31": "66.88100", "2008-09-30": "63.99700", "2008-06-30": "46.03500", "2008-03-31": "6.00100", "2007-12-31": "13.90600", "2007-09-30": "8.97300", "2007-06-30": "6.69400", "2007-03-31": "0.05600", "2006-12-31": "27.57400", "2006-09-30": "1.20400", "2006-06-30": "-0.02100", "2006-03-31": "-0.08700", "2005-12-31": "0.44700", "2005-09-30": "0.06200", "2005-06-30": "7.80700", "2005-03-31": "0.20700"}, "Net Income": {"2020-09-30": "-1.62800", "2020-06-30": "25.83500", "2020-03-31": "422.76200", "2019-12-31": "13.99300", "2019-09-30": "21.88900", "2019-06-30": "240.28900", "2019-03-31": "208.52100", "2018-12-31": "13.42000", "2018-09-30": "30.76700", "2018-06-30": "35.03600", "2018-03-31": "185.60200", "2017-12-31": "-23.55800", "2017-09-30": "31.21500", "2017-06-30": "-7.80600", "2017-03-31": "21.81700", "2016-12-31": "10.26300", "2016-09-30": "84.39100", "2016-06-30": "71.25400", "2016-03-31": "39.42100", "2015-12-31": "36.16400", "2015-09-30": "23.48500", "2015-06-30": "5.63500", "2015-03-31": "6.64900", "2014-12-31": "-165.54200", "2014-09-30": "149.75900", "2014-06-30": "-17.80200", "2014-03-31": "9.29700", "2013-12-31": "-16.45200", "2013-09-30": "-227.46600", "2013-06-30": "7.73800", "2013-03-31": "14.51600", "2012-12-31": "-163.93500", "2012-09-30": "-0.12200", "2012-06-30": "2.24200", "2012-03-31": "9.85700", "2011-12-31": "1.05000", "2011-09-30": "14.71200", "2011-06-30": "9.46400", "2011-03-31": "37.77300", "2010-12-31": "6.65100", "2010-09-30": "53.14300", "2010-06-30": "-2.66900", "2010-03-31": "24.63000", "2009-12-31": "-22.92000", "2009-09-30": "59.53200", "2009-06-30": "46.94900", "2009-03-31": "30.44500", "2008-12-31": "50.79600", "2008-09-30": "73.05700", "2008-06-30": "55.38500", "2008-03-31": "14.73900", "2007-12-31": "8.88100", "2007-09-30": "16.75200", "2007-06-30": "16.07300", "2007-03-31": "17.74700", "2006-12-31": "23.16100", "2006-09-30": "22.12000", "2006-06-30": "22.28000", "2006-03-31": "131.41300", "2005-12-31": "32.20600", "2005-09-30": "26.79700", "2005-06-30": "39.24600", "2005-03-31": "20.73500"}, "EBITDA": {"2020-09-30": "3.04000", "2020-06-30": "1.41600", "2020-03-31": "-0.41200", "2019-12-31": "8.09100", "2019-09-30": "8.38100", "2019-06-30": "13.15800", "2019-03-31": "14.12700", "2018-12-31": "18.83800", "2018-09-30": "16.16900", "2018-06-30": "18.42000", "2018-03-31": "9.36500", "2017-12-31": "29.89800", "2017-09-30": "34.80200", "2017-06-30": "25.16500", "2017-03-31": "46.38600", "2016-12-31": "36.07990", "2016-09-30": "53.87200", "2016-06-30": "42.87700", "2016-03-31": "68.66900", "2015-12-31": "63.86200", "2015-09-30": "72.31700", "2015-06-30": "89.52600", "2015-03-31": "98.12000", "2014-12-31": "-62.97910", "2014-09-30": "71.73500", "2014-06-30": "79.58400", "2014-03-31": "97.37100", "2013-12-31": "100.43190", "2013-09-30": "-32.20300", "2013-06-30": "143.53400", "2013-03-31": "148.30200", "2012-12-31": "136.07500", "2012-09-30": "135.70000", "2012-06-30": "139.57600", "2012-03-31": "138.47800", "2011-12-31": "112.85000", "2011-09-30": "116.68700", "2011-06-30": "118.56000", "2011-03-31": "111.76100", "2010-12-31": "48.48300", "2010-09-30": "108.30300", "2010-06-30": "111.78100", "2010-03-31": "111.93400", "2009-12-31": "61.91710", "2009-09-30": "112.01900", "2009-06-30": "132.44600", "2009-03-31": "127.81300", "2008-12-31": "88.98000", "2008-09-30": "117.56400", "2008-06-30": "118.88800", "2008-03-31": "118.24100", "2007-12-31": "109.48000", "2007-09-30": "116.19300", "2007-06-30": "116.09400", "2007-03-31": "119.95900", "2006-12-31": "93.25000", "2006-09-30": "117.35300", "2006-06-30": "116.88000", "2006-03-31": "112.63600", "2005-12-31": "107.98200", "2005-09-30": "106.49100", "2005-06-30": "105.26700", "2005-03-31": "99.11400"}, "EBIT": {"2020-09-30": "-2.28700", "2020-06-30": "-3.11200", "2020-03-31": "-5.65900", "2019-12-31": "1.92700", "2019-09-30": "2.35000", "2019-06-30": "5.30000", "2019-03-31": "5.29100", "2018-12-31": "7.58300", "2018-09-30": "4.42400", "2018-06-30": "4.87200", "2018-03-31": "-5.34000", "2017-12-31": "10.17800", "2017-09-30": "12.59600", "2017-06-30": "0.00500", "2017-03-31": "18.18500", "2016-12-31": "5.53400", "2016-09-30": "22.85800", "2016-06-30": "0.73000", "2016-03-31": "30.31400", "2015-12-31": "24.23200", "2015-09-30": "28.86600", "2015-06-30": "34.20200", "2015-03-31": "34.02300", "2014-12-31": "-124.09400", "2014-09-30": "12.54000", "2014-06-30": "15.88200", "2014-03-31": "43.78800", "2013-12-31": "45.62900", "2013-09-30": "-94.17300", "2013-06-30": "73.43000", "2013-03-31": "78.62100", "2012-12-31": "62.97100", "2012-09-30": "68.81300", "2012-06-30": "72.30100", "2012-03-31": "74.08500", "2011-12-31": "48.90900", "2011-09-30": "54.96900", "2011-06-30": "62.93900", "2011-03-31": "54.46900", "2010-12-31": "-31.17100", "2010-09-30": "55.97900", "2010-06-30": "58.57500", "2010-03-31": "58.60900", "2009-12-31": "8.75300", "2009-09-30": "58.96300", "2009-06-30": "79.37300", "2009-03-31": "74.60300", "2008-12-31": "37.37800", "2008-09-30": "66.84700", "2008-06-30": "66.30700", "2008-03-31": "66.28000", "2007-12-31": "58.43300", "2007-09-30": "66.66900", "2007-06-30": "66.40300", "2007-03-31": "72.90400", "2006-12-31": "48.93600", "2006-09-30": "72.74600", "2006-06-30": "73.07900", "2006-03-31": "70.55800", "2005-12-31": "69.28700", "2005-09-30": "69.96100", "2005-06-30": "69.21000", "2005-03-31": "64.06100"}, "Basic Shares Outstanding": {"2020-09-30": "121.67300", "2020-06-30": "121.65500", "2020-03-31": "122.14800", "2019-12-31": "122.09100", "2019-09-30": "122.14000", "2019-06-30": "122.12200", "2019-03-31": "121.96000", "2018-12-31": "122.31400", "2018-09-30": "121.84500", "2018-06-30": "121.82200", "2018-03-31": "123.86700", "2017-12-31": "124.12500", "2017-09-30": "124.08900", "2017-06-30": "124.06700", "2017-03-31": "124.04700", "2016-12-31": "125.47400", "2016-09-30": "125.53300", "2016-06-30": "125.50800", "2016-03-31": "125.84000", "2015-12-31": "128.62100", "2015-09-30": "128.73900", "2015-06-30": "129.73300", "2015-03-31": "129.69600", "2014-12-31": "125.16300", "2014-09-30": "128.88000", "2014-06-30": "123.81200", "2014-03-31": "118.40000", "2013-12-31": "112.37800", "2013-09-30": "118.32800", "2013-06-30": "118.30900", "2013-03-31": "94.15400", "2012-12-31": "83.75000", "2012-09-30": "83.74500", "2012-06-30": "83.72700", "2012-03-31": "83.72200", "2011-12-31": "77.42800", "2011-09-30": "81.53600", "2011-06-30": "72.14400", "2011-03-31": "72.13900", "2010-12-31": "64.70300", "2010-09-30": "65.17300", "2010-06-30": "64.59500", "2010-03-31": "56.73200", "2009-12-31": "56.05500", "2009-09-30": "55.93200", "2009-06-30": "55.92400", "2009-03-31": "56.40480", "2008-12-31": "56.61700", "2008-09-30": "56.81280", "2008-06-30": "56.36230", "2008-03-31": "56.36100", "2007-12-31": "53.59030", "2007-09-30": "53.01950", "2007-06-30": "52.93030", "2007-03-31": "52.65230", "2006-12-31": "52.49130", "2006-09-30": "52.49800", "2006-06-30": "52.49200", "2006-03-31": "52.46530", "2005-12-31": "49.45780", "2005-09-30": "50.36480", "2005-06-30": "49.95480", "2005-03-31": "44.95430"}, "Shares Outstanding": {"2020-09-30": "121.67300", "2020-06-30": "123.25500", "2020-03-31": "126.60500", "2019-12-31": "126.26000", "2019-09-30": "123.56400", "2019-06-30": "125.86200", "2019-03-31": "125.82200", "2018-12-31": "123.38500", "2018-09-30": "122.85100", "2018-06-30": "122.64900", "2018-03-31": "127.09700", "2017-12-31": "125.12900", "2017-09-30": "125.17500", "2017-06-30": "124.06700", "2017-03-31": "125.15000", "2016-12-31": "126.76800", "2016-09-30": "126.56800", "2016-06-30": "126.93700", "2016-03-31": "127.52200", "2015-12-31": "129.43700", "2015-09-30": "129.87800", "2015-06-30": "130.53700", "2015-03-31": "129.87400", "2014-12-31": "125.16300", "2014-09-30": "131.24300", "2014-06-30": "123.81200", "2014-03-31": "118.40000", "2013-12-31": "112.37800", "2013-09-30": "118.32800", "2013-06-30": "118.30900", "2013-03-31": "94.15400", "2012-12-31": "83.75000", "2012-09-30": "83.74500", "2012-06-30": "83.72700", "2012-03-31": "83.72200", "2011-12-31": "77.42800", "2011-09-30": "81.53600", "2011-06-30": "72.14400", "2011-03-31": "79.43700", "2010-12-31": "64.70300", "2010-09-30": "72.47100", "2010-06-30": "71.89300", "2010-03-31": "64.03000", "2009-12-31": "63.35300", "2009-09-30": "63.23000", "2009-06-30": "63.22200", "2009-03-31": "63.70300", "2008-12-31": "63.91500", "2008-09-30": "64.11100", "2008-06-30": "63.66050", "2008-03-31": "63.65930", "2007-12-31": "60.88850", "2007-09-30": "60.31780", "2007-06-30": "60.22850", "2007-03-31": "59.95050", "2006-12-31": "54.13100", "2006-09-30": "52.49800", "2006-06-30": "52.49200", "2006-03-31": "52.46530", "2005-12-31": "49.45780", "2005-09-30": "50.36480", "2005-06-30": "49.95480", "2005-03-31": "44.95430"}, "Basic EPS": {"2020-09-30": "-0.01000", "2020-06-30": "0.21000", "2020-03-31": "3.46000", "2019-12-31": "0.11000", "2019-09-30": "0.18000", "2019-06-30": "1.97000", "2019-03-31": "1.71000", "2018-12-31": "0.13000", "2018-09-30": "0.25000", "2018-06-30": "0.29000", "2018-03-31": "1.50000", "2017-12-31": "-0.20000", "2017-09-30": "0.25000", "2017-06-30": "-0.06000", "2017-03-31": "0.18000", "2016-12-31": "0.09000", "2016-09-30": "0.67000", "2016-06-30": "0.57000", "2016-03-31": "0.31000", "2015-12-31": "0.29000", "2015-09-30": "0.18000", "2015-06-30": "0.04000", "2015-03-31": "0.05000", "2014-12-31": "-1.29000", "2014-09-30": "1.16000", "2014-06-30": "-0.14000", "2014-03-31": "0.08000", "2013-12-31": "-0.27000", "2013-09-30": "-1.92000", "2013-06-30": "0.07000", "2013-03-31": "0.15000", "2012-12-31": "-1.95850", "2012-09-30": "-0.00150", "2012-06-30": "0.03000", "2012-03-31": "0.12000", "2011-12-31": "-0.02000", "2011-09-30": "0.18000", "2011-06-30": "0.13000", "2011-03-31": "0.52000", "2010-12-31": "0.05000", "2010-09-30": "0.82000", "2010-06-30": "-0.04000", "2010-03-31": "0.43000", "2009-12-31": "-0.39000", "2009-09-30": "1.06000", "2009-06-30": "0.84000", "2009-03-31": "0.52000", "2008-12-31": "1.07000", "2008-09-30": "1.28000", "2008-06-30": "0.80000", "2008-03-31": "0.28000", "2007-12-31": "0.16000", "2007-09-30": "0.32000", "2007-06-30": "0.32000", "2007-03-31": "0.32000", "2006-12-31": "0.40000", "2006-09-30": "0.44000", "2006-06-30": "0.44000", "2006-03-31": "2.52000", "2005-12-31": "0.60000", "2005-09-30": "0.52000", "2005-06-30": "0.80000", "2005-03-31": "0.48000"}, "EPS - Earnings Per Share": {"2020-09-30": "-0.01000", "2020-06-30": "0.21000", "2020-03-31": "3.35000", "2019-12-31": "0.12000", "2019-09-30": "0.18000", "2019-06-30": "1.93000", "2019-03-31": "1.67000", "2018-12-31": "0.13000", "2018-09-30": "0.25000", "2018-06-30": "0.29000", "2018-03-31": "1.48000", "2017-12-31": "-0.19000", "2017-09-30": "0.25000", "2017-06-30": "-0.06000", "2017-03-31": "0.17000", "2016-12-31": "0.08000", "2016-09-30": "0.67000", "2016-06-30": "0.56000", "2016-03-31": "0.31000", "2015-12-31": "0.29000", "2015-09-30": "0.18000", "2015-06-30": "0.04000", "2015-03-31": "0.05000", "2014-12-31": "-1.29000", "2014-09-30": "1.16000", "2014-06-30": "-0.14000", "2014-03-31": "0.08000", "2013-12-31": "-0.27000", "2013-09-30": "-1.92000", "2013-06-30": "0.07000", "2013-03-31": "0.15000", "2012-12-31": "-1.95850", "2012-09-30": "-0.00150", "2012-06-30": "0.03000", "2012-03-31": "0.12000", "2011-12-31": "-0.02000", "2011-09-30": "0.18000", "2011-06-30": "0.13000", "2011-03-31": "0.52000", "2010-12-31": "0.05000", "2010-09-30": "0.82000", "2010-06-30": "-0.04000", "2010-03-31": "0.43000", "2009-12-31": "-0.39000", "2009-09-30": "1.06000", "2009-06-30": "0.84000", "2009-03-31": "0.52000", "2008-12-31": "1.07000", "2008-09-30": "1.28000", "2008-06-30": "0.80000", "2008-03-31": "0.28000", "2007-12-31": "0.16000", "2007-09-30": "0.32000", "2007-06-30": "0.32000", "2007-03-31": "0.32000", "2006-12-31": "0.36000", "2006-09-30": "0.44000", "2006-06-30": "0.44000", "2006-03-31": "2.52000", "2005-12-31": "0.60000", "2005-09-30": "0.52000", "2005-06-30": "0.80000", "2005-03-31": "0.48000"}}, "balance sheet": {"Cash On Hand": {"2019-12-31": "2800.64500", "2018-12-31": "2653.70300", "2017-12-31": "2637.51800", "2016-12-31": "2101.20600", "2015-12-31": "1834.97400", "2014-12-31": "396.77300", "2013-12-31": "244.55000", "2012-12-31": "118.84500", "2011-12-31": "200.63200", "2010-12-31": "199.12200", "2009-12-31": "29.86600", "2008-12-31": "26.35500", "2007-12-31": "37.90600", "2006-12-31": "39.41800", "2005-12-31": "37.79300"}, "Receivables": {"2019-12-31": "19.55400", "2018-12-31": "51.08900", "2017-12-31": "93.43600", "2016-12-31": "152.03100", "2015-12-31": "174.67600", "2014-12-31": "248.10100", "2013-12-31": "223.76900", "2012-12-31": "253.39400", "2011-12-31": "217.59200", "2010-12-31": "191.23700", "2009-12-31": "194.35800", "2008-12-31": "196.83900", "2007-12-31": "197.96700", "2006-12-31": "172.56600", "2005-12-31": "145.38500"}, "Inventory": {"2019-12-31": "", "2018-12-31": "", "2017-12-31": "", "2016-12-31": "", "2015-12-31": "", "2014-12-31": "", "2013-12-31": "", "2012-12-31": "", "2011-12-31": "", "2010-12-31": "", "2009-12-31": "", "2008-12-31": "", "2007-12-31": "", "2006-12-31": "", "2005-12-31": ""}, "Pre-Paid Expenses": {"2019-12-31": "", "2018-12-31": "", "2017-12-31": "", "2016-12-31": "", "2015-12-31": "", "2014-12-31": "", "2013-12-31": "", "2012-12-31": "", "2011-12-31": "", "2010-12-31": "", "2009-12-31": "", "2008-12-31": "", "2007-12-31": "", "2006-12-31": "", "2005-12-31": ""}, "Other Current Assets": {"2019-12-31": "", "2018-12-31": "", "2017-12-31": "", "2016-12-31": "", "2015-12-31": "", "2014-12-31": "", "2013-12-31": "", "2012-12-31": "", "2011-12-31": "", "2010-12-31": "", "2009-12-31": "", "2008-12-31": "", "2007-12-31": "", "2006-12-31": "", "2005-12-31": ""}, "Total Current Assets": {"2019-12-31": "2820.19900", "2018-12-31": "2704.79200", "2017-12-31": "2730.95400", "2016-12-31": "2253.23700", "2015-12-31": "2009.65000", "2014-12-31": "644.87400", "2013-12-31": "468.31900", "2012-12-31": "372.23900", "2011-12-31": "418.22400", "2010-12-31": "390.35900", "2009-12-31": "224.22400", "2008-12-31": "223.19400", "2007-12-31": "235.87300", "2006-12-31": "211.98400", "2005-12-31": "183.17800"}, "Property, Plant, And Equipment": {"2019-12-31": "459.42100", "2018-12-31": "763.67400", "2017-12-31": "1296.89300", "2016-12-31": "2101.63500", "2015-12-31": "2988.41300", "2014-12-31": "4697.99800", "2013-12-31": "4642.10600", "2012-12-31": "6821.80300", "2011-12-31": "6310.06200", "2010-12-31": "5506.99700", "2009-12-31": "5439.26000", "2008-12-31": "5379.29900", "2007-12-31": "5348.07800", "2006-12-31": "5093.81300", "2005-12-31": "4676.11400"}, "Long-Term Investments": {"2019-12-31": "", "2018-12-31": "", "2017-12-31": "", "2016-12-31": "", "2015-12-31": "", "2014-12-31": "", "2013-12-31": "", "2012-12-31": "", "2011-12-31": "", "2010-12-31": "", "2009-12-31": "", "2008-12-31": "", "2007-12-31": "", "2006-12-31": "", "2005-12-31": ""}, "Goodwill And Intangible Assets": {"2019-12-31": "", "2018-12-31": "", "2017-12-31": "", "2016-12-31": "", "2015-12-31": "", "2014-12-31": "", "2013-12-31": "", "2012-12-31": "", "2011-12-31": "", "2010-12-31": "", "2009-12-31": "", "2008-12-31": "", "2007-12-31": "", "2006-12-31": "", "2005-12-31": ""}, "Other Long-Term Assets": {"2019-12-31": "39.75700", "2018-12-31": "62.30600", "2017-12-31": "209.09800", "2016-12-31": "171.20300", "2015-12-31": "233.10100", "2014-12-31": "418.76700", "2013-12-31": "1536.00900", "2012-12-31": "995.59200", "2011-12-31": "718.74000", "2010-12-31": "691.18300", "2009-12-31": "457.83700", "2008-12-31": "413.60600", "2007-12-31": "275.38100", "2006-12-31": "270.15200", "2005-12-31": "467.87500"}, "Total Long-Term Assets": {"2019-12-31": "499.17800", "2018-12-31": "825.98000", "2017-12-31": "1505.99100", "2016-12-31": "2272.83800", "2015-12-31": "3221.51400", "2014-12-31": "5116.76500", "2013-12-31": "6178.11500", "2012-12-31": "7817.39500", "2011-12-31": "7028.80200", "2010-12-31": "6198.18000", "2009-12-31": "5897.09700", "2008-12-31": "5792.90500", "2007-12-31": "5623.45900", "2006-12-31": "5363.96500", "2005-12-31": "5143.98900"}, "Total Assets": {"2019-12-31": "3319.37700", "2018-12-31": "3530.77200", "2017-12-31": "4236.94500", "2016-12-31": "4526.07500", "2015-12-31": "5231.16400", "2014-12-31": "5761.63900", "2013-12-31": "6646.43400", "2012-12-31": "8189.63400", "2011-12-31": "7447.02600", "2010-12-31": "6588.53900", "2009-12-31": "6121.32100", "2008-12-31": "6016.09900", "2007-12-31": "5859.33200", "2006-12-31": "5575.94900", "2005-12-31": "5327.16700"}, "Total Current Liabilities": {"2019-12-31": "37.15300", "2018-12-31": "58.30000", "2017-12-31": "74.95600", "2016-12-31": "95.39500", "2015-12-31": "123.58700", "2014-12-31": "162.20400", "2013-12-31": "175.24000", "2012-12-31": "207.14200", "2011-12-31": "169.56700", "2010-12-31": "132.84000", "2009-12-31": "111.91700", "2008-12-31": "109.35800", "2007-12-31": "99.84000", "2006-12-31": "106.44200", "2005-12-31": "91.00100"}, "Long Term Debt": {"2019-12-31": "25.69100", "2018-12-31": "274.95500", "2017-12-31": "848.57800", "2016-12-31": "1141.66700", "2015-12-31": "1697.11600", "2014-12-31": "2207.66500", "2013-12-31": "3005.41000", "2012-12-31": "4349.82100", "2011-12-31": "3577.33100", "2010-12-31": "3206.06600", "2009-12-31": "2992.65000", "2008-12-31": "2889.91800", "2007-12-31": "2774.16000", "2006-12-31": "2397.23100", "2005-12-31": "2520.15600"}, "Other Non-Current Liabilities": {"2019-12-31": "10.66100", "2018-12-31": "13.51900", "2017-12-31": "12.91600", "2016-12-31": "28.56600", "2015-12-31": "41.97400", "2014-12-31": "72.18700", "2013-12-31": "102.19800", "2012-12-31": "131.20300", "2011-12-31": "131.61100", "2010-12-31": "117.94300", "2009-12-31": "127.68800", "2008-12-31": "95.71100", "2007-12-31": "82.44900", "2006-12-31": "121.50800", "2005-12-31": "70.52400"}, "Total Long Term Liabilities": {"2019-12-31": "36.35200", "2018-12-31": "288.47400", "2017-12-31": "861.49400", "2016-12-31": "1170.23300", "2015-12-31": "1739.09000", "2014-12-31": "2279.85200", "2013-12-31": "3107.60800", "2012-12-31": "4481.02400", "2011-12-31": "3708.94200", "2010-12-31": "3324.00900", "2009-12-31": "3120.33800", "2008-12-31": "2985.62900", "2007-12-31": "2856.60900", "2006-12-31": "2518.73900", "2005-12-31": "2590.68000"}, "Total Liabilities": {"2019-12-31": "73.50500", "2018-12-31": "346.77400", "2017-12-31": "936.45000", "2016-12-31": "1265.62800", "2015-12-31": "1862.67700", "2014-12-31": "2442.05600", "2013-12-31": "3282.84800", "2012-12-31": "4688.16600", "2011-12-31": "3878.50900", "2010-12-31": "3456.84900", "2009-12-31": "3232.25500", "2008-12-31": "3094.98700", "2007-12-31": "2956.44900", "2006-12-31": "2625.18100", "2005-12-31": "2681.68100"}, "Common Stock Net": {"2019-12-31": "1.21900", "2018-12-31": "1.21600", "2017-12-31": "1.24200", "2016-12-31": "1.24000", "2015-12-31": "1.26300", "2014-12-31": "1.29600", "2013-12-31": "1.18400", "2012-12-31": "0.83800", "2011-12-31": "0.83700", "2010-12-31": "0.72100", "2009-12-31": "0.56000", "2008-12-31": "2.27700", "2007-12-31": "2.25400", "2006-12-31": "2.10100", "2005-12-31": "2.09900"}, "Retained Earnings (Accumulated Deficit)": {"2019-12-31": "-1189.73600", "2018-12-31": "-1243.31000", "2017-12-31": "-1201.35700", "2016-12-31": "-1223.02500", "2015-12-31": "-1428.35400", "2014-12-31": "-1500.28700", "2013-12-31": "-1446.40200", "2012-12-31": "-1115.03600", "2011-12-31": "-820.36600", "2010-12-31": "-735.87110", "2009-12-31": "-722.25000", "2008-12-31": "-701.51510", "2007-12-31": "-705.19010", "2006-12-31": "-628.92800", "2005-12-31": "-618.70690"}, "Comprehensive Income": {"2019-12-31": "", "2018-12-31": "-0.34200", "2017-12-31": "-0.09500", "2016-12-31": "-0.20800", "2015-12-31": "-3.68700", "2014-12-31": "-53.21600", "2013-12-31": "-38.33100", "2012-12-31": "0.56500", "2011-12-31": "-4.70900", "2010-12-31": "4.70600", "2009-12-31": "2.54700", "2008-12-31": "", "2007-12-31": "", "2006-12-31": "", "2005-12-31": ""}, "Other Share Holders Equity": {"2019-12-31": "", "2018-12-31": "", "2017-12-31": "", "2016-12-31": "", "2015-12-31": "", "2014-12-31": "", "2013-12-31": "", "2012-12-31": "", "2011-12-31": "", "2010-12-31": "", "2009-12-31": "", "2008-12-31": "", "2007-12-31": "", "2006-12-31": "", "2005-12-31": ""}, "Share Holder Equity": {"2019-12-31": "3245.87200", "2018-12-31": "3183.99800", "2017-12-31": "3300.49500", "2016-12-31": "3260.44700", "2015-12-31": "3368.48700", "2014-12-31": "3319.58300", "2013-12-31": "3363.58600", "2012-12-31": "3501.46800", "2011-12-31": "3568.51700", "2010-12-31": "3131.69000", "2009-12-31": "2889.06600", "2008-12-31": "2921.11200", "2007-12-31": "2902.88300", "2006-12-31": "2950.76800", "2005-12-31": "2645.48600"}, "Total Liabilities And Share Holders Equity": {"2019-12-31": "3319.37700", "2018-12-31": "3530.77200", "2017-12-31": "4236.94500", "2016-12-31": "4526.07500", "2015-12-31": "5231.16400", "2014-12-31": "5761.63900", "2013-12-31": "6646.43400", "2012-12-31": "8189.63400", "2011-12-31": "7447.02600", "2010-12-31": "6588.53900", "2009-12-31": "6121.32100", "2008-12-31": "6016.09900", "2007-12-31": "5859.33200", "2006-12-31": "5575.94900", "2005-12-31": "5327.16700"}}, "balance sheet, quarterly": {"Cash On Hand": {"2020-09-30": "3418.24000", "2020-06-30": "3441.87800", "2020-03-31": "3351.52300", "2019-12-31": "2800.64500", "2019-09-30": "3210.23100", "2019-06-30": "3182.85800", "2019-03-31": "3071.26800", "2018-12-31": "2653.70300", "2018-09-30": "2931.87400", "2018-06-30": "2763.81100", "2018-03-31": "3092.54500", "2017-12-31": "2637.51800", "2017-09-30": "2520.36000", "2017-06-30": "2252.21500", "2017-03-31": "2170.28900", "2016-12-31": "2101.20600", "2016-09-30": "2441.92900", "2016-06-30": "1806.11400", "2016-03-31": "1778.31800", "2015-12-31": "1834.97400", "2015-09-30": "1677.62500", "2015-06-30": "1318.25300", "2015-03-31": "455.08500", "2014-12-31": "396.77300", "2014-09-30": "612.95900", "2014-06-30": "451.20200", "2014-03-31": "194.99600", "2013-12-31": "244.55000", "2013-09-30": "183.43300", "2013-06-30": "95.52900", "2013-03-31": "63.41500", "2012-12-31": "118.84500", "2012-09-30": "86.31100", "2012-06-30": "153.13400", "2012-03-31": "210.78200", "2011-12-31": "200.63200", "2011-09-30": "220.77500", "2011-06-30": "60.14400", "2011-03-31": "30.91900", "2010-12-31": "199.12200", "2010-09-30": "181.79800", "2010-06-30": "45.91700", "2010-03-31": "149.19200", "2009-12-31": "29.86600", "2009-09-30": "44.86500", "2009-06-30": "47.13100", "2009-03-31": "45.19700", "2008-12-31": "26.35500", "2008-09-30": "104.79500", "2008-06-30": "127.38200", "2008-03-31": "43.60800", "2007-12-31": "37.90600", "2007-09-30": "43.04900", "2007-06-30": "45.59700", "2007-03-31": "37.29400", "2006-12-31": "39.41800", "2006-09-30": "56.23300", "2006-06-30": "51.03000", "2006-03-31": "48.90300", "2005-12-31": "37.79300", "2005-09-30": "38.60900", "2005-06-30": "41.20300", "2005-03-31": "42.17300"}, "Receivables": {"2020-09-30": "14.48600", "2020-06-30": "13.96800", "2020-03-31": "14.96400", "2019-12-31": "19.55400", "2019-09-30": "19.34700", "2019-06-30": "19.73500", "2019-03-31": "31.15100", "2018-12-31": "51.08900", "2018-09-30": "50.10300", "2018-06-30": "57.34700", "2018-03-31": "55.91000", "2017-12-31": "93.43600", "2017-09-30": "107.83200", "2017-06-30": "115.37100", "2017-03-31": "152.08100", "2016-12-31": "152.03100", "2016-09-30": "150.72800", "2016-06-30": "169.80000", "2016-03-31": "176.74000", "2015-12-31": "174.67600", "2015-09-30": "184.67900", "2015-06-30": "209.08900", "2015-03-31": "249.40800", "2014-12-31": "248.10100", "2014-09-30": "238.20700", "2014-06-30": "238.03300", "2014-03-31": "239.76600", "2013-12-31": "223.76900", "2013-09-30": "218.30100", "2013-06-30": "274.98800", "2013-03-31": "267.73300", "2012-12-31": "253.39400", "2012-09-30": "246.31300", "2012-06-30": "236.00100", "2012-03-31": "226.56500", "2011-12-31": "217.59200", "2011-09-30": "212.73700", "2011-06-30": "203.30400", "2011-03-31": "205.69100", "2010-12-31": "191.23700", "2010-09-30": "198.89900", "2010-06-30": "196.78100", "2010-03-31": "203.04400", "2009-12-31": "194.35800", "2009-09-30": "187.49500", "2009-06-30": "188.51200", "2009-03-31": "203.03400", "2008-12-31": "196.83900", "2008-09-30": "181.99800", "2008-06-30": "174.67700", "2008-03-31": "202.33500", "2007-12-31": "197.96700", "2007-09-30": "191.59100", "2007-06-30": "182.98000", "2007-03-31": "181.75200", "2006-12-31": "172.56600", "2006-09-30": "165.69100", "2006-06-30": "159.32000", "2006-03-31": "158.02200", "2005-12-31": "145.38500", "2005-09-30": "134.92100", "2005-06-30": "126.62100", "2005-03-31": "119.46500"}, "Inventory": {"2020-09-30": "", "2020-06-30": "", "2020-03-31": "", "2019-12-31": "", "2019-09-30": "", "2019-06-30": "", "2019-03-31": "", "2018-12-31": "", "2018-09-30": "", "2018-06-30": "", "2018-03-31": "", "2017-12-31": "", "2017-09-30": "", "2017-06-30": "", "2017-03-31": "", "2016-12-31": "", "2016-09-30": "", "2016-06-30": "", "2016-03-31": "", "2015-12-31": "", "2015-09-30": "", "2015-06-30": "", "2015-03-31": "", "2014-12-31": "", "2014-09-30": "", "2014-06-30": "", "2014-03-31": "", "2013-12-31": "", "2013-09-30": "", "2013-06-30": "", "2013-03-31": "", "2012-12-31": "", "2012-09-30": "", "2012-06-30": "", "2012-03-31": "", "2011-12-31": "", "2011-09-30": "", "2011-06-30": "", "2011-03-31": "", "2010-12-31": "", "2010-09-30": "", "2010-06-30": "", "2010-03-31": "", "2009-12-31": "", "2009-09-30": "", "2009-06-30": "", "2009-03-31": "", "2008-12-31": "", "2008-09-30": "", "2008-06-30": "", "2008-03-31": "", "2007-12-31": "", "2007-09-30": "", "2007-06-30": "", "2007-03-31": "", "2006-12-31": "", "2006-09-30": "", "2006-06-30": "", "2006-03-31": "", "2005-12-31": "", "2005-09-30": "", "2005-06-30": "", "2005-03-31": ""}, "Pre-Paid Expenses": {"2020-09-30": "", "2020-06-30": "", "2020-03-31": "", "2019-12-31": "", "2019-09-30": "", "2019-06-30": "", "2019-03-31": "", "2018-12-31": "", "2018-09-30": "", "2018-06-30": "", "2018-03-31": "", "2017-12-31": "", "2017-09-30": "", "2017-06-30": "", "2017-03-31": "", "2016-12-31": "", "2016-09-30": "", "2016-06-30": "", "2016-03-31": "", "2015-12-31": "", "2015-09-30": "", "2015-06-30": "", "2015-03-31": "", "2014-12-31": "", "2014-09-30": "", "2014-06-30": "", "2014-03-31": "", "2013-12-31": "", "2013-09-30": "", "2013-06-30": "", "2013-03-31": "", "2012-12-31": "", "2012-09-30": "", "2012-06-30": "", "2012-03-31": "", "2011-12-31": "", "2011-09-30": "", "2011-06-30": "", "2011-03-31": "", "2010-12-31": "", "2010-09-30": "", "2010-06-30": "", "2010-03-31": "", "2009-12-31": "", "2009-09-30": "", "2009-06-30": "", "2009-03-31": "", "2008-12-31": "", "2008-09-30": "", "2008-06-30": "", "2008-03-31": "", "2007-12-31": "", "2007-09-30": "", "2007-06-30": "", "2007-03-31": "", "2006-12-31": "", "2006-09-30": "", "2006-06-30": "", "2006-03-31": "", "2005-12-31": "", "2005-09-30": "", "2005-06-30": "", "2005-03-31": ""}, "Other Current Assets": {"2020-09-30": "", "2020-06-30": "", "2020-03-31": "", "2019-12-31": "", "2019-09-30": "", "2019-06-30": "", "2019-03-31": "", "2018-12-31": "", "2018-09-30": "", "2018-06-30": "", "2018-03-31": "", "2017-12-31": "", "2017-09-30": "", "2017-06-30": "", "2017-03-31": "", "2016-12-31": "", "2016-09-30": "", "2016-06-30": "", "2016-03-31": "", "2015-12-31": "", "2015-09-30": "", "2015-06-30": "", "2015-03-31": "", "2014-12-31": "", "2014-09-30": "", "2014-06-30": "", "2014-03-31": "", "2013-12-31": "", "2013-09-30": "", "2013-06-30": "", "2013-03-31": "", "2012-12-31": "", "2012-09-30": "", "2012-06-30": "", "2012-03-31": "", "2011-12-31": "", "2011-09-30": "", "2011-06-30": "", "2011-03-31": "", "2010-12-31": "", "2010-09-30": "", "2010-06-30": "", "2010-03-31": "", "2009-12-31": "", "2009-09-30": "", "2009-06-30": "", "2009-03-31": "", "2008-12-31": "", "2008-09-30": "", "2008-06-30": "", "2008-03-31": "", "2007-12-31": "", "2007-09-30": "", "2007-06-30": "", "2007-03-31": "", "2006-12-31": "", "2006-09-30": "", "2006-06-30": "", "2006-03-31": "", "2005-12-31": "", "2005-09-30": "", "2005-06-30": "", "2005-03-31": ""}, "Total Current Assets": {"2020-09-30": "3432.72600", "2020-06-30": "3455.84600", "2020-03-31": "3366.48700", "2019-12-31": "2820.19900", "2019-09-30": "3229.57800", "2019-06-30": "3202.59300", "2019-03-31": "3102.41900", "2018-12-31": "2704.79200", "2018-09-30": "2981.97700", "2018-06-30": "2821.15800", "2018-03-31": "3148.45500", "2017-12-31": "2730.95400", "2017-09-30": "2628.19200", "2017-06-30": "2367.58600", "2017-03-31": "2322.37000", "2016-12-31": "2253.23700", "2016-09-30": "2592.65700", "2016-06-30": "1975.91400", "2016-03-31": "1955.05800", "2015-12-31": "2009.65000", "2015-09-30": "1862.30400", "2015-06-30": "1527.34200", "2015-03-31": "704.49300", "2014-12-31": "644.87400", "2014-09-30": "851.16600", "2014-06-30": "689.23500", "2014-03-31": "434.76200", "2013-12-31": "468.31900", "2013-09-30": "401.73400", "2013-06-30": "370.51700", "2013-03-31": "331.14800", "2012-12-31": "372.23900", "2012-09-30": "332.62400", "2012-06-30": "389.13500", "2012-03-31": "437.34700", "2011-12-31": "418.22400", "2011-09-30": "433.51200", "2011-06-30": "263.44800", "2011-03-31": "236.61000", "2010-12-31": "390.35900", "2010-09-30": "380.69700", "2010-06-30": "242.69800", "2010-03-31": "352.23600", "2009-12-31": "224.22400", "2009-09-30": "232.36000", "2009-06-30": "235.64300", "2009-03-31": "248.23100", "2008-12-31": "223.19400", "2008-09-30": "286.79300", "2008-06-30": "302.05900", "2008-03-31": "245.94300", "2007-12-31": "235.87300", "2007-09-30": "234.64000", "2007-06-30": "228.57700", "2007-03-31": "219.04600", "2006-12-31": "211.98400", "2006-09-30": "221.92400", "2006-06-30": "210.35000", "2006-03-31": "206.92500", "2005-12-31": "183.17800", "2005-09-30": "173.53000", "2005-06-30": "167.82400", "2005-03-31": "161.63800"}, "Property, Plant, And Equipment": {"2020-09-30": "257.88400", "2020-06-30": "258.66400", "2020-03-31": "259.10400", "2019-12-31": "459.42100", "2019-09-30": "460.49400", "2019-06-30": "463.80300", "2019-03-31": "569.00900", "2018-12-31": "763.67400", "2018-09-30": "767.29700", "2018-06-30": "876.25800", "2018-03-31": "867.36200", "2017-12-31": "1296.89300", "2017-09-30": "1503.77600", "2017-06-30": "1633.29900", "2017-03-31": "1959.81000", "2016-12-31": "2101.63500", "2016-09-30": "2183.93100", "2016-06-30": "2574.15600", "2016-03-31": "2891.94500", "2015-12-31": "2988.41300", "2015-09-30": "3088.15800", "2015-06-30": "3378.16600", "2015-03-31": "4633.22700", "2014-12-31": "4697.99800", "2014-09-30": "4898.04100", "2014-06-30": "4938.86200", "2014-03-31": "4980.74000", "2013-12-31": "4642.10600", "2013-09-30": "4757.03800", "2013-06-30": "6888.92200", "2013-03-31": "6942.07200", "2012-12-31": "6821.80300", "2012-09-30": "6817.59400", "2012-06-30": "6636.36800", "2012-03-31": "6515.60100", "2011-12-31": "6310.06200", "2011-09-30": "6259.90100", "2011-06-30": "5964.47500", "2011-03-31": "5750.07700", "2010-12-31": "5506.99700", "2010-09-30": "5478.07700", "2010-06-30": "5344.87000", "2010-03-31": "5408.15700", "2009-12-31": "5439.26000", "2009-09-30": "5315.57700", "2009-06-30": "5145.81300", "2009-03-31": "5399.24800", "2008-12-31": "5379.29900", "2008-09-30": "5278.32600", "2008-06-30": "5136.96000", "2008-03-31": "5426.26900", "2007-12-31": "5348.07800", "2007-09-30": "5278.91700", "2007-06-30": "5252.80400", "2007-03-31": "5119.64700", "2006-12-31": "5093.81300", "2006-09-30": "4945.31500", "2006-06-30": "4951.38400", "2006-03-31": "4856.07800", "2005-12-31": "4676.11400", "2005-09-30": "4527.77700", "2005-06-30": "4405.83900", "2005-03-31": "4220.64900"}, "Long-Term Investments": {"2020-09-30": "", "2020-06-30": "", "2020-03-31": "", "2019-12-31": "", "2019-09-30": "", "2019-06-30": "", "2019-03-31": "", "2018-12-31": "", "2018-09-30": "", "2018-06-30": "", "2018-03-31": "", "2017-12-31": "", "2017-09-30": "", "2017-06-30": "", "2017-03-31": "", "2016-12-31": "", "2016-09-30": "", "2016-06-30": "", "2016-03-31": "", "2015-12-31": "", "2015-09-30": "", "2015-06-30": "", "2015-03-31": "", "2014-12-31": "", "2014-09-30": "", "2014-06-30": "", "2014-03-31": "", "2013-12-31": "", "2013-09-30": "", "2013-06-30": "", "2013-03-31": "", "2012-12-31": "", "2012-09-30": "", "2012-06-30": "", "2012-03-31": "", "2011-12-31": "", "2011-09-30": "", "2011-06-30": "", "2011-03-31": "", "2010-12-31": "", "2010-09-30": "", "2010-06-30": "", "2010-03-31": "", "2009-12-31": "", "2009-09-30": "", "2009-06-30": "", "2009-03-31": "", "2008-12-31": "", "2008-09-30": "", "2008-06-30": "", "2008-03-31": "", "2007-12-31": "", "2007-09-30": "", "2007-06-30": "", "2007-03-31": "", "2006-12-31": "", "2006-09-30": "", "2006-06-30": "", "2006-03-31": "", "2005-12-31": "", "2005-09-30": "", "2005-06-30": "", "2005-03-31": ""}, "Goodwill And Intangible Assets": {"2020-09-30": "", "2020-06-30": "", "2020-03-31": "", "2019-12-31": "", "2019-09-30": "", "2019-06-30": "", "2019-03-31": "", "2018-12-31": "", "2018-09-30": "", "2018-06-30": "", "2018-03-31": "", "2017-12-31": "", "2017-09-30": "", "2017-06-30": "", "2017-03-31": "", "2016-12-31": "", "2016-09-30": "", "2016-06-30": "", "2016-03-31": "", "2015-12-31": "", "2015-09-30": "", "2015-06-30": "", "2015-03-31": "", "2014-12-31": "", "2014-09-30": "", "2014-06-30": "", "2014-03-31": "", "2013-12-31": "", "2013-09-30": "", "2013-06-30": "", "2013-03-31": "", "2012-12-31": "", "2012-09-30": "", "2012-06-30": "", "2012-03-31": "", "2011-12-31": "", "2011-09-30": "", "2011-06-30": "", "2011-03-31": "", "2010-12-31": "", "2010-09-30": "", "2010-06-30": "", "2010-03-31": "", "2009-12-31": "", "2009-09-30": "", "2009-06-30": "", "2009-03-31": "", "2008-12-31": "", "2008-09-30": "", "2008-06-30": "", "2008-03-31": "", "2007-12-31": "", "2007-09-30": "", "2007-06-30": "", "2007-03-31": "", "2006-12-31": "", "2006-09-30": "", "2006-06-30": "", "2006-03-31": "", "2005-12-31": "", "2005-09-30": "", "2005-06-30": "", "2005-03-31": ""}, "Other Long-Term Assets": {"2020-09-30": "18.16400", "2020-06-30": "18.64500", "2020-03-31": "78.46600", "2019-12-31": "39.75700", "2019-09-30": "41.27100", "2019-06-30": "35.77500", "2019-03-31": "42.50900", "2018-12-31": "62.30600", "2018-09-30": "64.45400", "2018-06-30": "79.45800", "2018-03-31": "121.48900", "2017-12-31": "209.09800", "2017-09-30": "128.32100", "2017-06-30": "490.23100", "2017-03-31": "236.57600", "2016-12-31": "171.20300", "2016-09-30": "189.17900", "2016-06-30": "361.70500", "2016-03-31": "256.14600", "2015-12-31": "233.10100", "2015-09-30": "373.78100", "2015-06-30": "642.53800", "2015-03-31": "396.57600", "2014-12-31": "418.76700", "2014-09-30": "421.58900", "2014-06-30": "965.26300", "2014-03-31": "1185.21200", "2013-12-31": "1536.00900", "2013-09-30": "1663.21500", "2013-06-30": "760.09900", "2013-03-31": "809.44790", "2012-12-31": "995.59200", "2012-09-30": "796.73690", "2012-06-30": "773.08100", "2012-03-31": "760.44300", "2011-12-31": "718.74000", "2011-09-30": "764.77700", "2011-06-30": "732.07600", "2011-03-31": "703.00000", "2010-12-31": "691.18300", "2010-09-30": "515.00100", "2010-06-30": "617.45000", "2010-03-31": "474.35800", "2009-12-31": "457.83700", "2009-09-30": "459.59000", "2009-06-30": "544.63400", "2009-03-31": "422.97200", "2008-12-31": "413.60600", "2008-09-30": "505.42400", "2008-06-30": "564.12700", "2008-03-31": "287.63400", "2007-12-31": "275.38100", "2007-09-30": "286.95500", "2007-06-30": "269.50800", "2007-03-31": "298.07500", "2006-12-31": "270.15200", "2006-09-30": "287.53900", "2006-06-30": "279.78500", "2006-03-31": "292.18600", "2005-12-31": "467.87500", "2005-09-30": "452.74100", "2005-06-30": "438.76000", "2005-03-31": "441.39600"}, "Total Long-Term Assets": {"2020-09-30": "276.04800", "2020-06-30": "277.30900", "2020-03-31": "337.57000", "2019-12-31": "499.17800", "2019-09-30": "501.76500", "2019-06-30": "499.57800", "2019-03-31": "611.51790", "2018-12-31": "825.98000", "2018-09-30": "831.75100", "2018-06-30": "955.71600", "2018-03-31": "988.85100", "2017-12-31": "1505.99100", "2017-09-30": "1632.09700", "2017-06-30": "2123.53000", "2017-03-31": "2196.38600", "2016-12-31": "2272.83800", "2016-09-30": "2373.11000", "2016-06-30": "2935.86100", "2016-03-31": "3148.09100", "2015-12-31": "3221.51400", "2015-09-30": "3461.93900", "2015-06-30": "4020.70400", "2015-03-31": "5029.80300", "2014-12-31": "5116.76500", "2014-09-30": "5319.63000", "2014-06-30": "5904.12500", "2014-03-31": "6165.95200", "2013-12-31": "6178.11500", "2013-09-30": "6420.25300", "2013-06-30": "7649.02100", "2013-03-31": "7751.52000", "2012-12-31": "7817.39500", "2012-09-30": "7614.33100", "2012-06-30": "7409.44900", "2012-03-31": "7276.04400", "2011-12-31": "7028.80200", "2011-09-30": "7024.67800", "2011-06-30": "6696.55100", "2011-03-31": "6453.07700", "2010-12-31": "6198.18000", "2010-09-30": "5993.07800", "2010-06-30": "5962.32000", "2010-03-31": "5882.51500", "2009-12-31": "5897.09700", "2009-09-30": "5775.16700", "2009-06-30": "5690.44700", "2009-03-31": "5822.22000", "2008-12-31": "5792.90500", "2008-09-30": "5783.75000", "2008-06-30": "5701.08700", "2008-03-31": "5713.90300", "2007-12-31": "5623.45900", "2007-09-30": "5565.87200", "2007-06-30": "5522.31200", "2007-03-31": "5417.72200", "2006-12-31": "5363.96500", "2006-09-30": "5232.85400", "2006-06-30": "5231.16900", "2006-03-31": "5148.26400", "2005-12-31": "5143.98900", "2005-09-30": "4980.51800", "2005-06-30": "4844.59900", "2005-03-31": "4662.04500"}, "Total Assets": {"2020-09-30": "3708.77400", "2020-06-30": "3733.15500", "2020-03-31": "3704.05700", "2019-12-31": "3319.37700", "2019-09-30": "3731.34300", "2019-06-30": "3702.17100", "2019-03-31": "3713.93700", "2018-12-31": "3530.77200", "2018-09-30": "3813.72800", "2018-06-30": "3776.87400", "2018-03-31": "4137.30600", "2017-12-31": "4236.94500", "2017-09-30": "4260.28900", "2017-06-30": "4491.11600", "2017-03-31": "4518.75600", "2016-12-31": "4526.07500", "2016-09-30": "4965.76700", "2016-06-30": "4911.77500", "2016-03-31": "5103.14900", "2015-12-31": "5231.16400", "2015-09-30": "5324.24300", "2015-06-30": "5548.04600", "2015-03-31": "5734.29600", "2014-12-31": "5761.63900", "2014-09-30": "6170.79600", "2014-06-30": "6593.36000", "2014-03-31": "6600.71400", "2013-12-31": "6646.43400", "2013-09-30": "6821.98700", "2013-06-30": "8019.53800", "2013-03-31": "8082.66800", "2012-12-31": "8189.63400", "2012-09-30": "7946.95500", "2012-06-30": "7798.58400", "2012-03-31": "7713.39100", "2011-12-31": "7447.02600", "2011-09-30": "7458.19000", "2011-06-30": "6959.99900", "2011-03-31": "6689.68700", "2010-12-31": "6588.53900", "2010-09-30": "6373.77500", "2010-06-30": "6205.01800", "2010-03-31": "6234.75100", "2009-12-31": "6121.32100", "2009-09-30": "6007.52700", "2009-06-30": "5926.09000", "2009-03-31": "6070.45100", "2008-12-31": "6016.09900", "2008-09-30": "6070.54300", "2008-06-30": "6003.14600", "2008-03-31": "5959.84600", "2007-12-31": "5859.33200", "2007-09-30": "5800.51200", "2007-06-30": "5750.88900", "2007-03-31": "5636.76800", "2006-12-31": "5575.94900", "2006-09-30": "5454.77800", "2006-06-30": "5441.51900", "2006-03-31": "5355.18900", "2005-12-31": "5327.16700", "2005-09-30": "5154.04800", "2005-06-30": "5012.42300", "2005-03-31": "4823.68300"}, "Total Current Liabilities": {"2020-09-30": "25.70200", "2020-06-30": "25.82100", "2020-03-31": "25.96600", "2019-12-31": "37.15300", "2019-09-30": "38.21800", "2019-06-30": "36.90300", "2019-03-31": "42.28000", "2018-12-31": "58.30000", "2018-09-30": "46.89600", "2018-06-30": "44.38000", "2018-03-31": "42.00700", "2017-12-31": "74.95600", "2017-09-30": "63.50600", "2017-06-30": "75.80000", "2017-03-31": "62.51800", "2016-12-31": "95.39500", "2016-09-30": "87.00300", "2016-06-30": "117.36300", "2016-03-31": "120.88800", "2015-12-31": "123.58700", "2015-09-30": "121.69700", "2015-06-30": "128.59000", "2015-03-31": "149.00900", "2014-12-31": "162.20400", "2014-09-30": "163.07500", "2014-06-30": "161.39600", "2014-03-31": "152.27500", "2013-12-31": "175.24000", "2013-09-30": "176.06200", "2013-06-30": "178.40300", "2013-03-31": "170.62900", "2012-12-31": "207.14200", "2012-09-30": "175.13400", "2012-06-30": "172.70800", "2012-03-31": "153.83900", "2011-12-31": "169.56700", "2011-09-30": "176.97300", "2011-06-30": "148.97800", "2011-03-31": "125.24900", "2010-12-31": "132.84000", "2010-09-30": "134.39400", "2010-06-30": "119.98100", "2010-03-31": "101.69500", "2009-12-31": "111.91700", "2009-09-30": "127.93100", "2009-06-30": "119.59100", "2009-03-31": "109.95400", "2008-12-31": "109.35800", "2008-09-30": "124.17600", "2008-06-30": "109.17700", "2008-03-31": "92.36900", "2007-12-31": "99.84000", "2007-09-30": "111.35000", "2007-06-30": "95.30400", "2007-03-31": "78.72700", "2006-12-31": "106.44200", "2006-09-30": "95.43900", "2006-06-30": "87.27400", "2006-03-31": "76.71400", "2005-12-31": "91.00100", "2005-09-30": "90.80600", "2005-06-30": "84.59100", "2005-03-31": "50.06000"}, "Long Term Debt": {"2020-09-30": "", "2020-06-30": "25.28100", "2020-03-31": "25.48700", "2019-12-31": "25.69100", "2019-09-30": "25.89600", "2019-06-30": "26.09100", "2019-03-31": "274.97700", "2018-12-31": "274.95500", "2018-09-30": "279.90100", "2018-06-30": "280.01200", "2018-03-31": "678.52700", "2017-12-31": "848.57800", "2017-09-30": "850.57600", "2017-06-30": "1100.35500", "2017-03-31": "1141.62800", "2016-12-31": "1141.66700", "2016-09-30": "1557.26000", "2016-06-30": "1557.55700", "2016-03-31": "1557.83900", "2015-12-31": "1697.11600", "2015-09-30": "1828.07300", "2015-06-30": "1973.69200", "2015-03-31": "2205.07500", "2014-12-31": "2207.66500", "2014-09-30": "2442.94200", "2014-06-30": "2986.60400", "2014-03-31": "2989.93900", "2013-12-31": "3005.41000", "2013-09-30": "3114.82100", "2013-06-30": "3651.50900", "2013-03-31": "3658.21400", "2012-12-31": "4349.82100", "2012-09-30": "4151.03600", "2012-06-30": "3817.86100", "2012-03-31": "3706.23400", "2011-12-31": "3577.33100", "2011-09-30": "3556.53500", "2011-06-30": "3297.76900", "2011-03-31": "3307.20700", "2010-12-31": "3206.06600", "2010-09-30": "2826.69100", "2010-06-30": "2879.27400", "2010-03-31": "2880.92800", "2009-12-31": "2992.65000", "2009-09-30": "2816.20100", "2009-06-30": "2777.70300", "2009-03-31": "2952.50900", "2008-12-31": "2889.91800", "2008-09-30": "2934.76400", "2008-06-30": "2937.89100", "2008-03-31": "2911.69900", "2007-12-31": "2774.16000", "2007-09-30": "2674.85900", "2007-06-30": "2614.13300", "2007-03-31": "2499.30500", "2006-12-31": "2397.23100", "2006-09-30": "2639.62100", "2006-06-30": "2611.07700", "2006-03-31": "2513.24600", "2005-12-31": "2520.15600", "2005-09-30": "2333.54300", "2005-06-30": "2310.52400", "2005-03-31": "2157.56800"}, "Other Non-Current Liabilities": {"2020-09-30": "439.96600", "2020-06-30": "8.31200", "2020-03-31": "7.99000", "2019-12-31": "10.66100", "2019-09-30": "439.11600", "2019-06-30": "3.55400", "2019-03-31": "5.11900", "2018-12-31": "13.51900", "2018-09-30": "317.42000", "2018-06-30": "10.17300", "2018-03-31": "15.29300", "2017-12-31": "12.91600", "2017-09-30": "21.50800", "2017-06-30": "28.50000", "2017-03-31": "28.08500", "2016-12-31": "28.56600", "2016-09-30": "32.46400", "2016-06-30": "38.21700", "2016-03-31": "37.05100", "2015-12-31": "41.97400", "2015-09-30": "47.26500", "2015-06-30": "58.53400", "2015-03-31": "69.03400", "2014-12-31": "72.18700", "2014-09-30": "75.77600", "2014-06-30": "74.47200", "2014-03-31": "99.43000", "2013-12-31": "102.19800", "2013-09-30": "110.07100", "2013-06-30": "117.14900", "2013-03-31": "127.09500", "2012-12-31": "131.20300", "2012-09-30": "120.66100", "2012-06-30": "125.88900", "2012-03-31": "130.28800", "2011-12-31": "131.61100", "2011-09-30": "132.38500", "2011-06-30": "125.07800", "2011-03-31": "117.44600", "2010-12-31": "117.94300", "2010-09-30": "98.84500", "2010-06-30": "97.24000", "2010-03-31": "102.19100", "2009-12-31": "127.68800", "2009-09-30": "100.23000", "2009-06-30": "98.83700", "2009-03-31": "98.23600", "2008-12-31": "95.71100", "2008-09-30": "93.49500", "2008-06-30": "77.60000", "2008-03-31": "85.49900", "2007-12-31": "82.44900", "2007-09-30": "75.76700", "2007-06-30": "79.75400", "2007-03-31": "79.55900", "2006-12-31": "121.50800", "2006-09-30": "77.83700", "2006-06-30": "79.91500", "2006-03-31": "81.40200", "2005-12-31": "70.52400", "2005-09-30": "72.34900", "2005-06-30": "70.26100", "2005-03-31": "66.34600"}, "Total Long Term Liabilities": {"2020-09-30": "439.96600", "2020-06-30": "33.59300", "2020-03-31": "33.47700", "2019-12-31": "36.35200", "2019-09-30": "465.01200", "2019-06-30": "29.64500", "2019-03-31": "280.09600", "2018-12-31": "288.47400", "2018-09-30": "597.32100", "2018-06-30": "290.18500", "2018-03-31": "693.82000", "2017-12-31": "861.49400", "2017-09-30": "872.08400", "2017-06-30": "1128.85500", "2017-03-31": "1169.71300", "2016-12-31": "1170.23300", "2016-09-30": "1589.72400", "2016-06-30": "1595.77400", "2016-03-31": "1594.89000", "2015-12-31": "1739.09000", "2015-09-30": "1875.33800", "2015-06-30": "2032.22600", "2015-03-31": "2274.10900", "2014-12-31": "2279.85200", "2014-09-30": "2518.71800", "2014-06-30": "3061.07600", "2014-03-31": "3089.36900", "2013-12-31": "3107.60800", "2013-09-30": "3224.89200", "2013-06-30": "3768.65800", "2013-03-31": "3785.30900", "2012-12-31": "4481.02400", "2012-09-30": "4271.69700", "2012-06-30": "3943.75000", "2012-03-31": "3836.52200", "2011-12-31": "3708.94200", "2011-09-30": "3688.92000", "2011-06-30": "3422.84700", "2011-03-31": "3424.65300", "2010-12-31": "3324.00900", "2010-09-30": "2925.53600", "2010-06-30": "2976.51400", "2010-03-31": "2983.11900", "2009-12-31": "3120.33800", "2009-09-30": "2916.43100", "2009-06-30": "2876.54000", "2009-03-31": "3050.74500", "2008-12-31": "2985.62900", "2008-09-30": "3028.25900", "2008-06-30": "3015.49100", "2008-03-31": "2997.19800", "2007-12-31": "2856.60900", "2007-09-30": "2750.62600", "2007-06-30": "2693.88700", "2007-03-31": "2578.86400", "2006-12-31": "2518.73900", "2006-09-30": "2717.45800", "2006-06-30": "2690.99200", "2006-03-31": "2594.64800", "2005-12-31": "2590.68000", "2005-09-30": "2405.89200", "2005-06-30": "2380.78500", "2005-03-31": "2223.91400"}, "Total Liabilities": {"2020-09-30": "465.66800", "2020-06-30": "59.41400", "2020-03-31": "59.44300", "2019-12-31": "73.50500", "2019-09-30": "503.23000", "2019-06-30": "66.54800", "2019-03-31": "322.37600", "2018-12-31": "346.77400", "2018-09-30": "644.21700", "2018-06-30": "334.56500", "2018-03-31": "735.82700", "2017-12-31": "936.45000", "2017-09-30": "935.59000", "2017-06-30": "1204.65500", "2017-03-31": "1232.23100", "2016-12-31": "1265.62800", "2016-09-30": "1676.72700", "2016-06-30": "1713.13700", "2016-03-31": "1715.77800", "2015-12-31": "1862.67700", "2015-09-30": "1997.03500", "2015-06-30": "2160.81600", "2015-03-31": "2423.11800", "2014-12-31": "2442.05600", "2014-09-30": "2681.79300", "2014-06-30": "3222.47200", "2014-03-31": "3241.64400", "2013-12-31": "3282.84800", "2013-09-30": "3400.95400", "2013-06-30": "3947.06100", "2013-03-31": "3955.93800", "2012-12-31": "4688.16600", "2012-09-30": "4446.83100", "2012-06-30": "4116.45800", "2012-03-31": "3990.36100", "2011-12-31": "3878.50900", "2011-09-30": "3865.89300", "2011-06-30": "3571.82500", "2011-03-31": "3549.90200", "2010-12-31": "3456.84900", "2010-09-30": "3059.93000", "2010-06-30": "3096.49500", "2010-03-31": "3084.81400", "2009-12-31": "3232.25500", "2009-09-30": "3044.36200", "2009-06-30": "2996.13100", "2009-03-31": "3160.69900", "2008-12-31": "3094.98700", "2008-09-30": "3152.43500", "2008-06-30": "3124.66800", "2008-03-31": "3089.56700", "2007-12-31": "2956.44900", "2007-09-30": "2861.97600", "2007-06-30": "2789.19100", "2007-03-31": "2657.59100", "2006-12-31": "2625.18100", "2006-09-30": "2812.89700", "2006-06-30": "2778.26600", "2006-03-31": "2671.36200", "2005-12-31": "2681.68100", "2005-09-30": "2496.69800", "2005-06-30": "2465.37600", "2005-03-31": "2273.97400"}, "Common Stock Net": {"2020-09-30": "1.21500", "2020-06-30": "1.21500", "2020-03-31": "1.21500", "2019-12-31": "1.21900", "2019-09-30": "1.21900", "2019-06-30": "1.21900", "2019-03-31": "1.21900", "2018-12-31": "1.21600", "2018-09-30": "1.21500", "2018-06-30": "1.21500", "2018-03-31": "1.21400", "2017-12-31": "1.24200", "2017-09-30": "1.24100", "2017-06-30": "1.24100", "2017-03-31": "1.24000", "2016-12-31": "1.24000", "2016-09-30": "1.25500", "2016-06-30": "1.25500", "2016-03-31": "1.25500", "2015-12-31": "1.26300", "2015-09-30": "1.26300", "2015-06-30": "1.29800", "2015-03-31": "1.29700", "2014-12-31": "1.29600", "2014-09-30": "1.28900", "2014-06-30": "1.28900", "2014-03-31": "1.18400", "2013-12-31": "1.18400", "2013-09-30": "1.18400", "2013-06-30": "1.18300", "2013-03-31": "1.18300", "2012-12-31": "0.83800", "2012-09-30": "0.83800", "2012-06-30": "0.83700", "2012-03-31": "0.83700", "2011-12-31": "0.83700", "2011-09-30": "0.83700", "2011-06-30": "0.72100", "2011-03-31": "0.72100", "2010-12-31": "0.72100", "2010-09-30": "0.72100", "2010-06-30": "0.64600", "2010-03-31": "2.58400", "2009-12-31": "0.56000", "2009-09-30": "2.23900", "2009-06-30": "2.23700", "2009-03-31": "2.23700", "2008-12-31": "2.27700", "2008-09-30": "2.27700", "2008-06-30": "2.25500", "2008-03-31": "2.25400", "2007-12-31": "2.25400", "2007-09-30": "2.12500", "2007-06-30": "2.11900", "2007-03-31": "2.11100", "2006-12-31": "2.10100", "2006-09-30": "2.10000", "2006-06-30": "2.10000", "2006-03-31": "2.09900", "2005-12-31": "2.09900", "2005-09-30": "2.09900", "2005-06-30": "1.99800", "2005-03-31": "1.99800"}, "Retained Earnings (Accumulated Deficit)": {"2020-09-30": "-1175.15100", "2020-06-30": "-742.32910", "2020-03-31": "-768.16410", "2019-12-31": "-1189.73600", "2019-09-30": "-1204.01000", "2019-06-30": "-794.35770", "2019-03-31": "-1034.75300", "2018-12-31": "-1243.31000", "2018-09-30": "-1257.17400", "2018-06-30": "-978.81710", "2018-03-31": "-1013.85300", "2017-12-31": "-1201.35700", "2017-09-30": "-1177.79900", "2017-06-30": "-1209.01400", "2017-03-31": "-1201.20800", "2016-12-31": "-1223.02500", "2016-09-30": "-1233.28800", "2016-06-30": "-1317.67900", "2016-03-31": "-1388.93300", "2015-12-31": "-1428.35400", "2015-09-30": "-1464.51800", "2015-06-30": "-1488.00300", "2015-03-31": "-1493.63800", "2014-12-31": "-1500.28700", "2014-09-30": "-1341.73000", "2014-06-30": "-1477.52600", "2014-03-31": "-1466.70200", "2013-12-31": "-1446.40200", "2013-09-30": "-1400.35400", "2013-06-30": "-1143.30900", "2013-03-31": "-1121.47100", "2012-12-31": "-1115.03600", "2012-09-30": "-930.14890", "2012-06-30": "-891.80910", "2012-03-31": "-852.18990", "2011-12-31": "-820.36600", "2011-09-30": "-779.55490", "2011-06-30": "-759.11280", "2011-03-31": "-734.16800", "2010-12-31": "-735.87110", "2010-09-30": "-710.45090", "2010-06-30": "-731.29610", "2010-03-31": "-697.61990", "2009-12-31": "-722.25000", "2009-09-30": "-645.60400", "2009-06-30": "-678.29100", "2009-03-31": "-698.39790", "2008-12-31": "-701.51510", "2008-09-30": "-704.49490", "2008-06-30": "-729.75210", "2008-03-31": "-737.79410", "2007-12-31": "-705.19010", "2007-09-30": "-669.59190", "2007-06-30": "-641.83410", "2007-03-31": "-613.51710", "2006-12-31": "-628.92800", "2006-09-30": "-569.35300", "2006-06-30": "-547.37500", "2006-03-31": "-525.38100", "2005-12-31": "-618.70690", "2005-09-30": "-606.84300", "2005-06-30": "-591.67700", "2005-03-31": "-588.96190"}, "Comprehensive Income": {"2020-09-30": "", "2020-06-30": "", "2020-03-31": "", "2019-12-31": "", "2019-09-30": "", "2019-06-30": "", "2019-03-31": "", "2018-12-31": "-0.34200", "2018-09-30": "-1.00600", "2018-06-30": "-1.46900", "2018-03-31": "-2.10600", "2017-12-31": "-0.09500", "2017-09-30": "2.67100", "2017-06-30": "1.23500", "2017-03-31": "-1.00200", "2016-12-31": "-0.20800", "2016-09-30": "-1.11700", "2016-06-30": "-2.23400", "2016-03-31": "-3.01400", "2015-12-31": "-3.68700", "2015-09-30": "-5.14200", "2015-06-30": "-5.96300", "2015-03-31": "-72.22800", "2014-12-31": "-53.21600", "2014-09-30": "-39.76500", "2014-06-30": "-21.20500", "2014-03-31": "-26.72400", "2013-12-31": "-38.33100", "2013-09-30": "-26.93000", "2013-06-30": "-32.57600", "2013-03-31": "2.57700", "2012-12-31": "0.56500", "2012-09-30": "-1.04400", "2012-06-30": "-6.07300", "2012-03-31": "-0.22000", "2011-12-31": "-4.70900", "2011-09-30": "-21.48900", "2011-06-30": "18.36300", "2011-03-31": "11.09800", "2010-12-31": "4.70600", "2010-09-30": "-13.56000", "2010-06-30": "-8.26780", "2010-03-31": "-0.32690", "2009-12-31": "2.54700", "2009-09-30": "", "2009-06-30": "", "2009-03-31": "", "2008-12-31": "", "2008-09-30": "", "2008-06-30": "", "2008-03-31": "", "2007-12-31": "", "2007-09-30": "", "2007-06-30": "", "2007-03-31": "", "2006-12-31": "", "2006-09-30": "", "2006-06-30": "", "2006-03-31": "", "2005-12-31": "", "2005-09-30": "", "2005-06-30": "", "2005-03-31": ""}, "Other Share Holders Equity": {"2020-09-30": "", "2020-06-30": "", "2020-03-31": "", "2019-12-31": "", "2019-09-30": "", "2019-06-30": "", "2019-03-31": "", "2018-12-31": "", "2018-09-30": "", "2018-06-30": "", "2018-03-31": "", "2017-12-31": "", "2017-09-30": "", "2017-06-30": "", "2017-03-31": "", "2016-12-31": "", "2016-09-30": "", "2016-06-30": "", "2016-03-31": "", "2015-12-31": "", "2015-09-30": "", "2015-06-30": "", "2015-03-31": "", "2014-12-31": "", "2014-09-30": "", "2014-06-30": "", "2014-03-31": "", "2013-12-31": "", "2013-09-30": "", "2013-06-30": "", "2013-03-31": "", "2012-12-31": "", "2012-09-30": "", "2012-06-30": "", "2012-03-31": "", "2011-12-31": "", "2011-09-30": "", "2011-06-30": "", "2011-03-31": "", "2010-12-31": "", "2010-09-30": "", "2010-06-30": "", "2010-03-31": "", "2009-12-31": "", "2009-09-30": "", "2009-06-30": "", "2009-03-31": "", "2008-12-31": "", "2008-09-30": "", "2008-06-30": "", "2008-03-31": "", "2007-12-31": "", "2007-09-30": "", "2007-06-30": "", "2007-03-31": "", "2006-12-31": "", "2006-09-30": "", "2006-06-30": "", "2006-03-31": "", "2005-12-31": "", "2005-09-30": "", "2005-06-30": "", "2005-03-31": ""}, "Share Holder Equity": {"2020-09-30": "3243.10600", "2020-06-30": "3673.74100", "2020-03-31": "3644.61400", "2019-12-31": "3245.87200", "2019-09-30": "3228.11300", "2019-06-30": "3635.62300", "2019-03-31": "3391.56100", "2018-12-31": "3183.99800", "2018-09-30": "3169.51100", "2018-06-30": "3442.30900", "2018-03-31": "3401.47900", "2017-12-31": "3300.49500", "2017-09-30": "3324.69900", "2017-06-30": "3286.46100", "2017-03-31": "3286.52500", "2016-12-31": "3260.44700", "2016-09-30": "3289.04000", "2016-06-30": "3198.63800", "2016-03-31": "3387.37100", "2015-12-31": "3368.48700", "2015-09-30": "3327.20800", "2015-06-30": "3387.23000", "2015-03-31": "3311.17800", "2014-12-31": "3319.58300", "2014-09-30": "3489.00300", "2014-06-30": "3370.88800", "2014-03-31": "3359.07000", "2013-12-31": "3363.58600", "2013-09-30": "3421.03300", "2013-06-30": "4072.47700", "2013-03-31": "4126.73000", "2012-12-31": "3501.46800", "2012-09-30": "3500.12400", "2012-06-30": "3682.12600", "2012-03-31": "3723.03000", "2011-12-31": "3568.51700", "2011-09-30": "3592.29700", "2011-06-30": "3388.17400", "2011-03-31": "3139.78500", "2010-12-31": "3131.69000", "2010-09-30": "3313.84500", "2010-06-30": "3108.52300", "2010-03-31": "3149.93700", "2009-12-31": "2889.06600", "2009-09-30": "2963.16500", "2009-06-30": "2929.95900", "2009-03-31": "2909.75200", "2008-12-31": "2921.11200", "2008-09-30": "2918.10800", "2008-06-30": "2878.47800", "2008-03-31": "2870.27900", "2007-12-31": "2902.88300", "2007-09-30": "2938.53600", "2007-06-30": "2961.69800", "2007-03-31": "2979.17700", "2006-12-31": "2950.76800", "2006-09-30": "2641.88100", "2006-06-30": "2663.25300", "2006-03-31": "2683.82700", "2005-12-31": "2645.48600", "2005-09-30": "2657.35000", "2005-06-30": "2547.04700", "2005-03-31": "2549.70900"}, "Total Liabilities And Share Holders Equity": {"2020-09-30": "3708.77400", "2020-06-30": "3733.15500", "2020-03-31": "3704.05700", "2019-12-31": "3319.37700", "2019-09-30": "3731.34300", "2019-06-30": "3702.17100", "2019-03-31": "3713.93700", "2018-12-31": "3530.77200", "2018-09-30": "3813.72800", "2018-06-30": "3776.87400", "2018-03-31": "4137.30600", "2017-12-31": "4236.94500", "2017-09-30": "4260.28900", "2017-06-30": "4491.11600", "2017-03-31": "4518.75600", "2016-12-31": "4526.07500", "2016-09-30": "4965.76700", "2016-06-30": "4911.77500", "2016-03-31": "5103.14900", "2015-12-31": "5231.16400", "2015-09-30": "5324.24300", "2015-06-30": "5548.04600", "2015-03-31": "5734.29600", "2014-12-31": "5761.63900", "2014-09-30": "6170.79600", "2014-06-30": "6593.36000", "2014-03-31": "6600.71400", "2013-12-31": "6646.43400", "2013-09-30": "6821.98700", "2013-06-30": "8019.53800", "2013-03-31": "8082.66800", "2012-12-31": "8189.63400", "2012-09-30": "7946.95500", "2012-06-30": "7798.58400", "2012-03-31": "7713.39100", "2011-12-31": "7447.02600", "2011-09-30": "7458.19000", "2011-06-30": "6959.99900", "2011-03-31": "6689.68700", "2010-12-31": "6588.53900", "2010-09-30": "6373.77500", "2010-06-30": "6205.01800", "2010-03-31": "6234.75100", "2009-12-31": "6121.32100", "2009-09-30": "6007.52700", "2009-06-30": "5926.09000", "2009-03-31": "6070.45100", "2008-12-31": "6016.09900", "2008-09-30": "6070.54300", "2008-06-30": "6003.14600", "2008-03-31": "5959.84600", "2007-12-31": "5859.33200", "2007-09-30": "5800.51200", "2007-06-30": "5750.88900", "2007-03-31": "5636.76800", "2006-12-31": "5575.94900", "2006-09-30": "5454.77800", "2006-06-30": "5441.51900", "2006-03-31": "5355.18900", "2005-12-31": "5327.16700", "2005-09-30": "5154.04800", "2005-06-30": "5012.42300", "2005-03-31": "4823.68300"}}, "cash flow statement": {"Net Income/Loss": {"2019-12-31": "492.86600", "2018-12-31": "272.90800", "2017-12-31": "29.66600", "2016-12-31": "232.89400", "2015-12-31": "99.85700", "2014-12-31": "24.01200", "2013-12-31": "-156.96700", "2012-12-31": "-79.84500", "2011-12-31": "109.98400", "2010-12-31": "135.40900", "2009-12-31": "164.67400", "2008-12-31": "244.64500", "2007-12-31": "124.25500", "2006-12-31": "250.58000", "2005-12-31": "164.98400"}, "Total Depreciation And Amortization - Cash Flow": {"2019-12-31": "28.88900", "2018-12-31": "51.25300", "2017-12-31": "95.28700", "2016-12-31": "142.06200", "2015-12-31": "202.50200", "2014-12-31": "237.59500", "2013-12-31": "256.55800", "2012-12-31": "271.65900", "2011-12-31": "238.57200", "2010-12-31": "238.50900", "2009-12-31": "212.50300", "2008-12-31": "206.86100", "2007-12-31": "197.31700", "2006-12-31": "174.80000", "2005-12-31": "146.33500"}, "Other Non-Cash Items": {"2019-12-31": "-401.79000", "2018-12-31": "-210.37800", "2017-12-31": "11.69800", "2016-12-31": "-185.27800", "2015-12-31": "-54.89300", "2014-12-31": "-11.24400", "2013-12-31": "209.38600", "2012-12-31": "121.84500", "2011-12-31": "-75.15200", "2010-12-31": "-109.19500", "2009-12-31": "-82.87600", "2008-12-31": "-134.89100", "2007-12-31": "-1.51000", "2006-12-31": "-117.54500", "2005-12-31": "-19.35500"}, "Total Non-Cash Items": {"2019-12-31": "-372.90100", "2018-12-31": "-159.12500", "2017-12-31": "106.98500", "2016-12-31": "-43.21600", "2015-12-31": "147.60900", "2014-12-31": "226.35100", "2013-12-31": "465.94400", "2012-12-31": "393.50400", "2011-12-31": "163.42000", "2010-12-31": "129.31400", "2009-12-31": "129.62700", "2008-12-31": "71.97000", "2007-12-31": "195.80700", "2006-12-31": "57.25500", "2005-12-31": "126.98000"}, "Change In Accounts Receivable": {"2019-12-31": "-13.09900", "2018-12-31": "-19.88600", "2017-12-31": "-23.70800", "2016-12-31": "-23.92100", "2015-12-31": "-47.47200", "2014-12-31": "-30.78500", "2013-12-31": "-57.03900", "2012-12-31": "-38.80100", "2011-12-31": "-31.36200", "2010-12-31": "-22.58000", "2009-12-31": "-5.65000", "2008-12-31": "-46.04300", "2007-12-31": "-49.31900", "2006-12-31": "-49.70300", "2005-12-31": "-55.64300"}, "Change In Inventories": {"2019-12-31": "", "2018-12-31": "", "2017-12-31": "", "2016-12-31": "", "2015-12-31": "", "2014-12-31": "", "2013-12-31": "", "2012-12-31": "", "2011-12-31": "", "2010-12-31": "", "2009-12-31": "", "2008-12-31": "", "2007-12-31": "", "2006-12-31": "", "2005-12-31": ""}, "Change In Accounts Payable": {"2019-12-31": "-5.31100", "2018-12-31": "-0.70400", "2017-12-31": "-9.38400", "2016-12-31": "4.92700", "2015-12-31": "-4.64300", "2014-12-31": "1.11200", "2013-12-31": "-16.19100", "2012-12-31": "7.69700", "2011-12-31": "13.66500", "2010-12-31": "3.81200", "2009-12-31": "1.27000", "2008-12-31": "11.67700", "2007-12-31": "-9.13800", "2006-12-31": "14.08600", "2005-12-31": "-4.49900"}, "Change In Assets/Liabilities": {"2019-12-31": "-2.61000", "2018-12-31": "-3.65700", "2017-12-31": "-3.56300", "2016-12-31": "-6.98100", "2015-12-31": "-7.23700", "2014-12-31": "3.69000", "2013-12-31": "-1.09600", "2012-12-31": "-5.77200", "2011-12-31": "7.62500", "2010-12-31": "6.09900", "2009-12-31": "7.32000", "2008-12-31": "16.19300", "2007-12-31": "9.96900", "2006-12-31": "0.41200", "2005-12-31": "8.39200"}, "Total Change In Assets/Liabilities": {"2019-12-31": "-21.02000", "2018-12-31": "-24.24700", "2017-12-31": "-36.65500", "2016-12-31": "-25.97500", "2015-12-31": "-59.35200", "2014-12-31": "-25.98300", "2013-12-31": "-74.32600", "2012-12-31": "-36.87600", "2011-12-31": "-10.07200", "2010-12-31": "-12.66900", "2009-12-31": "2.94000", "2008-12-31": "-18.17300", "2007-12-31": "-48.48800", "2006-12-31": "-35.20500", "2005-12-31": "-51.75000"}, "Cash Flow From Operating Activities": {"2019-12-31": "98.94500", "2018-12-31": "89.53600", "2017-12-31": "99.99600", "2016-12-31": "163.70300", "2015-12-31": "188.11400", "2014-12-31": "224.38000", "2013-12-31": "234.65100", "2012-12-31": "276.78300", "2011-12-31": "263.33200", "2010-12-31": "252.05400", "2009-12-31": "297.24100", "2008-12-31": "298.44200", "2007-12-31": "271.57400", "2006-12-31": "272.63000", "2005-12-31": "240.21400"}, "Net Change In Property, Plant, And Equipment": {"2019-12-31": "771.78700", "2018-12-31": "961.07900", "2017-12-31": "802.32400", "2016-12-31": "1146.66900", "2015-12-31": "1888.81500", "2014-12-31": "185.29900", "2013-12-31": "70.60600", "2012-12-31": "-621.63600", "2011-12-31": "-503.77600", "2010-12-31": "-291.74900", "2009-12-31": "-396.57300", "2008-12-31": "333.61400", "2007-12-31": "4.41000", "2006-12-31": "10.64100", "2005-12-31": "20.07800"}, "Net Change In Intangible Assets": {"2019-12-31": "", "2018-12-31": "", "2017-12-31": "", "2016-12-31": "", "2015-12-31": "", "2014-12-31": "", "2013-12-31": "", "2012-12-31": "", "2011-12-31": "", "2010-12-31": "", "2009-12-31": "", "2008-12-31": "", "2007-12-31": "", "2006-12-31": "", "2005-12-31": ""}, "Net Acquisitions/Divestitures": {"2019-12-31": "-26.05200", "2018-12-31": "-49.93000", "2017-12-31": "-64.81300", "2016-12-31": "-121.45000", "2015-12-31": "-70.63300", "2014-12-31": "-99.65100", "2013-12-31": "-114.45100", "2012-12-31": "-131.30000", "2011-12-31": "-100.33900", "2010-12-31": "-77.38900", "2009-12-31": "-57.02600", "2008-12-31": "-416.46100", "2007-12-31": "-423.48800", "2006-12-31": "-514.26900", "2005-12-31": "-590.41100"}, "Net Change In Short-term Investments": {"2019-12-31": "", "2018-12-31": "", "2017-12-31": "0.31300", "2016-12-31": "0.00000", "2015-12-31": "", "2014-12-31": "", "2013-12-31": "1.00000", "2012-12-31": "0.00000", "2011-12-31": "8.18300", "2010-12-31": "0.10500", "2009-12-31": "0.00000", "2008-12-31": "", "2007-12-31": "", "2006-12-31": "", "2005-12-31": ""}, "Net Change In Long-Term Investments": {"2019-12-31": "250.00000", "2018-12-31": "23.93300", "2017-12-31": "-276.23800", "2016-12-31": "", "2015-12-31": "27.06800", "2014-12-31": "686.50400", "2013-12-31": "239.57600", "2012-12-31": "-5.33500", "2011-12-31": "-38.63500", "2010-12-31": "7.92400", "2009-12-31": "-11.89300", "2008-12-31": "", "2007-12-31": "", "2006-12-31": "308.33300", "2005-12-31": "16.97600"}, "Net Change In Investments - Total": {"2019-12-31": "250.00000", "2018-12-31": "23.93300", "2017-12-31": "-275.92500", "2016-12-31": "", "2015-12-31": "27.06800", "2014-12-31": "686.50400", "2013-12-31": "240.57600", "2012-12-31": "-5.33500", "2011-12-31": "-30.45200", "2010-12-31": "8.02900", "2009-12-31": "-11.89300", "2008-12-31": "", "2007-12-31": "", "2006-12-31": "308.33300", "2005-12-31": "16.97600"}, "Investing Activities - Other": {"2019-12-31": "", "2018-12-31": "7.04200", "2017-12-31": "4.00000", "2016-12-31": "0.50000", "2015-12-31": "7.35200", "2014-12-31": "-0.91400", "2013-12-31": "-14.25000", "2012-12-31": "10.08500", "2011-12-31": "10.63500", "2010-12-31": "7.65400", "2009-12-31": "", "2008-12-31": "", "2007-12-31": "", "2006-12-31": "2.25100", "2005-12-31": "8.29400"}, "Cash Flow From Investing Activities": {"2019-12-31": "995.73500", "2018-12-31": "942.12400", "2017-12-31": "465.58600", "2016-12-31": "1025.71900", "2015-12-31": "1852.60200", "2014-12-31": "771.23800", "2013-12-31": "182.48100", "2012-12-31": "-748.18600", "2011-12-31": "-623.93200", "2010-12-31": "-353.45500", "2009-12-31": "-465.49200", "2008-12-31": "-82.84700", "2007-12-31": "-419.07800", "2006-12-31": "-193.04400", "2005-12-31": "-545.06300"}, "Net Long-Term Debt": {"2019-12-31": "", "2018-12-31": "", "2017-12-31": "", "2016-12-31": "", "2015-12-31": "", "2014-12-31": "", "2013-12-31": "-728.02100", "2012-12-31": "", "2011-12-31": "", "2010-12-31": "", "2009-12-31": "-88.25100", "2008-12-31": "", "2007-12-31": "", "2006-12-31": "", "2005-12-31": ""}, "Net Current Debt": {"2019-12-31": "-255.84200", "2018-12-31": "-581.46000", "2017-12-31": "-295.05300", "2016-12-31": "-560.18700", "2015-12-31": "-469.96300", "2014-12-31": "-785.31600", "2013-12-31": "-29.43200", "2012-12-31": "389.51790", "2011-12-31": "31.97000", "2010-12-31": "210.53100", "2009-12-31": "449.94100", "2008-12-31": "21.84100", "2007-12-31": "371.36100", "2006-12-31": "-174.68800", "2005-12-31": "136.69200"}, "Debt Issuance/Retirement Net - Total": {"2019-12-31": "-255.84200", "2018-12-31": "-581.46000", "2017-12-31": "-295.05300", "2016-12-31": "-560.18700", "2015-12-31": "-469.96300", "2014-12-31": "-785.31600", "2013-12-31": "-757.45300", "2012-12-31": "389.51790", "2011-12-31": "31.97000", "2010-12-31": "210.53100", "2009-12-31": "361.69000", "2008-12-31": "21.84100", "2007-12-31": "371.36100", "2006-12-31": "-174.68800", "2005-12-31": "136.69200"}, "Net Common Equity Issued/Repurchased": {"2019-12-31": "-5.48700", "2018-12-31": "-93.97600", "2017-12-31": "-3.18800", "2016-12-31": "-69.98700", "2015-12-31": "-87.98300", "2014-12-31": "", "2013-12-31": "626.80900", "2012-12-31": "363.65700", "2011-12-31": "264.05600", "2010-12-31": "430.77800", "2009-12-31": "-14.48600", "2008-12-31": "", "2007-12-31": "153.07400", "2006-12-31": "", "2005-12-31": "383.97400"}, "Net Total Equity Issued/Repurchased": {"2019-12-31": "-5.48700", "2018-12-31": "-93.97600", "2017-12-31": "-3.18800", "2016-12-31": "-344.98700", "2015-12-31": "-87.98300", "2014-12-31": "", "2013-12-31": "626.80900", "2012-12-31": "213.65700", "2011-12-31": "529.44700", "2010-12-31": "255.77800", "2009-12-31": "-14.48600", "2008-12-31": "", "2007-12-31": "28.07400", "2006-12-31": "313.28500", "2005-12-31": "383.97400"}, "Total Common And Preferred Stock Dividends Paid": {"2019-12-31": "-436.80700", "2018-12-31": "-312.71300", "2017-12-31": "-7.95700", "2016-12-31": "-17.95600", "2015-12-31": "-27.92400", "2014-12-31": "-61.69200", "2013-12-31": "-169.16900", "2012-12-31": "-207.63500", "2011-12-31": "-194.47900", "2010-12-31": "-175.89300", "2009-12-31": "-158.54600", "2008-12-31": "-240.97000", "2007-12-31": "-244.62800", "2006-12-31": "-216.69000", "2005-12-31": "-211.23100"}, "Financial Activities - Other": {"2019-12-31": "", "2018-12-31": "", "2017-12-31": "", "2016-12-31": "-0.05200", "2015-12-31": "-7.14300", "2014-12-31": "", "2013-12-31": "-1.20400", "2012-12-31": "-15.11700", "2011-12-31": "-7.13100", "2010-12-31": "-15.55500", "2009-12-31": "-17.72100", "2008-12-31": "-0.82700", "2007-12-31": "-4.12400", "2006-12-31": "-3.51200", "2005-12-31": "-7.17100"}, "Cash Flow From Financial Activities": {"2019-12-31": "-698.13600", "2018-12-31": "-988.14900", "2017-12-31": "-306.19800", "2016-12-31": "-923.18200", "2015-12-31": "-593.01300", "2014-12-31": "-847.00800", "2013-12-31": "-301.01700", "2012-12-31": "380.42300", "2011-12-31": "359.80700", "2010-12-31": "274.86100", "2009-12-31": "170.93700", "2008-12-31": "-219.95600", "2007-12-31": "150.68300", "2006-12-31": "-81.60500", "2005-12-31": "302.26400"}, "Net Cash Flow": {"2019-12-31": "396.54400", "2018-12-31": "43.51100", "2017-12-31": "259.38400", "2016-12-31": "266.23200", "2015-12-31": "1438.20100", "2014-12-31": "147.48400", "2013-12-31": "114.81300", "2012-12-31": "-90.54400", "2011-12-31": "-1.27700", "2010-12-31": "175.83600", "2009-12-31": "2.68600", "2008-12-31": "-4.36100", "2007-12-31": "3.17900", "2006-12-31": "-2.01900", "2005-12-31": "-2.58500"}, "Stock-Based Compensation": {"2019-12-31": "14.42600", "2018-12-31": "19.69700", "2017-12-31": "21.41400", "2016-12-31": "18.53000", "2015-12-31": "15.42500", "2014-12-31": "5.73300", "2013-12-31": "", "2012-12-31": "", "2011-12-31": "", "2010-12-31": "", "2009-12-31": "", "2008-12-31": "", "2007-12-31": "", "2006-12-31": "", "2005-12-31": ""}, "Common Stock Dividends Paid": {"2019-12-31": "-428.81900", "2018-12-31": "-304.72500", "2017-12-31": "0.03100", "2016-12-31": "0.00000", "2015-12-31": "", "2014-12-31": "-29.59700", "2013-12-31": "-124.56500", "2012-12-31": "-154.92500", "2011-12-31": "-150.07400", "2010-12-31": "-126.23700", "2009-12-31": "-107.87800", "2008-12-31": "-190.30200", "2007-12-31": "-180.35100", "2006-12-31": "-176.37000", "2005-12-31": "-165.23100"}}, "cash flow statement, quarterly": {"Net Income/Loss": {"2020-09-30": 0.37, "2020-06-30": 27.886, "2020-03-31": "425.50700", "2019-12-31": 15.996, "2019-09-30": 23.896, "2019-06-30": 242.377, "2019-03-31": "210.59700", "2018-12-31": 15.422, "2018-09-30": 32.777, "2018-06-30": 37.047, "2018-03-31": "187.66200", "2017-12-31": -21.569, "2017-09-30": 33.224, "2017-06-30": -5.811, "2017-03-31": "23.82200", "2016-12-31": 12.26, "2016-09-30": 86.388, "2016-06-30": 87.844, "2016-03-31": "46.40200", "2015-12-31": 43.145, "2015-09-30": 30.466, "2015-06-30": 12.616, "2015-03-31": "13.63000", "2014-12-31": -158.561, "2014-09-30": 156.74, "2014-06-30": 5.385, "2014-03-31": "20.44800", "2013-12-31": -5.301, "2013-09-30": -216.207, "2013-06-30": 28.917, "2013-03-31": "35.62400", "2012-12-31": -147.27, "2012-09-30": 22.265, "2012-06-30": 20.586, "2012-03-31": "24.57400", "2011-12-31": 14.873, "2011-09-30": 28.535, "2011-06-30": 19.964, "2011-03-31": "46.61200", "2010-12-31": 22.304, "2010-09-30": 65.81, "2010-06-30": 9.998, "2010-03-31": "37.29700", "2009-12-31": -10.253, "2009-09-30": 72.199, "2009-06-30": 59.616, "2009-03-31": "43.11200", "2008-12-31": 63.463, "2008-09-30": 85.724, "2008-06-30": 68.052, "2008-03-31": "27.40600", "2007-12-31": 27.479, "2007-09-30": 32.154, "2007-06-30": 31.474, "2007-03-31": "33.14800", "2006-12-31": 37.877, "2006-09-30": 31.354, "2006-06-30": 31.514, "2006-03-31": "149.83500", "2005-12-31": 43.706, "2005-09-30": 38.297, "2005-06-30": 50.746, "2005-03-31": "32.23500"}, "Total Depreciation And Amortization - Cash Flow": {"2020-09-30": 5.327, "2020-06-30": 4.528, "2020-03-31": "5.24700", "2019-12-31": 6.164, "2019-09-30": 6.031, "2019-06-30": 7.858, "2019-03-31": "8.83600", "2018-12-31": 11.255, "2018-09-30": 11.745, "2018-06-30": 13.548, "2018-03-31": "14.70500", "2017-12-31": 19.72, "2017-09-30": 22.206, "2017-06-30": 25.16, "2017-03-31": "28.20100", "2016-12-31": 30.546, "2016-09-30": 31.014, "2016-06-30": 42.147, "2016-03-31": "38.35500", "2015-12-31": 39.63, "2015-09-30": 43.451, "2015-06-30": 55.324, "2015-03-31": "64.09700", "2014-12-31": 61.115, "2014-09-30": 59.195, "2014-06-30": 63.702, "2014-03-31": "53.58300", "2013-12-31": 54.803, "2013-09-30": 61.97, "2013-06-30": 70.104, "2013-03-31": "69.68100", "2012-12-31": 73.104, "2012-09-30": 66.887, "2012-06-30": 67.275, "2012-03-31": "64.39300", "2011-12-31": 63.941, "2011-09-30": 61.718, "2011-06-30": 55.621, "2011-03-31": "57.29200", "2010-12-31": 79.654, "2010-09-30": 52.324, "2010-06-30": 53.206, "2010-03-31": "53.32500", "2009-12-31": 53.164, "2009-09-30": 53.056, "2009-06-30": 53.073, "2009-03-31": "53.21000", "2008-12-31": 51.602, "2008-09-30": 50.717, "2008-06-30": 52.581, "2008-03-31": "51.96100", "2007-12-31": 51.047, "2007-09-30": 49.524, "2007-06-30": 49.691, "2007-03-31": "47.05500", "2006-12-31": 44.314, "2006-09-30": 44.607, "2006-06-30": 43.801, "2006-03-31": "42.07800", "2005-12-31": 38.695, "2005-09-30": 36.53, "2005-06-30": 36.057, "2005-03-31": "35.05300"}, "Other Non-Cash Items": {"2020-09-30": 2.822, "2020-06-30": -23.133, "2020-03-31": "-416.11900", "2019-12-31": 3.277, "2019-09-30": 1.962, "2019-06-30": -217.082, "2019-03-31": "-189.94700", "2018-12-31": 5.361, "2018-09-30": -14.998, "2018-06-30": -21.281, "2018-03-31": "-179.46000", "2017-12-31": 32.568, "2017-09-30": -22.859, "2017-06-30": 16.318, "2017-03-31": "-14.32900", "2016-12-31": -5.414, "2016-09-30": -80.229, "2016-06-30": -63.614, "2016-03-31": "-36.02100", "2015-12-31": -40.197, "2015-09-30": -24.343, "2015-06-30": 9.038, "2015-03-31": "0.60900", "2014-12-31": 169.325, "2014-09-30": -195.702, "2014-06-30": 16.01, "2014-03-31": "-0.87700", "2013-12-31": 22.17, "2013-09-30": 210.01, "2013-06-30": -6.505, "2013-03-31": "-16.28900", "2012-12-31": 151.08, "2012-09-30": -12.374, "2012-06-30": -8.791, "2012-03-31": "-8.07000", "2011-12-31": -7.405, "2011-09-30": -17.075, "2011-06-30": -8.682, "2011-03-31": "-41.99000", "2010-12-31": -58.035, "2010-09-30": -44.781, "2010-06-30": 8.398, "2010-03-31": "-14.77700", "2009-12-31": 20.785, "2009-09-30": -53.063, "2009-06-30": -34.34, "2009-03-31": "-16.25800", "2008-12-31": -37.266, "2008-09-30": -57.658, "2008-06-30": -39.967, "2008-03-31": "", "2007-12-31": 0.187, "2007-09-30": -2.408, "2007-06-30": 0.711, "2007-03-31": "", "2006-12-31": -1.745, "2006-09-30": -1.172, "2006-06-30": 0, "2006-03-31": "-114.62800", "2005-12-31": -7.055, "2005-09-30": 0, "2005-06-30": -12.3, "2005-03-31": ""}, "Total Non-Cash Items": {"2020-09-30": 8.149, "2020-06-30": -18.605, "2020-03-31": "-410.87200", "2019-12-31": 9.441, "2019-09-30": 7.993, "2019-06-30": -209.224, "2019-03-31": "-181.11100", "2018-12-31": 16.616, "2018-09-30": -3.253, "2018-06-30": -7.733, "2018-03-31": "-164.75500", "2017-12-31": 52.288, "2017-09-30": -0.653, "2017-06-30": 41.478, "2017-03-31": "13.87200", "2016-12-31": 25.132, "2016-09-30": -49.215, "2016-06-30": -21.467, "2016-03-31": "2.33400", "2015-12-31": -0.567, "2015-09-30": 19.108, "2015-06-30": 64.362, "2015-03-31": "64.70600", "2014-12-31": 230.44, "2014-09-30": -136.507, "2014-06-30": 79.712, "2014-03-31": "52.70600", "2013-12-31": 76.973, "2013-09-30": 271.98, "2013-06-30": 63.599, "2013-03-31": "53.39200", "2012-12-31": 224.184, "2012-09-30": 54.513, "2012-06-30": 58.484, "2012-03-31": "56.32300", "2011-12-31": 56.536, "2011-09-30": 44.643, "2011-06-30": 46.939, "2011-03-31": "15.30200", "2010-12-31": 21.619, "2010-09-30": 7.543, "2010-06-30": 61.604, "2010-03-31": "38.54800", "2009-12-31": 73.949, "2009-09-30": -0.007, "2009-06-30": 18.733, "2009-03-31": "36.95200", "2008-12-31": 14.336, "2008-09-30": -6.941, "2008-06-30": 12.614, "2008-03-31": "51.96100", "2007-12-31": 51.234, "2007-09-30": 47.116, "2007-06-30": 50.402, "2007-03-31": "47.05500", "2006-12-31": 42.569, "2006-09-30": 43.435, "2006-06-30": 43.801, "2006-03-31": "-72.55000", "2005-12-31": 31.64, "2005-09-30": 36.53, "2005-06-30": 23.757, "2005-03-31": "35.05300"}, "Change In Accounts Receivable": {"2020-09-30": -1.53, "2020-06-30": 1.248, "2020-03-31": "-0.73300", "2019-12-31": -2.027, "2019-09-30": -3.036, "2019-06-30": -1.221, "2019-03-31": "-6.81500", "2018-12-31": -0.137, "2018-09-30": -2.893, "2018-06-30": -5.446, "2018-03-31": "-11.41000", "2017-12-31": -2.946, "2017-09-30": -0.86, "2017-06-30": -1.663, "2017-03-31": "-18.23900", "2016-12-31": -3.447, "2016-09-30": -6.747, "2016-06-30": 1.759, "2016-03-31": "-15.48600", "2015-12-31": -0.865, "2015-09-30": -26.178, "2015-06-30": 8.249, "2015-03-31": "-28.67800", "2014-12-31": -2.199, "2014-09-30": -8.73, "2014-06-30": -1.606, "2014-03-31": "-18.25000", "2013-12-31": 1.666, "2013-09-30": -36.256, "2013-06-30": -1.246, "2013-03-31": "-21.20300", "2012-12-31": 7.989, "2012-09-30": -28.847, "2012-06-30": 5.227, "2012-03-31": "-23.17000", "2011-12-31": 1.787, "2011-09-30": -24.742, "2011-06-30": 20.22, "2011-03-31": "-28.62700", "2010-12-31": 14.001, "2010-09-30": -25.831, "2010-06-30": 13.66, "2010-03-31": "-24.41000", "2009-12-31": 14.875, "2009-09-30": -19.318, "2009-06-30": 24.938, "2009-03-31": "-26.14500", "2008-12-31": -8.299, "2008-09-30": -25.939, "2008-06-30": 8.117, "2008-03-31": "-19.92200", "2007-12-31": -49.319, "2007-09-30": 22.462, "2007-06-30": 2.469, "2007-03-31": "-24.93100", "2006-12-31": -3.962, "2006-09-30": -17.556, "2006-06-30": 2.472, "2006-03-31": "-30.65700", "2005-12-31": -1.125, "2005-09-30": -25.397, "2005-06-30": 0.339, "2005-03-31": "-29.46000"}, "Change In Inventories": {"2020-09-30": 0, "2020-06-30": 0, "2020-03-31": "", "2019-12-31": 0, "2019-09-30": 0, "2019-06-30": 0, "2019-03-31": "", "2018-12-31": 0, "2018-09-30": 0, "2018-06-30": 0, "2018-03-31": "", "2017-12-31": 0, "2017-09-30": 0, "2017-06-30": 0, "2017-03-31": "", "2016-12-31": 0, "2016-09-30": 0, "2016-06-30": 0, "2016-03-31": "", "2015-12-31": 0, "2015-09-30": 0, "2015-06-30": 0, "2015-03-31": "", "2014-12-31": 0, "2014-09-30": 0, "2014-06-30": 0, "2014-03-31": "", "2013-12-31": 0, "2013-09-30": 0, "2013-06-30": 0, "2013-03-31": "", "2012-12-31": 0, "2012-09-30": 0, "2012-06-30": 0, "2012-03-31": "", "2011-12-31": 0, "2011-09-30": 0, "2011-06-30": 0, "2011-03-31": "", "2010-12-31": 0, "2010-09-30": 0, "2010-06-30": 0, "2010-03-31": "", "2009-12-31": 0, "2009-09-30": 0, "2009-06-30": 0, "2009-03-31": "", "2008-12-31": 0, "2008-09-30": 0, "2008-06-30": 0, "2008-03-31": "", "2007-12-31": 0, "2007-09-30": 0, "2007-06-30": 0, "2007-03-31": "", "2006-12-31": 0, "2006-09-30": 0, "2006-06-30": 0, "2006-03-31": "", "2005-12-31": 0, "2005-09-30": 0, "2005-06-30": 0, "2005-03-31": ""}, "Change In Accounts Payable": {"2020-09-30": 2.132, "2020-06-30": 0.552, "2020-03-31": "-1.12800", "2019-12-31": 1.847, "2019-09-30": 4.021, "2019-06-30": -3.149, "2019-03-31": "-8.03000", "2018-12-31": 5.819, "2018-09-30": 1.991, "2018-06-30": 1.568, "2018-03-31": "-10.08200", "2017-12-31": 9.358, "2017-09-30": -8.273, "2017-06-30": 13.584, "2017-03-31": "-24.05300", "2016-12-31": 10.23, "2016-09-30": -3.333, "2016-06-30": 4.391, "2016-03-31": "-6.36100", "2015-12-31": 1.126, "2015-09-30": -4.922, "2015-06-30": 10.287, "2015-03-31": "-11.13400", "2014-12-31": -9.437, "2014-09-30": 18.335, "2014-06-30": 4.932, "2014-03-31": "-12.71800", "2013-12-31": -22.63, "2013-09-30": 22.179, "2013-06-30": -17.418, "2013-03-31": "1.67800", "2012-12-31": -12.949, "2012-09-30": 14.848, "2012-06-30": 24.056, "2012-03-31": "-18.25800", "2011-12-31": -6.972, "2011-09-30": 13.051, "2011-06-30": 5.093, "2011-03-31": "2.49300", "2010-12-31": -2.53, "2010-09-30": 5.555, "2010-06-30": 8.728, "2010-03-31": "-7.94100", "2009-12-31": -17.543, "2009-09-30": 7.546, "2009-06-30": 7.983, "2009-03-31": "3.28400", "2008-12-31": -15.061, "2008-09-30": 15.595, "2008-06-30": 10.213, "2008-03-31": "0.93000", "2007-12-31": -19.658, "2007-09-30": 25.74, "2007-06-30": -9.96, "2007-03-31": "-5.26000", "2006-12-31": 5.319, "2006-09-30": 12.098, "2006-06-30": -2.091, "2006-03-31": "-1.24000", "2005-12-31": -13.895, "2005-09-30": 14.36, "2005-06-30": 4.888, "2005-03-31": "-9.85200"}, "Change In Assets/Liabilities": {"2020-09-30": -0.66, "2020-06-30": 0.39, "2020-03-31": "-0.99600", "2019-12-31": -0.406, "2019-09-30": -0.021, "2019-06-30": -0.312, "2019-03-31": "-1.87100", "2018-12-31": 1.269, "2018-09-30": -1.955, "2018-06-30": -1.185, "2018-03-31": "-1.78600", "2017-12-31": 0.047, "2017-09-30": -4.776, "2017-06-30": 0.569, "2017-03-31": "0.59700", "2016-12-31": 2.816, "2016-09-30": -4.255, "2016-06-30": -1.637, "2016-03-31": "-3.90500", "2015-12-31": 3.852, "2015-09-30": -0.23, "2015-06-30": -12.656, "2015-03-31": "1.79700", "2014-12-31": 3.418, "2014-09-30": 1.729, "2014-06-30": -5.898, "2014-03-31": "4.44100", "2013-12-31": -5.717, "2013-09-30": 11.263, "2013-06-30": -7.752, "2013-03-31": "1.11000", "2012-12-31": 9.277, "2012-09-30": -5.93, "2012-06-30": -4.801, "2012-03-31": "-4.31800", "2011-12-31": 3.906, "2011-09-30": 0.372, "2011-06-30": 3.347, "2011-03-31": "0.00000", "2010-12-31": -1.699, "2010-09-30": 9.386, "2010-06-30": -6.248, "2010-03-31": "4.66000", "2009-12-31": 2.621, "2009-09-30": -1.469, "2009-06-30": -1.683, "2009-03-31": "7.85100", "2008-12-31": 3.548, "2008-09-30": 6.343, "2008-06-30": -1.571, "2008-03-31": "7.87300", "2007-12-31": 56.744, "2007-09-30": -55.087, "2007-06-30": -2.326, "2007-03-31": "10.63800", "2006-12-31": 1.011, "2006-09-30": -7.094, "2006-06-30": -4.691, "2006-03-31": "11.18600", "2005-12-31": -3.381, "2005-09-30": 8.017, "2005-06-30": 0.547, "2005-03-31": "3.20900"}, "Total Change In Assets/Liabilities": {"2020-09-30": -0.058, "2020-06-30": 2.19, "2020-03-31": "-2.85700", "2019-12-31": -0.586, "2019-09-30": 0.964, "2019-06-30": -4.682, "2019-03-31": "-16.71600", "2018-12-31": 6.951, "2018-09-30": -2.857, "2018-06-30": -5.063, "2018-03-31": "-23.27800", "2017-12-31": 6.459, "2017-09-30": -13.909, "2017-06-30": 12.49, "2017-03-31": "-41.69500", "2016-12-31": 9.599, "2016-09-30": -14.335, "2016-06-30": 4.513, "2016-03-31": "-25.75200", "2015-12-31": 4.113, "2015-09-30": -31.33, "2015-06-30": 5.88, "2015-03-31": "-38.01500", "2014-12-31": -8.218, "2014-09-30": 11.334, "2014-06-30": -2.572, "2014-03-31": "-26.52700", "2013-12-31": -26.681, "2013-09-30": -2.814, "2013-06-30": 1.353, "2013-03-31": "-46.18400", "2012-12-31": 13.457, "2012-09-30": -29.069, "2012-06-30": 24.482, "2012-03-31": "-45.74600", "2011-12-31": -1.279, "2011-09-30": -11.319, "2011-06-30": 39.275, "2011-03-31": "-36.74900", "2010-12-31": 9.772, "2010-09-30": -11.172, "2010-06-30": 16.422, "2010-03-31": "-27.69100", "2009-12-31": -0.047, "2009-09-30": -13.241, "2009-06-30": 33.484, "2009-03-31": "-17.25600", "2008-12-31": -19.812, "2008-09-30": -4.001, "2008-06-30": 22.976, "2008-03-31": "-17.33600", "2007-12-31": -5.205, "2007-09-30": -13.913, "2007-06-30": 13.803, "2007-03-31": "-43.17300", "2006-12-31": 6.697, "2006-09-30": -16.485, "2006-06-30": 8.341, "2006-03-31": "-33.75800", "2005-12-31": -15.686, "2005-09-30": -11.164, "2005-06-30": 35.425, "2005-03-31": "-60.32500"}, "Cash Flow From Operating Activities": {"2020-09-30": 8.461, "2020-06-30": 11.471, "2020-03-31": "11.77800", "2019-12-31": 24.851, "2019-09-30": 32.853, "2019-06-30": 28.471, "2019-03-31": "12.77000", "2018-12-31": 38.989, "2018-09-30": 26.667, "2018-06-30": 24.251, "2018-03-31": "-0.37100", "2017-12-31": 37.178, "2017-09-30": 18.662, "2017-06-30": 48.157, "2017-03-31": "-4.00100", "2016-12-31": 46.991, "2016-09-30": 22.838, "2016-06-30": 70.89, "2016-03-31": "22.98400", "2015-12-31": 46.691, "2015-09-30": 18.244, "2015-06-30": 82.858, "2015-03-31": "40.32100", "2014-12-31": 63.661, "2014-09-30": 31.567, "2014-06-30": 82.525, "2014-03-31": "46.62700", "2013-12-31": 44.991, "2013-09-30": 52.959, "2013-06-30": 93.869, "2013-03-31": "42.83200", "2012-12-31": 90.371, "2012-09-30": 47.709, "2012-06-30": 103.552, "2012-03-31": "35.15100", "2011-12-31": 70.13, "2011-09-30": 61.859, "2011-06-30": 106.178, "2011-03-31": "25.16500", "2010-12-31": 53.695, "2010-09-30": 62.181, "2010-06-30": 88.024, "2010-03-31": "48.15400", "2009-12-31": 63.649, "2009-09-30": 58.951, "2009-06-30": 111.833, "2009-03-31": "62.80800", "2008-12-31": 57.987, "2008-09-30": 74.782, "2008-06-30": 103.642, "2008-03-31": "62.03100", "2007-12-31": 73.508, "2007-09-30": 65.357, "2007-06-30": 95.679, "2007-03-31": "37.03000", "2006-12-31": 87.143, "2006-09-30": 58.304, "2006-06-30": 83.656, "2006-03-31": "43.52700", "2005-12-31": 59.66, "2005-09-30": 63.663, "2005-06-30": 109.928, "2005-03-31": "6.96300"}, "Net Change In Property, Plant, And Equipment": {"2020-09-30": 0, "2020-06-30": 82.454, "2020-03-31": "572.59900", "2019-12-31": 0, "2019-09-30": 0, "2019-06-30": 344.408, "2019-03-31": "427.37900", "2018-12-31": 6.745, "2018-09-30": 147.012, "2018-06-30": 62.998, "2018-03-31": "744.32400", "2017-12-31": 103.035, "2017-09-30": 513.989, "2017-06-30": 91.162, "2017-03-31": "94.13800", "2016-12-31": 112.266, "2016-09-30": 645.629, "2016-06-30": 270.383, "2016-03-31": "118.39100", "2015-12-31": 463.225, "2015-09-30": 463.587, "2015-06-30": 942.162, "2015-03-31": "19.84100", "2014-12-31": 0, "2014-09-30": 0.12, "2014-06-30": 185.179, "2014-03-31": "", "2013-12-31": 187.337, "2013-09-30": 14.516, "2013-06-30": 15.908, "2013-03-31": "-147.15500", "2012-12-31": -241.743, "2012-09-30": -126.521, "2012-06-30": -161.837, "2012-03-31": "-91.53500", "2011-12-31": -16.959, "2011-09-30": -84.689, "2011-06-30": -203.571, "2011-03-31": "-198.55700", "2010-12-31": -522.66, "2010-09-30": 190.517, "2010-06-30": 40.394, "2010-03-31": "", "2009-12-31": -608.63, "2009-09-30": 142.327, "2009-06-30": 50.53, "2009-03-31": "19.20000", "2008-12-31": 113.327, "2008-09-30": 138.474, "2008-06-30": 81.813, "2008-03-31": "", "2007-12-31": 0.662, "2007-09-30": 3.748, "2007-06-30": 0, "2007-03-31": "", "2006-12-31": 4.41, "2006-09-30": 6.231, "2006-06-30": 0, "2006-03-31": "", "2005-12-31": 0, "2005-09-30": 0, "2005-06-30": 20.078, "2005-03-31": ""}, "Net Change In Intangible Assets": {"2020-09-30": 0, "2020-06-30": 0, "2020-03-31": "", "2019-12-31": 0, "2019-09-30": 0, "2019-06-30": 0, "2019-03-31": "", "2018-12-31": 0, "2018-09-30": 0, "2018-06-30": 0, "2018-03-31": "", "2017-12-31": 0, "2017-09-30": 0, "2017-06-30": 0, "2017-03-31": "", "2016-12-31": 0, "2016-09-30": 0, "2016-06-30": 0, "2016-03-31": "", "2015-12-31": 0, "2015-09-30": 0, "2015-06-30": 0, "2015-03-31": "", "2014-12-31": 0, "2014-09-30": 0, "2014-06-30": 0, "2014-03-31": "", "2013-12-31": 0, "2013-09-30": 0, "2013-06-30": 0, "2013-03-31": "", "2012-12-31": 0, "2012-09-30": 0, "2012-06-30": 0, "2012-03-31": "", "2011-12-31": 0, "2011-09-30": 0, "2011-06-30": 0, "2011-03-31": "", "2010-12-31": 0, "2010-09-30": 0, "2010-06-30": 0, "2010-03-31": "", "2009-12-31": 0, "2009-09-30": 0, "2009-06-30": 0, "2009-03-31": "", "2008-12-31": 0, "2008-09-30": 0, "2008-06-30": 0, "2008-03-31": "", "2007-12-31": 0, "2007-09-30": 0, "2007-06-30": 0, "2007-03-31": "", "2006-12-31": 0, "2006-09-30": 0, "2006-06-30": 0, "2006-03-31": "", "2005-12-31": 0, "2005-09-30": 0, "2005-06-30": 0, "2005-03-31": ""}, "Net Acquisitions/Divestitures": {"2020-09-30": -4.941, "2020-06-30": -1.397, "2020-03-31": "-1.54000", "2019-12-31": -4.636, "2019-09-30": -3.343, "2019-06-30": -3.733, "2019-03-31": "-14.34000", "2018-12-31": -8.212, "2018-09-30": -9.515, "2018-06-30": -19.442, "2018-03-31": "-12.76100", "2017-12-31": -13.113, "2017-09-30": -13.715, "2017-06-30": -18.096, "2017-03-31": "-19.88900", "2016-12-31": -29.344, "2016-09-30": -31.817, "2016-06-30": -34.326, "2016-03-31": "-25.96300", "2015-12-31": -27.237, "2015-09-30": -14.773, "2015-06-30": -16.46, "2015-03-31": "-12.16300", "2014-12-31": -17.716, "2014-09-30": -21.498, "2014-06-30": -21.98, "2014-03-31": "-38.45700", "2013-12-31": -34.212, "2013-09-30": -26.331, "2013-06-30": -26.944, "2013-03-31": "-26.96400", "2012-12-31": -45.223, "2012-09-30": -35.441, "2012-06-30": -24.206, "2012-03-31": "-26.43000", "2011-12-31": -33.796, "2011-09-30": -25.279, "2011-06-30": -26.761, "2011-03-31": "-14.50300", "2010-12-31": 329.594, "2010-09-30": -201.54, "2010-06-30": -190.878, "2010-03-31": "-14.56500", "2009-12-31": 413.538, "2009-09-30": -204.245, "2009-06-30": -198.605, "2009-03-31": "-67.71400", "2008-12-31": -80.773, "2008-09-30": -176.033, "2008-06-30": -32.487, "2008-03-31": "-127.16800", "2007-12-31": -114.292, "2007-09-30": -70.961, "2007-06-30": -153.501, "2007-03-31": "-84.73400", "2006-12-31": -149.291, "2006-09-30": -39.924, "2006-06-30": -114.639, "2006-03-31": "-210.41500", "2005-12-31": -179.134, "2005-09-30": -158.252, "2005-06-30": -235.848, "2005-03-31": "-17.17700"}, "Net Change In Short-term Investments": {"2020-09-30": 0, "2020-06-30": 0, "2020-03-31": "", "2019-12-31": 0, "2019-09-30": 0, "2019-06-30": 0, "2019-03-31": "", "2018-12-31": -5.599, "2018-09-30": 5.599, "2018-06-30": 0, "2018-03-31": "", "2017-12-31": 0.313, "2017-09-30": 0, "2017-06-30": 0, "2017-03-31": "", "2016-12-31": 0, "2016-09-30": 0, "2016-06-30": 3.487, "2016-03-31": "-3.48700", "2015-12-31": 0, "2015-09-30": 0, "2015-06-30": 0, "2015-03-31": "", "2014-12-31": 4.796, "2014-09-30": -4.796, "2014-06-30": 0.141, "2014-03-31": "-0.14100", "2013-12-31": 0, "2013-09-30": -0.095, "2013-06-30": 1.095, "2013-03-31": "", "2012-12-31": 0, "2012-09-30": 0, "2012-06-30": 0, "2012-03-31": "", "2011-12-31": 0, "2011-09-30": 7.974, "2011-06-30": 0.139, "2011-03-31": "0.07000", "2010-12-31": 0.105, "2010-09-30": 0, "2010-06-30": 0, "2010-03-31": "", "2009-12-31": 0, "2009-09-30": 0, "2009-06-30": 0, "2009-03-31": "0.00000", "2008-12-31": 66.825, "2008-09-30": 14.988, "2008-06-30": -81.813, "2008-03-31": "", "2007-12-31": 0, "2007-09-30": 0, "2007-06-30": 0, "2007-03-31": "", "2006-12-31": 0, "2006-09-30": 0, "2006-06-30": 0, "2006-03-31": "", "2005-12-31": 0, "2005-09-30": 0, "2005-06-30": 0, "2005-03-31": ""}, "Net Change In Long-Term Investments": {"2020-09-30": 0, "2020-06-30": 0, "2020-03-31": "", "2019-12-31": 0, "2019-09-30": 0, "2019-06-30": 0, "2019-03-31": "250.00000", "2018-12-31": 0, "2018-09-30": 0, "2018-06-30": 5.32, "2018-03-31": "18.61300", "2017-12-31": 0, "2017-09-30": 0, "2017-06-30": 0, "2017-03-31": "-276.23800", "2016-12-31": 0, "2016-09-30": 0, "2016-06-30": 0, "2016-03-31": "", "2015-12-31": 0, "2015-09-30": 0, "2015-06-30": 0, "2015-03-31": "27.06800", "2014-12-31": -23.988, "2014-09-30": 704.716, "2014-06-30": 5.776, "2014-03-31": "", "2013-12-31": 0, "2013-09-30": 0, "2013-06-30": 0, "2013-03-31": "239.57600", "2012-12-31": 0, "2012-09-30": 0, "2012-06-30": -5.335, "2012-03-31": "", "2011-12-31": 0, "2011-09-30": 0, "2011-06-30": 0, "2011-03-31": "-38.63500", "2010-12-31": -0.001, "2010-09-30": 7.969, "2010-06-30": -0.024, "2010-03-31": "-0.02000", "2009-12-31": -0.024, "2009-09-30": -0.035, "2009-06-30": -5.074, "2009-03-31": "-6.76000", "2008-12-31": 0, "2008-09-30": 0, "2008-06-30": 0, "2008-03-31": "", "2007-12-31": 0, "2007-09-30": 0, "2007-06-30": 0, "2007-03-31": "", "2006-12-31": 0, "2006-09-30": 0, "2006-06-30": 0, "2006-03-31": "308.33300", "2005-12-31": 16.976, "2005-09-30": 0, "2005-06-30": 0, "2005-03-31": ""}, "Net Change In Investments - Total": {"2020-09-30": 0, "2020-06-30": 0, "2020-03-31": "", "2019-12-31": 0, "2019-09-30": 0, "2019-06-30": 0, "2019-03-31": "250.00000", "2018-12-31": -5.599, "2018-09-30": 5.599, "2018-06-30": 5.32, "2018-03-31": "18.61300", "2017-12-31": 0.313, "2017-09-30": 0, "2017-06-30": 0, "2017-03-31": "-276.23800", "2016-12-31": 0, "2016-09-30": 0, "2016-06-30": 3.487, "2016-03-31": "-3.48700", "2015-12-31": 0, "2015-09-30": 0, "2015-06-30": 0, "2015-03-31": "27.06800", "2014-12-31": -19.192, "2014-09-30": 699.92, "2014-06-30": 5.917, "2014-03-31": "-0.14100", "2013-12-31": 0, "2013-09-30": -0.095, "2013-06-30": 1.095, "2013-03-31": "239.57600", "2012-12-31": 0, "2012-09-30": 0, "2012-06-30": -5.335, "2012-03-31": "", "2011-12-31": 0, "2011-09-30": 7.974, "2011-06-30": 0.139, "2011-03-31": "-38.56500", "2010-12-31": 0.104, "2010-09-30": 7.969, "2010-06-30": -0.024, "2010-03-31": "-0.02000", "2009-12-31": -0.024, "2009-09-30": -0.035, "2009-06-30": -5.074, "2009-03-31": "-6.76000", "2008-12-31": 66.825, "2008-09-30": 14.988, "2008-06-30": -81.813, "2008-03-31": "", "2007-12-31": 0, "2007-09-30": 0, "2007-06-30": 0, "2007-03-31": "", "2006-12-31": 0, "2006-09-30": 0, "2006-06-30": 0, "2006-03-31": "308.33300", "2005-12-31": 16.976, "2005-09-30": 0, "2005-06-30": 0, "2005-03-31": ""}, "Investing Activities - Other": {"2020-09-30": 0, "2020-06-30": 0, "2020-03-31": "", "2019-12-31": 0, "2019-09-30": 0, "2019-06-30": 0, "2019-03-31": "", "2018-12-31": 5.599, "2018-09-30": 0, "2018-06-30": 0, "2018-03-31": "1.44300", "2017-12-31": 0, "2017-09-30": 0, "2017-06-30": 2, "2017-03-31": "2.00000", "2016-12-31": -1.109, "2016-09-30": -0.974, "2016-06-30": 2.583, "2016-03-31": "", "2015-12-31": 4.873, "2015-09-30": 1.003, "2015-06-30": 3.051, "2015-03-31": "-1.57500", "2014-12-31": -6.365, "2014-09-30": 5.5, "2014-06-30": -1.844, "2014-03-31": "1.79500", "2013-12-31": -4.32, "2013-09-30": -10.098, "2013-06-30": -0.514, "2013-03-31": "0.68200", "2012-12-31": 2.897, "2012-09-30": 3.26, "2012-06-30": 9.574, "2012-03-31": "-5.64600", "2011-12-31": 2.833, "2011-09-30": 3.032, "2011-06-30": 2.889, "2011-03-31": "1.88100", "2010-12-31": 3.496, "2010-09-30": 0.894, "2010-06-30": 3.264, "2010-03-31": "", "2009-12-31": 0, "2009-09-30": 0, "2009-06-30": 2.107, "2009-03-31": "-2.10700", "2008-12-31": 0, "2008-09-30": 0, "2008-06-30": 0, "2008-03-31": "", "2007-12-31": 0, "2007-09-30": 0, "2007-06-30": 0, "2007-03-31": "", "2006-12-31": 0, "2006-09-30": 0, "2006-06-30": 0, "2006-03-31": "2.25100", "2005-12-31": 1.28, "2005-09-30": 2.157, "2005-06-30": 2.6, "2005-03-31": "2.25700"}, "Cash Flow From Investing Activities": {"2020-09-30": -4.941, "2020-06-30": 81.057, "2020-03-31": "571.05900", "2019-12-31": -4.636, "2019-09-30": -3.343, "2019-06-30": 340.675, "2019-03-31": "663.03900", "2018-12-31": -1.467, "2018-09-30": 143.096, "2018-06-30": 48.876, "2018-03-31": "751.61900", "2017-12-31": 90.235, "2017-09-30": 500.274, "2017-06-30": 75.066, "2017-03-31": "-199.98900", "2016-12-31": 81.813, "2016-09-30": 612.838, "2016-06-30": 242.127, "2016-03-31": "88.94100", "2015-12-31": 440.861, "2015-09-30": 449.817, "2015-06-30": 928.753, "2015-03-31": "33.17100", "2014-12-31": -43.273, "2014-09-30": 684.042, "2014-06-30": 167.272, "2014-03-31": "-36.80300", "2013-12-31": 148.805, "2013-09-30": -22.008, "2013-06-30": -10.455, "2013-03-31": "66.13900", "2012-12-31": -284.069, "2012-09-30": -158.702, "2012-06-30": -181.804, "2012-03-31": "-123.61100", "2011-12-31": -47.922, "2011-09-30": -98.962, "2011-06-30": -227.304, "2011-03-31": "-249.74400", "2010-12-31": -189.466, "2010-09-30": -2.16, "2010-06-30": -147.244, "2010-03-31": "-14.58500", "2009-12-31": -195.116, "2009-09-30": -61.953, "2009-06-30": -151.042, "2009-03-31": "-57.38100", "2008-12-31": 99.379, "2008-09-30": -22.571, "2008-06-30": -32.487, "2008-03-31": "-127.16800", "2007-12-31": -113.63, "2007-09-30": -67.213, "2007-06-30": -153.501, "2007-03-31": "-84.73400", "2006-12-31": -144.881, "2006-09-30": -33.693, "2006-06-30": -114.639, "2006-03-31": "100.16900", "2005-12-31": -160.878, "2005-09-30": -156.095, "2005-06-30": -213.17, "2005-03-31": "-14.92000"}, "Net Long-Term Debt": {"2020-09-30": 0, "2020-06-30": 0, "2020-03-31": "", "2019-12-31": 0, "2019-09-30": 0, "2019-06-30": 0, "2019-03-31": "", "2018-12-31": 0, "2018-09-30": 0, "2018-06-30": 0, "2018-03-31": "", "2017-12-31": 0, "2017-09-30": 0, "2017-06-30": 0, "2017-03-31": "", "2016-12-31": 0, "2016-09-30": 0, "2016-06-30": 0, "2016-03-31": "", "2015-12-31": 0, "2015-09-30": 0, "2015-06-30": 0, "2015-03-31": "", "2014-12-31": 0, "2014-09-30": 0, "2014-06-30": 0, "2014-03-31": "", "2013-12-31": 0, "2013-09-30": 0, "2013-06-30": 0, "2013-03-31": "-728.02100", "2012-12-31": 0, "2012-09-30": 0, "2012-06-30": 0, "2012-03-31": "", "2011-12-31": 0, "2011-09-30": 0, "2011-06-30": 0, "2011-03-31": "", "2010-12-31": 0, "2010-09-30": 0, "2010-06-30": 0, "2010-03-31": "", "2009-12-31": 0, "2009-09-30": 0, "2009-06-30": -64.044, "2009-03-31": "-24.20700", "2008-12-31": 0, "2008-09-30": 0, "2008-06-30": 0, "2008-03-31": "", "2007-12-31": 0, "2007-09-30": 0, "2007-06-30": 0, "2007-03-31": "", "2006-12-31": 0, "2006-09-30": 0, "2006-06-30": 0, "2006-03-31": "", "2005-12-31": 0, "2005-09-30": 0, "2005-06-30": 0, "2005-03-31": ""}, "Net Current Debt": {"2020-09-30": -25.147, "2020-06-30": -0.146, "2020-03-31": "-0.14800", "2019-12-31": -0.145, "2019-09-30": -0.14, "2019-06-30": -255.414, "2019-03-31": "-0.14300", "2018-12-31": -5.668, "2018-09-30": -0.266, "2018-06-30": -400.261, "2018-03-31": "-175.26500", "2017-12-31": -2.581, "2017-09-30": -250.348, "2017-06-30": -41.776, "2017-03-31": "-0.34800", "2016-12-31": -418.596, "2016-09-30": -0.842, "2016-06-30": -0.827, "2016-03-31": "-139.92200", "2015-12-31": -327.095, "2015-09-30": -0.96, "2015-06-30": -140.319, "2015-03-31": "-1.58900", "2014-12-31": -234.142, "2014-09-30": -535.176, "2014-06-30": -1.932, "2014-03-31": "-14.06600", "2013-12-31": -101.174, "2013-09-30": 97.949, "2013-06-30": -5.072, "2013-03-31": "-21.13500", "2012-12-31": 76.6989, "2012-09-30": 263.569, "2012-06-30": 79.832, "2012-03-31": "-30.58200", "2011-12-31": 20.874, "2011-09-30": -19.308, "2011-06-30": -70.278, "2011-03-31": "100.68200", "2010-12-31": 378.926, "2010-09-30": -53.593, "2010-06-30": -2.353, "2010-03-31": "-112.44900", "2009-12-31": 166.669, "2009-09-30": 37.803, "2009-06-30": 151.844, "2009-03-31": "93.62500", "2008-12-31": -105.397, "2008-09-30": -0.168, "2008-06-30": -9.93, "2008-03-31": "137.33600", "2007-12-31": 99.0071, "2007-09-30": 55.9299, "2007-06-30": 114.587, "2007-03-31": "101.83700", "2006-12-31": -272.738, "2006-09-30": 28.26, "2006-06-30": 84.506, "2006-03-31": "-14.71600", "2005-12-31": 156.94, "2005-09-30": 23.599, "2005-06-30": 153.289, "2005-03-31": "-197.13600"}, "Debt Issuance/Retirement Net - Total": {"2020-09-30": -25.147, "2020-06-30": -0.146, "2020-03-31": "-0.14800", "2019-12-31": -0.145, "2019-09-30": -0.14, "2019-06-30": -255.414, "2019-03-31": "-0.14300", "2018-12-31": -5.668, "2018-09-30": -0.266, "2018-06-30": -400.261, "2018-03-31": "-175.26500", "2017-12-31": -2.581, "2017-09-30": -250.348, "2017-06-30": -41.776, "2017-03-31": "-0.34800", "2016-12-31": -418.596, "2016-09-30": -0.842, "2016-06-30": -0.827, "2016-03-31": "-139.92200", "2015-12-31": -327.095, "2015-09-30": -0.96, "2015-06-30": -140.319, "2015-03-31": "-1.58900", "2014-12-31": -234.142, "2014-09-30": -535.176, "2014-06-30": -1.932, "2014-03-31": "-14.06600", "2013-12-31": -101.174, "2013-09-30": 97.949, "2013-06-30": -5.072, "2013-03-31": "-749.15600", "2012-12-31": 76.6989, "2012-09-30": 263.569, "2012-06-30": 79.832, "2012-03-31": "-30.58200", "2011-12-31": 20.874, "2011-09-30": -19.308, "2011-06-30": -70.278, "2011-03-31": "100.68200", "2010-12-31": 378.926, "2010-09-30": -53.593, "2010-06-30": -2.353, "2010-03-31": "-112.44900", "2009-12-31": 166.669, "2009-09-30": 37.803, "2009-06-30": 87.8, "2009-03-31": "69.41800", "2008-12-31": -105.397, "2008-09-30": -0.168, "2008-06-30": -9.93, "2008-03-31": "137.33600", "2007-12-31": 99.0071, "2007-09-30": 55.9299, "2007-06-30": 114.587, "2007-03-31": "101.83700", "2006-12-31": -272.738, "2006-09-30": 28.26, "2006-06-30": 84.506, "2006-03-31": "-14.71600", "2005-12-31": 156.94, "2005-09-30": 23.599, "2005-06-30": 153.289, "2005-03-31": "-197.13600"}, "Net Common Equity Issued/Repurchased": {"2020-09-30": -0.014, "2020-06-30": 0, "2020-03-31": "-26.88100", "2019-12-31": 0, "2019-09-30": 0, "2019-06-30": -0.145, "2019-03-31": "-5.34200", "2018-12-31": -4.066, "2018-09-30": 0, "2018-06-30": 0, "2018-03-31": "-89.91000", "2017-12-31": -2.979, "2017-09-30": 0, "2017-06-30": 0, "2017-03-31": "-0.20900", "2016-12-31": -44.424, "2016-09-30": 0, "2016-06-30": 0, "2016-03-31": "-25.56300", "2015-12-31": 0, "2015-09-30": -87.983, "2015-06-30": 0, "2015-03-31": "", "2014-12-31": 0, "2014-09-30": 0, "2014-06-30": 0, "2014-03-31": "", "2013-12-31": 0, "2013-09-30": 0, "2013-06-30": -0.182, "2013-03-31": "626.99100", "2012-12-31": 182.843, "2012-09-30": 0, "2012-06-30": -0.14, "2012-03-31": "180.95400", "2011-12-31": 0, "2011-09-30": 264.056, "2011-06-30": 0, "2011-03-31": "", "2010-12-31": 0, "2010-09-30": 191.683, "2010-06-30": 0, "2010-03-31": "239.09500", "2009-12-31": 0, "2009-09-30": 0, "2009-06-30": 0, "2009-03-31": "-14.48600", "2008-12-31": 0, "2008-09-30": 0, "2008-06-30": 0, "2008-03-31": "", "2007-12-31": 124.923, "2007-09-30": 4.49, "2007-06-30": 10.663, "2007-03-31": "12.99800", "2006-12-31": 0, "2006-09-30": 0, "2006-06-30": 0, "2006-03-31": "", "2005-12-31": 0, "2005-09-30": 124.957, "2005-06-30": 0, "2005-03-31": "259.01700"}, "Net Total Equity Issued/Repurchased": {"2020-09-30": -0.014, "2020-06-30": 0, "2020-03-31": "-26.88100", "2019-12-31": 0, "2019-09-30": 0, "2019-06-30": -0.145, "2019-03-31": "-5.34200", "2018-12-31": -4.066, "2018-09-30": 0, "2018-06-30": 0, "2018-03-31": "-89.91000", "2017-12-31": -2.979, "2017-09-30": 0, "2017-06-30": 0, "2017-03-31": "-0.20900", "2016-12-31": -44.424, "2016-09-30": 0, "2016-06-30": -275, "2016-03-31": "-25.56300", "2015-12-31": 0, "2015-09-30": -87.983, "2015-06-30": 0, "2015-03-31": "", "2014-12-31": 0, "2014-09-30": 0, "2014-06-30": 0, "2014-03-31": "", "2013-12-31": 0, "2013-09-30": 0, "2013-06-30": -0.182, "2013-03-31": "626.99100", "2012-12-31": 182.843, "2012-09-30": -150, "2012-06-30": -0.14, "2012-03-31": "180.95400", "2011-12-31": 0, "2011-09-30": 263.643, "2011-06-30": 265.804, "2011-03-31": "", "2010-12-31": -175, "2010-09-30": 191.683, "2010-06-30": 0, "2010-03-31": "239.09500", "2009-12-31": 0, "2009-09-30": 0, "2009-06-30": 0, "2009-03-31": "-14.48600", "2008-12-31": 0, "2008-09-30": 0, "2008-06-30": 0, "2008-03-31": "", "2007-12-31": -0.077, "2007-09-30": 4.49, "2007-06-30": 10.663, "2007-03-31": "12.99800", "2006-12-31": 368.27, "2006-09-30": 0, "2006-06-30": 0, "2006-03-31": "-54.98500", "2005-12-31": 0, "2005-09-30": 124.957, "2005-06-30": 0, "2005-03-31": "259.01700"}, "Total Common And Preferred Stock Dividends Paid": {"2020-09-30": -1.997, "2020-06-30": -2.027, "2020-03-31": "-4.93000", "2019-12-31": -429.656, "2019-09-30": -1.997, "2019-06-30": -1.997, "2019-03-31": "-3.15700", "2018-12-31": -306.723, "2018-09-30": -1.996, "2018-06-30": -1.997, "2018-03-31": "-1.99700", "2017-12-31": -1.997, "2017-09-30": -1.966, "2017-06-30": -2.027, "2017-03-31": "-1.96700", "2016-12-31": -1.997, "2016-09-30": -1.997, "2016-06-30": -6.981, "2016-03-31": "-6.98100", "2015-12-31": -6.981, "2015-09-30": -6.981, "2015-06-30": -6.981, "2015-03-31": "-6.98100", "2014-12-31": -6.981, "2014-09-30": -13.963, "2014-06-30": 0, "2014-03-31": "-40.74800", "2013-12-31": -40.747, "2013-09-30": -40.73, "2013-06-30": -48.331, "2013-03-31": "-39.36100", "2012-12-31": -35.981, "2012-09-30": -60.466, "2012-06-30": -55.684, "2012-03-31": "-55.50400", "2011-12-31": -55.684, "2011-09-30": -48.977, "2011-06-30": -44.909, "2011-03-31": "-44.90900", "2010-12-31": -47.724, "2010-09-30": -44.965, "2010-06-30": -43.674, "2010-03-31": "-39.53000", "2009-12-31": -39.53, "2009-09-30": -39.512, "2009-06-30": -39.509, "2009-03-31": "-39.99500", "2008-12-31": -60.483, "2008-09-30": -60.467, "2008-06-30": -60.01, "2008-03-31": "-60.01000", "2007-12-31": -63.077, "2007-09-30": -59.912, "2007-06-30": -59.791, "2007-03-31": "-61.84800", "2006-12-31": -53.341, "2006-09-30": -53.332, "2006-06-30": -53.508, "2006-03-31": "-56.50900", "2005-12-31": -55.57, "2005-09-30": -53.463, "2005-06-30": -53.461, "2005-03-31": "-48.73700"}, "Financial Activities - Other": {"2020-09-30": 0, "2020-06-30": 0, "2020-03-31": "", "2019-12-31": 0, "2019-09-30": 0, "2019-06-30": 0, "2019-03-31": "", "2018-12-31": 0, "2018-09-30": -0.001, "2018-06-30": 0.001, "2018-03-31": "", "2017-12-31": 0, "2017-09-30": -0.031, "2017-06-30": 0.031, "2017-03-31": "", "2016-12-31": 0, "2016-09-30": 0, "2016-06-30": 0, "2016-03-31": "-0.05200", "2015-12-31": 0, "2015-09-30": 0, "2015-06-30": 0, "2015-03-31": "-7.14300", "2014-12-31": 0, "2014-09-30": 0, "2014-06-30": 0, "2014-03-31": "", "2013-12-31": 0, "2013-09-30": -0.004, "2013-06-30": -0.007, "2013-03-31": "-1.19300", "2012-12-31": -0.383, "2012-09-30": -8.685, "2012-06-30": -0.282, "2012-03-31": "-5.76700", "2011-12-31": -6.278, "2011-09-30": -0.58, "2011-06-30": -0.273, "2011-03-31": "", "2010-12-31": -3.49, "2010-09-30": -11.866, "2010-06-30": -0.012, "2010-03-31": "-0.18700", "2009-12-31": -10.695, "2009-09-30": -0.2, "2009-06-30": -6.261, "2009-03-31": "-0.56500", "2008-12-31": -0.819, "2008-09-30": -0.002, "2008-06-30": -0.003, "2008-03-31": "-0.00300", "2007-12-31": -0.408, "2007-09-30": -2.039, "2007-06-30": -1.67, "2007-03-31": "-0.00700", "2006-12-31": -0.485, "2006-09-30": -1.18, "2006-06-30": -0.503, "2006-03-31": "-1.34400", "2005-12-31": -2.29, "2005-09-30": -0.068, "2005-06-30": 0, "2005-03-31": "-4.81300"}, "Cash Flow From Financial Activities": {"2020-09-30": -27.158, "2020-06-30": -2.173, "2020-03-31": "-31.95900", "2019-12-31": -429.801, "2019-09-30": -2.137, "2019-06-30": -257.556, "2019-03-31": "-8.64200", "2018-12-31": -316.457, "2018-09-30": -2.263, "2018-06-30": -402.257, "2018-03-31": "-267.17200", "2017-12-31": -7.557, "2017-09-30": -252.345, "2017-06-30": -43.772, "2017-03-31": "-2.52400", "2016-12-31": -465.017, "2016-09-30": -2.839, "2016-06-30": -282.808, "2016-03-31": "-172.51800", "2015-12-31": -334.076, "2015-09-30": -95.924, "2015-06-30": -147.3, "2015-03-31": "-15.71300", "2014-12-31": -241.123, "2014-09-30": -549.139, "2014-06-30": -1.932, "2014-03-31": "-54.81400", "2013-12-31": -141.921, "2013-09-30": 57.215, "2013-06-30": -53.592, "2013-03-31": "-162.71900", "2012-12-31": 223.178, "2012-09-30": 44.418, "2012-06-30": 23.726, "2012-03-31": "89.10100", "2011-12-31": -41.088, "2011-09-30": 194.778, "2011-06-30": 150.344, "2011-03-31": "55.77300", "2010-12-31": 152.712, "2010-09-30": 81.259, "2010-06-30": -46.039, "2010-03-31": "86.92900", "2009-12-31": 116.444, "2009-09-30": -1.909, "2009-06-30": 42.03, "2009-03-31": "14.37200", "2008-12-31": -166.699, "2008-09-30": -60.637, "2008-06-30": -69.943, "2008-03-31": "77.32300", "2007-12-31": 35.445, "2007-09-30": -1.531, "2007-06-30": 63.789, "2007-03-31": "52.98000", "2006-12-31": 41.706, "2006-09-30": -26.252, "2006-06-30": 30.495, "2006-03-31": "-127.55400", "2005-12-31": 99.08, "2005-09-30": 95.025, "2005-06-30": 99.828, "2005-03-31": "8.33100"}, "Net Cash Flow": {"2020-09-30": -23.638, "2020-06-30": 90.355, "2020-03-31": "550.87800", "2019-12-31": -409.586, "2019-09-30": 27.373, "2019-06-30": 111.59, "2019-03-31": "667.16700", "2018-12-31": -278.935, "2018-09-30": 167.5, "2018-06-30": -329.13, "2018-03-31": "484.07600", "2017-12-31": 119.856, "2017-09-30": 266.591, "2017-06-30": 79.451, "2017-03-31": "-206.51400", "2016-12-31": -336.213, "2016-09-30": 632.837, "2016-06-30": 30.209, "2016-03-31": "-60.60100", "2015-12-31": 153.555, "2015-09-30": 362.26, "2015-06-30": 865.166, "2015-03-31": "57.22000", "2014-12-31": -221.763, "2014-09-30": 165.615, "2014-06-30": 247.965, "2014-03-31": "-44.33300", "2013-12-31": 51.042, "2013-09-30": 88.47, "2013-06-30": 28.828, "2013-03-31": "-53.52700", "2012-12-31": 29.539, "2012-09-30": -66.125, "2012-06-30": -54.782, "2012-03-31": "0.82400", "2011-12-31": -17.91, "2011-09-30": 155.638, "2011-06-30": 29.646, "2011-03-31": "-168.65100", "2010-12-31": 19.317, "2010-09-30": 141.28, "2010-06-30": -105.259, "2010-03-31": "120.49800", "2009-12-31": -15.023, "2009-09-30": -4.911, "2009-06-30": 2.821, "2009-03-31": "19.79900", "2008-12-31": -9.333, "2008-09-30": -8.426, "2008-06-30": 1.212, "2008-03-31": "12.18600", "2007-12-31": -4.677, "2007-09-30": -3.387, "2007-06-30": 5.967, "2007-03-31": "5.27600", "2006-12-31": -16.032, "2006-09-30": -1.641, "2006-06-30": -0.488, "2006-03-31": "16.14200", "2005-12-31": -2.138, "2005-09-30": 2.593, "2005-06-30": -3.414, "2005-03-31": "0.37400"}, "Stock-Based Compensation": {"2020-09-30": 3.32, "2020-06-30": 3.268, "2020-03-31": "3.30300", "2019-12-31": 3.37, "2019-09-30": 3.408, "2019-06-30": 3.721, "2019-03-31": "3.92700", "2018-12-31": 4.02, "2018-09-30": 5.197, "2018-06-30": 5.142, "2018-03-31": "5.33800", "2017-12-31": 5.107, "2017-09-30": 5.575, "2017-06-30": 5.506, "2017-03-31": "5.22600", "2016-12-31": 4.659, "2016-09-30": 4.894, "2016-06-30": 4.624, "2016-03-31": "4.35300", "2015-12-31": 3.66, "2015-09-30": 3.655, "2015-06-30": 4.152, "2015-03-31": "3.95800", "2014-12-31": 2.591, "2014-09-30": -0.212, "2014-06-30": 0, "2014-03-31": "3.35400", "2013-12-31": 0, "2013-09-30": 0, "2013-06-30": 0, "2013-03-31": "", "2012-12-31": 0, "2012-09-30": 0, "2012-06-30": 0, "2012-03-31": "", "2011-12-31": 0, "2011-09-30": 0, "2011-06-30": 0, "2011-03-31": "", "2010-12-31": 0, "2010-09-30": 0, "2010-06-30": 0, "2010-03-31": "", "2009-12-31": 0, "2009-09-30": 0, "2009-06-30": 0, "2009-03-31": "", "2008-12-31": 0, "2008-09-30": 0, "2008-06-30": 0, "2008-03-31": "", "2007-12-31": 0, "2007-09-30": 0, "2007-06-30": 0, "2007-03-31": "", "2006-12-31": 0, "2006-09-30": 0, "2006-06-30": 0, "2006-03-31": "", "2005-12-31": 0, "2005-09-30": 0, "2005-06-30": 0, "2005-03-31": ""}, "Common Stock Dividends Paid": {"2020-09-30": 0, "2020-06-30": -0.03, "2020-03-31": "-2.93300", "2019-12-31": -427.659, "2019-09-30": 0, "2019-06-30": 0, "2019-03-31": "-1.16000", "2018-12-31": -304.726, "2018-09-30": 0.001, "2018-06-30": 0, "2018-03-31": "", "2017-12-31": 0, "2017-09-30": 0.031, "2017-06-30": -0.03, "2017-03-31": "0.03000", "2016-12-31": 0, "2016-09-30": 0, "2016-06-30": 0, "2016-03-31": "", "2015-12-31": 0, "2015-09-30": 0, "2015-06-30": 0, "2015-03-31": "", "2014-12-31": 0, "2014-09-30": 0, "2014-06-30": 0, "2014-03-31": "-29.59700", "2013-12-31": -29.596, "2013-09-30": -29.579, "2013-06-30": -37.18, "2013-03-31": "-28.21000", "2012-12-31": -24.829, "2012-09-30": -46.374, "2012-06-30": -41.861, "2012-03-31": "-41.86100", "2011-12-31": -41.861, "2011-09-30": -36.074, "2011-06-30": -36.069, "2011-03-31": "-36.07000", "2010-12-31": -36.069, "2010-09-30": -32.298, "2010-06-30": -31.007, "2010-03-31": "-26.86300", "2009-12-31": -26.863, "2009-09-30": -26.845, "2009-06-30": -26.842, "2009-03-31": "-27.32800", "2008-12-31": -47.816, "2008-09-30": -47.8, "2008-06-30": -47.343, "2008-03-31": "-47.34300", "2007-12-31": -47.341, "2007-09-30": -44.509, "2007-06-30": -44.39, "2007-03-31": "-44.11100", "2006-12-31": -44.107, "2006-09-30": -44.097, "2006-06-30": -44.095, "2006-03-31": "-44.07100", "2005-12-31": -44.07, "2005-09-30": -41.963, "2005-06-30": -41.961, "2005-03-31": "-37.23700"}}, "financial ratios": {"Current Ratio": {"2019-12-31": "", "2018-12-31": "", "2017-12-31": "", "2016-12-31": "", "2015-12-31": "", "2014-12-31": "", "2013-12-31": "", "2012-12-31": "", "2011-12-31": "", "2010-12-31": "", "2009-12-31": "", "2008-12-31": "", "2007-12-31": "", "2006-12-31": "", "2005-12-31": ""}, "Long-term Debt / Capital": {"2019-12-31": "0.00790", "2018-12-31": "0.07950", "2017-12-31": "0.20450", "2016-12-31": "0.25930", "2015-12-31": "0.33500", "2014-12-31": "0.39940", "2013-12-31": "0.47190", "2012-12-31": "0.55400", "2011-12-31": "0.50060", "2010-12-31": "0.50590", "2009-12-31": "0.50880", "2008-12-31": "0.49730", "2007-12-31": "0.48870", "2006-12-31": "0.44820", "2005-12-31": "0.48790"}, "Debt/Equity Ratio": {"2019-12-31": "0.00790", "2018-12-31": "0.08640", "2017-12-31": "0.25710", "2016-12-31": "0.35020", "2015-12-31": "0.50380", "2014-12-31": "0.66500", "2013-12-31": "0.89350", "2012-12-31": "1.24230", "2011-12-31": "1.00250", "2010-12-31": "1.02370", "2009-12-31": "1.03590", "2008-12-31": "0.98930", "2007-12-31": "0.95570", "2006-12-31": "0.81240", "2005-12-31": "0.95260"}, "Gross Margin": {"2019-12-31": "", "2018-12-31": "", "2017-12-31": "", "2016-12-31": "", "2015-12-31": "", "2014-12-31": "", "2013-12-31": "", "2012-12-31": "", "2011-12-31": "", "2010-12-31": "", "2009-12-31": "", "2008-12-31": "", "2007-12-31": "", "2006-12-31": "", "2005-12-31": ""}, "Operating Margin": {"2019-12-31": "11.62930", "2018-12-31": "5.85670", "2017-12-31": "12.02800", "2016-12-31": "11.87110", "2015-12-31": "16.97080", "2014-12-31": "-6.02000", "2013-12-31": "10.86080", "2012-12-31": "28.94330", "2011-12-31": "29.84930", "2010-12-31": "19.70070", "2009-12-31": "28.99980", "2008-12-31": "31.48640", "2007-12-31": "33.73980", "2006-12-31": "35.66080", "2005-12-31": "38.46420"}, "EBIT Margin": {"2019-12-31": "11.62930", "2018-12-31": "5.85670", "2017-12-31": "12.02800", "2016-12-31": "11.87110", "2015-12-31": "16.97080", "2014-12-31": "-6.02000", "2013-12-31": "10.86080", "2012-12-31": "28.94330", "2011-12-31": "29.84930", "2010-12-31": "19.70070", "2009-12-31": "28.99980", "2008-12-31": "31.48640", "2007-12-31": "33.73980", "2006-12-31": "35.66080", "2005-12-31": "38.46420"}, "EBITDA Margin": {"2019-12-31": "34.22530", "2018-12-31": "31.87060", "2017-12-31": "40.00660", "2016-12-31": "40.24490", "2015-12-31": "45.29710", "2014-12-31": "21.54780", "2013-12-31": "37.78110", "2012-12-31": "57.20910", "2011-12-31": "62.03030", "2010-12-31": "52.79260", "2009-12-31": "56.79750", "2008-12-31": "58.99040", "2007-12-31": "58.91840", "2006-12-31": "59.15520", "2005-12-31": "59.11830"}, "Pre-Tax Profit Margin": {"2019-12-31": "386.50760", "2018-12-31": "140.11840", "2017-12-31": "8.85750", "2016-12-31": "46.66430", "2015-12-31": "14.29880", "2014-12-31": "-0.00730", "2013-12-31": "-6.34170", "2012-12-31": "8.79050", "2011-12-31": "7.22890", "2010-12-31": "3.80010", "2009-12-31": "8.90630", "2008-12-31": "8.31050", "2007-12-31": "12.12510", "2006-12-31": "29.82630", "2005-12-31": "22.08340"}, "Net Profit Margin": {"2019-12-31": "379.10990", "2018-12-31": "134.41390", "2017-12-31": "6.36230", "2016-12-31": "41.01000", "2015-12-31": "10.06210", "2014-12-31": "-2.81810", "2013-12-31": "-23.25890", "2012-12-31": "-15.81110", "2011-12-31": "8.49790", "2010-12-31": "11.34310", "2009-12-31": "14.91330", "2008-12-31": "25.79100", "2007-12-31": "7.58650", "2006-12-31": "26.74350", "2005-12-31": "16.79380"}, "Asset Turnover": {"2019-12-31": "0.03850", "2018-12-31": "0.05580", "2017-12-31": "0.08040", "2016-12-31": "0.11060", "2015-12-31": "0.13670", "2014-12-31": "0.14960", "2013-12-31": "0.14340", "2012-12-31": "0.11740", "2011-12-31": "0.09950", "2010-12-31": "0.10940", "2009-12-31": "0.12490", "2008-12-31": "0.12500", "2007-12-31": "0.13370", "2006-12-31": "0.13340", "2005-12-31": "0.13300"}, "Inventory Turnover Ratio": {"2019-12-31": "", "2018-12-31": "", "2017-12-31": "", "2016-12-31": "", "2015-12-31": "", "2014-12-31": "", "2013-12-31": "", "2012-12-31": "", "2011-12-31": "", "2010-12-31": "", "2009-12-31": "", "2008-12-31": "", "2007-12-31": "", "2006-12-31": "", "2005-12-31": ""}, "Receiveable Turnover": {"2019-12-31": "", "2018-12-31": "", "2017-12-31": "", "2016-12-31": "", "2015-12-31": "", "2014-12-31": "", "2013-12-31": "", "2012-12-31": "", "2011-12-31": "", "2010-12-31": "", "2009-12-31": "", "2008-12-31": "", "2007-12-31": "", "2006-12-31": "", "2005-12-31": ""}, "Days Sales In Receivables": {"2019-12-31": "", "2018-12-31": "", "2017-12-31": "", "2016-12-31": "", "2015-12-31": "", "2014-12-31": "", "2013-12-31": "", "2012-12-31": "", "2011-12-31": "", "2010-12-31": "", "2009-12-31": "", "2008-12-31": "", "2007-12-31": "", "2006-12-31": "", "2005-12-31": ""}, "ROE - Return On Equity": {"2019-12-31": "15.76360", "2018-12-31": "8.90480", "2017-12-31": "0.93250", "2016-12-31": "7.41420", "2015-12-31": "3.34660", "2014-12-31": "0.72250", "2013-12-31": "-1.36700", "2012-12-31": "3.23230", "2011-12-31": "1.87270", "2010-12-31": "1.02500", "2009-12-31": "3.05210", "2008-12-31": "2.75740", "2007-12-31": "4.26140", "2006-12-31": "10.33280", "2005-12-31": "7.23500"}, "Return On Tangible Equity": {"2019-12-31": "15.18440", "2018-12-31": "8.57120", "2017-12-31": "0.89880", "2016-12-31": "7.14300", "2015-12-31": "2.96440", "2014-12-31": "0.63880", "2013-12-31": "-1.10950", "2012-12-31": "2.64740", "2011-12-31": "1.46400", "2010-12-31": "0.85700", "2009-12-31": "2.33120", "2008-12-31": "2.11330", "2007-12-31": "3.25970", "2006-12-31": "7.52040", "2005-12-31": "5.91430"}, "ROA - Return On Assets": {"2019-12-31": "14.84820", "2018-12-31": "7.72940", "2017-12-31": "0.70020", "2016-12-31": "5.14560", "2015-12-31": "1.90890", "2014-12-31": "0.36810", "2013-12-31": "-0.56150", "2012-12-31": "1.13190", "2011-12-31": "0.70150", "2010-12-31": "0.40740", "2009-12-31": "1.10030", "2008-12-31": "1.02610", "2007-12-31": "1.61500", "2006-12-31": "3.97980", "2005-12-31": "2.93700"}, "ROI - Return On Investment": {"2019-12-31": "15.06520", "2018-12-31": "7.88990", "2017-12-31": "0.71500", "2016-12-31": "5.29050", "2015-12-31": "1.97130", "2014-12-31": "0.38370", "2013-12-31": "-0.58590", "2012-12-31": "1.18070", "2011-12-31": "0.73110", "2010-12-31": "0.42350", "2009-12-31": "1.14510", "2008-12-31": "1.06230", "2007-12-31": "1.66680", "2006-12-31": "4.14940", "2005-12-31": "3.02890"}, "Book Value Per Share": {"2019-12-31": "26.62210", "2018-12-31": "26.19020", "2017-12-31": "26.57020", "2016-12-31": "26.29520", "2015-12-31": "26.66000", "2014-12-31": "25.61270", "2013-12-31": "28.41180", "2012-12-31": "41.78160", "2011-12-31": "42.62340", "2010-12-31": "43.41190", "2009-12-31": "51.62270", "2008-12-31": "51.30790", "2007-12-31": "51.50520", "2006-12-31": "56.19120", "2005-12-31": "50.42360"}, "Operating Cash Flow Per Share": {"2019-12-31": 0.058, "2018-12-31": -0.0734, "2017-12-31": -0.4923, "2016-12-31": -0.1619, "2015-12-31": -0.3394, "2014-12-31": -0.2954, "2013-12-31": -1.2168, "2012-12-31": -0.0961, "2011-12-31": -0.4946, "2010-12-31": -0.7962, "2009-12-31": 0.0224, "2008-12-31": 0.2092, "2007-12-31": -0.5763, "2006-12-31": 0.1795, "2005-12-31": 4.857}, "Free Cash Flow Per Share": {"2019-12-31": -1.6186, "2018-12-31": 1.3038, "2017-12-31": -3.1257, "2016-12-31": -5.7091, "2015-12-31": 12.7727, "2014-12-31": 0.5569, "2013-12-31": 6.8339, "2012-12-31": -1.0122, "2011-12-31": -2.4919, "2010-12-31": 0.9544, "2009-12-31": -11.4569, "2008-12-31": 5.3564, "2007-12-31": -0.7005, "2006-12-31": -0.0298, "2005-12-31": 5.2629}}, "financial ratios, quarterly": {"Current Ratio": {"2020-09-30": "", "2020-06-30": "", "2020-03-31": "", "2019-12-31": "", "2019-09-30": "", "2019-06-30": "", "2019-03-31": "", "2018-12-31": "", "2018-09-30": "", "2018-06-30": "", "2018-03-31": "", "2017-12-31": "", "2017-09-30": "", "2017-06-30": "", "2017-03-31": "", "2016-12-31": "", "2016-09-30": "", "2016-06-30": "", "2016-03-31": "", "2015-12-31": "", "2015-09-30": "", "2015-06-30": "", "2015-03-31": "", "2014-12-31": "", "2014-09-30": "", "2014-06-30": "", "2014-03-31": "", "2013-12-31": "", "2013-09-30": "", "2013-06-30": "", "2013-03-31": "", "2012-12-31": "", "2012-09-30": "", "2012-06-30": "", "2012-03-31": "", "2011-12-31": "", "2011-09-30": "", "2011-06-30": "", "2011-03-31": "", "2010-12-31": "", "2010-09-30": "", "2010-06-30": "", "2010-03-31": "", "2009-12-31": "", "2009-09-30": "", "2009-06-30": "", "2009-03-31": "", "2008-12-31": "", "2008-09-30": "", "2008-06-30": "", "2008-03-31": "", "2007-12-31": "", "2007-09-30": "", "2007-06-30": "", "2007-03-31": "", "2006-12-31": "", "2006-09-30": "", "2006-06-30": "", "2006-03-31": "", "2005-12-31": "", "2005-09-30": "", "2005-06-30": "", "2005-03-31": ""}, "Long-term Debt / Capital": {"2020-09-30": "", "2020-06-30": "0.00680", "2020-03-31": "0.00690", "2019-12-31": "0.00790", "2019-09-30": "0.00800", "2019-06-30": "0.00710", "2019-03-31": "0.07500", "2018-12-31": "0.07950", "2018-09-30": "0.08110", "2018-06-30": "0.07520", "2018-03-31": "0.16630", "2017-12-31": "0.20450", "2017-09-30": "0.20370", "2017-06-30": "0.25080", "2017-03-31": "0.25780", "2016-12-31": "0.25930", "2016-09-30": "0.32130", "2016-06-30": "0.32750", "2016-03-31": "0.31500", "2015-12-31": "0.33500", "2015-09-30": "0.35460", "2015-06-30": "0.36820", "2015-03-31": "0.39970", "2014-12-31": "0.39940", "2014-09-30": "0.41180", "2014-06-30": "0.46980", "2014-03-31": "0.47090", "2013-12-31": "0.47190", "2013-09-30": "0.47660", "2013-06-30": "0.47270", "2013-03-31": "0.46990", "2012-12-31": "0.55400", "2012-09-30": "0.54250", "2012-06-30": "0.50900", "2012-03-31": "0.49890", "2011-12-31": "0.50060", "2011-09-30": "0.49750", "2011-06-30": "0.49320", "2011-03-31": "0.51300", "2010-12-31": "0.50590", "2010-09-30": "0.46030", "2010-06-30": "0.48090", "2010-03-31": "0.47770", "2009-12-31": "0.50880", "2009-09-30": "0.48730", "2009-06-30": "0.48670", "2009-03-31": "0.50360", "2008-12-31": "0.49730", "2008-09-30": "0.50140", "2008-06-30": "0.50510", "2008-03-31": "0.50360", "2007-12-31": "0.48870", "2007-09-30": "0.47650", "2007-06-30": "0.46880", "2007-03-31": "0.45620", "2006-12-31": "0.44820", "2006-09-30": "0.49980", "2006-06-30": "0.49510", "2006-03-31": "0.48360", "2005-12-31": "0.48790", "2005-09-30": "0.46760", "2005-06-30": "0.47570", "2005-03-31": "0.45830"}, "Debt/Equity Ratio": {"2020-09-30": "", "2020-06-30": "0.00690", "2020-03-31": "0.00700", "2019-12-31": "0.00790", "2019-09-30": "0.00800", "2019-06-30": "0.00720", "2019-03-31": "0.08110", "2018-12-31": "0.08640", "2018-09-30": "0.08830", "2018-06-30": "0.08130", "2018-03-31": "0.19950", "2017-12-31": "0.25710", "2017-09-30": "0.25580", "2017-06-30": "0.33480", "2017-03-31": "0.34740", "2016-12-31": "0.35020", "2016-09-30": "0.47350", "2016-06-30": "0.48690", "2016-03-31": "0.45990", "2015-12-31": "0.50380", "2015-09-30": "0.54940", "2015-06-30": "0.58270", "2015-03-31": "0.66590", "2014-12-31": "0.66500", "2014-09-30": "0.70020", "2014-06-30": "0.88600", "2014-03-31": "0.89010", "2013-12-31": "0.89350", "2013-09-30": "0.91050", "2013-06-30": "0.89660", "2013-03-31": "0.88650", "2012-12-31": "1.24230", "2012-09-30": "1.18600", "2012-06-30": "1.03690", "2012-03-31": "0.99550", "2011-12-31": "1.00250", "2011-09-30": "0.99000", "2011-06-30": "0.97330", "2011-03-31": "1.05330", "2010-12-31": "1.02370", "2010-09-30": "0.85300", "2010-06-30": "0.92630", "2010-03-31": "0.91460", "2009-12-31": "1.03590", "2009-09-30": "0.95040", "2009-06-30": "0.94800", "2009-03-31": "1.01470", "2008-12-31": "0.98930", "2008-09-30": "1.00570", "2008-06-30": "1.02060", "2008-03-31": "1.01440", "2007-12-31": "0.95570", "2007-09-30": "0.91030", "2007-06-30": "0.88260", "2007-03-31": "0.83890", "2006-12-31": "0.81240", "2006-09-30": "0.99910", "2006-06-30": "0.98040", "2006-03-31": "0.93640", "2005-12-31": "0.95260", "2005-09-30": "0.87810", "2005-06-30": "0.90710", "2005-03-31": "0.84620"}, "Gross Margin": {"2020-09-30": "", "2020-06-30": "", "2020-03-31": "", "2019-12-31": "", "2019-09-30": "", "2019-06-30": "", "2019-03-31": "", "2018-12-31": "", "2018-09-30": "", "2018-06-30": "", "2018-03-31": "", "2017-12-31": "", "2017-09-30": "", "2017-06-30": "", "2017-03-31": "", "2016-12-31": "", "2016-09-30": "", "2016-06-30": "", "2016-03-31": "", "2015-12-31": "", "2015-09-30": "", "2015-06-30": "", "2015-03-31": "", "2014-12-31": "", "2014-09-30": "", "2014-06-30": "", "2014-03-31": "", "2013-12-31": "", "2013-09-30": "", "2013-06-30": "", "2013-03-31": "", "2012-12-31": "", "2012-09-30": "", "2012-06-30": "", "2012-03-31": "", "2011-12-31": "", "2011-09-30": "", "2011-06-30": "", "2011-03-31": "", "2010-12-31": "", "2010-09-30": "", "2010-06-30": "", "2010-03-31": "", "2009-12-31": "", "2009-09-30": "", "2009-06-30": "", "2009-03-31": "", "2008-12-31": "", "2008-09-30": "", "2008-06-30": "", "2008-03-31": "", "2007-12-31": "", "2007-09-30": "", "2007-06-30": "", "2007-03-31": "", "2006-12-31": "", "2006-09-30": "", "2006-06-30": "", "2006-03-31": "", "2005-12-31": "", "2005-09-30": "", "2005-06-30": "", "2005-03-31": ""}, "Operating Margin": {"2020-09-30": "-13.87320", "2020-06-30": "-19.13310", "2020-03-31": "-30.06910", "2019-12-31": "7.41290", "2019-09-30": "8.79000", "2019-06-30": "15.88350", "2019-03-31": "12.67250", "2018-12-31": "17.66570", "2018-09-30": "9.43830", "2018-06-30": "10.01730", "2018-03-31": "-9.11450", "2017-12-31": "14.21050", "2017-09-30": "16.19070", "2017-06-30": "0.00550", "2017-03-31": "18.26700", "2016-12-31": "5.34440", "2016-09-30": "19.94030", "2016-06-30": "0.50220", "2016-03-31": "22.10520", "2015-12-31": "17.44140", "2015-09-30": "18.13100", "2015-06-30": "16.79090", "2015-03-31": "15.96910", "2014-12-31": "-58.31270", "2014-09-30": "5.78960", "2014-06-30": "7.38030", "2014-03-31": "20.15470", "2013-12-31": "21.31910", "2013-09-30": "-43.96480", "2013-06-30": "28.00660", "2013-03-31": "29.93810", "2012-12-31": "26.11710", "2012-09-30": "30.34060", "2012-06-30": "28.94390", "2012-03-31": "30.44030", "2011-12-31": "68.93640", "2011-09-30": "22.73470", "2011-06-30": "28.87930", "2011-03-31": "25.85480", "2010-12-31": "-22.78720", "2010-09-30": "28.99580", "2010-06-30": "29.91310", "2010-03-31": "30.04370", "2009-12-31": "6.80220", "2009-09-30": "28.61840", "2009-06-30": "37.30340", "2009-03-31": "34.38390", "2008-12-31": "27.69230", "2008-09-30": "31.57790", "2008-06-30": "32.46000", "2008-03-31": "32.94690", "2007-12-31": "31.50420", "2007-09-30": "33.84230", "2007-06-30": "33.83920", "2007-03-31": "35.56920", "2006-12-31": "31.78690", "2006-09-30": "35.91650", "2006-06-30": "36.91660", "2006-03-31": "37.22220", "2005-12-31": "37.40410", "2005-09-30": "38.25220", "2005-06-30": "39.81840", "2005-03-31": "38.46260"}, "EBIT Margin": {"2020-09-30": "-13.87320", "2020-06-30": "-19.13310", "2020-03-31": "-30.06910", "2019-12-31": "7.41300", "2019-09-30": "8.79000", "2019-06-30": "15.88350", "2019-03-31": "12.67250", "2018-12-31": "17.66570", "2018-09-30": "9.43830", "2018-06-30": "10.01730", "2018-03-31": "-9.11450", "2017-12-31": "14.21050", "2017-09-30": "16.19070", "2017-06-30": "0.00550", "2017-03-31": "18.26700", "2016-12-31": "5.34450", "2016-09-30": "19.94030", "2016-06-30": "0.50220", "2016-03-31": "22.10520", "2015-12-31": "17.44140", "2015-09-30": "18.13100", "2015-06-30": "16.79090", "2015-03-31": "15.96910", "2014-12-31": "-58.31270", "2014-09-30": "5.78960", "2014-06-30": "7.38030", "2014-03-31": "20.15470", "2013-12-31": "21.31920", "2013-09-30": "-43.96480", "2013-06-30": "28.00660", "2013-03-31": "29.93810", "2012-12-31": "26.11710", "2012-09-30": "30.34060", "2012-06-30": "28.94390", "2012-03-31": "30.44030", "2011-12-31": "68.93650", "2011-09-30": "22.73470", "2011-06-30": "28.87930", "2011-03-31": "25.85480", "2010-12-31": "-22.78720", "2010-09-30": "28.99580", "2010-06-30": "29.91310", "2010-03-31": "30.04370", "2009-12-31": "6.80210", "2009-09-30": "28.61840", "2009-06-30": "37.30340", "2009-03-31": "34.38390", "2008-12-31": "27.69230", "2008-09-30": "31.57790", "2008-06-30": "32.46000", "2008-03-31": "32.94690", "2007-12-31": "31.50420", "2007-09-30": "33.84230", "2007-06-30": "33.83920", "2007-03-31": "35.56920", "2006-12-31": "31.78690", "2006-09-30": "35.91650", "2006-06-30": "36.91660", "2006-03-31": "37.22220", "2005-12-31": "37.40410", "2005-09-30": "38.25220", "2005-06-30": "39.81840", "2005-03-31": "38.46260"}, "EBITDA Margin": {"2020-09-30": "", "2020-06-30": "", "2020-03-31": "", "2019-12-31": "", "2019-09-30": "", "2019-06-30": "", "2019-03-31": "", "2018-12-31": "", "2018-09-30": "", "2018-06-30": "", "2018-03-31": "", "2017-12-31": "", "2017-09-30": "", "2017-06-30": "", "2017-03-31": "", "2016-12-31": "", "2016-09-30": "", "2016-06-30": "", "2016-03-31": "", "2015-12-31": "", "2015-09-30": "", "2015-06-30": "", "2015-03-31": "", "2014-12-31": "", "2014-09-30": "", "2014-06-30": "", "2014-03-31": "", "2013-12-31": "", "2013-09-30": "", "2013-06-30": "", "2013-03-31": "", "2012-12-31": "", "2012-09-30": "", "2012-06-30": "", "2012-03-31": "", "2011-12-31": "", "2011-09-30": "", "2011-06-30": "", "2011-03-31": "", "2010-12-31": "", "2010-09-30": "", "2010-06-30": "", "2010-03-31": "", "2009-12-31": "", "2009-09-30": "", "2009-06-30": "", "2009-03-31": "", "2008-12-31": "", "2008-09-30": "", "2008-06-30": "", "2008-03-31": "", "2007-12-31": "", "2007-09-30": "", "2007-06-30": "", "2007-03-31": "", "2006-12-31": "", "2006-09-30": "", "2006-06-30": "", "2006-03-31": "", "2005-12-31": "", "2005-09-30": "", "2005-06-30": "", "2005-03-31": ""}, "Pre-Tax Profit Margin": {"2020-09-30": "2.67520", "2020-06-30": "171.81060", "2020-03-31": "2261.14200", "2019-12-31": "62.16960", "2019-09-30": "87.43220", "2019-06-30": "727.39450", "2019-03-31": "507.51340", "2018-12-31": "37.18580", "2018-09-30": "70.06590", "2018-06-30": "75.23440", "2018-03-31": "325.44040", "2017-12-31": "-30.19140", "2017-09-30": "43.13610", "2017-06-30": "-6.29480", "2017-03-31": "24.10520", "2016-12-31": "12.11060", "2016-09-30": "75.55740", "2016-06-30": "60.54260", "2016-03-31": "33.89140", "2015-12-31": "31.04500", "2015-09-30": "19.15040", "2015-06-30": "7.62470", "2015-03-31": "6.13410", "2014-12-31": "-74.10670", "2014-09-30": "72.09490", "2014-06-30": "-2.25750", "2014-03-31": "2.92090", "2013-12-31": "4.17660", "2013-09-30": "-62.17620", "2013-06-30": "11.57910", "2013-03-31": "12.73590", "2012-12-31": "4.79450", "2012-09-30": "9.31390", "2012-06-30": "9.46570", "2012-03-31": "11.56840", "2011-12-31": "7.01780", "2011-09-30": "8.32190", "2011-06-30": "8.26660", "2011-03-31": "4.97220", "2010-12-31": "-41.07700", "2010-09-30": "28.37630", "2010-06-30": "-2.46300", "2010-03-31": "17.23350", "2009-12-31": "-15.23070", "2009-09-30": "9.93290", "2009-06-30": "17.07420", "2009-03-31": "14.23650", "2008-12-31": "-2.41230", "2008-09-30": "10.47670", "2008-06-30": "10.77630", "2008-03-31": "10.72170", "2007-12-31": "7.53090", "2007-09-30": "11.76710", "2007-06-30": "12.62800", "2007-03-31": "16.14530", "2006-12-31": "6.69240", "2006-09-30": "14.88580", "2006-06-30": "15.93020", "2006-03-31": "79.08990", "2005-12-31": "23.35310", "2005-09-30": "20.90560", "2005-06-30": "24.70400", "2005-03-31": "19.22980"}, "Net Profit Margin": {"2020-09-30": "-9.87560", "2020-06-30": "158.83800", "2020-03-31": "2246.34400", "2019-12-31": "53.82950", "2019-09-30": "81.87400", "2019-06-30": "720.11810", "2019-03-31": "499.42760", "2018-12-31": "31.26390", "2018-09-30": "65.63910", "2018-06-30": "72.03720", "2018-03-31": "316.79180", "2017-12-31": "-32.89170", "2017-09-30": "40.12310", "2017-06-30": "-8.52190", "2017-03-31": "21.91540", "2016-12-31": "9.91150", "2016-09-30": "73.61910", "2016-06-30": "49.01660", "2016-03-31": "28.74610", "2015-12-31": "26.02960", "2015-09-30": "14.75110", "2015-06-30": "2.76640", "2015-03-31": "3.12080", "2014-12-31": "-77.78940", "2014-09-30": "69.14240", "2014-06-30": "-8.27250", "2014-03-31": "4.27920", "2013-12-31": "-7.68680", "2013-09-30": "-106.19280", "2013-06-30": "2.95130", "2013-03-31": "5.52750", "2012-12-31": "-67.99180", "2012-09-30": "-0.05380", "2012-06-30": "0.89750", "2012-03-31": "4.05010", "2011-12-31": "1.48000", "2011-09-30": "6.08470", "2011-06-30": "4.34250", "2011-03-31": "17.92970", "2010-12-31": "4.86210", "2010-09-30": "27.52680", "2010-06-30": "-1.36300", "2010-03-31": "12.62570", "2009-12-31": "-17.81150", "2009-09-30": "28.89450", "2009-06-30": "22.06490", "2009-03-31": "14.03180", "2008-12-31": "37.63340", "2008-09-30": "34.51150", "2008-06-30": "27.11320", "2008-03-31": "7.32660", "2007-12-31": "4.78820", "2007-09-30": "8.50360", "2007-06-30": "8.19090", "2007-03-31": "8.65860", "2006-12-31": "15.04450", "2006-09-30": "10.92120", "2006-06-30": "11.25500", "2006-03-31": "69.32560", "2005-12-31": "17.38620", "2005-09-30": "14.65170", "2005-06-30": "22.57930", "2005-03-31": "12.44940"}, "Asset Turnover": {"2020-09-30": "0.00440", "2020-06-30": "0.00440", "2020-03-31": "0.00510", "2019-12-31": "0.00780", "2019-09-30": "0.00720", "2019-06-30": "0.00900", "2019-03-31": "0.01120", "2018-12-31": "0.01220", "2018-09-30": "0.01230", "2018-06-30": "0.01290", "2018-03-31": "0.01420", "2017-12-31": "0.01690", "2017-09-30": "0.01830", "2017-06-30": "0.02040", "2017-03-31": "0.02200", "2016-12-31": "0.02290", "2016-09-30": "0.02310", "2016-06-30": "0.02960", "2016-03-31": "0.02690", "2015-12-31": "0.02660", "2015-09-30": "0.02990", "2015-06-30": "0.03670", "2015-03-31": "0.03720", "2014-12-31": "0.03690", "2014-09-30": "0.03510", "2014-06-30": "0.03260", "2014-03-31": "0.03290", "2013-12-31": "0.03220", "2013-09-30": "0.03140", "2013-06-30": "0.03270", "2013-03-31": "0.03250", "2012-12-31": "0.02940", "2012-09-30": "0.02850", "2012-06-30": "0.03200", "2012-03-31": "0.03160", "2011-12-31": "0.00950", "2011-09-30": "0.03240", "2011-06-30": "0.03130", "2011-03-31": "0.03150", "2010-12-31": "0.02080", "2010-09-30": "0.03030", "2010-06-30": "0.03160", "2010-03-31": "0.03130", "2009-12-31": "0.02100", "2009-09-30": "0.03430", "2009-06-30": "0.03590", "2009-03-31": "0.03570", "2008-12-31": "0.02240", "2008-09-30": "0.03490", "2008-06-30": "0.03400", "2008-03-31": "0.03380", "2007-12-31": "0.03170", "2007-09-30": "0.03400", "2007-06-30": "0.03410", "2007-03-31": "0.03640", "2006-12-31": "0.02760", "2006-09-30": "0.03710", "2006-06-30": "0.03640", "2006-03-31": "0.03540", "2005-12-31": "0.03480", "2005-09-30": "0.03550", "2005-06-30": "0.03470", "2005-03-31": "0.03450"}, "Inventory Turnover Ratio": {"2020-09-30": "", "2020-06-30": "", "2020-03-31": "", "2019-12-31": "", "2019-09-30": "", "2019-06-30": "", "2019-03-31": "", "2018-12-31": "", "2018-09-30": "", "2018-06-30": "", "2018-03-31": "", "2017-12-31": "", "2017-09-30": "", "2017-06-30": "", "2017-03-31": "", "2016-12-31": "", "2016-09-30": "", "2016-06-30": "", "2016-03-31": "", "2015-12-31": "", "2015-09-30": "", "2015-06-30": "", "2015-03-31": "", "2014-12-31": "", "2014-09-30": "", "2014-06-30": "", "2014-03-31": "", "2013-12-31": "", "2013-09-30": "", "2013-06-30": "", "2013-03-31": "", "2012-12-31": "", "2012-09-30": "", "2012-06-30": "", "2012-03-31": "", "2011-12-31": "", "2011-09-30": "", "2011-06-30": "", "2011-03-31": "", "2010-12-31": "", "2010-09-30": "", "2010-06-30": "", "2010-03-31": "", "2009-12-31": "", "2009-09-30": "", "2009-06-30": "", "2009-03-31": "", "2008-12-31": "", "2008-09-30": "", "2008-06-30": "", "2008-03-31": "", "2007-12-31": "", "2007-09-30": "", "2007-06-30": "", "2007-03-31": "", "2006-12-31": "", "2006-09-30": "", "2006-06-30": "", "2006-03-31": "", "2005-12-31": "", "2005-09-30": "", "2005-06-30": "", "2005-03-31": ""}, "Receiveable Turnover": {"2020-09-30": "", "2020-06-30": "", "2020-03-31": "", "2019-12-31": "", "2019-09-30": "", "2019-06-30": "", "2019-03-31": "", "2018-12-31": "", "2018-09-30": "", "2018-06-30": "", "2018-03-31": "", "2017-12-31": "", "2017-09-30": "", "2017-06-30": "", "2017-03-31": "", "2016-12-31": "", "2016-09-30": "", "2016-06-30": "", "2016-03-31": "", "2015-12-31": "", "2015-09-30": "", "2015-06-30": "", "2015-03-31": "", "2014-12-31": "", "2014-09-30": "", "2014-06-30": "", "2014-03-31": "", "2013-12-31": "", "2013-09-30": "", "2013-06-30": "", "2013-03-31": "", "2012-12-31": "", "2012-09-30": "", "2012-06-30": "", "2012-03-31": "", "2011-12-31": "", "2011-09-30": "", "2011-06-30": "", "2011-03-31": "", "2010-12-31": "", "2010-09-30": "", "2010-06-30": "", "2010-03-31": "", "2009-12-31": "", "2009-09-30": "", "2009-06-30": "", "2009-03-31": "", "2008-12-31": "", "2008-09-30": "", "2008-06-30": "", "2008-03-31": "", "2007-12-31": "", "2007-09-30": "", "2007-06-30": "", "2007-03-31": "", "2006-12-31": "", "2006-09-30": "", "2006-06-30": "", "2006-03-31": "", "2005-12-31": "", "2005-09-30": "", "2005-06-30": "", "2005-03-31": ""}, "Days Sales In Receivables": {"2020-09-30": "", "2020-06-30": "", "2020-03-31": "", "2019-12-31": "", "2019-09-30": "", "2019-06-30": "", "2019-03-31": "", "2018-12-31": "", "2018-09-30": "", "2018-06-30": "", "2018-03-31": "", "2017-12-31": "", "2017-09-30": "", "2017-06-30": "", "2017-03-31": "", "2016-12-31": "", "2016-09-30": "", "2016-06-30": "", "2016-03-31": "", "2015-12-31": "", "2015-09-30": "", "2015-06-30": "", "2015-03-31": "", "2014-12-31": "", "2014-09-30": "", "2014-06-30": "", "2014-03-31": "", "2013-12-31": "", "2013-09-30": "", "2013-06-30": "", "2013-03-31": "", "2012-12-31": "", "2012-09-30": "", "2012-06-30": "", "2012-03-31": "", "2011-12-31": "", "2011-09-30": "", "2011-06-30": "", "2011-03-31": "", "2010-12-31": "", "2010-09-30": "", "2010-06-30": "", "2010-03-31": "", "2009-12-31": "", "2009-09-30": "", "2009-06-30": "", "2009-03-31": "", "2008-12-31": "", "2008-09-30": "", "2008-06-30": "", "2008-03-31": "", "2007-12-31": "", "2007-09-30": "", "2007-06-30": "", "2007-03-31": "", "2006-12-31": "", "2006-09-30": "", "2006-06-30": "", "2006-03-31": "", "2005-12-31": "", "2005-09-30": "", "2005-06-30": "", "2005-03-31": ""}, "ROE - Return On Equity": {"2020-09-30": "0.01180", "2020-06-30": "0.78450", "2020-03-31": "12.06990", "2019-12-31": "0.51160", "2019-09-30": "0.76860", "2019-06-30": "6.89280", "2019-03-31": "6.43580", "2018-12-31": "0.50320", "2018-09-30": "1.07460", "2018-06-30": "1.11490", "2018-03-31": "5.71750", "2017-12-31": "-0.67800", "2017-09-30": "1.03650", "2017-06-30": "-0.18350", "2017-03-31": "0.75210", "2016-12-31": "0.39030", "2016-09-30": "2.72540", "2016-06-30": "2.85270", "2016-03-31": "1.54530", "2015-12-31": "1.44600", "2015-09-30": "1.03540", "2015-06-30": "0.42020", "2015-03-31": "0.46570", "2014-12-31": "-5.40830", "2014-09-30": "5.04210", "2014-06-30": "0.22400", "2014-03-31": "0.61370", "2013-12-31": "0.72060", "2013-09-30": "-4.42980", "2013-06-30": "0.86550", "2013-03-31": "1.05120", "2012-12-31": "0.75590", "2012-09-30": "0.69080", "2012-06-30": "0.81120", "2012-03-31": "0.93950", "2011-12-31": "0.15680", "2011-09-30": "0.70420", "2011-06-30": "0.68710", "2011-03-31": "0.38560", "2010-12-31": "-2.15440", "2010-09-30": "2.08310", "2010-06-30": "-0.20630", "2010-03-31": "1.35510", "2009-12-31": "-0.89800", "2009-09-30": "0.88960", "2009-06-30": "1.60790", "2009-03-31": "1.38000", "2008-12-31": "-0.15270", "2008-09-30": "0.97180", "2008-06-30": "1.00250", "2008-03-31": "0.97830", "2007-12-31": "0.61130", "2007-09-30": "1.08560", "2007-06-30": "1.14800", "2007-03-31": "1.52070", "2006-12-31": "0.47970", "2006-09-30": "1.36610", "2006-06-30": "1.41510", "2006-03-31": "6.66630", "2005-12-31": "2.00040", "2005-09-30": "1.75840", "2005-06-30": "2.08030", "2005-03-31": "1.54970"}, "Return On Tangible Equity": {"2020-09-30": "0.01140", "2020-06-30": "0.75910", "2020-03-31": "11.67500", "2019-12-31": "0.49280", "2019-09-30": "0.74020", "2019-06-30": "6.66670", "2019-03-31": "6.20940", "2018-12-31": "0.48440", "2018-09-30": "1.03410", "2018-06-30": "1.07620", "2018-03-31": "5.51710", "2017-12-31": "-0.65350", "2017-09-30": "0.99930", "2017-06-30": "-0.17680", "2017-03-31": "0.72480", "2016-12-31": "0.37600", "2016-09-30": "2.62650", "2016-06-30": "2.74630", "2016-03-31": "1.36990", "2015-12-31": "1.28080", "2015-09-30": "0.91570", "2015-06-30": "0.37250", "2015-03-31": "0.41160", "2014-12-31": "-4.78160", "2014-09-30": "4.48620", "2014-06-30": "0.19840", "2014-03-31": "0.49790", "2013-12-31": "0.58490", "2013-09-30": "-3.60930", "2013-06-30": "0.73090", "2013-03-31": "0.88980", "2012-12-31": "0.61910", "2012-09-30": "0.56580", "2012-06-30": "0.63970", "2012-03-31": "0.74300", "2011-12-31": "0.12260", "2011-09-30": "0.55160", "2011-06-30": "0.52910", "2011-03-31": "0.32260", "2010-12-31": "-1.80130", "2010-09-30": "1.65420", "2010-06-30": "-0.16100", "2010-03-31": "1.06150", "2009-12-31": "-0.68590", "2009-09-30": "0.68470", "2009-06-30": "1.23350", "2009-03-31": "1.05630", "2008-12-31": "-0.11700", "2008-09-30": "0.74460", "2008-06-30": "0.76490", "2008-03-31": "0.74570", "2007-12-31": "0.46760", "2007-09-30": "0.78890", "2007-06-30": "0.83670", "2007-03-31": "1.11080", "2006-12-31": "0.34920", "2006-09-30": "1.14120", "2006-06-30": "1.18410", "2006-03-31": "5.58610", "2005-12-31": "1.63520", "2005-09-30": "1.43880", "2005-06-30": "1.68580", "2005-03-31": "1.25610"}, "ROA - Return On Assets": {"2020-09-30": "0.01000", "2020-06-30": "0.74700", "2020-03-31": "11.48760", "2019-12-31": "0.48190", "2019-09-30": "0.64040", "2019-06-30": "6.54690", "2019-03-31": "5.67050", "2018-12-31": "0.43680", "2018-09-30": "0.85940", "2018-06-30": "0.98090", "2018-03-31": "4.53590", "2017-12-31": "-0.50910", "2017-09-30": "0.77990", "2017-06-30": "-0.12940", "2017-03-31": "0.52720", "2016-12-31": "0.27090", "2016-09-30": "1.73970", "2016-06-30": "1.78840", "2016-03-31": "0.90930", "2015-12-31": "0.82480", "2015-09-30": "0.57220", "2015-06-30": "0.22740", "2015-03-31": "0.23770", "2014-12-31": "-2.75490", "2014-09-30": "2.53650", "2014-06-30": "0.10140", "2014-03-31": "0.25340", "2013-12-31": "0.29600", "2013-09-30": "-1.81000", "2013-06-30": "0.37110", "2013-03-31": "0.45430", "2012-12-31": "0.26470", "2012-09-30": "0.24920", "2012-06-30": "0.30200", "2012-03-31": "0.35860", "2011-12-31": "0.05870", "2011-09-30": "0.26570", "2011-06-30": "0.25760", "2011-03-31": "0.15140", "2010-12-31": "-0.85620", "2010-09-30": "0.86000", "2010-06-30": "-0.08060", "2010-03-31": "0.53630", "2009-12-31": "-0.32370", "2009-09-30": "0.33770", "2009-06-30": "0.60980", "2009-03-31": "0.50630", "2008-12-31": "-0.05680", "2008-09-30": "0.35790", "2008-06-30": "0.36680", "2008-03-31": "0.35920", "2007-12-31": "0.23160", "2007-09-30": "0.39960", "2007-06-30": "0.43090", "2007-03-31": "0.58710", "2006-12-31": "0.18480", "2006-09-30": "0.55270", "2006-06-30": "0.57950", "2006-03-31": "2.79960", "2005-12-31": "0.81200", "2005-09-30": "0.74180", "2005-06-30": "0.85670", "2005-03-31": "0.66400"}, "ROI - Return On Investment": {"2020-09-30": "0.01140", "2020-06-30": "0.75390", "2020-03-31": "11.59390", "2019-12-31": "0.48890", "2019-09-30": "0.73440", "2019-06-30": "6.61920", "2019-03-31": "5.74380", "2018-12-31": "0.44590", "2018-09-30": "0.95020", "2018-06-30": "0.99530", "2018-03-31": "4.59960", "2017-12-31": "-0.51990", "2017-09-30": "0.79570", "2017-06-30": "-0.13250", "2017-03-31": "0.53800", "2016-12-31": "0.27850", "2016-09-30": "1.78260", "2016-06-30": "1.84690", "2016-03-31": "0.93830", "2015-12-31": "0.85170", "2015-09-30": "0.59100", "2015-06-30": "0.23530", "2015-03-31": "0.24710", "2014-12-31": "-2.87180", "2014-09-30": "2.63860", "2014-06-30": "0.10520", "2014-03-31": "0.26340", "2013-12-31": "0.30890", "2013-09-30": "-1.88920", "2013-06-30": "0.38530", "2013-03-31": "0.47170", "2012-12-31": "0.27610", "2012-09-30": "0.25880", "2012-06-30": "0.31400", "2012-03-31": "0.37240", "2011-12-31": "0.06120", "2011-09-30": "0.27720", "2011-06-30": "0.26810", "2011-03-31": "0.15710", "2010-12-31": "-0.89010", "2010-09-30": "0.89270", "2010-06-30": "-0.08360", "2010-03-31": "0.55440", "2009-12-31": "-0.33690", "2009-09-30": "0.35110", "2009-06-30": "0.63320", "2009-03-31": "0.52430", "2008-12-31": "-0.05880", "2008-09-30": "0.37120", "2008-06-30": "0.37850", "2008-03-31": "0.37020", "2007-12-31": "0.23910", "2007-09-30": "0.41300", "2007-06-30": "0.44440", "2007-03-31": "0.60400", "2006-12-31": "0.19270", "2006-09-30": "0.57090", "2006-06-30": "0.59790", "2006-03-31": "2.88470", "2005-12-31": "0.83740", "2005-09-30": "0.76610", "2005-06-30": "0.88400", "2005-03-31": "0.68040"}, "Book Value Per Share": {"2020-09-30": "26.68670", "2020-06-30": "30.23110", "2020-03-31": "29.99610", "2019-12-31": "26.62210", "2019-09-30": "26.47640", "2019-06-30": "29.81930", "2019-03-31": "27.82250", "2018-12-31": "26.19020", "2018-09-30": "26.09020", "2018-06-30": "28.33570", "2018-03-31": "28.00560", "2017-12-31": "26.57020", "2017-09-30": "26.79290", "2017-06-30": "26.48470", "2017-03-31": "26.49060", "2016-12-31": "26.29520", "2016-09-30": "26.20060", "2016-06-30": "25.48050", "2016-03-31": "26.99040", "2015-12-31": "26.66000", "2015-09-30": "26.33330", "2015-06-30": "26.10380", "2015-03-31": "25.52280", "2014-12-31": "25.61270", "2014-09-30": "27.06880", "2014-06-30": "26.15930", "2014-03-31": "28.36720", "2013-12-31": "28.41180", "2013-09-30": "28.89680", "2013-06-30": "34.42090", "2013-03-31": "34.88240", "2012-12-31": "41.78160", "2012-09-30": "41.76560", "2012-06-30": "43.97620", "2012-03-31": "44.46900", "2011-12-31": "42.62340", "2011-09-30": "42.90740", "2011-06-30": "46.96080", "2011-03-31": "43.52410", "2010-12-31": "43.41190", "2010-09-30": "45.93690", "2010-06-30": "48.12250", "2010-03-31": "48.76820", "2009-12-31": "51.62270", "2009-09-30": "52.94680", "2009-06-30": "52.38900", "2009-03-31": "52.03350", "2008-12-31": "51.30790", "2008-09-30": "51.26320", "2008-06-30": "51.06760", "2008-03-31": "50.92670", "2007-12-31": "51.50520", "2007-09-30": "55.32480", "2007-06-30": "55.89510", "2007-03-31": "56.46200", "2006-12-31": "56.19120", "2006-09-30": "50.31270", "2006-06-30": "50.73200", "2006-03-31": "51.15440", "2005-12-31": "50.42360", "2005-09-30": "50.64970", "2005-06-30": "50.98660", "2005-03-31": "51.04090"}, "Operating Cash Flow Per Share": {"2020-09-30": 0.072, "2020-06-30": 0.0956, "2020-03-31": "0.09300", "2019-12-31": 0.1841, "2019-09-30": 0.2719, "2019-06-30": 0.2262, "2019-03-31": "0.10150", "2018-12-31": 0.3143, "2018-09-30": 0.2167, "2018-06-30": 0.1976, "2018-03-31": "-0.00290", "2017-12-31": 0.2973, "2017-09-30": 0.1459, "2017-06-30": 0.3879, "2017-03-31": "-0.03200", "2016-12-31": 0.3693, "2016-09-30": 0.1826, "2016-06-30": 0.5593, "2016-03-31": "0.18020", "2015-12-31": 0.3644, "2015-09-30": 0.1453, "2015-06-30": 0.6331, "2015-03-31": "0.31050", "2014-12-31": 0.5681, "2014-09-30": 0.1815, "2014-06-30": 0.6493, "2014-03-31": "0.39380", "2013-12-31": 0.4853, "2013-09-30": 0.4473, "2013-06-30": 0.7006, "2013-03-31": "0.45490", "2012-12-31": 1.079, "2012-09-30": 0.5693, "2012-06-30": 1.2367, "2012-03-31": "0.41990", "2011-12-31": 1.0315, "2011-09-30": 0.5489, "2011-06-30": 1.5038, "2011-03-31": "0.31680", "2010-12-31": 1.1585, "2010-09-30": 0.8429, "2010-06-30": 1.1421, "2010-03-31": "0.75210", "2009-12-31": 0.9975, "2009-09-30": 0.932, "2009-06-30": 1.7763, "2009-03-31": "0.98600", "2008-12-31": 0.9188, "2008-09-30": 1.1482, "2008-06-30": 1.628, "2008-03-31": "0.97440", "2007-12-31": 1.1765, "2007-09-30": 1.0803, "2007-06-30": 1.5857, "2007-03-31": "0.61770", "2006-12-31": 1.5033, "2006-09-30": 1.1103, "2006-06-30": 1.5933, "2006-03-31": "0.82960", "2005-12-31": 1.2721, "2005-09-30": 1.245, "2005-06-30": 2.185, "2005-03-31": "0.15490"}, "Free Cash Flow Per Share": {"2020-09-30": 0.1411, "2020-06-30": 0.8874, "2020-03-31": "4.61580", "2019-12-31": 0.0506, "2019-09-30": 0.386, "2019-06-30": 2.9615, "2019-03-31": "3.49820", "2018-12-31": 0.3352, "2018-09-30": 1.4026, "2018-06-30": 0.9237, "2018-03-31": "5.85340", "2017-12-31": 1.1228, "2017-09-30": 4.2388, "2017-06-30": 1.1293, "2017-03-31": "0.72020", "2016-12-31": 1.242, "2016-09-30": 5.2925, "2016-06-30": 2.6937, "2016-03-31": "1.10860", "2015-12-31": 3.9806, "2015-09-30": 3.7521, "2015-06-30": 7.85, "2015-03-31": "0.46320", "2014-12-31": 0.6367, "2014-09-30": 0.0977, "2014-06-30": 2.145, "2014-03-31": "0.39380", "2013-12-31": 2.1, "2013-09-30": 0.5702, "2013-06-30": 1.1541, "2013-03-31": "-1.10800", "2012-12-31": -1.8072, "2012-09-30": -0.9408, "2012-06-30": -0.6961, "2012-03-31": "-0.67350", "2011-12-31": 0.4956, "2011-09-30": 0.1524, "2011-06-30": -1.5706, "2011-03-31": "-2.18280", "2010-12-31": -6.5368, "2010-09-30": 3.4673, "2010-06-30": 1.7039, "2010-03-31": "0.75210", "2009-12-31": -8.616, "2009-09-30": 3.1828, "2009-06-30": 2.578, "2009-03-31": "1.28730", "2008-12-31": 2.7024, "2008-09-30": 3.299, "2008-06-30": 2.9132, "2008-03-31": "0.97440", "2007-12-31": 1.1868, "2007-09-30": 1.1424, "2007-06-30": 1.5857, "2007-03-31": "0.61770", "2006-12-31": 1.5812, "2006-09-30": 1.229, "2006-06-30": 1.5933, "2006-03-31": "0.82960", "2005-12-31": 1.2793, "2005-09-30": 1.2417, "2005-06-30": 2.587, "2005-03-31": "0.15490"}}, "revenue": {"Equity Commonwealth Annual Revenue (Millions of US $)": {"2019": "$128", "2018": "$197", "2017": "$341", "2016": "$501", "2015": "$715", "2014": "$862", "2013": "$953", "2012": "$961", "2011": "$741", "2010": "$721", "2009": "$764", "2008": "$752", "2007": "$784", "2006": "$744", "2005": "$709"}, "Equity Commonwealth Quarterly Revenue (Millions of US $)": {"2020-09-30": "$16", "2020-06-30": "$16", "2020-03-31": "$19", "2019-12-31": "$26", "2019-09-30": "$27", "2019-06-30": "$33", "2019-03-31": "$42", "2018-12-31": "$43", "2018-09-30": "$47", "2018-06-30": "$49", "2018-03-31": "$59", "2017-12-31": "$72", "2017-09-30": "$78", "2017-06-30": "$92", "2017-03-31": "$100", "2016-12-31": "$104", "2016-09-30": "$115", "2016-06-30": "$145", "2016-03-31": "$137", "2015-12-31": "$139", "2015-09-30": "$159", "2015-06-30": "$204", "2015-03-31": "$213", "2014-12-31": "$213", "2014-09-30": "$217", "2014-06-30": "$215", "2014-03-31": "$217", "2013-12-31": "$214", "2013-09-30": "$214", "2013-06-30": "$262", "2013-03-31": "$263", "2012-12-31": "$241", "2012-09-30": "$227", "2012-06-30": "$250", "2012-03-31": "$243", "2011-12-31": "$71", "2011-09-30": "$242", "2011-06-30": "$218", "2011-03-31": "$211", "2010-12-31": "$137", "2010-09-30": "$193", "2010-06-30": "$196", "2010-03-31": "$195", "2009-12-31": "$129", "2009-09-30": "$206", "2009-06-30": "$213", "2009-03-31": "$217", "2008-12-31": "$135", "2008-09-30": "$212", "2008-06-30": "$204", "2008-03-31": "$201", "2007-12-31": "$185", "2007-09-30": "$197", "2007-06-30": "$196", "2007-03-31": "$205", "2006-12-31": "$154", "2006-09-30": "$203", "2006-06-30": "$198", "2006-03-31": "$190", "2005-12-31": "$185", "2005-09-30": "$183", "2005-06-30": "$174", "2005-03-31": "$167"}}, "gross-profit": {"Equity Commonwealth Annual Gross Profit (Millions of US $)": {"2019": "$128", "2018": "$197", "2017": "$341", "2016": "$501", "2015": "$715", "2014": "$862", "2013": "$953", "2012": "$961", "2011": "$741", "2010": "$721", "2009": "$764", "2008": "$752", "2007": "$784", "2006": "$744", "2005": "$709"}, "Equity Commonwealth Quarterly Gross Profit (Millions of US $)": {"2020-09-30": "$16", "2020-06-30": "$16", "2020-03-31": "$19", "2019-12-31": "$26", "2019-09-30": "$27", "2019-06-30": "$33", "2019-03-31": "$42", "2018-12-31": "$43", "2018-09-30": "$47", "2018-06-30": "$49", "2018-03-31": "$59", "2017-12-31": "$72", "2017-09-30": "$78", "2017-06-30": "$92", "2017-03-31": "$100", "2016-12-31": "$104", "2016-09-30": "$115", "2016-06-30": "$145", "2016-03-31": "$137", "2015-12-31": "$139", "2015-09-30": "$159", "2015-06-30": "$204", "2015-03-31": "$213", "2014-12-31": "$213", "2014-09-30": "$217", "2014-06-30": "$215", "2014-03-31": "$217", "2013-12-31": "$214", "2013-09-30": "$214", "2013-06-30": "$262", "2013-03-31": "$263", "2012-12-31": "$241", "2012-09-30": "$227", "2012-06-30": "$250", "2012-03-31": "$243", "2011-12-31": "$71", "2011-09-30": "$242", "2011-06-30": "$218", "2011-03-31": "$211", "2010-12-31": "$137", "2010-09-30": "$193", "2010-06-30": "$196", "2010-03-31": "$195", "2009-12-31": "$129", "2009-09-30": "$206", "2009-06-30": "$213", "2009-03-31": "$217", "2008-12-31": "$135", "2008-09-30": "$212", "2008-06-30": "$204", "2008-03-31": "$201", "2007-12-31": "$185", "2007-09-30": "$197", "2007-06-30": "$196", "2007-03-31": "$205", "2006-12-31": "$154", "2006-09-30": "$203", "2006-06-30": "$198", "2006-03-31": "$190", "2005-12-31": "$185", "2005-09-30": "$183", "2005-06-30": "$174", "2005-03-31": "$167"}}, "operating-income": {"Equity Commonwealth Annual Operating Income (Millions of US $)": {"2019": "$15", "2018": "$12", "2017": "$41", "2016": "$59", "2015": "$121", "2014": "$-52", "2013": "$104", "2012": "$278", "2011": "$221", "2010": "$142", "2009": "$222", "2008": "$237", "2007": "$264", "2006": "$265", "2005": "$273"}, "Equity Commonwealth Quarterly Operating Income (Millions of US $)": {"2020-09-30": "$-2", "2020-06-30": "$-3", "2020-03-31": "$-6", "2019-12-31": "$2", "2019-09-30": "$2", "2019-06-30": "$5", "2019-03-31": "$5", "2018-12-31": "$8", "2018-09-30": "$4", "2018-06-30": "$5", "2018-03-31": "$-5", "2017-12-31": "$10", "2017-09-30": "$13", "2017-06-30": "$0", "2017-03-31": "$18", "2016-12-31": "$6", "2016-09-30": "$23", "2016-06-30": "$1", "2016-03-31": "$30", "2015-12-31": "$24", "2015-09-30": "$29", "2015-06-30": "$34", "2015-03-31": "$34", "2014-12-31": "$-124", "2014-09-30": "$13", "2014-06-30": "$16", "2014-03-31": "$44", "2013-12-31": "$46", "2013-09-30": "$-94", "2013-06-30": "$73", "2013-03-31": "$79", "2012-12-31": "$63", "2012-09-30": "$69", "2012-06-30": "$72", "2012-03-31": "$74", "2011-12-31": "$49", "2011-09-30": "$55", "2011-06-30": "$63", "2011-03-31": "$54", "2010-12-31": "$-31", "2010-09-30": "$56", "2010-06-30": "$59", "2010-03-31": "$59", "2009-12-31": "$9", "2009-09-30": "$59", "2009-06-30": "$79", "2009-03-31": "$75", "2008-12-31": "$37", "2008-09-30": "$67", "2008-06-30": "$66", "2008-03-31": "$66", "2007-12-31": "$58", "2007-09-30": "$67", "2007-06-30": "$66", "2007-03-31": "$73", "2006-12-31": "$49", "2006-09-30": "$73", "2006-06-30": "$73", "2006-03-31": "$71", "2005-12-31": "$69", "2005-09-30": "$70", "2005-06-30": "$69", "2005-03-31": "$64"}}, "ebitda": {"Equity Commonwealth Annual EBITDA (Millions of US $)": {"2019": "$44", "2018": "$63", "2017": "$136", "2016": "$201", "2015": "$324", "2014": "$186", "2013": "$360", "2012": "$550", "2011": "$460", "2010": "$381", "2009": "$434", "2008": "$444", "2007": "$462", "2006": "$440", "2005": "$419"}, "Equity Commonwealth Quarterly EBITDA (Millions of US $)": {"2020-09-30": "$3", "2020-06-30": "$1", "2020-03-31": "$-0", "2019-12-31": "$8", "2019-09-30": "$8", "2019-06-30": "$13", "2019-03-31": "$14", "2018-12-31": "$19", "2018-09-30": "$16", "2018-06-30": "$18", "2018-03-31": "$9", "2017-12-31": "$30", "2017-09-30": "$35", "2017-06-30": "$25", "2017-03-31": "$46", "2016-12-31": "$36", "2016-09-30": "$54", "2016-06-30": "$43", "2016-03-31": "$69", "2015-12-31": "$64", "2015-09-30": "$72", "2015-06-30": "$90", "2015-03-31": "$98", "2014-12-31": "$-63", "2014-09-30": "$72", "2014-06-30": "$80", "2014-03-31": "$97", "2013-12-31": "$100", "2013-09-30": "$-32", "2013-06-30": "$144", "2013-03-31": "$148", "2012-12-31": "$136", "2012-09-30": "$136", "2012-06-30": "$140", "2012-03-31": "$138", "2011-12-31": "$113", "2011-09-30": "$117", "2011-06-30": "$119", "2011-03-31": "$112", "2010-12-31": "$48", "2010-09-30": "$108", "2010-06-30": "$112", "2010-03-31": "$112", "2009-12-31": "$62", "2009-09-30": "$112", "2009-06-30": "$132", "2009-03-31": "$128", "2008-12-31": "$89", "2008-09-30": "$118", "2008-06-30": "$119", "2008-03-31": "$118", "2007-12-31": "$109", "2007-09-30": "$116", "2007-06-30": "$116", "2007-03-31": "$120", "2006-12-31": "$93", "2006-09-30": "$117", "2006-06-30": "$117", "2006-03-31": "$113", "2005-12-31": "$108", "2005-09-30": "$106", "2005-06-30": "$105", "2005-03-31": "$99"}}, "net-income": {"Equity Commonwealth Annual Net Income (Millions of US $)": {"2019": "$485", "2018": "$265", "2017": "$22", "2016": "$205", "2015": "$72", "2014": "$-24", "2013": "$-222", "2012": "$-152", "2011": "$63", "2010": "$82", "2009": "$114", "2008": "$194", "2007": "$59", "2006": "$199", "2005": "$119"}, "Equity Commonwealth Quarterly Net Income (Millions of US $)": {"2020-09-30": "$-2", "2020-06-30": "$26", "2020-03-31": "$423", "2019-12-31": "$14", "2019-09-30": "$22", "2019-06-30": "$240", "2019-03-31": "$209", "2018-12-31": "$13", "2018-09-30": "$31", "2018-06-30": "$35", "2018-03-31": "$186", "2017-12-31": "$-24", "2017-09-30": "$31", "2017-06-30": "$-8", "2017-03-31": "$22", "2016-12-31": "$10", "2016-09-30": "$84", "2016-06-30": "$71", "2016-03-31": "$39", "2015-12-31": "$36", "2015-09-30": "$23", "2015-06-30": "$6", "2015-03-31": "$7", "2014-12-31": "$-166", "2014-09-30": "$150", "2014-06-30": "$-18", "2014-03-31": "$9", "2013-12-31": "$-16", "2013-09-30": "$-227", "2013-06-30": "$8", "2013-03-31": "$15", "2012-12-31": "$-164", "2012-09-30": "$-0", "2012-06-30": "$2", "2012-03-31": "$10", "2011-12-31": "$1", "2011-09-30": "$15", "2011-06-30": "$9", "2011-03-31": "$38", "2010-12-31": "$7", "2010-09-30": "$53", "2010-06-30": "$-3", "2010-03-31": "$25", "2009-12-31": "$-23", "2009-09-30": "$60", "2009-06-30": "$47", "2009-03-31": "$30", "2008-12-31": "$51", "2008-09-30": "$73", "2008-06-30": "$55", "2008-03-31": "$15", "2007-12-31": "$9", "2007-09-30": "$17", "2007-06-30": "$16", "2007-03-31": "$18", "2006-12-31": "$23", "2006-09-30": "$22", "2006-06-30": "$22", "2006-03-31": "$131", "2005-12-31": "$32", "2005-09-30": "$27", "2005-06-30": "$39", "2005-03-31": "$21"}}, "eps-earnings-per-share-diluted": {"Equity Commonwealth Annual EPS": {"2019": "$3.90", "2018": "$2.15", "2017": "$0.17", "2016": "$1.62", "2015": "$0.56", "2014": "$-0.19", "2013": "$-1.97", "2012": "$-1.81", "2011": "$0.81", "2010": "$1.26", "2009": "$2.03", "2008": "$3.43", "2007": "$1.12", "2006": "$3.76", "2005": "$2.40"}, "Equity Commonwealth Quarterly EPS": {"2020-09-30": "$-0.01", "2020-06-30": "$0.21", "2020-03-31": "$3.35", "2019-12-31": "$0.12", "2019-09-30": "$0.18", "2019-06-30": "$1.93", "2019-03-31": "$1.67", "2018-12-31": "$0.13", "2018-09-30": "$0.25", "2018-06-30": "$0.29", "2018-03-31": "$1.48", "2017-12-31": "$-0.19", "2017-09-30": "$0.25", "2017-06-30": "$-0.06", "2017-03-31": "$0.17", "2016-12-31": "$0.08", "2016-09-30": "$0.67", "2016-06-30": "$0.56", "2016-03-31": "$0.31", "2015-12-31": "$0.29", "2015-09-30": "$0.18", "2015-06-30": "$0.04", "2015-03-31": "$0.05", "2014-12-31": "$-1.29", "2014-09-30": "$1.16", "2014-06-30": "$-0.14", "2014-03-31": "$0.08", "2013-12-31": "$-0.27", "2013-09-30": "$-1.92", "2013-06-30": "$0.07", "2013-03-31": "$0.15", "2012-12-31": "$-1.96", "2012-09-30": "$-0.00", "2012-06-30": "$0.03", "2012-03-31": "$0.12", "2011-12-31": "$-0.02", "2011-09-30": "$0.18", "2011-06-30": "$0.13", "2011-03-31": "$0.52", "2010-12-31": "$0.05", "2010-09-30": "$0.82", "2010-06-30": "$-0.04", "2010-03-31": "$0.43", "2009-12-31": "$-0.39", "2009-09-30": "$1.06", "2009-06-30": "$0.84", "2009-03-31": "$0.52", "2008-12-31": "$1.07", "2008-09-30": "$1.28", "2008-06-30": "$0.80", "2008-03-31": "$0.28", "2007-12-31": "$0.16", "2007-09-30": "$0.32", "2007-06-30": "$0.32", "2007-03-31": "$0.32", "2006-12-31": "$0.36", "2006-09-30": "$0.44", "2006-06-30": "$0.44", "2006-03-31": "$2.52", "2005-12-31": "$0.60", "2005-09-30": "$0.52", "2005-06-30": "$0.80", "2005-03-31": "$0.48"}}, "shares-outstanding": {"Equity Commonwealth Annual Shares Outstanding (Millions of Shares)": {"2019": "126", "2018": "123", "2017": "125", "2016": "127", "2015": "129", "2014": "125", "2013": "112", "2012": "84", "2011": "77", "2010": "65", "2009": "63", "2008": "64", "2007": "61", "2006": "54", "2005": "49"}, "Equity Commonwealth Quarterly Shares Outstanding (Millions of Shares)": {"2020-09-30": "122", "2020-06-30": "123", "2020-03-31": "127", "2019-12-31": "126", "2019-09-30": "124", "2019-06-30": "126", "2019-03-31": "126", "2018-12-31": "123", "2018-09-30": "123", "2018-06-30": "123", "2018-03-31": "127", "2017-12-31": "125", "2017-09-30": "125", "2017-06-30": "124", "2017-03-31": "125", "2016-12-31": "127", "2016-09-30": "127", "2016-06-30": "127", "2016-03-31": "128", "2015-12-31": "129", "2015-09-30": "130", "2015-06-30": "131", "2015-03-31": "130", "2014-12-31": "125", "2014-09-30": "131", "2014-06-30": "124", "2014-03-31": "118", "2013-12-31": "112", "2013-09-30": "118", "2013-06-30": "118", "2013-03-31": "94", "2012-12-31": "84", "2012-09-30": "84", "2012-06-30": "84", "2012-03-31": "84", "2011-12-31": "77", "2011-09-30": "82", "2011-06-30": "72", "2011-03-31": "79", "2010-12-31": "65", "2010-09-30": "72", "2010-06-30": "72", "2010-03-31": "64", "2009-12-31": "63", "2009-09-30": "63", "2009-06-30": "63", "2009-03-31": "64", "2008-12-31": "64", "2008-09-30": "64", "2008-06-30": "64", "2008-03-31": "64", "2007-12-31": "61", "2007-09-30": "60", "2007-06-30": "60", "2007-03-31": "60", "2006-12-31": "54", "2006-09-30": "52", "2006-06-30": "52", "2006-03-31": "52", "2005-12-31": "49", "2005-09-30": "50", "2005-06-30": "50", "2005-03-31": "45"}}, "total-assets": {"Equity Commonwealth Annual Total Assets (Millions of US $)": {"2019": "$3,319", "2018": "$3,531", "2017": "$4,237", "2016": "$4,526", "2015": "$5,231", "2014": "$5,762", "2013": "$6,646", "2012": "$8,190", "2011": "$7,447", "2010": "$6,589", "2009": "$6,121", "2008": "$6,016", "2007": "$5,859", "2006": "$5,576", "2005": "$5,327"}, "Equity Commonwealth Quarterly Total Assets (Millions of US $)": {"2020-09-30": "$3,709", "2020-06-30": "$3,733", "2020-03-31": "$3,704", "2019-12-31": "$3,319", "2019-09-30": "$3,731", "2019-06-30": "$3,702", "2019-03-31": "$3,714", "2018-12-31": "$3,531", "2018-09-30": "$3,814", "2018-06-30": "$3,777", "2018-03-31": "$4,137", "2017-12-31": "$4,237", "2017-09-30": "$4,260", "2017-06-30": "$4,491", "2017-03-31": "$4,519", "2016-12-31": "$4,526", "2016-09-30": "$4,966", "2016-06-30": "$4,912", "2016-03-31": "$5,103", "2015-12-31": "$5,231", "2015-09-30": "$5,324", "2015-06-30": "$5,548", "2015-03-31": "$5,734", "2014-12-31": "$5,762", "2014-09-30": "$6,171", "2014-06-30": "$6,593", "2014-03-31": "$6,601", "2013-12-31": "$6,646", "2013-09-30": "$6,822", "2013-06-30": "$8,020", "2013-03-31": "$8,083", "2012-12-31": "$8,190", "2012-09-30": "$7,947", "2012-06-30": "$7,799", "2012-03-31": "$7,713", "2011-12-31": "$7,447", "2011-09-30": "$7,458", "2011-06-30": "$6,960", "2011-03-31": "$6,690", "2010-12-31": "$6,589", "2010-09-30": "$6,374", "2010-06-30": "$6,205", "2010-03-31": "$6,235", "2009-12-31": "$6,121", "2009-09-30": "$6,008", "2009-06-30": "$5,926", "2009-03-31": "$6,070", "2008-12-31": "$6,016", "2008-09-30": "$6,071", "2008-06-30": "$6,003", "2008-03-31": "$5,960", "2007-12-31": "$5,859", "2007-09-30": "$5,801", "2007-06-30": "$5,751", "2007-03-31": "$5,637", "2006-12-31": "$5,576", "2006-09-30": "$5,455", "2006-06-30": "$5,442", "2006-03-31": "$5,355", "2005-12-31": "$5,327", "2005-09-30": "$5,154", "2005-06-30": "$5,012", "2005-03-31": "$4,824"}}, "cash-on-hand": {"Equity Commonwealth Annual Cash on Hand (Millions of US $)": {"2019": "$2,801", "2018": "$2,654", "2017": "$2,638", "2016": "$2,101", "2015": "$1,835", "2014": "$397", "2013": "$245", "2012": "$119", "2011": "$201", "2010": "$199", "2009": "$30", "2008": "$26", "2007": "$38", "2006": "$39", "2005": "$38"}, "Equity Commonwealth Quarterly Cash on Hand (Millions of US $)": {"2020-09-30": "$3,418", "2020-06-30": "$3,442", "2020-03-31": "$3,352", "2019-12-31": "$2,801", "2019-09-30": "$3,210", "2019-06-30": "$3,183", "2019-03-31": "$3,071", "2018-12-31": "$2,654", "2018-09-30": "$2,932", "2018-06-30": "$2,764", "2018-03-31": "$3,093", "2017-12-31": "$2,638", "2017-09-30": "$2,520", "2017-06-30": "$2,252", "2017-03-31": "$2,170", "2016-12-31": "$2,101", "2016-09-30": "$2,442", "2016-06-30": "$1,806", "2016-03-31": "$1,778", "2015-12-31": "$1,835", "2015-09-30": "$1,678", "2015-06-30": "$1,318", "2015-03-31": "$455", "2014-12-31": "$397", "2014-09-30": "$613", "2014-06-30": "$451", "2014-03-31": "$195", "2013-12-31": "$245", "2013-09-30": "$183", "2013-06-30": "$96", "2013-03-31": "$63", "2012-12-31": "$119", "2012-09-30": "$86", "2012-06-30": "$153", "2012-03-31": "$211", "2011-12-31": "$201", "2011-09-30": "$221", "2011-06-30": "$60", "2011-03-31": "$31", "2010-12-31": "$199", "2010-09-30": "$182", "2010-06-30": "$46", "2010-03-31": "$149", "2009-12-31": "$30", "2009-09-30": "$45", "2009-06-30": "$47", "2009-03-31": "$45", "2008-12-31": "$26", "2008-09-30": "$105", "2008-06-30": "$127", "2008-03-31": "$44", "2007-12-31": "$38", "2007-09-30": "$43", "2007-06-30": "$46", "2007-03-31": "$37", "2006-12-31": "$39", "2006-09-30": "$56", "2006-06-30": "$51", "2006-03-31": "$49", "2005-12-31": "$38", "2005-09-30": "$39", "2005-06-30": "$41", "2005-03-31": "$42"}}, "long-term-debt": {"Equity Commonwealth Annual Long Term Debt (Millions of US $)": {"2019": "$26", "2018": "$275", "2017": "$849", "2016": "$1,142", "2015": "$1,697", "2014": "$2,208", "2013": "$3,005", "2012": "$4,350", "2011": "$3,577", "2010": "$3,206", "2009": "$2,993", "2008": "$2,890", "2007": "$2,774", "2006": "$2,397", "2005": "$2,520"}, "Equity Commonwealth Quarterly Long Term Debt (Millions of US $)": {"2020-09-30": "", "2020-06-30": "$25", "2020-03-31": "$25", "2019-12-31": "$26", "2019-09-30": "$26", "2019-06-30": "$26", "2019-03-31": "$275", "2018-12-31": "$275", "2018-09-30": "$280", "2018-06-30": "$280", "2018-03-31": "$679", "2017-12-31": "$849", "2017-09-30": "$851", "2017-06-30": "$1,100", "2017-03-31": "$1,142", "2016-12-31": "$1,142", "2016-09-30": "$1,557", "2016-06-30": "$1,558", "2016-03-31": "$1,558", "2015-12-31": "$1,697", "2015-09-30": "$1,828", "2015-06-30": "$1,974", "2015-03-31": "$2,205", "2014-12-31": "$2,208", "2014-09-30": "$2,443", "2014-06-30": "$2,987", "2014-03-31": "$2,990", "2013-12-31": "$3,005", "2013-09-30": "$3,115", "2013-06-30": "$3,652", "2013-03-31": "$3,658", "2012-12-31": "$4,350", "2012-09-30": "$4,151", "2012-06-30": "$3,818", "2012-03-31": "$3,706", "2011-12-31": "$3,577", "2011-09-30": "$3,557", "2011-06-30": "$3,298", "2011-03-31": "$3,307", "2010-12-31": "$3,206", "2010-09-30": "$2,827", "2010-06-30": "$2,879", "2010-03-31": "$2,881", "2009-12-31": "$2,993", "2009-09-30": "$2,816", "2009-06-30": "$2,778", "2009-03-31": "$2,953", "2008-12-31": "$2,890", "2008-09-30": "$2,935", "2008-06-30": "$2,938", "2008-03-31": "$2,912", "2007-12-31": "$2,774", "2007-09-30": "$2,675", "2007-06-30": "$2,614", "2007-03-31": "$2,499", "2006-12-31": "$2,397", "2006-09-30": "$2,640", "2006-06-30": "$2,611", "2006-03-31": "$2,513", "2005-12-31": "$2,520", "2005-09-30": "$2,334", "2005-06-30": "$2,311", "2005-03-31": "$2,158"}}, "total-liabilities": {"Equity Commonwealth Annual Total Liabilities (Millions of US $)": {"2019": "$74", "2018": "$347", "2017": "$936", "2016": "$1,266", "2015": "$1,863", "2014": "$2,442", "2013": "$3,283", "2012": "$4,688", "2011": "$3,879", "2010": "$3,457", "2009": "$3,232", "2008": "$3,095", "2007": "$2,956", "2006": "$2,625", "2005": "$2,682"}, "Equity Commonwealth Quarterly Total Liabilities (Millions of US $)": {"2020-09-30": "$466", "2020-06-30": "$59", "2020-03-31": "$59", "2019-12-31": "$74", "2019-09-30": "$503", "2019-06-30": "$67", "2019-03-31": "$322", "2018-12-31": "$347", "2018-09-30": "$644", "2018-06-30": "$335", "2018-03-31": "$736", "2017-12-31": "$936", "2017-09-30": "$936", "2017-06-30": "$1,205", "2017-03-31": "$1,232", "2016-12-31": "$1,266", "2016-09-30": "$1,677", "2016-06-30": "$1,713", "2016-03-31": "$1,716", "2015-12-31": "$1,863", "2015-09-30": "$1,997", "2015-06-30": "$2,161", "2015-03-31": "$2,423", "2014-12-31": "$2,442", "2014-09-30": "$2,682", "2014-06-30": "$3,222", "2014-03-31": "$3,242", "2013-12-31": "$3,283", "2013-09-30": "$3,401", "2013-06-30": "$3,947", "2013-03-31": "$3,956", "2012-12-31": "$4,688", "2012-09-30": "$4,447", "2012-06-30": "$4,116", "2012-03-31": "$3,990", "2011-12-31": "$3,879", "2011-09-30": "$3,866", "2011-06-30": "$3,572", "2011-03-31": "$3,550", "2010-12-31": "$3,457", "2010-09-30": "$3,060", "2010-06-30": "$3,096", "2010-03-31": "$3,085", "2009-12-31": "$3,232", "2009-09-30": "$3,044", "2009-06-30": "$2,996", "2009-03-31": "$3,161", "2008-12-31": "$3,095", "2008-09-30": "$3,152", "2008-06-30": "$3,125", "2008-03-31": "$3,090", "2007-12-31": "$2,956", "2007-09-30": "$2,862", "2007-06-30": "$2,789", "2007-03-31": "$2,658", "2006-12-31": "$2,625", "2006-09-30": "$2,813", "2006-06-30": "$2,778", "2006-03-31": "$2,671", "2005-12-31": "$2,682", "2005-09-30": "$2,497", "2005-06-30": "$2,465", "2005-03-31": "$2,274"}}, "total-share-holder-equity": {"Equity Commonwealth Annual Share Holder Equity (Millions of US $)": {"2019": "$3,246", "2018": "$3,184", "2017": "$3,300", "2016": "$3,260", "2015": "$3,368", "2014": "$3,320", "2013": "$3,364", "2012": "$3,501", "2011": "$3,569", "2010": "$3,132", "2009": "$2,889", "2008": "$2,921", "2007": "$2,903", "2006": "$2,951", "2005": "$2,645"}, "Equity Commonwealth Quarterly Share Holder Equity (Millions of US $)": {"2020-09-30": "$3,243", "2020-06-30": "$3,674", "2020-03-31": "$3,645", "2019-12-31": "$3,246", "2019-09-30": "$3,228", "2019-06-30": "$3,636", "2019-03-31": "$3,392", "2018-12-31": "$3,184", "2018-09-30": "$3,170", "2018-06-30": "$3,442", "2018-03-31": "$3,401", "2017-12-31": "$3,300", "2017-09-30": "$3,325", "2017-06-30": "$3,286", "2017-03-31": "$3,287", "2016-12-31": "$3,260", "2016-09-30": "$3,289", "2016-06-30": "$3,199", "2016-03-31": "$3,387", "2015-12-31": "$3,368", "2015-09-30": "$3,327", "2015-06-30": "$3,387", "2015-03-31": "$3,311", "2014-12-31": "$3,320", "2014-09-30": "$3,489", "2014-06-30": "$3,371", "2014-03-31": "$3,359", "2013-12-31": "$3,364", "2013-09-30": "$3,421", "2013-06-30": "$4,072", "2013-03-31": "$4,127", "2012-12-31": "$3,501", "2012-09-30": "$3,500", "2012-06-30": "$3,682", "2012-03-31": "$3,723", "2011-12-31": "$3,569", "2011-09-30": "$3,592", "2011-06-30": "$3,388", "2011-03-31": "$3,140", "2010-12-31": "$3,132", "2010-09-30": "$3,314", "2010-06-30": "$3,109", "2010-03-31": "$3,150", "2009-12-31": "$2,889", "2009-09-30": "$2,963", "2009-06-30": "$2,930", "2009-03-31": "$2,910", "2008-12-31": "$2,921", "2008-09-30": "$2,918", "2008-06-30": "$2,878", "2008-03-31": "$2,870", "2007-12-31": "$2,903", "2007-09-30": "$2,939", "2007-06-30": "$2,962", "2007-03-31": "$2,979", "2006-12-31": "$2,951", "2006-09-30": "$2,642", "2006-06-30": "$2,663", "2006-03-31": "$2,684", "2005-12-31": "$2,645", "2005-09-30": "$2,657", "2005-06-30": "$2,547", "2005-03-31": "$2,550"}}, "profit-margins": {"current": "604.59%"}, "gross margin": {"2020-09-30": "100.00%", "2020-06-30": "100.00%", "2020-03-31": "100.00%", "2019-12-31": "100.00%", "2019-09-30": "100.00%", "2019-06-30": "100.00%", "2019-03-31": "100.00%", "2018-12-31": "100.00%", "2018-09-30": "100.00%", "2018-06-30": "100.00%", "2018-03-31": "100.00%", "2017-12-31": "100.00%", "2017-09-30": "100.00%", "2017-06-30": "100.00%", "2017-03-31": "100.00%", "2016-12-31": "100.00%", "2016-09-30": "100.00%", "2016-06-30": "100.00%", "2016-03-31": "100.00%", "2015-12-31": "100.00%", "2015-09-30": "100.00%", "2015-06-30": "100.00%", "2015-03-31": "100.00%", "2014-12-31": "100.00%", "2014-09-30": "100.00%", "2014-06-30": "100.00%", "2014-03-31": "100.00%", "2013-12-31": "100.00%", "2013-09-30": "100.00%", "2013-06-30": "100.00%", "2013-03-31": "100.00%", "2012-12-31": "100.00%", "2012-09-30": "100.00%", "2012-06-30": "100.00%", "2012-03-31": "100.00%", "2011-12-31": "100.00%", "2011-09-30": "100.00%", "2011-06-30": "100.00%", "2011-03-31": "100.00%", "2010-12-31": "100.00%", "2010-09-30": "100.00%", "2010-06-30": "100.00%", "2010-03-31": "100.00%", "2009-12-31": "100.00%", "2009-09-30": "100.00%", "2009-06-30": "100.00%", "2009-03-31": "100.00%", "2008-12-31": "100.00%", "2008-09-30": "100.00%", "2008-06-30": "100.00%", "2008-03-31": "100.00%", "2007-12-31": "100.00%", "2007-09-30": "100.00%", "2007-06-30": "100.00%", "2007-03-31": "100.00%", "2006-12-31": "100.00%", "2006-09-30": "100.00%", "2006-06-30": "100.00%", "2006-03-31": "100.00%", "2005-12-31": "100.00%"}, "operating margin": {"2020-09-30": "-11.69%", "2020-06-30": "-5.68%", "2020-03-31": "2.86%", "2019-12-31": "10.94%", "2019-09-30": "13.79%", "2019-06-30": "13.33%", "2019-03-31": "12.15%", "2018-12-31": "6.06%", "2018-09-30": "6.17%", "2018-06-30": "8.91%", "2018-03-31": "5.98%", "2017-12-31": "11.99%", "2017-09-30": "9.89%", "2017-06-30": "11.44%", "2017-03-31": "10.34%", "2016-12-31": "11.98%", "2016-09-30": "14.55%", "2016-06-30": "14.48%", "2016-03-31": "18.31%", "2015-12-31": "16.92%", "2015-09-30": "-3.42%", "2015-06-30": "-5.08%", "2015-03-31": "-7.11%", "2014-12-31": "-5.92%", "2014-09-30": "13.79%", "2014-06-30": "1.40%", "2014-03-31": "7.61%", "2013-12-31": "10.91%", "2013-09-30": "12.35%", "2013-06-30": "28.60%", "2013-03-31": "28.85%", "2012-12-31": "28.93%", "2012-09-30": "33.38%", "2012-06-30": "31.02%", "2012-03-31": "31.14%", "2011-12-31": "29.78%", "2011-09-30": "17.45%", "2011-06-30": "18.71%", "2011-03-31": "18.72%", "2010-12-31": "19.83%", "2010-09-30": "25.67%", "2010-06-30": "25.62%", "2010-03-31": "27.73%", "2009-12-31": "29.02%", "2009-09-30": "32.43%", "2009-06-30": "33.20%", "2009-03-31": "31.90%", "2008-12-31": "31.38%", "2008-09-30": "32.04%", "2008-06-30": "32.66%", "2008-03-31": "32.99%", "2007-12-31": "33.72%", "2007-09-30": "33.91%", "2007-06-30": "34.43%", "2007-03-31": "35.26%", "2006-12-31": "35.70%", "2006-09-30": "36.86%", "2006-06-30": "37.43%", "2006-03-31": "38.11%", "2005-12-31": "38.36%"}, "ebitda margin": {"2020-09-30": "15.58%", "2020-06-30": "19.32%", "2020-03-31": "27.62%", "2019-12-31": "33.59%", "2019-09-30": "37.24%", "2019-06-30": "37.58%", "2019-03-31": "37.02%", "2018-12-31": "31.31%", "2018-09-30": "32.16%", "2018-06-30": "35.66%", "2018-03-31": "32.89%", "2017-12-31": "39.77%", "2017-09-30": "37.97%", "2017-06-30": "39.17%", "2017-03-31": "38.58%", "2016-12-31": "40.32%", "2016-09-30": "42.91%", "2016-06-30": "42.76%", "2016-03-31": "46.17%", "2015-12-31": "45.31%", "2015-09-30": "24.97%", "2015-06-30": "23.26%", "2015-03-31": "21.79%", "2014-12-31": "21.58%", "2014-09-30": "40.44%", "2014-06-30": "28.49%", "2014-03-31": "34.07%", "2013-12-31": "37.78%", "2013-09-30": "40.41%", "2013-06-30": "56.80%", "2013-03-31": "57.08%", "2012-12-31": "57.23%", "2012-09-30": "66.62%", "2012-06-30": "63.03%", "2012-03-31": "62.92%", "2011-12-31": "62.13%", "2011-09-30": "49.01%", "2011-06-30": "50.99%", "2011-03-31": "51.56%", "2010-12-31": "52.70%", "2010-09-30": "55.26%", "2010-06-30": "54.82%", "2010-03-31": "56.26%", "2009-12-31": "56.73%", "2009-09-30": "59.79%", "2009-06-30": "60.10%", "2009-03-31": "59.11%", "2008-12-31": "59.04%", "2008-09-30": "57.86%", "2008-06-30": "58.70%", "2008-03-31": "58.92%", "2007-12-31": "58.88%", "2007-09-30": "59.18%", "2007-06-30": "58.84%", "2007-03-31": "58.82%", "2006-12-31": "59.06%", "2006-09-30": "58.63%", "2006-06-30": "58.73%", "2006-03-31": "59.02%", "2005-12-31": "58.96%"}, "pre tax profit margin": {"2020-09-30": "610.39%", "2020-06-30": "560.23%", "2020-03-31": "674.29%", "2019-12-31": "385.94%", "2019-09-30": "340.69%", "2019-06-30": "305.45%", "2019-03-31": "164.64%", "2018-12-31": "139.90%", "2018-09-30": "105.29%", "2018-06-30": "93.02%", "2018-03-31": "65.45%", "2017-12-31": "8.77%", "2017-09-30": "17.38%", "2017-06-30": "28.71%", "2017-03-31": "45.69%", "2016-12-31": "46.71%", "2016-09-30": "49.25%", "2016-06-30": "35.69%", "2016-03-31": "21.13%", "2015-12-31": "14.27%", "2015-09-30": "-12.55%", "2015-06-30": "3.19%", "2015-03-31": "0.70%", "2014-12-31": "-0.12%", "2014-09-30": "19.24%", "2014-06-30": "-14.30%", "2014-03-31": "-9.70%", "2013-12-31": "-6.40%", "2013-09-30": "-5.92%", "2013-06-30": "9.67%", "2013-03-31": "9.17%", "2012-12-31": "8.84%", "2012-09-30": "9.86%", "2012-06-30": "9.55%", "2012-03-31": "9.17%", "2011-12-31": "7.14%", "2011-09-30": "-0.99%", "2011-06-30": "3.56%", "2011-03-31": "0.54%", "2010-12-31": "3.88%", "2010-09-30": "8.98%", "2010-06-30": "3.99%", "2010-03-31": "9.42%", "2009-12-31": "8.76%", "2009-09-30": "10.89%", "2009-06-30": "11.07%", "2009-03-31": "9.38%", "2008-12-31": "8.38%", "2008-09-30": "9.98%", "2008-06-30": "10.29%", "2008-03-31": "10.78%", "2007-12-31": "12.13%", "2007-09-30": "12.10%", "2007-06-30": "12.93%", "2007-03-31": "13.82%", "2006-12-31": "29.80%", "2006-09-30": "32.86%", "2006-06-30": "34.79%", "2006-03-31": "37.43%", "2005-12-31": "22.00%"}, "net profit margin": {"2020-09-30": "598.70%", "2020-06-30": "551.14%", "2020-03-31": "665.71%", "2019-12-31": "378.91%", "2019-09-30": "333.79%", "2019-06-30": "298.79%", "2019-03-31": "159.12%", "2018-12-31": "133.84%", "2018-09-30": "100.44%", "2018-06-30": "88.37%", "2018-03-31": "61.46%", "2017-12-31": "6.14%", "2017-09-30": "14.71%", "2017-06-30": "26.28%", "2017-03-31": "40.30%", "2016-12-31": "40.72%", "2016-09-30": "42.91%", "2016-06-30": "29.14%", "2016-03-31": "16.28%", "2015-12-31": "10.07%", "2015-09-30": "-16.48%", "2015-06-30": "-0.35%", "2015-03-31": "-3.15%", "2014-12-31": "-2.90%", "2014-09-30": "14.48%", "2014-06-30": "-29.30%", "2014-03-31": "-24.92%", "2013-12-31": "-23.08%", "2013-09-30": "-37.55%", "2013-06-30": "-14.20%", "2013-03-31": "-14.98%", "2012-12-31": "-15.82%", "2012-09-30": "1.64%", "2012-06-30": "3.47%", "2012-03-31": "4.52%", "2011-12-31": "8.49%", "2011-09-30": "8.54%", "2011-06-30": "14.10%", "2011-03-31": "12.89%", "2010-12-31": "11.37%", "2010-09-30": "7.29%", "2010-06-30": "8.13%", "2010-03-31": "14.67%", "2009-12-31": "14.90%", "2009-09-30": "24.38%", "2009-06-30": "25.87%", "2009-03-31": "27.21%", "2008-12-31": "25.80%", "2008-09-30": "18.95%", "2008-06-30": "12.20%", "2008-03-31": "7.32%", "2007-12-31": "7.66%", "2007-09-30": "9.84%", "2007-06-30": "10.42%", "2007-03-31": "11.18%", "2006-12-31": "26.58%", "2006-09-30": "26.68%", "2006-06-30": "28.04%", "2006-03-31": "31.28%", "2005-12-31": "16.78%"}, "pe ratio": {"current": "95.07", "2021-02-05": "7.79", "2020-09-30": "7.28", "2020-06-30": "7.39", "2020-03-31": "5.03", "2019-12-31": "7.46", "2019-09-30": "7.00", "2019-06-30": "6.53", "2019-03-31": "11.20", "2018-12-31": "11.20", "2018-09-30": "12.84", "2018-06-30": "12.60", "2018-03-31": "15.17", "2017-12-31": "131.41", "2017-09-30": "50.59", "2017-06-30": "26.91", "2017-03-31": "15.45", "2016-12-31": "13.67", "2016-09-30": "12.16", "2016-06-30": "16.04", "2016-03-31": "25.51", "2015-12-31": "36.92", "2015-09-30": "0.00", "2015-06-30": "0.00", "2015-03-31": "0.00", "2014-12-31": "0.00", "2014-09-30": "19.61", "2014-06-30": "0.00", "2014-03-31": "0.00", "2013-12-31": "0.00", "2013-09-30": "0.00", "2013-06-30": "0.00", "2013-03-31": "0.00", "2012-12-31": "0.00", "2012-09-30": "61.80", "2012-06-30": "37.17", "2012-03-31": "27.22", "2011-12-31": "12.41", "2011-09-30": "12.57", "2011-06-30": "9.91", "2011-03-31": "10.97", "2010-12-31": "11.57", "2010-09-30": "18.54", "2010-06-30": "15.63", "2010-03-31": "9.65", "2009-12-31": "7.51", "2009-09-30": "5.14", "2009-06-30": "2.42", "2009-03-31": "1.77", "2008-12-31": "1.93", "2008-09-30": "4.61", "2008-06-30": "6.80", "2008-03-31": "10.71", "2007-12-31": "11.53", "2007-09-30": "11.89", "2007-06-30": "11.25", "2007-03-31": "12.10", "2006-12-31": "5.12"}, "price sales": {"2021-02-05": "45.85", "2020-09-30": "42.81", "2020-06-30": "40.49", "2020-03-31": "33.52", "2019-12-31": "28.47", "2019-09-30": "23.44", "2019-06-30": "19.49", "2019-03-31": "17.82", "2018-12-31": "15.03", "2018-09-30": "12.97", "2018-06-30": "11.24", "2018-03-31": "9.38", "2017-12-31": "8.19", "2017-09-30": "7.49", "2017-06-30": "7.11", "2017-03-31": "6.24", "2016-12-31": "5.62", "2016-09-30": "5.27", "2016-06-30": "4.72", "2016-03-31": "4.19", "2015-12-31": "3.69", "2015-09-30": "3.26", "2015-06-30": "2.87", "2015-03-31": "2.89", "2014-12-31": "2.71", "2014-09-30": "2.64", "2014-06-30": "2.64", "2014-03-31": "2.48", "2013-12-31": "1.94", "2013-09-30": "1.62", "2013-06-30": "1.55", "2013-03-31": "1.39", "2012-12-31": "0.95", "2012-09-30": "1.04", "2012-06-30": "1.29", "2012-03-31": "1.22", "2011-12-31": "1.09", "2011-09-30": "1.08", "2011-06-30": "1.48", "2011-03-31": "1.50", "2010-12-31": "1.39", "2010-09-30": "1.38", "2010-06-30": "1.24", "2010-03-31": "1.45", "2009-12-31": "1.17", "2009-09-30": "1.30", "2009-06-30": "0.68", "2009-03-31": "0.53", "2008-12-31": "0.55", "2008-09-30": "0.99", "2008-06-30": "0.94", "2008-03-31": "0.91", "2007-12-31": "0.99", "2007-09-30": "1.26", "2007-06-30": "1.24", "2007-03-31": "1.39", "2006-12-31": "1.38"}, "price book": {"current": "1.11", "2021-02-05": "1.07", "2020-09-30": "1.00", "2020-06-30": "0.94", "2020-03-31": "0.93", "2019-12-31": "1.09", "2019-09-30": "1.03", "2019-06-30": "0.87", "2019-03-31": "0.93", "2018-12-31": "0.91", "2018-09-30": "0.90", "2018-06-30": "0.81", "2018-03-31": "0.80", "2017-12-31": "0.84", "2017-09-30": "0.83", "2017-06-30": "0.87", "2017-03-31": "0.86", "2016-12-31": "0.84", "2016-09-30": "0.84", "2016-06-30": "0.84", "2016-03-31": "0.77", "2015-12-31": "0.76", "2015-09-30": "0.76", "2015-06-30": "0.72", "2015-03-31": "0.76", "2014-12-31": "0.73", "2014-09-30": "0.70", "2014-06-30": "0.74", "2014-03-31": "0.68", "2013-12-31": "0.59", "2013-09-30": "0.54", "2013-06-30": "0.48", "2013-03-31": "0.45", "2012-12-31": "0.26", "2012-09-30": "0.24", "2012-06-30": "0.29", "2012-03-31": "0.27", "2011-12-31": "0.24", "2011-09-30": "0.27", "2011-06-30": "0.33", "2011-03-31": "0.35", "2010-12-31": "0.34", "2010-09-30": "0.31", "2010-06-30": "0.29", "2010-03-31": "0.35", "2009-12-31": "0.27", "2009-09-30": "0.30", "2009-06-30": "0.16", "2009-03-31": "0.12", "2008-12-31": "0.13", "2008-09-30": "0.24", "2008-06-30": "0.23", "2008-03-31": "0.23", "2007-12-31": "0.25", "2007-09-30": "0.29", "2007-06-30": "0.30", "2007-03-31": "0.34", "2006-12-31": "0.35", "2006-09-30": "0.36", "2006-06-30": "0.34", "2006-03-31": "0.34"}, "price fcf": {"2021-02-05": "", "2020-09-30": "$5.69", "2020-06-30": "$5.94", "2020-03-31": "$8.01", "2019-12-31": "$6.90", "2019-09-30": "$7.18", "2019-06-30": "$8.20", "2019-03-31": "$6.16", "2018-12-31": "$8.51", "2018-09-30": "$9.30", "2018-06-30": "$12.14", "2018-03-31": "$12.34", "2017-12-31": "$7.21", "2017-09-30": "$7.33", "2017-06-30": "$8.38", "2017-03-31": "$9.95", "2016-12-31": "$10.34", "2016-09-30": "$13.08", "2016-06-30": "$11.54", "2016-03-31": "$16.69", "2015-12-31": "$16.05", "2015-09-30": "$12.70", "2015-06-30": "$9.05", "2015-03-31": "$3.34", "2014-12-31": "$3.27", "2014-09-30": "$4.74", "2014-06-30": "$5.21", "2014-03-31": "$4.22", "2013-12-31": "$2.72", "2013-09-30": "$-1.19", "2013-06-30": "$-2.70", "2013-03-31": "$-4.55", "2012-12-31": "$-4.12", "2012-09-30": "$-1.81", "2012-06-30": "$-0.72", "2012-03-31": "$-1.60", "2011-12-31": "$-3.11", "2011-09-30": "$-10.14", "2011-06-30": "$-6.82", "2011-03-31": "$-3.55", "2010-12-31": "$-0.61", "2010-09-30": "$-2.69", "2010-06-30": "$-2.98", "2010-03-31": "$-2.10", "2009-12-31": "$-1.57", "2009-09-30": "$9.75", "2009-06-30": "$9.87", "2009-03-31": "$10.20", "2008-12-31": "$9.89", "2008-09-30": "$8.37", "2008-06-30": "$6.22", "2008-03-31": "$4.89", "2007-12-31": "$4.53", "2007-09-30": "$4.93", "2007-06-30": "$5.01", "2007-03-31": "$5.02", "2006-12-31": "$5.23"}, "net worth": {"value": "$3.47B"}, "current ratio": {"2020-09-30": "133.56", "2020-06-30": "133.84", "2020-03-31": "129.65", "2019-12-31": "75.91", "2019-09-30": "84.50", "2019-06-30": "86.78", "2019-03-31": "73.38", "2018-12-31": "46.39", "2018-09-30": "63.59", "2018-06-30": "63.57", "2018-03-31": "74.95", "2017-12-31": "36.43", "2017-09-30": "41.39", "2017-06-30": "31.24", "2017-03-31": "37.15", "2016-12-31": "23.62", "2016-09-30": "29.80", "2016-06-30": "16.84", "2016-03-31": "16.17", "2015-12-31": "16.26", "2015-09-30": "15.30", "2015-06-30": "11.88", "2015-03-31": "4.73", "2014-12-31": "3.98", "2014-09-30": "5.22", "2014-06-30": "4.27", "2014-03-31": "2.86", "2013-12-31": "2.67", "2013-09-30": "2.28", "2013-06-30": "2.08", "2013-03-31": "1.94", "2012-12-31": "1.80", "2012-09-30": "1.90", "2012-06-30": "2.25", "2012-03-31": "2.84", "2011-12-31": "2.47", "2011-09-30": "2.45", "2011-06-30": "1.77", "2011-03-31": "1.89", "2010-12-31": "2.94", "2010-09-30": "2.83", "2010-06-30": "2.02", "2010-03-31": "3.46", "2009-12-31": "2.00", "2009-09-30": "1.82", "2009-06-30": "1.97", "2009-03-31": "2.26", "2008-12-31": "2.04", "2008-09-30": "2.31", "2008-06-30": "2.77", "2008-03-31": "2.66", "2007-12-31": "2.36", "2007-09-30": "2.11", "2007-06-30": "2.40", "2007-03-31": "2.78", "2006-12-31": "1.99", "2006-09-30": "2.33", "2006-06-30": "2.41", "2006-03-31": "2.70", "2005-12-31": "2.01", "2005-09-30": "1.91", "2005-06-30": "1.98", "2005-03-31": "3.23"}, "quick ratio": {"2020-09-30": "0.00", "2020-06-30": "0.00", "2020-03-31": "0.00", "2019-12-31": "0.00", "2019-09-30": "0.00", "2019-06-30": "0.00", "2019-03-31": "0.00", "2018-12-31": "0.00", "2018-09-30": "0.00", "2018-06-30": "0.00", "2018-03-31": "0.00", "2017-12-31": "0.00", "2017-09-30": "0.00", "2017-06-30": "0.00", "2017-03-31": "0.00", "2016-12-31": "0.00", "2016-09-30": "0.00", "2016-06-30": "0.00", "2016-03-31": "0.00", "2015-12-31": "0.00", "2015-09-30": "0.00", "2015-06-30": "0.00", "2015-03-31": "0.00", "2014-12-31": "0.00", "2014-09-30": "0.00", "2014-06-30": "0.00", "2014-03-31": "0.00", "2013-12-31": "0.00", "2013-09-30": "0.00", "2013-06-30": "0.00", "2013-03-31": "0.00", "2012-12-31": "0.00", "2012-09-30": "0.00", "2012-06-30": "0.00", "2012-03-31": "0.00", "2011-12-31": "0.00", "2011-09-30": "0.00", "2011-06-30": "0.00", "2011-03-31": "0.00", "2010-12-31": "0.00", "2010-09-30": "0.00", "2010-06-30": "0.00", "2010-03-31": "0.00", "2009-12-31": "0.00", "2009-09-30": "0.00", "2009-06-30": "0.00", "2009-03-31": "0.00", "2008-12-31": "0.00", "2008-09-30": "0.00", "2008-06-30": "0.00", "2008-03-31": "0.00", "2007-12-31": "0.00", "2007-09-30": "0.00", "2007-06-30": "0.00", "2007-03-31": "0.00", "2006-12-31": "0.00", "2006-09-30": "0.00", "2006-06-30": "0.00", "2006-03-31": "0.00", "2005-12-31": "0.00", "2005-09-30": "0.00", "2005-06-30": "0.00", "2005-03-31": "0.00"}, "debt equity ratio": {"current": "0.00", "2020-09-30": "0.14", "2020-06-30": "0.02", "2020-03-31": "0.02", "2019-12-31": "0.02", "2019-09-30": "0.16", "2019-06-30": "0.02", "2019-03-31": "0.10", "2018-12-31": "0.11", "2018-09-30": "0.20", "2018-06-30": "0.10", "2018-03-31": "0.22", "2017-12-31": "0.28", "2017-09-30": "0.28", "2017-06-30": "0.37", "2017-03-31": "0.38", "2016-12-31": "0.39", "2016-09-30": "0.51", "2016-06-30": "0.54", "2016-03-31": "0.51", "2015-12-31": "0.55", "2015-09-30": "0.60", "2015-06-30": "0.64", "2015-03-31": "0.73", "2014-12-31": "0.74", "2014-09-30": "0.77", "2014-06-30": "0.96", "2014-03-31": "0.97", "2013-12-31": "0.98", "2013-09-30": "0.99", "2013-06-30": "0.97", "2013-03-31": "0.96", "2012-12-31": "1.34", "2012-09-30": "1.27", "2012-06-30": "1.12", "2012-03-31": "1.07", "2011-12-31": "1.09", "2011-09-30": "1.08", "2011-06-30": "1.05", "2011-03-31": "1.13", "2010-12-31": "1.10", "2010-09-30": "0.92", "2010-06-30": "1.00", "2010-03-31": "0.98", "2009-12-31": "1.12", "2009-09-30": "1.03", "2009-06-30": "1.02", "2009-03-31": "1.09", "2008-12-31": "1.06", "2008-09-30": "1.08", "2008-06-30": "1.09", "2008-03-31": "1.08", "2007-12-31": "1.02", "2007-09-30": "0.97", "2007-06-30": "0.94", "2007-03-31": "0.89", "2006-12-31": "0.89", "2006-09-30": "1.07", "2006-06-30": "1.04", "2006-03-31": "1.00", "2005-12-31": "1.01", "2005-09-30": "0.94", "2005-06-30": "0.97", "2005-03-31": "0.89"}, "return on equity": {"2020-09-30": "13.35%", "2020-06-30": "14.07%", "2020-03-31": "20.33%", "2019-12-31": "14.37%", "2019-09-30": "14.40%", "2019-06-30": "14.74%", "2019-03-31": "8.74%", "2018-12-31": "8.03%", "2018-09-30": "6.85%", "2018-06-30": "6.77%", "2018-03-31": "5.56%", "2017-12-31": "0.64%", "2017-09-30": "1.67%", "2017-06-30": "3.29%", "2017-03-31": "5.74%", "2016-12-31": "6.21%", "2016-09-30": "6.95%", "2016-06-30": "5.09%", "2016-03-31": "3.09%", "2015-12-31": "2.15%", "2015-09-30": "-3.90%", "2015-06-30": "-0.09%", "2015-03-31": "-0.80%", "2014-12-31": "-0.74%", "2014-09-30": "3.68%", "2014-06-30": "-7.46%", "2014-03-31": "-6.36%", "2013-12-31": "-5.87%", "2013-09-30": "-9.73%", "2013-06-30": "-3.71%", "2013-03-31": "-3.97%", "2012-12-31": "-4.22%", "2012-09-30": "0.36%", "2012-06-30": "0.77%", "2012-03-31": "0.98%", "2011-12-31": "1.84%", "2011-09-30": "2.08%", "2011-06-30": "3.30%", "2011-03-31": "2.99%", "2010-12-31": "2.58%", "2010-09-30": "1.67%", "2010-06-30": "1.95%", "2010-03-31": "3.65%", "2009-12-31": "3.90%", "2009-09-30": "6.41%", "2009-06-30": "6.88%", "2009-03-31": "7.19%", "2008-12-31": "6.70%", "2008-09-30": "5.26%", "2008-06-30": "3.31%", "2008-03-31": "1.95%", "2007-12-31": "2.04%", "2007-09-30": "2.50%", "2007-06-30": "2.74%", "2007-03-31": "3.03%", "2006-12-31": "7.24%", "2006-09-30": "7.79%", "2006-06-30": "7.96%", "2006-03-31": "8.70%", "2005-12-31": "4.58%"}, "return on assets": {"2020-09-30": "12.75%", "2020-06-30": "13.39%", "2020-03-31": "19.34%", "2019-12-31": "13.41%", "2019-09-30": "13.19%", "2019-06-30": "13.36%", "2019-03-31": "7.76%", "2018-12-31": "6.95%", "2018-09-30": "5.71%", "2018-06-30": "5.56%", "2018-03-31": "4.32%", "2017-12-31": "0.48%", "2017-09-30": "1.24%", "2017-06-30": "2.33%", "2017-03-31": "3.95%", "2016-12-31": "4.18%", "2016-09-30": "4.55%", "2016-06-30": "3.29%", "2016-03-31": "1.96%", "2015-12-31": "1.32%", "2015-09-30": "-2.32%", "2015-06-30": "-0.05%", "2015-03-31": "-0.45%", "2014-12-31": "-0.40%", "2014-09-30": "1.92%", "2014-06-30": "-3.78%", "2014-03-31": "-3.22%", "2013-12-31": "-2.98%", "2013-09-30": "-4.73%", "2013-06-30": "-1.75%", "2013-03-31": "-1.84%", "2012-12-31": "-1.92%", "2012-09-30": "0.17%", "2012-06-30": "0.37%", "2012-03-31": "0.47%", "2011-12-31": "0.88%", "2011-09-30": "1.00%", "2011-06-30": "1.61%", "2011-03-31": "1.47%", "2010-12-31": "1.29%", "2010-09-30": "0.83%", "2010-06-30": "0.96%", "2010-03-31": "1.79%", "2009-12-31": "1.89%", "2009-09-30": "3.13%", "2009-06-30": "3.34%", "2009-03-31": "3.46%", "2008-12-31": "3.23%", "2008-09-30": "2.54%", "2008-06-30": "1.63%", "2008-03-31": "0.98%", "2007-12-31": "1.04%", "2007-09-30": "1.30%", "2007-06-30": "1.41%", "2007-03-31": "1.54%", "2006-12-31": "3.63%", "2006-09-30": "3.84%", "2006-06-30": "3.99%", "2006-03-31": "4.39%", "2005-12-31": "2.34%"}, "return on investments": {"2020-09-30": "-0.34%", "2020-06-30": "-0.14%", "2020-03-31": "0.09%", "2019-12-31": "0.40%", "2019-09-30": "0.57%", "2019-06-30": "0.62%", "2019-03-31": "0.62%", "2018-12-31": "0.33%", "2018-09-30": "0.36%", "2018-06-30": "0.57%", "2018-03-31": "0.43%", "2017-12-31": "0.96%", "2017-09-30": "0.85%", "2017-06-30": "1.04%", "2017-03-31": "1.04%", "2016-12-31": "1.27%", "2016-09-30": "1.59%", "2016-06-30": "1.69%", "2016-03-31": "2.28%", "2015-12-31": "2.29%", "2015-09-30": "-0.50%", "2015-06-30": "-0.77%", "2015-03-31": "-1.05%", "2014-12-31": "-0.84%", "2014-09-30": "1.90%", "2014-06-30": "0.19%", "2014-03-31": "1.02%", "2013-12-31": "1.46%", "2013-09-30": "1.62%", "2013-06-30": "3.66%", "2013-03-31": "3.68%", "2012-12-31": "3.65%", "2012-09-30": "3.55%", "2012-06-30": "3.42%", "2012-03-31": "3.39%", "2011-12-31": "3.22%", "2011-09-30": "2.12%", "2011-06-30": "2.22%", "2011-03-31": "2.22%", "2010-12-31": "2.33%", "2010-09-30": "3.04%", "2010-06-30": "3.14%", "2010-03-31": "3.52%", "2009-12-31": "3.82%", "2009-09-30": "4.32%", "2009-06-30": "4.44%", "2009-03-31": "4.20%", "2008-12-31": "4.06%", "2008-09-30": "4.44%", "2008-06-30": "4.49%", "2008-03-31": "4.54%", "2007-12-31": "4.73%", "2007-09-30": "4.63%", "2007-06-30": "4.81%", "2007-03-31": "5.01%", "2006-12-31": "5.04%", "2006-09-30": "5.47%", "2006-06-30": "5.49%", "2006-03-31": "5.52%", "2005-12-31": "5.52%"}, "return on tangible equity": {"2020-09-30": "13.35%", "2020-06-30": "14.07%", "2020-03-31": "20.33%", "2019-12-31": "14.37%", "2019-09-30": "14.40%", "2019-06-30": "14.74%", "2019-03-31": "8.74%", "2018-12-31": "8.03%", "2018-09-30": "6.85%", "2018-06-30": "6.77%", "2018-03-31": "5.56%", "2017-12-31": "0.64%", "2017-09-30": "1.67%", "2017-06-30": "3.29%", "2017-03-31": "5.74%", "2016-12-31": "6.21%", "2016-09-30": "6.95%", "2016-06-30": "5.09%", "2016-03-31": "3.09%", "2015-12-31": "2.15%", "2015-09-30": "-3.90%", "2015-06-30": "-0.09%", "2015-03-31": "-0.80%", "2014-12-31": "-0.74%", "2014-09-30": "3.68%", "2014-06-30": "-7.46%", "2014-03-31": "-6.36%", "2013-12-31": "-5.87%", "2013-09-30": "-9.73%", "2013-06-30": "-3.71%", "2013-03-31": "-3.97%", "2012-12-31": "-4.22%", "2012-09-30": "0.36%", "2012-06-30": "0.77%", "2012-03-31": "0.98%", "2011-12-31": "1.84%", "2011-09-30": "2.08%", "2011-06-30": "3.30%", "2011-03-31": "2.99%", "2010-12-31": "2.58%", "2010-09-30": "1.67%", "2010-06-30": "1.95%", "2010-03-31": "3.65%", "2009-12-31": "3.90%", "2009-09-30": "6.41%", "2009-06-30": "6.88%", "2009-03-31": "7.19%", "2008-12-31": "6.70%", "2008-09-30": "5.26%", "2008-06-30": "3.31%", "2008-03-31": "1.95%", "2007-12-31": "2.04%", "2007-09-30": "2.50%", "2007-06-30": "2.74%", "2007-03-31": "3.03%", "2006-12-31": "7.24%", "2006-09-30": "7.79%", "2006-06-30": "7.96%", "2006-03-31": "8.70%", "2005-12-31": "4.58%"}, "dividend yield history": {"last payout": "$0.00", "last yield": "0.00%"}}