{"ticker": "EQR", "price": {"title": "Equity Residential Historical Annual Stock Price Data", "value": 64.96, "historical": {"2021": {"Average Stock Price": "60.7554", "Year Open": "57.5000", "Year High": "64.9600", "Year Low": "57.0500", "Year Close": "64.9600", "Annual % Change": "9.58%"}, "2020": {"Average Stock Price": "62.6556", "Year Open": "79.7700", "Year High": "87.0100", "Year Low": "46.2400", "Year Close": "59.2800", "Annual % Change": "-26.74%"}, "2019": {"Average Stock Price": "78.9263", "Year Open": "63.7600", "Year High": "88.8500", "Year Low": "63.7600", "Year Close": "80.9200", "Annual % Change": "22.59%"}, "2018": {"Average Stock Price": "63.7749", "Year Open": "63.5100", "Year High": "72.6500", "Year Low": "55.2600", "Year Close": "66.0100", "Annual % Change": "3.51%"}, "2017": {"Average Stock Price": "65.4067", "Year Open": "63.6300", "Year High": "70.3700", "Year Low": "59.9000", "Year Close": "63.7700", "Annual % Change": "-0.92%"}, "2016": {"Average Stock Price": "67.8762", "Year Open": "79.9000", "Year High": "81.5000", "Year Low": "58.8100", "Year Close": "64.3600", "Annual % Change": "-21.12%"}, "2015": {"Average Stock Price": "76.1554", "Year Open": "73.4100", "Year High": "81.9700", "Year Low": "68.9500", "Year Close": "81.5900", "Annual % Change": "13.57%"}, "2014": {"Average Stock Price": "62.8225", "Year Open": "51.9900", "Year High": "74.5500", "Year Low": "51.9900", "Year Close": "71.8400", "Annual % Change": "38.50%"}, "2013": {"Average Stock Price": "55.4136", "Year Open": "57.0100", "Year High": "60.7500", "Year Low": "50.4500", "Year Close": "51.8700", "Annual % Change": "-8.47%"}, "2012": {"Average Stock Price": "59.2988", "Year Open": "56.6000", "Year High": "65.4700", "Year Low": "54.0600", "Year Close": "56.6700", "Annual % Change": "-0.63%"}, "2011": {"Average Stock Price": "56.6852", "Year Open": "52.5200", "Year High": "63.6800", "Year Low": "49.6600", "Year Close": "57.0300", "Annual % Change": "9.78%"}, "2010": {"Average Stock Price": "43.9662", "Year Open": "33.4000", "Year High": "52.2900", "Year Low": "31.8600", "Year Close": "51.9500", "Annual % Change": "53.79%"}, "2009": {"Average Stock Price": "25.4164", "Year Open": "28.2300", "Year High": "36.0000", "Year Low": "16.7100", "Year Close": "33.7800", "Annual % Change": "13.28%"}, "2008": {"Average Stock Price": "38.4615", "Year Open": "36.4300", "Year High": "49.0000", "Year Low": "22.1300", "Year Close": "29.8200", "Annual % Change": "-18.23%"}, "2007": {"Average Stock Price": "44.8386", "Year Open": "50.8200", "Year High": "56.3500", "Year Low": "34.2400", "Year Close": "36.4700", "Annual % Change": "-28.14%"}, "2006": {"Average Stock Price": "47.0215", "Year Open": "39.9900", "Year High": "54.7300", "Year Low": "39.9900", "Year Close": "50.7500", "Annual % Change": "29.73%"}, "2005": {"Average Stock Price": "36.3646", "Year Open": "35.4500", "Year High": "41.9900", "Year Low": "31.2000", "Year Close": "39.1200", "Annual % Change": "8.13%"}, "2004": {"Average Stock Price": "30.7698", "Year Open": "29.5300", "Year High": "36.5700", "Year Low": "27.2900", "Year Close": "36.1800", "Annual % Change": "22.60%"}, "2003": {"Average Stock Price": "27.1350", "Year Open": "25.0600", "Year High": "30.0500", "Year Low": "23.2400", "Year Close": "29.5100", "Annual % Change": "20.06%"}, "2002": {"Average Stock Price": "26.7967", "Year Open": "28.7500", "Year High": "30.9000", "Year Low": "21.9100", "Year Close": "24.5800", "Annual % Change": "-14.39%"}, "2001": {"Average Stock Price": "27.2388", "Year Open": "27.0650", "Year High": "30.3500", "Year Low": "24.8250", "Year Close": "28.7100", "Annual % Change": "3.81%"}, "2000": {"Average Stock Price": "23.0571", "Year Open": "21.0950", "Year High": "28.5950", "Year Low": "19.5300", "Year Close": "27.6550", "Annual % Change": "29.56%"}, "1999": {"Average Stock Price": "21.3248", "Year Open": "20.4700", "Year High": "23.9700", "Year Low": "19.2200", "Year Close": "21.3450", "Annual % Change": "5.90%"}, "1998": {"Average Stock Price": "22.7738", "Year Open": "25.3150", "Year High": "26.0650", "Year Low": "17.4700", "Year Close": "20.1550", "Annual % Change": "-20.27%"}, "1997": {"Average Stock Price": "23.9177", "Year Open": "20.3150", "Year High": "27.4400", "Year Low": "20.3150", "Year Close": "25.2800", "Annual % Change": "22.57%"}, "1996": {"Average Stock Price": "17.1533", "Year Open": "15.3100", "Year High": "21.6250", "Year Low": "14.5000", "Year Close": "20.6250", "Annual % Change": "34.67%"}, "1995": {"Average Stock Price": "14.2638", "Year Open": "14.6250", "Year High": "15.9400", "Year Low": "12.5000", "Year Close": "15.3150", "Annual % Change": "7.47%"}, "1994": {"Average Stock Price": "15.5944", "Year Open": "15.2500", "Year High": "17.5650", "Year Low": "13.1250", "Year Close": "14.2500", "Annual % Change": "-10.60%"}}}, "market cap": {"value": "$24.18B"}, "income statement": {"Revenue": {"2019-12-31": "2701.07500", "2018-12-31": "2578.43400", "2017-12-31": "2471.40600", "2016-12-31": "2425.80000", "2015-12-31": "2744.96500", "2014-12-31": "2614.74800", "2013-12-31": "2387.70200", "2012-12-31": "1747.50200", "2011-12-31": "1525.22000", "2010-12-31": "1674.70900", "2009-12-31": "1640.22400", "2008-12-31": "1886.98800", "2007-12-31": "1824.04600", "2006-12-31": "1702.54100", "2005-12-31": "1495.51000"}, "Cost Of Goods Sold": {"2019-12-31": "908.32800", "2018-12-31": "879.63400", "2017-12-31": "826.26900", "2016-12-31": "806.22500", "2015-12-31": "905.16800", "2014-12-31": "883.56400", "2013-12-31": "834.22800", "2012-12-31": "625.50700", "2011-12-31": "568.93200", "2010-12-31": "659.76900", "2009-12-31": "638.75000", "2008-12-31": "765.46910", "2007-12-31": "750.67400", "2006-12-31": "709.70100", "2005-12-31": "655.52600"}, "Gross Profit": {"2019-12-31": "1792.74700", "2018-12-31": "1698.80000", "2017-12-31": "1645.13700", "2016-12-31": "1619.57500", "2015-12-31": "1839.79700", "2014-12-31": "1731.18400", "2013-12-31": "1553.47400", "2012-12-31": "1121.99500", "2011-12-31": "956.28800", "2010-12-31": "1014.94000", "2009-12-31": "1001.47400", "2008-12-31": "1121.51900", "2007-12-31": "1073.37200", "2006-12-31": "992.84000", "2005-12-31": "839.98400"}, "Research And Development Expenses": {"2019-12-31": "", "2018-12-31": "", "2017-12-31": "", "2016-12-31": "", "2015-12-31": "", "2014-12-31": "", "2013-12-31": "", "2012-12-31": "", "2011-12-31": "", "2010-12-31": "", "2009-12-31": "", "2008-12-31": "", "2007-12-31": "", "2006-12-31": "", "2005-12-31": ""}, "SG&A Expenses": {"2019-12-31": "52.75700", "2018-12-31": "53.81300", "2017-12-31": "52.22400", "2016-12-31": "57.84000", "2015-12-31": "64.66400", "2014-12-31": "50.67900", "2013-12-31": "62.17900", "2012-12-31": "47.23300", "2011-12-31": "43.60400", "2010-12-31": "39.88100", "2009-12-31": "38.98500", "2008-12-31": "44.95100", "2007-12-31": "46.76700", "2006-12-31": "44.19400", "2005-12-31": "70.38200"}, "Other Operating Income Or Expenses": {"2019-12-31": "447.63700", "2018-12-31": "256.10800", "2017-12-31": "155.36400", "2016-12-31": "0.00000", "2015-12-31": "0.00000", "2014-12-31": "", "2013-12-31": "", "2012-12-31": "", "2011-12-31": "", "2010-12-31": "-45.38000", "2009-12-31": "-11.12400", "2008-12-31": "-116.41800", "2007-12-31": "", "2006-12-31": "-34.00200", "2005-12-31": "-0.61300"}, "Operating Expenses": {"2019-12-31": "1344.53100", "2018-12-31": "1463.06400", "2017-12-31": "1466.87800", "2016-12-31": "1569.71400", "2015-12-31": "1735.72700", "2014-12-31": "1693.10400", "2013-12-31": "1875.38000", "2012-12-31": "1233.40900", "2011-12-31": "1118.71100", "2010-12-31": "1326.49900", "2009-12-31": "1207.58500", "2008-12-31": "1463.12100", "2007-12-31": "1328.61900", "2006-12-31": "1270.58000", "2005-12-31": "1114.58200"}, "Operating Income": {"2019-12-31": "1356.54400", "2018-12-31": "1115.37000", "2017-12-31": "1004.52800", "2016-12-31": "856.08610", "2015-12-31": "1009.23800", "2014-12-31": "921.64400", "2013-12-31": "512.32190", "2012-12-31": "514.09290", "2011-12-31": "406.50900", "2010-12-31": "348.21000", "2009-12-31": "432.63890", "2008-12-31": "423.86690", "2007-12-31": "495.42710", "2006-12-31": "431.96110", "2005-12-31": "380.92800"}, "Total Non-Operating Income/Expense": {"2019-12-31": "-417.10600", "2018-12-31": "-426.62000", "2017-12-31": "-391.46600", "2016-12-31": "-439.47400", "2015-12-31": "-450.85800", "2014-12-31": "-473.15900", "2013-12-31": "-633.39800", "2012-12-31": "-353.26700", "2011-12-31": "-482.96100", "2010-12-31": "-476.99800", "2009-12-31": "-495.50400", "2008-12-31": "-464.38700", "2007-12-31": "-481.17700", "2006-12-31": "-394.77300", "2005-12-31": "-291.68300"}, "Pre-Tax Income": {"2019-12-31": "939.43800", "2018-12-31": "688.75000", "2017-12-31": "613.06200", "2016-12-31": "416.61200", "2015-12-31": "558.38000", "2014-12-31": "448.48500", "2013-12-31": "-121.07600", "2012-12-31": "160.82600", "2011-12-31": "-76.45200", "2010-12-31": "-128.78800", "2009-12-31": "-62.86500", "2008-12-31": "-40.52000", "2007-12-31": "14.25000", "2006-12-31": "37.18800", "2005-12-31": "89.24500"}, "Income Taxes": {"2019-12-31": "-2.28100", "2018-12-31": "0.87800", "2017-12-31": "0.47800", "2016-12-31": "1.61300", "2015-12-31": "0.91700", "2014-12-31": "1.39400", "2013-12-31": "1.16900", "2012-12-31": "0.51400", "2011-12-31": "0.70600", "2010-12-31": "0.29100", "2009-12-31": "2.71600", "2008-12-31": "5.27900", "2007-12-31": "2.51800", "2006-12-31": "4.34600", "2005-12-31": ""}, "Income After Taxes": {"2019-12-31": "941.71900", "2018-12-31": "687.87200", "2017-12-31": "612.58400", "2016-12-31": "414.99900", "2015-12-31": "557.46300", "2014-12-31": "447.09100", "2013-12-31": "-122.24500", "2012-12-31": "160.31200", "2011-12-31": "-77.15800", "2010-12-31": "-129.07900", "2009-12-31": "-65.58100", "2008-12-31": "-45.79900", "2007-12-31": "11.73200", "2006-12-31": "32.84200", "2005-12-31": "89.24500"}, "Other Income": {"2019-12-31": "", "2018-12-31": "", "2017-12-31": "", "2016-12-31": "4044.05500", "2015-12-31": "335.13400", "2014-12-31": "212.68500", "2013-12-31": "0.00000", "2012-12-31": "0.00000", "2011-12-31": "", "2010-12-31": "", "2009-12-31": "", "2008-12-31": "", "2007-12-31": "", "2006-12-31": "-0.68400", "2005-12-31": "-4.13400"}, "Income From Continuous Operations": {"2019-12-31": "1009.70800", "2018-12-31": "685.19200", "2017-12-31": "628.38100", "2016-12-31": "4479.58600", "2015-12-31": "907.62100", "2014-12-31": "657.10100", "2013-12-31": "-168.17400", "2012-12-31": "160.29800", "2011-12-31": "-72.94100", "2010-12-31": "-103.10800", "2009-12-31": "-57.70700", "2008-12-31": "-40.05400", "2007-12-31": "21.05300", "2006-12-31": "30.29300", "2005-12-31": "106.50900"}, "Income From Discontinued Operations": {"2019-12-31": "", "2018-12-31": "", "2017-12-31": "", "2016-12-31": "0.51800", "2015-12-31": "0.39700", "2014-12-31": "1.58200", "2013-12-31": "2073.52700", "2012-12-31": "720.90600", "2011-12-31": "1008.13800", "2010-12-31": "399.09100", "2009-12-31": "439.73600", "2008-12-31": "476.46700", "2007-12-31": "1026.30300", "2006-12-31": "1042.55100", "2005-12-31": "755.28400"}, "Net Income": {"2019-12-31": "967.28700", "2018-12-31": "654.44500", "2017-12-31": "600.36300", "2016-12-31": "4289.07200", "2015-12-31": "863.27700", "2014-12-31": "627.16300", "2013-12-31": "1826.46800", "2012-12-31": "826.21200", "2011-12-31": "879.72000", "2010-12-31": "269.24200", "2009-12-31": "347.79400", "2008-12-31": "393.11500", "2007-12-31": "951.24200", "2006-12-31": "1031.76600", "2005-12-31": "807.79200"}, "EBITDA": {"2019-12-31": "2243.94600", "2018-12-31": "1958.01800", "2017-12-31": "1783.01400", "2016-12-31": "1601.48800", "2015-12-31": "1796.82200", "2014-12-31": "1697.62900", "2013-12-31": "1412.16600", "2012-12-31": "1226.48300", "2011-12-31": "1090.30100", "2010-12-31": "1034.35200", "2009-12-31": "1052.56500", "2008-12-31": "1047.15800", "2007-12-31": "1129.34700", "2006-12-31": "1028.06700", "2005-12-31": "914.71000"}, "EBIT": {"2019-12-31": "1356.54400", "2018-12-31": "1115.37000", "2017-12-31": "1004.52800", "2016-12-31": "856.08610", "2015-12-31": "1009.23800", "2014-12-31": "921.64400", "2013-12-31": "512.32190", "2012-12-31": "514.09290", "2011-12-31": "406.50900", "2010-12-31": "348.21000", "2009-12-31": "432.63890", "2008-12-31": "423.86690", "2007-12-31": "495.42710", "2006-12-31": "431.96110", "2005-12-31": "380.92800"}, "Basic Shares Outstanding": {"2019-12-31": "370.46100", "2018-12-31": "368.05200", "2017-12-31": "366.96800", "2016-12-31": "365.00200", "2015-12-31": "363.49800", "2014-12-31": "361.18100", "2013-12-31": "354.30500", "2012-12-31": "302.70100", "2011-12-31": "294.85600", "2010-12-31": "282.88800", "2009-12-31": "273.60900", "2008-12-31": "270.01200", "2007-12-31": "279.40600", "2006-12-31": "290.01900", "2005-12-31": "285.76000"}, "Shares Outstanding": {"2019-12-31": "386.33300", "2018-12-31": "383.69500", "2017-12-31": "382.67800", "2016-12-31": "381.99200", "2015-12-31": "380.62000", "2014-12-31": "377.73500", "2013-12-31": "354.30500", "2012-12-31": "319.76600", "2011-12-31": "294.85600", "2010-12-31": "282.88800", "2009-12-31": "273.60900", "2008-12-31": "270.01200", "2007-12-31": "279.40600", "2006-12-31": "290.01900", "2005-12-31": "310.78500"}, "Basic EPS": {"2019-12-31": "2.61000", "2018-12-31": "1.78000", "2017-12-31": "1.64000", "2016-12-31": "11.75000", "2015-12-31": "2.37000", "2014-12-31": "1.74000", "2013-12-31": "5.16000", "2012-12-31": "2.73000", "2011-12-31": "2.98000", "2010-12-31": "0.95000", "2009-12-31": "1.27000", "2008-12-31": "1.46000", "2007-12-31": "3.40000", "2006-12-31": "3.56000", "2005-12-31": "2.83000"}, "EPS - Earnings Per Share": {"2019-12-31": "2.60000", "2018-12-31": "1.77000", "2017-12-31": "1.63000", "2016-12-31": "11.68000", "2015-12-31": "2.36000", "2014-12-31": "1.73000", "2013-12-31": "5.16000", "2012-12-31": "2.70000", "2011-12-31": "2.98000", "2010-12-31": "0.95000", "2009-12-31": "1.27000", "2008-12-31": "1.46000", "2007-12-31": "3.40000", "2006-12-31": "3.56000", "2005-12-31": "2.79000"}}, "income statement, quarterly": {"Revenue": {"2020-09-30": "622.43300", "2020-06-30": "653.53200", "2020-03-31": "682.32900", "2019-12-31": "684.08690", "2019-09-30": "685.12000", "2019-06-30": "669.37400", "2019-03-31": "662.49400", "2018-12-31": "652.74320", "2018-09-30": "652.86700", "2018-06-30": "639.80800", "2018-03-31": "633.01600", "2017-12-31": "630.70400", "2017-09-30": "624.12200", "2017-06-30": "612.48000", "2017-03-31": "604.10000", "2016-12-31": "605.48900", "2016-09-30": "606.07400", "2016-06-30": "595.15400", "2016-03-31": "619.08300", "2015-12-31": "703.19300", "2015-09-30": "696.28900", "2015-06-30": "679.11200", "2015-03-31": "666.37100", "2014-12-31": "664.66000", "2014-09-30": "664.07800", "2014-06-30": "652.56800", "2014-03-31": "633.44200", "2013-12-31": "639.13400", "2013-09-30": "626.62900", "2013-06-30": "617.21700", "2013-03-31": "504.72200", "2012-12-31": "401.00400", "2012-09-30": "451.69900", "2012-06-30": "448.35100", "2012-03-31": "446.44800", "2011-12-31": "84.62490", "2011-09-30": "493.87200", "2011-06-30": "480.36700", "2011-03-31": "466.35600", "2010-12-31": "308.37100", "2010-09-30": "453.96000", "2010-06-30": "447.37900", "2010-03-31": "464.99900", "2009-12-31": "196.57200", "2009-09-30": "480.24100", "2009-06-30": "480.33300", "2009-03-31": "483.07800", "2008-12-31": "360.05800", "2008-09-30": "511.00600", "2008-06-30": "513.28300", "2008-03-31": "502.64100", "2007-12-31": "355.53510", "2007-09-30": "501.10200", "2007-06-30": "491.56000", "2007-03-31": "475.84900", "2006-12-31": "307.20010", "2006-09-30": "465.35000", "2006-06-30": "467.53300", "2006-03-31": "462.45800", "2005-12-31": "205.55800", "2005-09-30": "430.75800", "2005-06-30": "415.23000", "2005-03-31": "443.96400"}, "Cost Of Goods Sold": {"2020-09-30": "228.53400", "2020-06-30": "223.09800", "2020-03-31": "241.25700", "2019-12-31": "226.69200", "2019-09-30": "224.45200", "2019-06-30": "224.27600", "2019-03-31": "232.90800", "2018-12-31": "219.18800", "2018-09-30": "220.17600", "2018-06-30": "216.71000", "2018-03-31": "223.56000", "2017-12-31": "201.60400", "2017-09-30": "209.66900", "2017-06-30": "208.40800", "2017-03-31": "206.58800", "2016-12-31": "193.58000", "2016-09-30": "205.07600", "2016-06-30": "194.71300", "2016-03-31": "212.85600", "2015-12-31": "221.05600", "2015-09-30": "227.43900", "2015-06-30": "222.91600", "2015-03-31": "233.75700", "2014-12-31": "215.68000", "2014-09-30": "220.36700", "2014-06-30": "220.37000", "2014-03-31": "231.44000", "2013-12-31": "217.52900", "2013-09-30": "215.08900", "2013-06-30": "213.85100", "2013-03-31": "187.75900", "2012-12-31": "135.16000", "2012-09-30": "159.34700", "2012-06-30": "160.96200", "2012-03-31": "170.03800", "2011-12-31": "34.02100", "2011-09-30": "179.24600", "2011-06-30": "175.15000", "2011-03-31": "180.51500", "2010-12-31": "107.12000", "2010-09-30": "180.15700", "2010-06-30": "174.26400", "2010-03-31": "198.22800", "2009-12-31": "53.95400", "2009-09-30": "197.54000", "2009-06-30": "188.76800", "2009-03-31": "198.48800", "2008-12-31": "145.00800", "2008-09-30": "207.60000", "2008-06-30": "203.34100", "2008-03-31": "209.52000", "2007-12-31": "137.85000", "2007-09-30": "205.72500", "2007-06-30": "200.71500", "2007-03-31": "206.38400", "2006-12-31": "128.11700", "2006-09-30": "196.45200", "2006-06-30": "191.19000", "2006-03-31": "193.94200", "2005-12-31": "89.75300", "2005-09-30": "195.86900", "2005-06-30": "177.37700", "2005-03-31": "192.52700"}, "Gross Profit": {"2020-09-30": "393.89900", "2020-06-30": "430.43400", "2020-03-31": "441.07200", "2019-12-31": "457.39490", "2019-09-30": "460.66800", "2019-06-30": "445.09800", "2019-03-31": "429.58600", "2018-12-31": "433.55520", "2018-09-30": "432.69100", "2018-06-30": "423.09800", "2018-03-31": "409.45600", "2017-12-31": "429.10000", "2017-09-30": "414.45300", "2017-06-30": "404.07200", "2017-03-31": "397.51200", "2016-12-31": "411.90900", "2016-09-30": "400.99800", "2016-06-30": "400.44100", "2016-03-31": "406.22700", "2015-12-31": "482.13700", "2015-09-30": "468.85000", "2015-06-30": "456.19600", "2015-03-31": "432.61400", "2014-12-31": "448.98000", "2014-09-30": "443.71100", "2014-06-30": "432.19800", "2014-03-31": "402.00200", "2013-12-31": "421.60500", "2013-09-30": "411.54000", "2013-06-30": "403.36600", "2013-03-31": "316.96300", "2012-12-31": "265.84400", "2012-09-30": "292.35200", "2012-06-30": "287.38900", "2012-03-31": "276.41000", "2011-12-31": "50.60390", "2011-09-30": "314.62600", "2011-06-30": "305.21700", "2011-03-31": "285.84100", "2010-12-31": "201.25100", "2010-09-30": "273.80300", "2010-06-30": "273.11500", "2010-03-31": "266.77100", "2009-12-31": "142.61800", "2009-09-30": "282.70100", "2009-06-30": "291.56500", "2009-03-31": "284.59000", "2008-12-31": "215.05000", "2008-09-30": "303.40600", "2008-06-30": "309.94200", "2008-03-31": "293.12100", "2007-12-31": "217.68510", "2007-09-30": "295.37700", "2007-06-30": "290.84500", "2007-03-31": "269.46500", "2006-12-31": "179.08300", "2006-09-30": "268.89800", "2006-06-30": "276.34300", "2006-03-31": "268.51600", "2005-12-31": "115.80500", "2005-09-30": "234.88900", "2005-06-30": "237.85300", "2005-03-31": "251.43700"}, "Research And Development Expenses": {"2020-09-30": "", "2020-06-30": "", "2020-03-31": "", "2019-12-31": "", "2019-09-30": "", "2019-06-30": "", "2019-03-31": "", "2018-12-31": "", "2018-09-30": "", "2018-06-30": "", "2018-03-31": "", "2017-12-31": "", "2017-09-30": "", "2017-06-30": "", "2017-03-31": "", "2016-12-31": "", "2016-09-30": "", "2016-06-30": "", "2016-03-31": "", "2015-12-31": "", "2015-09-30": "", "2015-06-30": "", "2015-03-31": "", "2014-12-31": "", "2014-09-30": "", "2014-06-30": "", "2014-03-31": "", "2013-12-31": "", "2013-09-30": "", "2013-06-30": "", "2013-03-31": "", "2012-12-31": "", "2012-09-30": "", "2012-06-30": "", "2012-03-31": "", "2011-12-31": "", "2011-09-30": "", "2011-06-30": "", "2011-03-31": "", "2010-12-31": "", "2010-09-30": "", "2010-06-30": "", "2010-03-31": "", "2009-12-31": "", "2009-09-30": "", "2009-06-30": "", "2009-03-31": "", "2008-12-31": "", "2008-09-30": "", "2008-06-30": "", "2008-03-31": "", "2007-12-31": "", "2007-09-30": "", "2007-06-30": "", "2007-03-31": "", "2006-12-31": "", "2006-09-30": "", "2006-06-30": "", "2006-03-31": "", "2005-12-31": "", "2005-09-30": "", "2005-06-30": "", "2005-03-31": ""}, "SG&A Expenses": {"2020-09-30": "10.85900", "2020-06-30": "11.83500", "2020-03-31": "14.51800", "2019-12-31": "11.63000", "2019-09-30": "11.41700", "2019-06-30": "14.32900", "2019-03-31": "15.38100", "2018-12-31": "12.39300", "2018-09-30": "12.64000", "2018-06-30": "12.50200", "2018-03-31": "16.27800", "2017-12-31": "11.85800", "2017-09-30": "12.56700", "2017-06-30": "13.62600", "2017-03-31": "14.17300", "2016-12-31": "10.43200", "2016-09-30": "12.39500", "2016-06-30": "18.29600", "2016-03-31": "16.71700", "2015-12-31": "14.04600", "2015-09-30": "15.19700", "2015-06-30": "15.65900", "2015-03-31": "19.76200", "2014-12-31": "9.38300", "2014-09-30": "9.96800", "2014-06-30": "13.75200", "2014-03-31": "17.57600", "2013-12-31": "15.16200", "2013-09-30": "14.43700", "2013-06-30": "16.08500", "2013-03-31": "16.49500", "2012-12-31": "10.07100", "2012-09-30": "10.08300", "2012-06-30": "13.39100", "2012-03-31": "13.68800", "2011-12-31": "11.14200", "2011-09-30": "10.12100", "2011-06-30": "10.90800", "2011-03-31": "11.43300", "2010-12-31": "8.85000", "2010-09-30": "10.22100", "2010-06-30": "10.08900", "2010-03-31": "10.72100", "2009-12-31": "8.50900", "2009-09-30": "9.88100", "2009-06-30": "10.20100", "2009-03-31": "10.39400", "2008-12-31": "10.91100", "2008-09-30": "9.84900", "2008-06-30": "11.77400", "2008-03-31": "12.41700", "2007-12-31": "13.58500", "2007-09-30": "12.36600", "2007-06-30": "11.44700", "2007-03-31": "9.36900", "2006-12-31": "8.29400", "2006-09-30": "13.52200", "2006-06-30": "9.33800", "2006-03-31": "13.04000", "2005-12-31": "24.11200", "2005-09-30": "14.44200", "2005-06-30": "13.75800", "2005-03-31": "18.07000"}, "Other Operating Income Or Expenses": {"2020-09-30": "-0.02500", "2020-06-30": "144.26600", "2020-03-31": "207.97700", "2019-12-31": "178.23700", "2019-09-30": "130.56500", "2019-06-30": "138.85600", "2019-03-31": "-0.02100", "2018-12-31": "-0.02400", "2018-09-30": "113.97000", "2018-06-30": "-0.05100", "2018-03-31": "142.21300", "2017-12-31": "", "2017-09-30": "0.00000", "2017-06-30": "", "2017-03-31": "", "2016-12-31": "", "2016-09-30": "", "2016-06-30": "", "2016-03-31": "", "2015-12-31": "", "2015-09-30": "", "2015-06-30": "", "2015-03-31": "", "2014-12-31": "", "2014-09-30": "", "2014-06-30": "", "2014-03-31": "", "2013-12-31": "", "2013-09-30": "", "2013-06-30": "", "2013-03-31": "", "2012-12-31": "", "2012-09-30": "", "2012-06-30": "", "2012-03-31": "", "2011-12-31": "", "2011-09-30": "", "2011-06-30": "", "2011-03-31": "", "2010-12-31": "", "2010-09-30": "", "2010-06-30": "", "2010-03-31": "", "2009-12-31": "", "2009-09-30": "", "2009-06-30": "-11.12400", "2009-03-31": "", "2008-12-31": "", "2008-09-30": "", "2008-06-30": "", "2008-03-31": "", "2007-12-31": "", "2007-09-30": "-0.62600", "2007-06-30": "-0.15800", "2007-03-31": "-0.23600", "2006-12-31": "-32.28400", "2006-09-30": "-0.91300", "2006-06-30": "-0.23900", "2006-03-31": "-0.56600", "2005-12-31": "", "2005-09-30": "", "2005-06-30": "", "2005-03-31": ""}, "Operating Expenses": {"2020-09-30": "440.02300", "2020-06-30": "296.64290", "2020-03-31": "260.22000", "2019-12-31": "274.96700", "2019-09-30": "316.78200", "2019-06-30": "300.25700", "2019-03-31": "452.52500", "2018-12-31": "433.46090", "2018-09-30": "313.46400", "2018-06-30": "422.20500", "2018-03-31": "293.93400", "2017-12-31": "258.88300", "2017-09-30": "406.33600", "2017-06-30": "401.93000", "2017-03-31": "399.72900", "2016-12-31": "381.41890", "2016-09-30": "396.70100", "2016-06-30": "389.13600", "2016-03-31": "402.45800", "2015-12-31": "416.13510", "2015-09-30": "438.69500", "2015-06-30": "432.85700", "2015-03-31": "448.04000", "2014-12-31": "413.85900", "2014-09-30": "420.80400", "2014-06-30": "424.25810", "2014-03-31": "434.18300", "2013-12-31": "415.43100", "2013-09-30": "506.23300", "2013-06-30": "553.24000", "2013-03-31": "400.47600", "2012-12-31": "272.87900", "2012-09-30": "308.76700", "2012-06-30": "319.79100", "2012-03-31": "331.97200", "2011-12-31": "78.74000", "2011-09-30": "349.05800", "2011-06-30": "340.51000", "2011-03-31": "350.40300", "2010-12-31": "275.76200", "2010-09-30": "348.69600", "2010-06-30": "347.05000", "2010-03-31": "354.99100", "2009-12-31": "151.91910", "2009-09-30": "351.58600", "2009-06-30": "353.38900", "2009-03-31": "350.69100", "2008-12-31": "382.23100", "2008-09-30": "362.83100", "2008-06-30": "354.92700", "2008-03-31": "363.13200", "2007-12-31": "255.21790", "2007-09-30": "362.70400", "2007-06-30": "355.77600", "2007-03-31": "354.92100", "2006-12-31": "260.46390", "2006-09-30": "340.35400", "2006-06-30": "333.53800", "2006-03-31": "336.22400", "2005-12-31": "168.10600", "2005-09-30": "321.68100", "2005-06-30": "298.96700", "2005-03-31": "325.82800"}, "Operating Income": {"2020-09-30": "182.41000", "2020-06-30": "356.88900", "2020-03-31": "422.10900", "2019-12-31": "409.11990", "2019-09-30": "368.33800", "2019-06-30": "369.11700", "2019-03-31": "209.96900", "2018-12-31": "219.28220", "2018-09-30": "339.40300", "2018-06-30": "217.60300", "2018-03-31": "339.08200", "2017-12-31": "371.82100", "2017-09-30": "217.78600", "2017-06-30": "210.55000", "2017-03-31": "204.37100", "2016-12-31": "224.07010", "2016-09-30": "209.37300", "2016-06-30": "206.01800", "2016-03-31": "216.62500", "2015-12-31": "287.05790", "2015-09-30": "257.59400", "2015-06-30": "246.25500", "2015-03-31": "218.33100", "2014-12-31": "250.80100", "2014-09-30": "243.27400", "2014-06-30": "228.30990", "2014-03-31": "199.25900", "2013-12-31": "223.70300", "2013-09-30": "120.39600", "2013-06-30": "63.97700", "2013-03-31": "104.24600", "2012-12-31": "128.12490", "2012-09-30": "142.93200", "2012-06-30": "128.56000", "2012-03-31": "114.47600", "2011-12-31": "5.88490", "2011-09-30": "144.81400", "2011-06-30": "139.85700", "2011-03-31": "115.95300", "2010-12-31": "32.60900", "2010-09-30": "105.26400", "2010-06-30": "100.32900", "2010-03-31": "110.00800", "2009-12-31": "44.65290", "2009-09-30": "128.65500", "2009-06-30": "126.94400", "2009-03-31": "132.38700", "2008-12-31": "-22.17300", "2008-09-30": "148.17500", "2008-06-30": "158.35600", "2008-03-31": "139.50900", "2007-12-31": "100.31720", "2007-09-30": "138.39800", "2007-06-30": "135.78400", "2007-03-31": "120.92800", "2006-12-31": "46.73620", "2006-09-30": "124.99600", "2006-06-30": "133.99500", "2006-03-31": "126.23400", "2005-12-31": "37.45200", "2005-09-30": "109.07700", "2005-06-30": "116.26300", "2005-03-31": "118.13600"}, "Total Non-Operating Income/Expense": {"2020-09-30": "-86.53700", "2020-06-30": "-84.17900", "2020-03-31": "-88.22800", "2019-12-31": "-109.85000", "2019-09-30": "-90.97400", "2019-06-30": "-116.51400", "2019-03-31": "-99.76800", "2018-12-31": "-96.10100", "2018-09-30": "-114.29200", "2018-06-30": "-98.88300", "2018-03-31": "-117.34400", "2017-12-31": "-98.98810", "2017-09-30": "-90.29200", "2017-06-30": "-93.19100", "2017-03-31": "-108.99500", "2016-12-31": "-93.77000", "2016-09-30": "-93.52400", "2016-06-30": "-33.79600", "2016-03-31": "-218.38400", "2015-12-31": "-113.24500", "2015-09-30": "-117.78800", "2015-06-30": "-108.69300", "2015-03-31": "-111.13200", "2014-12-31": "-113.41500", "2014-09-30": "-125.27900", "2014-06-30": "-118.56500", "2014-03-31": "-115.90000", "2013-12-31": "-154.35900", "2013-09-30": "-127.72300", "2013-06-30": "-128.50200", "2013-03-31": "-222.81400", "2012-12-31": "-47.13600", "2012-09-30": "-50.52600", "2012-06-30": "-127.87300", "2012-03-31": "-127.73200", "2011-12-31": "-115.21900", "2011-09-30": "-114.31400", "2011-06-30": "-128.74600", "2011-03-31": "-124.68200", "2010-12-31": "-115.84800", "2010-09-30": "-126.83900", "2010-06-30": "-115.04100", "2010-03-31": "-119.27000", "2009-12-31": "-139.47600", "2009-09-30": "-122.97500", "2009-06-30": "-112.31400", "2009-03-31": "-120.73900", "2008-12-31": "-104.42700", "2008-09-30": "-123.99000", "2008-06-30": "-117.48500", "2008-03-31": "-118.48500", "2007-12-31": "-124.99000", "2007-09-30": "-124.12600", "2007-06-30": "-121.62200", "2007-03-31": "-110.43900", "2006-12-31": "-83.30300", "2006-09-30": "-103.55100", "2006-06-30": "-102.97800", "2006-03-31": "-104.94100", "2005-12-31": "-80.61300", "2005-09-30": "-91.38300", "2005-06-30": "-87.94300", "2005-03-31": "-31.74400"}, "Pre-Tax Income": {"2020-09-30": "95.87300", "2020-06-30": "272.71000", "2020-03-31": "333.88100", "2019-12-31": "299.27000", "2019-09-30": "277.36400", "2019-06-30": "252.60300", "2019-03-31": "110.20100", "2018-12-31": "123.18100", "2018-09-30": "225.11100", "2018-06-30": "118.72000", "2018-03-31": "221.73800", "2017-12-31": "272.83300", "2017-09-30": "127.49400", "2017-06-30": "117.35900", "2017-03-31": "95.37600", "2016-12-31": "130.30000", "2016-09-30": "115.84900", "2016-06-30": "172.22200", "2016-03-31": "-1.75900", "2015-12-31": "173.81300", "2015-09-30": "139.80600", "2015-06-30": "137.56200", "2015-03-31": "107.19900", "2014-12-31": "137.38600", "2014-09-30": "117.99500", "2014-06-30": "109.74500", "2014-03-31": "83.35900", "2013-12-31": "69.34400", "2013-09-30": "-7.32700", "2013-06-30": "-64.52500", "2013-03-31": "-118.56800", "2012-12-31": "80.98900", "2012-09-30": "92.40600", "2012-06-30": "0.68700", "2012-03-31": "-13.25600", "2011-12-31": "-109.33400", "2011-09-30": "30.50000", "2011-06-30": "11.11100", "2011-03-31": "-8.72900", "2010-12-31": "-83.23900", "2010-09-30": "-21.57500", "2010-06-30": "-14.71200", "2010-03-31": "-9.26200", "2009-12-31": "-94.82300", "2009-09-30": "5.68000", "2009-06-30": "14.63000", "2009-03-31": "11.64800", "2008-12-31": "-126.60000", "2008-09-30": "24.18500", "2008-06-30": "40.87100", "2008-03-31": "21.02400", "2007-12-31": "-24.67300", "2007-09-30": "14.27200", "2007-06-30": "14.16200", "2007-03-31": "10.48900", "2006-12-31": "-36.56700", "2006-09-30": "21.44500", "2006-06-30": "31.01700", "2006-03-31": "21.29300", "2005-12-31": "-43.16100", "2005-09-30": "17.69400", "2005-06-30": "28.32000", "2005-03-31": "86.39200"}, "Income Taxes": {"2020-09-30": "0.26200", "2020-06-30": "0.18700", "2020-03-31": "0.05300", "2019-12-31": "-3.03000", "2019-09-30": "0.26500", "2019-06-30": "0.24600", "2019-03-31": "0.23800", "2018-12-31": "0.11100", "2018-09-30": "0.28000", "2018-06-30": "0.27400", "2018-03-31": "0.21300", "2017-12-31": "-0.23200", "2017-09-30": "0.22800", "2017-06-30": "0.22000", "2017-03-31": "0.26200", "2016-12-31": "0.42400", "2016-09-30": "0.42600", "2016-06-30": "0.41300", "2016-03-31": "0.35000", "2015-12-31": "0.21900", "2015-09-30": "0.32900", "2015-06-30": "0.32600", "2015-03-31": "0.04300", "2014-12-31": "0.24800", "2014-09-30": "0.26000", "2014-06-30": "0.64600", "2014-03-31": "0.24000", "2013-12-31": "-0.15600", "2013-09-30": "0.49200", "2013-06-30": "0.42800", "2013-03-31": "0.40500", "2012-12-31": "-0.09100", "2012-09-30": "0.22200", "2012-06-30": "0.21300", "2012-03-31": "0.17000", "2011-12-31": "0.03700", "2011-09-30": "0.28300", "2011-06-30": "0.20200", "2011-03-31": "0.18400", "2010-12-31": "-0.01200", "2010-09-30": "0.29100", "2010-06-30": "-0.14700", "2010-03-31": "0.15900", "2009-12-31": "-0.13000", "2009-09-30": "0.45900", "2009-06-30": "0.25900", "2009-03-31": "2.12800", "2008-12-31": "-0.66100", "2008-09-30": "1.31700", "2008-06-30": "1.62800", "2008-03-31": "2.99500", "2007-12-31": "1.05000", "2007-09-30": "0.77000", "2007-06-30": "0.10100", "2007-03-31": "0.59700", "2006-12-31": "", "2006-09-30": "", "2006-06-30": "", "2006-03-31": "", "2005-12-31": "", "2005-09-30": "", "2005-06-30": "", "2005-03-31": ""}, "Income After Taxes": {"2020-09-30": "95.61100", "2020-06-30": "272.52300", "2020-03-31": "333.82800", "2019-12-31": "302.30000", "2019-09-30": "277.09900", "2019-06-30": "252.35700", "2019-03-31": "109.96300", "2018-12-31": "123.07000", "2018-09-30": "224.83100", "2018-06-30": "118.44600", "2018-03-31": "221.52500", "2017-12-31": "273.06500", "2017-09-30": "127.26600", "2017-06-30": "117.13900", "2017-03-31": "95.11400", "2016-12-31": "129.87600", "2016-09-30": "115.42300", "2016-06-30": "171.80900", "2016-03-31": "-2.10900", "2015-12-31": "173.59400", "2015-09-30": "139.47700", "2015-06-30": "137.23600", "2015-03-31": "107.15600", "2014-12-31": "137.13800", "2014-09-30": "117.73500", "2014-06-30": "109.09900", "2014-03-31": "83.11900", "2013-12-31": "69.50000", "2013-09-30": "-7.81900", "2013-06-30": "-64.95300", "2013-03-31": "-118.97300", "2012-12-31": "81.08000", "2012-09-30": "92.18400", "2012-06-30": "0.47400", "2012-03-31": "-13.42600", "2011-12-31": "-109.37100", "2011-09-30": "30.21700", "2011-06-30": "10.90900", "2011-03-31": "-8.91300", "2010-12-31": "-83.22700", "2010-09-30": "-21.86600", "2010-06-30": "-14.56500", "2010-03-31": "-9.42100", "2009-12-31": "-94.69300", "2009-09-30": "5.22100", "2009-06-30": "14.37100", "2009-03-31": "9.52000", "2008-12-31": "-125.93900", "2008-09-30": "22.86800", "2008-06-30": "39.24300", "2008-03-31": "18.02900", "2007-12-31": "-25.72300", "2007-09-30": "13.50200", "2007-06-30": "14.06100", "2007-03-31": "9.89200", "2006-12-31": "-40.91300", "2006-09-30": "21.44500", "2006-06-30": "31.01700", "2006-03-31": "21.29300", "2005-12-31": "-43.16100", "2005-09-30": "17.69400", "2005-06-30": "28.32000", "2005-03-31": "86.39200"}, "Other Income": {"2020-09-30": "", "2020-06-30": "", "2020-03-31": "", "2019-12-31": "", "2019-09-30": "", "2019-06-30": "", "2019-03-31": "", "2018-12-31": "", "2018-09-30": "", "2018-06-30": "", "2018-03-31": "", "2017-12-31": "", "2017-09-30": "17.32800", "2017-06-30": "87.72600", "2017-03-31": "36.70700", "2016-12-31": "173.18410", "2016-09-30": "90.03600", "2016-06-30": "57.35600", "2016-03-31": "3723.47900", "2015-12-31": "39.44200", "2015-09-30": "66.93900", "2015-06-30": "148.80200", "2015-03-31": "79.95100", "2014-12-31": "84.14100", "2014-09-30": "113.64100", "2014-06-30": "14.90300", "2014-03-31": "0.00000", "2013-12-31": "", "2013-09-30": "0.00000", "2013-06-30": "0.00000", "2013-03-31": "", "2012-12-31": "", "2012-09-30": "", "2012-06-30": "", "2012-03-31": "", "2011-12-31": "", "2011-09-30": "", "2011-06-30": "", "2011-03-31": "", "2010-12-31": "", "2010-09-30": "", "2010-06-30": "", "2010-03-31": "", "2009-12-31": "", "2009-09-30": "", "2009-06-30": "", "2009-03-31": "", "2008-12-31": "", "2008-09-30": "", "2008-06-30": "", "2008-03-31": "", "2007-12-31": "", "2007-09-30": "", "2007-06-30": "", "2007-03-31": "", "2006-12-31": "", "2006-09-30": "-0.00100", "2006-06-30": "-0.00900", "2006-03-31": "-0.67400", "2005-12-31": "0.00000", "2005-09-30": "-0.02200", "2005-06-30": "-2.38400", "2005-03-31": "-1.72800"}, "Income From Continuous Operations": {"2020-09-30": "95.36500", "2020-06-30": "271.48100", "2020-03-31": "332.67100", "2019-12-31": "301.30600", "2019-09-30": "277.84600", "2019-06-30": "321.29900", "2019-03-31": "109.25700", "2018-12-31": "122.38800", "2018-09-30": "223.84600", "2018-06-30": "118.41000", "2018-03-31": "220.54800", "2017-12-31": "130.08400", "2017-09-30": "144.19600", "2017-06-30": "204.16000", "2017-03-31": "149.94100", "2016-12-31": "301.98680", "2016-09-30": "217.24600", "2016-06-30": "228.36500", "2016-03-31": "3731.98800", "2015-12-31": "213.67300", "2015-09-30": "205.37500", "2015-06-30": "298.50400", "2015-03-31": "190.06900", "2014-12-31": "226.95900", "2014-09-30": "231.25200", "2014-06-30": "117.21000", "2014-03-31": "81.68000", "2013-12-31": "69.14100", "2013-09-30": "-13.46500", "2013-06-30": "-58.51100", "2013-03-31": "-165.33900", "2012-12-31": "81.06900", "2012-09-30": "92.18100", "2012-06-30": "0.47400", "2012-03-31": "-13.42600", "2011-12-31": "-109.37100", "2011-09-30": "30.21700", "2011-06-30": "15.12600", "2011-03-31": "-8.91300", "2010-12-31": "-83.46100", "2010-09-30": "-0.29500", "2010-06-30": "-9.94500", "2010-03-31": "-9.40700", "2009-12-31": "-91.16500", "2009-09-30": "9.02900", "2009-06-30": "12.33900", "2009-03-31": "12.09000", "2008-12-31": "-123.23000", "2008-09-30": "26.09400", "2008-06-30": "39.14800", "2008-03-31": "17.93400", "2007-12-31": "-21.83000", "2007-09-30": "16.75500", "2007-06-30": "17.37400", "2007-03-31": "8.75400", "2006-12-31": "-38.91300", "2006-09-30": "22.84000", "2006-06-30": "28.81100", "2006-03-31": "17.55500", "2005-12-31": "-19.96700", "2005-09-30": "14.83300", "2005-06-30": "24.38200", "2005-03-31": "87.26100"}, "Income From Discontinued Operations": {"2020-09-30": "", "2020-06-30": "", "2020-03-31": "", "2019-12-31": "", "2019-09-30": "", "2019-06-30": "", "2019-03-31": "", "2018-12-31": "", "2018-09-30": "", "2018-06-30": "", "2018-03-31": "", "2017-12-31": "", "2017-09-30": "", "2017-06-30": "", "2017-03-31": "", "2016-12-31": "0.39400", "2016-09-30": "0.24600", "2016-06-30": "0.03500", "2016-03-31": "-0.15700", "2015-12-31": "0.04700", "2015-09-30": "0.08100", "2015-06-30": "0.11400", "2015-03-31": "0.15500", "2014-12-31": "0.08200", "2014-09-30": "-0.06200", "2014-06-30": "0.51000", "2014-03-31": "1.05200", "2013-12-31": "46.72900", "2013-09-30": "405.18200", "2013-06-30": "395.24300", "2013-03-31": "1226.37300", "2012-12-31": "303.33000", "2012-09-30": "144.14200", "2012-06-30": "107.84100", "2012-03-31": "165.59300", "2011-12-31": "216.77200", "2011-09-30": "82.76000", "2011-06-30": "566.62700", "2011-03-31": "141.97900", "2010-12-31": "281.67300", "2010-09-30": "30.12100", "2010-06-30": "20.03400", "2010-03-31": "67.26300", "2009-12-31": "138.47600", "2009-09-30": "134.33600", "2009-06-30": "93.59300", "2009-03-31": "73.33100", "2008-12-31": "84.99700", "2008-09-30": "161.03100", "2008-06-30": "100.84500", "2008-03-31": "129.59400", "2007-12-31": "202.84090", "2007-09-30": "440.95200", "2007-06-30": "265.02700", "2007-03-31": "117.48300", "2006-12-31": "503.97400", "2006-09-30": "46.97100", "2006-06-30": "131.34600", "2006-03-31": "360.26000", "2005-12-31": "245.85300", "2005-09-30": "252.69100", "2005-06-30": "116.96200", "2005-03-31": "139.77800"}, "Net Income": {"2020-09-30": "90.51300", "2020-06-30": "260.11600", "2020-03-31": "307.83300", "2019-12-31": "288.99200", "2019-09-30": "266.33300", "2019-06-30": "308.19600", "2019-03-31": "103.76600", "2018-12-31": "116.41500", "2018-09-30": "214.16400", "2018-06-30": "112.83000", "2018-03-31": "211.03600", "2017-12-31": "124.66900", "2017-09-30": "137.45700", "2017-06-30": "195.26800", "2017-03-31": "142.96900", "2016-12-31": "276.47680", "2016-09-30": "207.54300", "2016-06-30": "218.06700", "2016-03-31": "3586.98500", "2015-12-31": "202.98900", "2015-09-30": "195.85900", "2015-06-30": "285.58700", "2015-03-31": "178.84200", "2014-12-31": "216.70300", "2014-09-30": "220.70700", "2014-06-30": "111.65400", "2014-03-31": "78.09900", "2013-12-31": "109.93990", "2013-09-30": "376.15500", "2013-06-30": "323.72300", "2013-03-31": "1016.65000", "2012-12-31": "365.97900", "2012-09-30": "218.60300", "2012-06-30": "99.79700", "2012-03-31": "141.83300", "2011-12-31": "99.01600", "2011-09-30": "104.38200", "2011-06-30": "552.45700", "2011-03-31": "123.86500", "2010-12-31": "185.87000", "2010-09-30": "25.16600", "2010-06-30": "6.34300", "2010-03-31": "51.86300", "2009-12-31": "41.67200", "2009-09-30": "132.36200", "2009-06-30": "96.58500", "2009-03-31": "77.17500", "2008-12-31": "-40.24600", "2008-09-30": "172.24600", "2008-06-30": "126.62500", "2008-03-31": "134.49000", "2007-12-31": "110.19800", "2007-09-30": "447.24600", "2007-06-30": "274.98500", "2007-03-31": "118.81300", "2006-12-31": "457.60600", "2006-09-30": "56.35600", "2006-06-30": "150.08400", "2006-03-31": "367.72000", "2005-12-31": "215.20500", "2005-09-30": "250.24700", "2005-06-30": "128.32600", "2005-03-31": "214.01400"}, "EBITDA": {"2020-09-30": "395.14600", "2020-06-30": "574.88210", "2020-03-31": "646.46800", "2019-12-31": "636.95690", "2019-09-30": "583.78910", "2019-06-30": "597.06800", "2019-03-31": "426.13200", "2018-12-31": "430.46010", "2018-09-30": "561.08300", "2018-06-30": "419.98700", "2018-03-31": "546.48800", "2017-12-31": "582.13900", "2017-09-30": "410.35300", "2017-06-30": "398.32100", "2017-03-31": "392.20100", "2016-12-31": "409.80510", "2016-09-30": "396.74100", "2016-06-30": "390.16500", "2016-03-31": "404.77700", "2015-12-31": "473.74690", "2015-09-30": "459.72800", "2015-06-30": "446.60600", "2015-03-31": "416.74100", "2014-12-31": "446.62910", "2014-09-30": "438.48000", "2014-06-30": "423.41490", "2014-03-31": "389.10500", "2013-12-31": "297.30100", "2013-09-30": "394.61000", "2013-06-30": "387.43500", "2013-03-31": "332.81990", "2012-12-31": "308.48000", "2012-09-30": "316.42700", "2012-06-30": "307.15600", "2012-03-31": "294.42000", "2011-12-31": "177.94000", "2011-09-30": "315.09800", "2011-06-30": "307.67800", "2011-03-31": "289.58500", "2010-12-31": "205.64300", "2010-09-30": "282.85900", "2010-06-30": "278.75300", "2010-03-31": "267.09700", "2009-12-31": "199.75800", "2009-09-30": "282.90200", "2009-06-30": "282.27500", "2009-03-31": "287.63000", "2008-12-31": "141.47800", "2008-09-30": "306.07700", "2008-06-30": "308.83510", "2008-03-31": "290.76800", "2007-12-31": "262.05110", "2007-09-30": "293.68300", "2007-06-30": "296.62500", "2007-03-31": "276.98800", "2006-12-31": "199.49520", "2006-09-30": "268.92300", "2006-06-30": "285.50400", "2006-03-31": "274.14500", "2005-12-31": "175.52900", "2005-09-30": "242.34600", "2005-06-30": "247.81700", "2005-03-31": "249.01800"}, "EBIT": {"2020-09-30": "182.41000", "2020-06-30": "356.88900", "2020-03-31": "422.10900", "2019-12-31": "409.11990", "2019-09-30": "368.33800", "2019-06-30": "369.11700", "2019-03-31": "209.96900", "2018-12-31": "219.28220", "2018-09-30": "339.40300", "2018-06-30": "217.60300", "2018-03-31": "339.08200", "2017-12-31": "371.82100", "2017-09-30": "217.78600", "2017-06-30": "210.55000", "2017-03-31": "204.37100", "2016-12-31": "224.07010", "2016-09-30": "209.37300", "2016-06-30": "206.01800", "2016-03-31": "216.62500", "2015-12-31": "287.05800", "2015-09-30": "257.59400", "2015-06-30": "246.25500", "2015-03-31": "218.33100", "2014-12-31": "250.80100", "2014-09-30": "243.27400", "2014-06-30": "228.30990", "2014-03-31": "199.25900", "2013-12-31": "223.70290", "2013-09-30": "120.39600", "2013-06-30": "63.97700", "2013-03-31": "104.24600", "2012-12-31": "128.12490", "2012-09-30": "142.93200", "2012-06-30": "128.56000", "2012-03-31": "114.47600", "2011-12-31": "5.88500", "2011-09-30": "144.81400", "2011-06-30": "139.85700", "2011-03-31": "115.95300", "2010-12-31": "32.60900", "2010-09-30": "105.26400", "2010-06-30": "100.32900", "2010-03-31": "110.00800", "2009-12-31": "44.65290", "2009-09-30": "128.65500", "2009-06-30": "126.94400", "2009-03-31": "132.38700", "2008-12-31": "-22.17310", "2008-09-30": "148.17500", "2008-06-30": "158.35600", "2008-03-31": "139.50900", "2007-12-31": "100.31710", "2007-09-30": "138.39800", "2007-06-30": "135.78400", "2007-03-31": "120.92800", "2006-12-31": "46.73610", "2006-09-30": "124.99600", "2006-06-30": "133.99500", "2006-03-31": "126.23400", "2005-12-31": "37.45200", "2005-09-30": "109.07700", "2005-06-30": "116.26300", "2005-03-31": "118.13600"}, "Basic Shares Outstanding": {"2020-09-30": "371.86900", "2020-06-30": "371.79500", "2020-03-31": "371.58200", "2019-12-31": "370.46100", "2019-09-30": "370.76800", "2019-06-30": "370.34200", "2019-03-31": "369.55800", "2018-12-31": "368.05200", "2018-09-30": "368.02800", "2018-06-30": "367.93000", "2018-03-31": "367.80000", "2017-12-31": "366.96800", "2017-09-30": "366.99600", "2017-06-30": "366.82000", "2017-03-31": "366.60500", "2016-12-31": "365.00200", "2016-09-30": "365.10900", "2016-06-30": "365.04700", "2016-03-31": "364.59200", "2015-12-31": "363.49800", "2015-09-30": "363.57900", "2015-06-30": "363.47600", "2015-03-31": "363.09800", "2014-12-31": "361.18100", "2014-09-30": "361.40900", "2014-06-30": "360.80900", "2014-03-31": "360.47000", "2013-12-31": "354.30500", "2013-09-30": "359.81100", "2013-06-30": "359.65300", "2013-03-31": "337.53200", "2012-12-31": "302.70100", "2012-09-30": "301.33600", "2012-06-30": "300.19300", "2012-03-31": "298.80500", "2011-12-31": "294.85600", "2011-09-30": "295.83100", "2011-06-30": "294.66300", "2011-03-31": "292.89500", "2010-12-31": "282.88800", "2010-09-30": "282.71700", "2010-06-30": "282.21700", "2010-03-31": "280.64500", "2009-12-31": "273.60900", "2009-09-30": "273.65800", "2009-06-30": "272.90100", "2009-03-31": "272.32400", "2008-12-31": "270.01200", "2008-09-30": "270.34500", "2008-06-30": "269.60800", "2008-03-31": "268.78400", "2007-12-31": "279.40600", "2007-09-30": "272.08600", "2007-06-30": "284.42400", "2007-03-31": "292.25100", "2006-12-31": "290.01900", "2006-09-30": "290.03600", "2006-06-30": "289.46000", "2006-03-31": "288.88000", "2005-12-31": "285.76000", "2005-09-30": "286.18200", "2005-06-30": "285.28300", "2005-03-31": "284.51100"}, "Shares Outstanding": {"2020-09-30": "385.65200", "2020-06-30": "385.91300", "2020-03-31": "386.94900", "2019-12-31": "386.33300", "2019-09-30": "386.89600", "2019-06-30": "386.10700", "2019-03-31": "385.18400", "2018-12-31": "383.69500", "2018-09-30": "383.88400", "2018-06-30": "383.42300", "2018-03-31": "383.01800", "2017-12-31": "382.67800", "2017-09-30": "382.94500", "2017-06-30": "382.69200", "2017-03-31": "382.28000", "2016-12-31": "381.99200", "2016-09-30": "382.37300", "2016-06-30": "382.06500", "2016-03-31": "382.24300", "2015-12-31": "380.62000", "2015-09-30": "380.66300", "2015-06-30": "380.49100", "2015-03-31": "380.32700", "2014-12-31": "377.73500", "2014-09-30": "377.95400", "2014-06-30": "377.11800", "2014-03-31": "376.38400", "2013-12-31": "354.30500", "2013-09-30": "359.81100", "2013-06-30": "359.65300", "2013-03-31": "337.53200", "2012-12-31": "319.76600", "2012-09-30": "318.77300", "2012-06-30": "300.19300", "2012-03-31": "298.80500", "2011-12-31": "294.85600", "2011-09-30": "312.84400", "2011-06-30": "312.19900", "2011-03-31": "292.89500", "2010-12-31": "282.88800", "2010-09-30": "282.71700", "2010-06-30": "282.21700", "2010-03-31": "280.64500", "2009-12-31": "273.60900", "2009-09-30": "290.21500", "2009-06-30": "289.33800", "2009-03-31": "288.85300", "2008-12-31": "270.01200", "2008-09-30": "290.79500", "2008-06-30": "290.44500", "2008-03-31": "289.31700", "2007-12-31": "279.40600", "2007-09-30": "294.33100", "2007-06-30": "307.63100", "2007-03-31": "316.26500", "2006-12-31": "290.01900", "2006-09-30": "315.88600", "2006-06-30": "314.69800", "2006-03-31": "314.04900", "2005-12-31": "310.78500", "2005-09-30": "286.18200", "2005-06-30": "309.97900", "2005-03-31": "308.57600"}, "Basic EPS": {"2020-09-30": "0.24000", "2020-06-30": "0.70000", "2020-03-31": "0.83000", "2019-12-31": "0.78000", "2019-09-30": "0.72000", "2019-06-30": "0.83000", "2019-03-31": "0.28000", "2018-12-31": "0.32000", "2018-09-30": "0.58000", "2018-06-30": "0.31000", "2018-03-31": "0.57000", "2017-12-31": "0.35000", "2017-09-30": "0.37000", "2017-06-30": "0.53000", "2017-03-31": "0.39000", "2016-12-31": "0.74000", "2016-09-30": "0.57000", "2016-06-30": "0.60000", "2016-03-31": "9.84000", "2015-12-31": "0.55000", "2015-09-30": "0.54000", "2015-06-30": "0.79000", "2015-03-31": "0.49000", "2014-12-31": "0.60000", "2014-09-30": "0.61000", "2014-06-30": "0.31000", "2014-03-31": "0.22000", "2013-12-31": "0.20000", "2013-09-30": "1.05000", "2013-06-30": "0.90000", "2013-03-31": "3.01000", "2012-12-31": "1.20000", "2012-09-30": "0.73000", "2012-06-30": "0.33000", "2012-03-31": "0.47000", "2011-12-31": "0.33000", "2011-09-30": "0.35000", "2011-06-30": "1.88000", "2011-03-31": "0.42000", "2010-12-31": "0.66000", "2010-09-30": "0.09000", "2010-06-30": "0.02000", "2010-03-31": "0.18000", "2009-12-31": "0.16000", "2009-09-30": "0.48000", "2009-06-30": "0.35000", "2009-03-31": "0.28000", "2008-12-31": "-0.15000", "2008-09-30": "0.64000", "2008-06-30": "0.47000", "2008-03-31": "0.50000", "2007-12-31": "0.38000", "2007-09-30": "1.64000", "2007-06-30": "0.97000", "2007-03-31": "0.41000", "2006-12-31": "1.58000", "2006-09-30": "0.19000", "2006-06-30": "0.52000", "2006-03-31": "1.27000", "2005-12-31": "0.76000", "2005-09-30": "0.87000", "2005-06-30": "0.45000", "2005-03-31": "0.75000"}, "EPS - Earnings Per Share": {"2020-09-30": "0.24000", "2020-06-30": "0.70000", "2020-03-31": "0.83000", "2019-12-31": "0.78000", "2019-09-30": "0.71000", "2019-06-30": "0.83000", "2019-03-31": "0.28000", "2018-12-31": "0.31000", "2018-09-30": "0.58000", "2018-06-30": "0.31000", "2018-03-31": "0.57000", "2017-12-31": "0.34000", "2017-09-30": "0.37000", "2017-06-30": "0.53000", "2017-03-31": "0.39000", "2016-12-31": "0.77000", "2016-09-30": "0.56000", "2016-06-30": "0.59000", "2016-03-31": "9.76000", "2015-12-31": "0.56000", "2015-09-30": "0.53000", "2015-06-30": "0.78000", "2015-03-31": "0.49000", "2014-12-31": "0.59000", "2014-09-30": "0.61000", "2014-06-30": "0.31000", "2014-03-31": "0.22000", "2013-12-31": "0.20000", "2013-09-30": "1.05000", "2013-06-30": "0.90000", "2013-03-31": "3.01000", "2012-12-31": "1.18000", "2012-09-30": "0.72000", "2012-06-30": "0.33000", "2012-03-31": "0.47000", "2011-12-31": "0.36000", "2011-09-30": "0.35000", "2011-06-30": "1.85000", "2011-03-31": "0.42000", "2010-12-31": "0.66000", "2010-09-30": "0.09000", "2010-06-30": "0.02000", "2010-03-31": "0.18000", "2009-12-31": "0.16000", "2009-09-30": "0.48000", "2009-06-30": "0.35000", "2009-03-31": "0.28000", "2008-12-31": "-0.13000", "2008-09-30": "0.63000", "2008-06-30": "0.46000", "2008-03-31": "0.50000", "2007-12-31": "0.43000", "2007-09-30": "1.62000", "2007-06-30": "0.95000", "2007-03-31": "0.40000", "2006-12-31": "1.61000", "2006-09-30": "0.19000", "2006-06-30": "0.51000", "2006-03-31": "1.25000", "2005-12-31": "0.74000", "2005-09-30": "0.87000", "2005-06-30": "0.44000", "2005-03-31": "0.74000"}}, "balance sheet": {"Cash On Hand": {"2019-12-31": "45.75300", "2018-12-31": "47.44200", "2017-12-31": "50.64700", "2016-12-31": "77.20700", "2015-12-31": "42.27600", "2014-12-31": "40.08000", "2013-12-31": "53.53400", "2012-12-31": "612.59000", "2011-12-31": "383.92100", "2010-12-31": "431.40800", "2009-12-31": "193.28800", "2008-12-31": "890.79400", "2007-12-31": "50.83100", "2006-12-31": "260.27700", "2005-12-31": "88.82800"}, "Receivables": {"2019-12-31": "", "2018-12-31": "", "2017-12-31": "", "2016-12-31": "", "2015-12-31": "", "2014-12-31": "", "2013-12-31": "", "2012-12-31": "", "2011-12-31": "", "2010-12-31": "", "2009-12-31": "", "2008-12-31": "", "2007-12-31": "", "2006-12-31": "", "2005-12-31": "0.78900"}, "Inventory": {"2019-12-31": "", "2018-12-31": "", "2017-12-31": "", "2016-12-31": "", "2015-12-31": "", "2014-12-31": "", "2013-12-31": "", "2012-12-31": "", "2011-12-31": "", "2010-12-31": "", "2009-12-31": "", "2008-12-31": "", "2007-12-31": "", "2006-12-31": "", "2005-12-31": ""}, "Pre-Paid Expenses": {"2019-12-31": "", "2018-12-31": "", "2017-12-31": "", "2016-12-31": "", "2015-12-31": "", "2014-12-31": "", "2013-12-31": "", "2012-12-31": "", "2011-12-31": "", "2010-12-31": "", "2009-12-31": "", "2008-12-31": "", "2007-12-31": "", "2006-12-31": "", "2005-12-31": ""}, "Other Current Assets": {"2019-12-31": "", "2018-12-31": "", "2017-12-31": "", "2016-12-31": "", "2015-12-31": "", "2014-12-31": "", "2013-12-31": "", "2012-12-31": "", "2011-12-31": "", "2010-12-31": "", "2009-12-31": "", "2008-12-31": "", "2007-12-31": "", "2006-12-31": "", "2005-12-31": ""}, "Total Current Assets": {"2019-12-31": "45.75300", "2018-12-31": "47.44200", "2017-12-31": "50.64700", "2016-12-31": "77.20700", "2015-12-31": "99.22200", "2014-12-31": "88.16500", "2013-12-31": "96.17000", "2012-12-31": "621.71910", "2011-12-31": "394.61300", "2010-12-31": "444.00100", "2009-12-31": "210.58000", "2008-12-31": "910.52300", "2007-12-31": "71.00500", "2006-12-31": "285.80500", "2005-12-31": "124.84200"}, "Property, Plant, And Equipment": {"2019-12-31": "20256.82000", "2018-12-31": "19814.74000", "2017-12-31": "19986.52000", "2016-12-31": "20026.04000", "2015-12-31": "20276.95000", "2014-12-31": "22242.58000", "2013-12-31": "21993.24000", "2012-12-31": "16096.21000", "2011-12-31": "15868.36000", "2010-12-31": "15365.01000", "2009-12-31": "14587.58000", "2008-12-31": "15128.94000", "2007-12-31": "15163.22000", "2006-12-31": "14212.70000", "2005-12-31": "13702.23000"}, "Long-Term Investments": {"2019-12-31": "", "2018-12-31": "", "2017-12-31": "", "2016-12-31": "", "2015-12-31": "", "2014-12-31": "", "2013-12-31": "", "2012-12-31": "", "2011-12-31": "", "2010-12-31": "", "2009-12-31": "", "2008-12-31": "", "2007-12-31": "", "2006-12-31": "", "2005-12-31": ""}, "Goodwill And Intangible Assets": {"2019-12-31": "", "2018-12-31": "", "2017-12-31": "", "2016-12-31": "", "2015-12-31": "", "2014-12-31": "", "2013-12-31": "", "2012-12-31": "", "2011-12-31": "", "2010-12-31": "", "2009-12-31": "", "2008-12-31": "", "2007-12-31": "", "2006-12-31": "", "2005-12-31": "30.00000"}, "Other Long-Term Assets": {"2019-12-31": "357.42100", "2018-12-31": "532.02600", "2017-12-31": "533.43400", "2016-12-31": "600.90500", "2015-12-31": "2734.02800", "2014-12-31": "561.49100", "2013-12-31": "686.65000", "2012-12-31": "438.69100", "2011-12-31": "351.71900", "2010-12-31": "333.14600", "2009-12-31": "572.95900", "2008-12-31": "441.83100", "2007-12-31": "399.27600", "2006-12-31": "520.33500", "2005-12-31": "211.04300"}, "Total Long-Term Assets": {"2019-12-31": "20614.24000", "2018-12-31": "20346.77000", "2017-12-31": "20519.95000", "2016-12-31": "20626.94000", "2015-12-31": "23010.97000", "2014-12-31": "22862.45000", "2013-12-31": "22738.38000", "2012-12-31": "16579.28000", "2011-12-31": "16264.69000", "2010-12-31": "15740.19000", "2009-12-31": "15206.94000", "2008-12-31": "15624.59000", "2007-12-31": "15618.77000", "2006-12-31": "14776.41000", "2005-12-31": "13983.91000"}, "Total Assets": {"2019-12-31": "21172.77000", "2018-12-31": "20394.21000", "2017-12-31": "20570.60000", "2016-12-31": "20704.15000", "2015-12-31": "23110.20000", "2014-12-31": "22950.61000", "2013-12-31": "22834.54000", "2012-12-31": "17201.00000", "2011-12-31": "16659.30000", "2010-12-31": "16184.19000", "2009-12-31": "15417.51000", "2008-12-31": "16535.11000", "2007-12-31": "15689.78000", "2006-12-31": "15062.22000", "2005-12-31": "14108.75000"}, "Total Current Liabilities": {"2019-12-31": "161.20200", "2018-12-31": "165.09300", "2017-12-31": "172.80100", "2016-12-31": "208.42800", "2015-12-31": "272.34500", "2014-12-31": "243.13000", "2013-12-31": "197.10000", "2012-12-31": "114.59500", "2011-12-31": "123.32700", "2010-12-31": "138.08300", "2009-12-31": "160.38600", "2008-12-31": "222.30900", "2007-12-31": "234.10200", "2006-12-31": "187.87100", "2005-12-31": "193.98400"}, "Long Term Debt": {"2019-12-31": "9036.95600", "2018-12-31": "8817.93800", "2017-12-31": "8957.29100", "2016-12-31": "8987.25800", "2015-12-31": "10921.37000", "2014-12-31": "10844.86000", "2013-12-31": "10766.25000", "2012-12-31": "8529.24400", "2011-12-31": "9721.06100", "2010-12-31": "9948.07600", "2009-12-31": "9392.57000", "2008-12-31": "10483.94000", "2007-12-31": "9508.73300", "2006-12-31": "8057.65600", "2005-12-31": "7591.07300"}, "Other Non-Current Liabilities": {"2019-12-31": "635.35100", "2018-12-31": "632.42200", "2017-12-31": "599.68900", "2016-12-31": "605.38600", "2015-12-31": "653.34700", "2014-12-31": "654.11400", "2013-12-31": "662.85100", "2012-12-31": "631.68200", "2011-12-31": "535.65400", "2010-12-31": "505.91900", "2009-12-31": "431.76600", "2008-12-31": "495.76000", "2007-12-31": "526.37800", "2006-12-31": "521.01100", "2005-12-31": "506.17100"}, "Total Long Term Liabilities": {"2019-12-31": "10135.71000", "2018-12-31": "9829.46700", "2017-12-31": "9923.93600", "2016-12-31": "10034.74000", "2015-12-31": "12141.50000", "2014-12-31": "11999.71000", "2013-12-31": "11792.25000", "2012-12-31": "9559.29800", "2011-12-31": "10673.12000", "2010-12-31": "10837.54000", "2009-12-31": "10082.62000", "2008-12-31": "11244.10000", "2007-12-31": "10393.16000", "2006-12-31": "8990.12600", "2005-12-31": "8519.42800"}, "Total Liabilities": {"2019-12-31": "10628.24000", "2018-12-31": "9994.56000", "2017-12-31": "10096.74000", "2016-12-31": "10243.17000", "2015-12-31": "12413.84000", "2014-12-31": "12242.84000", "2013-12-31": "11989.35000", "2012-12-31": "9673.89300", "2011-12-31": "10796.45000", "2010-12-31": "10975.62000", "2009-12-31": "10243.00000", "2008-12-31": "11466.41000", "2007-12-31": "10627.26000", "2006-12-31": "9177.99700", "2005-12-31": "8713.41100"}, "Common Stock Net": {"2019-12-31": "3.71700", "2018-12-31": "3.69400", "2017-12-31": "3.68000", "2016-12-31": "3.65900", "2015-12-31": "3.64800", "2014-12-31": "3.62900", "2013-12-31": "3.60500", "2012-12-31": "3.25100", "2011-12-31": "2.97500", "2010-12-31": "2.90200", "2009-12-31": "2.80000", "2008-12-31": "2.72800", "2007-12-31": "2.69600", "2006-12-31": "2.93600", "2005-12-31": "2.89500"}, "Retained Earnings (Accumulated Deficit)": {"2019-12-31": "1386.49500", "2018-12-31": "1261.76300", "2017-12-31": "1403.53000", "2016-12-31": "1543.62600", "2015-12-31": "2009.09100", "2014-12-31": "1950.63900", "2013-12-31": "2047.25800", "2012-12-31": "887.35500", "2011-12-31": "615.57200", "2010-12-31": "203.58100", "2009-12-31": "353.65900", "2008-12-31": "456.15200", "2007-12-31": "599.50400", "2006-12-31": "159.52800", "2005-12-31": "-350.36700"}, "Comprehensive Income": {"2019-12-31": "-77.56300", "2018-12-31": "-64.98600", "2017-12-31": "-88.61200", "2016-12-31": "-113.90900", "2015-12-31": "-152.01600", "2014-12-31": "-172.15200", "2013-12-31": "-155.16200", "2012-12-31": "-193.14800", "2011-12-31": "-196.71800", "2010-12-31": "-57.81800", "2009-12-31": "4.68100", "2008-12-31": "-35.79900", "2007-12-31": "-15.88200", "2006-12-31": "-14.01000", "2005-12-31": "-14.47200"}, "Other Share Holders Equity": {"2019-12-31": "", "2018-12-31": "", "2017-12-31": "", "2016-12-31": "", "2015-12-31": "", "2014-12-31": "", "2013-12-31": "", "2012-12-31": "", "2011-12-31": "", "2010-12-31": "", "2009-12-31": "", "2008-12-31": "", "2007-12-31": "", "2006-12-31": "", "2005-12-31": ""}, "Share Holder Equity": {"2019-12-31": "10544.53000", "2018-12-31": "10399.65000", "2017-12-31": "10473.86000", "2016-12-31": "10460.98000", "2015-12-31": "10696.36000", "2014-12-31": "10707.78000", "2013-12-31": "10845.20000", "2012-12-31": "7527.10700", "2011-12-31": "5862.85700", "2010-12-31": "5208.57600", "2009-12-31": "5174.51300", "2008-12-31": "5068.70500", "2007-12-31": "5062.51800", "2006-12-31": "5884.22200", "2005-12-31": "5395.34000"}, "Total Liabilities And Share Holders Equity": {"2019-12-31": "21172.77000", "2018-12-31": "20394.21000", "2017-12-31": "20570.60000", "2016-12-31": "20704.15000", "2015-12-31": "23110.20000", "2014-12-31": "22950.61000", "2013-12-31": "22834.54000", "2012-12-31": "17201.00000", "2011-12-31": "16659.30000", "2010-12-31": "16184.19000", "2009-12-31": "15417.51000", "2008-12-31": "16535.11000", "2007-12-31": "15689.78000", "2006-12-31": "15062.22000", "2005-12-31": "14108.75000"}}, "balance sheet, quarterly": {"Cash On Hand": {"2020-09-30": "178.33300", "2020-06-30": "187.41600", "2020-03-31": "82.33500", "2019-12-31": "45.75300", "2019-09-30": "28.77700", "2019-06-30": "251.27300", "2019-03-31": "29.39100", "2018-12-31": "47.44200", "2018-09-30": "32.99500", "2018-06-30": "34.50700", "2018-03-31": "44.45300", "2017-12-31": "50.64700", "2017-09-30": "46.56500", "2017-06-30": "37.71900", "2017-03-31": "42.13900", "2016-12-31": "77.20700", "2016-09-30": "517.58600", "2016-06-30": "497.84300", "2016-03-31": "368.04900", "2015-12-31": "42.27600", "2015-09-30": "37.36600", "2015-06-30": "92.10900", "2015-03-31": "49.41800", "2014-12-31": "40.08000", "2014-09-30": "31.47800", "2014-06-30": "76.13200", "2014-03-31": "37.20900", "2013-12-31": "53.53400", "2013-09-30": "972.76100", "2013-06-30": "152.56400", "2013-03-31": "56.08700", "2012-12-31": "612.59000", "2012-09-30": "45.62300", "2012-06-30": "44.58500", "2012-03-31": "219.62800", "2011-12-31": "383.92100", "2011-09-30": "45.98600", "2011-06-30": "604.76400", "2011-03-31": "306.07200", "2010-12-31": "431.40800", "2010-09-30": "43.66000", "2010-06-30": "47.98200", "2010-03-31": "60.18600", "2009-12-31": "193.28800", "2009-09-30": "637.58800", "2009-06-30": "667.49500", "2009-03-31": "428.59600", "2008-12-31": "890.79400", "2008-09-30": "530.05000", "2008-06-30": "273.60000", "2008-03-31": "502.64900", "2007-12-31": "50.83100", "2007-09-30": "62.73400", "2007-06-30": "66.26600", "2007-03-31": "171.74200", "2006-12-31": "260.27700", "2006-09-30": "76.32400", "2006-06-30": "72.17200", "2006-03-31": "86.77700", "2005-12-31": "88.82800", "2005-09-30": "306.93300", "2005-06-30": "102.75200", "2005-03-31": "91.06800"}, "Receivables": {"2020-09-30": "", "2020-06-30": "", "2020-03-31": "", "2019-12-31": "", "2019-09-30": "", "2019-06-30": "", "2019-03-31": "", "2018-12-31": "", "2018-09-30": "", "2018-06-30": "", "2018-03-31": "", "2017-12-31": "", "2017-09-30": "", "2017-06-30": "", "2017-03-31": "", "2016-12-31": "", "2016-09-30": "", "2016-06-30": "", "2016-03-31": "", "2015-12-31": "", "2015-09-30": "", "2015-06-30": "", "2015-03-31": "", "2014-12-31": "", "2014-09-30": "", "2014-06-30": "", "2014-03-31": "", "2013-12-31": "", "2013-09-30": "", "2013-06-30": "", "2013-03-31": "", "2012-12-31": "", "2012-09-30": "", "2012-06-30": "", "2012-03-31": "", "2011-12-31": "", "2011-09-30": "", "2011-06-30": "", "2011-03-31": "", "2010-12-31": "", "2010-09-30": "", "2010-06-30": "", "2010-03-31": "", "2009-12-31": "", "2009-09-30": "", "2009-06-30": "", "2009-03-31": "", "2008-12-31": "", "2008-09-30": "", "2008-06-30": "", "2008-03-31": "", "2007-12-31": "", "2007-09-30": "", "2007-06-30": "", "2007-03-31": "", "2006-12-31": "", "2006-09-30": "1.45200", "2006-06-30": "0.87900", "2006-03-31": "1.36400", "2005-12-31": "0.78900", "2005-09-30": "0.94000", "2005-06-30": "0.94200", "2005-03-31": "0.34800"}, "Inventory": {"2020-09-30": "", "2020-06-30": "", "2020-03-31": "", "2019-12-31": "", "2019-09-30": "", "2019-06-30": "", "2019-03-31": "", "2018-12-31": "", "2018-09-30": "", "2018-06-30": "", "2018-03-31": "", "2017-12-31": "", "2017-09-30": "", "2017-06-30": "", "2017-03-31": "", "2016-12-31": "", "2016-09-30": "", "2016-06-30": "", "2016-03-31": "", "2015-12-31": "", "2015-09-30": "", "2015-06-30": "", "2015-03-31": "", "2014-12-31": "", "2014-09-30": "", "2014-06-30": "", "2014-03-31": "", "2013-12-31": "", "2013-09-30": "", "2013-06-30": "", "2013-03-31": "", "2012-12-31": "", "2012-09-30": "", "2012-06-30": "", "2012-03-31": "", "2011-12-31": "", "2011-09-30": "", "2011-06-30": "", "2011-03-31": "", "2010-12-31": "", "2010-09-30": "", "2010-06-30": "", "2010-03-31": "", "2009-12-31": "", "2009-09-30": "", "2009-06-30": "", "2009-03-31": "", "2008-12-31": "", "2008-09-30": "", "2008-06-30": "", "2008-03-31": "", "2007-12-31": "", "2007-09-30": "", "2007-06-30": "", "2007-03-31": "", "2006-12-31": "", "2006-09-30": "", "2006-06-30": "", "2006-03-31": "", "2005-12-31": "", "2005-09-30": "", "2005-06-30": "", "2005-03-31": ""}, "Pre-Paid Expenses": {"2020-09-30": "", "2020-06-30": "", "2020-03-31": "", "2019-12-31": "", "2019-09-30": "", "2019-06-30": "", "2019-03-31": "", "2018-12-31": "", "2018-09-30": "", "2018-06-30": "", "2018-03-31": "", "2017-12-31": "", "2017-09-30": "", "2017-06-30": "", "2017-03-31": "", "2016-12-31": "", "2016-09-30": "", "2016-06-30": "", "2016-03-31": "", "2015-12-31": "", "2015-09-30": "", "2015-06-30": "", "2015-03-31": "", "2014-12-31": "", "2014-09-30": "", "2014-06-30": "", "2014-03-31": "", "2013-12-31": "", "2013-09-30": "", "2013-06-30": "", "2013-03-31": "", "2012-12-31": "", "2012-09-30": "", "2012-06-30": "", "2012-03-31": "", "2011-12-31": "", "2011-09-30": "", "2011-06-30": "", "2011-03-31": "", "2010-12-31": "", "2010-09-30": "", "2010-06-30": "", "2010-03-31": "", "2009-12-31": "", "2009-09-30": "", "2009-06-30": "", "2009-03-31": "", "2008-12-31": "", "2008-09-30": "", "2008-06-30": "", "2008-03-31": "", "2007-12-31": "", "2007-09-30": "", "2007-06-30": "", "2007-03-31": "", "2006-12-31": "", "2006-09-30": "", "2006-06-30": "", "2006-03-31": "", "2005-12-31": "", "2005-09-30": "", "2005-06-30": "", "2005-03-31": ""}, "Other Current Assets": {"2020-09-30": "", "2020-06-30": "", "2020-03-31": "", "2019-12-31": "", "2019-09-30": "", "2019-06-30": "", "2019-03-31": "", "2018-12-31": "", "2018-09-30": "", "2018-06-30": "", "2018-03-31": "", "2017-12-31": "", "2017-09-30": "", "2017-06-30": "", "2017-03-31": "", "2016-12-31": "", "2016-09-30": "", "2016-06-30": "", "2016-03-31": "", "2015-12-31": "", "2015-09-30": "", "2015-06-30": "", "2015-03-31": "", "2014-12-31": "", "2014-09-30": "", "2014-06-30": "", "2014-03-31": "", "2013-12-31": "", "2013-09-30": "", "2013-06-30": "", "2013-03-31": "", "2012-12-31": "", "2012-09-30": "", "2012-06-30": "", "2012-03-31": "", "2011-12-31": "", "2011-09-30": "", "2011-06-30": "", "2011-03-31": "", "2010-12-31": "", "2010-09-30": "", "2010-06-30": "", "2010-03-31": "", "2009-12-31": "", "2009-09-30": "", "2009-06-30": "", "2009-03-31": "", "2008-12-31": "", "2008-09-30": "", "2008-06-30": "", "2008-03-31": "", "2007-12-31": "", "2007-09-30": "", "2007-06-30": "", "2007-03-31": "", "2006-12-31": "", "2006-09-30": "", "2006-06-30": "", "2006-03-31": "", "2005-12-31": "", "2005-09-30": "", "2005-06-30": "", "2005-03-31": ""}, "Total Current Assets": {"2020-09-30": "178.33300", "2020-06-30": "187.41600", "2020-03-31": "82.33500", "2019-12-31": "45.75300", "2019-09-30": "28.77700", "2019-06-30": "251.27300", "2019-03-31": "29.39100", "2018-12-31": "47.44200", "2018-09-30": "32.99500", "2018-06-30": "34.50700", "2018-03-31": "44.45300", "2017-12-31": "50.64700", "2017-09-30": "57.53700", "2017-06-30": "58.73500", "2017-03-31": "110.17000", "2016-12-31": "77.20700", "2016-09-30": "580.58000", "2016-06-30": "559.55400", "2016-03-31": "427.40400", "2015-12-31": "99.22200", "2015-09-30": "91.43700", "2015-06-30": "144.97100", "2015-03-31": "100.07700", "2014-12-31": "88.16500", "2014-09-30": "77.47300", "2014-06-30": "121.40100", "2014-03-31": "81.20400", "2013-12-31": "96.17000", "2013-09-30": "1013.66200", "2013-06-30": "193.92100", "2013-03-31": "95.62200", "2012-12-31": "621.71910", "2012-09-30": "56.08500", "2012-06-30": "53.72400", "2012-03-31": "231.05600", "2011-12-31": "394.61300", "2011-09-30": "56.66300", "2011-06-30": "615.66900", "2011-03-31": "318.15900", "2010-12-31": "444.00100", "2010-09-30": "63.29200", "2010-06-30": "65.97700", "2010-03-31": "80.86100", "2009-12-31": "210.58000", "2009-09-30": "656.54200", "2009-06-30": "685.03600", "2009-03-31": "448.07900", "2008-12-31": "910.52300", "2008-09-30": "551.88400", "2008-06-30": "293.23700", "2008-03-31": "522.56100", "2007-12-31": "71.00500", "2007-09-30": "85.77600", "2007-06-30": "87.48000", "2007-03-31": "195.16800", "2006-12-31": "285.80500", "2006-09-30": "110.18600", "2006-06-30": "101.88200", "2006-03-31": "120.37500", "2005-12-31": "124.84200", "2005-09-30": "344.26200", "2005-06-30": "138.28000", "2005-03-31": "128.06400"}, "Property, Plant, And Equipment": {"2020-09-30": "19574.27000", "2020-06-30": "19626.68000", "2020-03-31": "19988.67000", "2019-12-31": "20256.82000", "2019-09-30": "20185.95000", "2019-06-30": "19969.15000", "2019-03-31": "19936.64000", "2018-12-31": "19814.74000", "2018-09-30": "19930.73000", "2018-06-30": "19826.55000", "2018-03-31": "19785.57000", "2017-12-31": "19986.52000", "2017-09-30": "20099.43000", "2017-06-30": "19818.31000", "2017-03-31": "19949.52000", "2016-12-31": "20026.04000", "2016-09-30": "20105.28000", "2016-06-30": "20128.41000", "2016-03-31": "20143.59000", "2015-12-31": "20276.95000", "2015-09-30": "22244.79000", "2015-06-30": "22295.99000", "2015-03-31": "22195.37000", "2014-12-31": "22242.58000", "2014-09-30": "22260.61000", "2014-06-30": "22170.65000", "2014-03-31": "22072.25000", "2013-12-31": "21993.24000", "2013-09-30": "22086.24000", "2013-06-30": "22441.58000", "2013-03-31": "22929.32000", "2012-12-31": "16096.21000", "2012-09-30": "16270.77000", "2012-06-30": "16245.61000", "2012-03-31": "15878.10000", "2011-12-31": "15868.36000", "2011-09-30": "15133.29000", "2011-06-30": "15229.78000", "2011-03-31": "15271.84000", "2010-12-31": "15365.01000", "2010-09-30": "15730.87000", "2010-06-30": "15267.16000", "2010-03-31": "15059.94000", "2009-12-31": "14587.58000", "2009-09-30": "14593.10000", "2009-06-30": "14867.66000", "2009-03-31": "15024.93000", "2008-12-31": "15128.94000", "2008-09-30": "15211.46000", "2008-06-30": "15363.57000", "2008-03-31": "15089.55000", "2007-12-31": "15163.22000", "2007-09-30": "15038.16000", "2007-06-30": "15018.86000", "2007-03-31": "14753.75000", "2006-12-31": "14212.70000", "2006-09-30": "13936.81000", "2006-06-30": "13445.86000", "2006-03-31": "13748.87000", "2005-12-31": "13702.23000", "2005-09-30": "12479.29000", "2005-06-30": "12425.39000", "2005-03-31": "12190.13000"}, "Long-Term Investments": {"2020-09-30": "", "2020-06-30": "", "2020-03-31": "", "2019-12-31": "", "2019-09-30": "", "2019-06-30": "", "2019-03-31": "", "2018-12-31": "", "2018-09-30": "", "2018-06-30": "", "2018-03-31": "", "2017-12-31": "", "2017-09-30": "", "2017-06-30": "", "2017-03-31": "", "2016-12-31": "", "2016-09-30": "", "2016-06-30": "", "2016-03-31": "", "2015-12-31": "", "2015-09-30": "", "2015-06-30": "", "2015-03-31": "", "2014-12-31": "", "2014-09-30": "", "2014-06-30": "", "2014-03-31": "", "2013-12-31": "", "2013-09-30": "", "2013-06-30": "", "2013-03-31": "", "2012-12-31": "", "2012-09-30": "", "2012-06-30": "", "2012-03-31": "", "2011-12-31": "", "2011-09-30": "", "2011-06-30": "", "2011-03-31": "", "2010-12-31": "", "2010-09-30": "", "2010-06-30": "", "2010-03-31": "", "2009-12-31": "", "2009-09-30": "", "2009-06-30": "", "2009-03-31": "", "2008-12-31": "", "2008-09-30": "", "2008-06-30": "", "2008-03-31": "", "2007-12-31": "", "2007-09-30": "", "2007-06-30": "", "2007-03-31": "", "2006-12-31": "", "2006-09-30": "", "2006-06-30": "", "2006-03-31": "", "2005-12-31": "", "2005-09-30": "", "2005-06-30": "", "2005-03-31": ""}, "Goodwill And Intangible Assets": {"2020-09-30": "", "2020-06-30": "", "2020-03-31": "", "2019-12-31": "", "2019-09-30": "", "2019-06-30": "", "2019-03-31": "", "2018-12-31": "", "2018-09-30": "", "2018-06-30": "", "2018-03-31": "", "2017-12-31": "", "2017-09-30": "", "2017-06-30": "", "2017-03-31": "", "2016-12-31": "", "2016-09-30": "", "2016-06-30": "", "2016-03-31": "", "2015-12-31": "", "2015-09-30": "", "2015-06-30": "", "2015-03-31": "", "2014-12-31": "", "2014-09-30": "", "2014-06-30": "", "2014-03-31": "", "2013-12-31": "", "2013-09-30": "", "2013-06-30": "", "2013-03-31": "", "2012-12-31": "", "2012-09-30": "", "2012-06-30": "", "2012-03-31": "", "2011-12-31": "", "2011-09-30": "", "2011-06-30": "", "2011-03-31": "", "2010-12-31": "", "2010-09-30": "", "2010-06-30": "", "2010-03-31": "", "2009-12-31": "", "2009-09-30": "", "2009-06-30": "", "2009-03-31": "", "2008-12-31": "", "2008-09-30": "", "2008-06-30": "", "2008-03-31": "", "2007-12-31": "", "2007-09-30": "", "2007-06-30": "", "2007-03-31": "", "2006-12-31": "", "2006-09-30": "30.00000", "2006-06-30": "30.00000", "2006-03-31": "30.00000", "2005-12-31": "30.00000", "2005-09-30": "30.00000", "2005-06-30": "30.00000", "2005-03-31": "30.00000"}, "Other Long-Term Assets": {"2020-09-30": "369.19000", "2020-06-30": "395.77500", "2020-03-31": "340.34700", "2019-12-31": "357.42100", "2019-09-30": "358.28400", "2019-06-30": "338.53200", "2019-03-31": "368.09700", "2018-12-31": "532.02600", "2018-09-30": "578.42500", "2018-06-30": "545.52100", "2018-03-31": "553.84700", "2017-12-31": "533.43400", "2017-09-30": "540.86300", "2017-06-30": "759.53300", "2017-03-31": "548.65000", "2016-12-31": "600.90500", "2016-09-30": "611.88600", "2016-06-30": "541.95600", "2016-03-31": "730.29600", "2015-12-31": "2734.02800", "2015-09-30": "615.58000", "2015-06-30": "581.26100", "2015-03-31": "677.80700", "2014-12-31": "561.49100", "2014-09-30": "609.48600", "2014-06-30": "635.90900", "2014-03-31": "680.42000", "2013-12-31": "686.65000", "2013-09-30": "644.75100", "2013-06-30": "775.86900", "2013-03-31": "698.98900", "2012-12-31": "438.69100", "2012-09-30": "302.86900", "2012-06-30": "373.22300", "2012-03-31": "326.23300", "2011-12-31": "351.71900", "2011-09-30": "529.53200", "2011-06-30": "517.22000", "2011-03-31": "446.14500", "2010-12-31": "333.14600", "2010-09-30": "248.18000", "2010-06-30": "250.27400", "2010-03-31": "333.58000", "2009-12-31": "572.95900", "2009-09-30": "491.31400", "2009-06-30": "316.08100", "2009-03-31": "506.74500", "2008-12-31": "441.83100", "2008-09-30": "549.77500", "2008-06-30": "371.62900", "2008-03-31": "341.50800", "2007-12-31": "399.27600", "2007-09-30": "609.42500", "2007-06-30": "507.43800", "2007-03-31": "326.54500", "2006-12-31": "520.33500", "2006-09-30": "849.11400", "2006-06-30": "839.50700", "2006-03-31": "239.09000", "2005-12-31": "211.04300", "2005-09-30": "418.24000", "2005-06-30": "276.11900", "2005-03-31": "315.78400"}, "Total Long-Term Assets": {"2020-09-30": "19943.46000", "2020-06-30": "20022.46000", "2020-03-31": "20329.02000", "2019-12-31": "20614.24000", "2019-09-30": "20544.23000", "2019-06-30": "20307.68000", "2019-03-31": "20304.74000", "2018-12-31": "20346.77000", "2018-09-30": "20509.16000", "2018-06-30": "20372.08000", "2018-03-31": "20339.42000", "2017-12-31": "20519.95000", "2017-09-30": "20640.30000", "2017-06-30": "20577.84000", "2017-03-31": "20498.17000", "2016-12-31": "20626.94000", "2016-09-30": "20717.16000", "2016-06-30": "20670.37000", "2016-03-31": "20873.89000", "2015-12-31": "23010.97000", "2015-09-30": "22917.37000", "2015-06-30": "22936.86000", "2015-03-31": "22928.97000", "2014-12-31": "22862.45000", "2014-09-30": "22930.62000", "2014-06-30": "22870.00000", "2014-03-31": "22808.43000", "2013-12-31": "22738.38000", "2013-09-30": "22797.77000", "2013-06-30": "23288.46000", "2013-03-31": "23699.54000", "2012-12-31": "16579.28000", "2012-09-30": "16612.46000", "2012-06-30": "16660.69000", "2012-03-31": "16250.19000", "2011-12-31": "16264.69000", "2011-09-30": "15700.15000", "2011-06-30": "15782.45000", "2011-03-31": "15757.17000", "2010-12-31": "15740.19000", "2010-09-30": "16023.54000", "2010-06-30": "15559.30000", "2010-03-31": "15437.55000", "2009-12-31": "15206.94000", "2009-09-30": "15134.85000", "2009-06-30": "15238.03000", "2009-03-31": "15587.58000", "2008-12-31": "15624.59000", "2008-09-30": "15815.44000", "2008-06-30": "15789.99000", "2008-03-31": "15488.38000", "2007-12-31": "15618.77000", "2007-09-30": "15703.81000", "2007-06-30": "15581.18000", "2007-03-31": "15126.73000", "2006-12-31": "14776.41000", "2006-09-30": "14859.88000", "2006-06-30": "14355.99000", "2006-03-31": "14060.53000", "2005-12-31": "13983.91000", "2005-09-30": "12967.57000", "2005-06-30": "12769.76000", "2005-03-31": "12569.27000"}, "Total Assets": {"2020-09-30": "20623.98000", "2020-06-30": "20714.95000", "2020-03-31": "20919.32000", "2019-12-31": "21172.77000", "2019-09-30": "21054.06000", "2019-06-30": "20990.71000", "2019-03-31": "20768.81000", "2018-12-31": "20394.21000", "2018-09-30": "20542.15000", "2018-06-30": "20406.58000", "2018-03-31": "20383.87000", "2017-12-31": "20570.60000", "2017-09-30": "20697.83000", "2017-06-30": "20636.57000", "2017-03-31": "20608.34000", "2016-12-31": "20704.15000", "2016-09-30": "21297.74000", "2016-06-30": "21229.92000", "2016-03-31": "21301.29000", "2015-12-31": "23110.20000", "2015-09-30": "23008.80000", "2015-06-30": "23081.83000", "2015-03-31": "23029.05000", "2014-12-31": "22950.61000", "2014-09-30": "23008.09000", "2014-06-30": "22991.40000", "2014-03-31": "22889.63000", "2013-12-31": "22834.54000", "2013-09-30": "23811.43000", "2013-06-30": "23482.38000", "2013-03-31": "23795.16000", "2012-12-31": "17201.00000", "2012-09-30": "16668.54000", "2012-06-30": "16714.41000", "2012-03-31": "16481.25000", "2011-12-31": "16659.30000", "2011-09-30": "15756.82000", "2011-06-30": "16398.12000", "2011-03-31": "16075.33000", "2010-12-31": "16184.19000", "2010-09-30": "16086.83000", "2010-06-30": "15625.27000", "2010-03-31": "15518.41000", "2009-12-31": "15417.51000", "2009-09-30": "15791.40000", "2009-06-30": "15923.06000", "2009-03-31": "16035.66000", "2008-12-31": "16535.11000", "2008-09-30": "16367.32000", "2008-06-30": "16083.22000", "2008-03-31": "16010.95000", "2007-12-31": "15689.78000", "2007-09-30": "15789.58000", "2007-06-30": "15668.66000", "2007-03-31": "15321.89000", "2006-12-31": "15062.22000", "2006-09-30": "14970.07000", "2006-06-30": "14457.87000", "2006-03-31": "14180.91000", "2005-12-31": "14108.75000", "2005-09-30": "13311.83000", "2005-06-30": "12908.04000", "2005-03-31": "12697.33000"}, "Total Current Liabilities": {"2020-09-30": "224.28000", "2020-06-30": "177.36500", "2020-03-31": "231.62100", "2019-12-31": "161.20200", "2019-09-30": "225.42700", "2019-06-30": "172.73200", "2019-03-31": "226.85900", "2018-12-31": "165.09300", "2018-09-30": "251.57800", "2018-06-30": "209.75600", "2018-03-31": "237.23400", "2017-12-31": "172.80100", "2017-09-30": "240.79500", "2017-06-30": "186.74300", "2017-03-31": "240.02300", "2016-12-31": "208.42800", "2016-09-30": "269.23600", "2016-06-30": "244.80400", "2016-03-31": "285.22100", "2015-12-31": "272.34500", "2015-09-30": "339.11000", "2015-06-30": "280.22700", "2015-03-31": "286.78000", "2014-12-31": "243.13000", "2014-09-30": "289.54200", "2014-06-30": "246.61400", "2014-03-31": "239.97800", "2013-12-31": "197.10000", "2013-09-30": "252.29200", "2013-06-30": "170.68600", "2013-03-31": "193.35400", "2012-12-31": "114.59500", "2012-09-30": "184.47100", "2012-06-30": "155.34200", "2012-03-31": "156.54400", "2011-12-31": "123.32700", "2011-09-30": "167.74000", "2011-06-30": "161.70200", "2011-03-31": "152.35700", "2010-12-31": "138.08300", "2010-09-30": "182.49500", "2010-06-30": "179.06400", "2010-03-31": "163.94100", "2009-12-31": "160.38600", "2009-09-30": "204.70000", "2009-06-30": "221.48100", "2009-03-31": "203.27600", "2008-12-31": "222.30900", "2008-09-30": "253.23000", "2008-06-30": "265.64500", "2008-03-31": "233.02000", "2007-12-31": "234.10200", "2007-09-30": "244.28500", "2007-06-30": "206.32300", "2007-03-31": "188.62200", "2006-12-31": "187.87100", "2006-09-30": "219.26500", "2006-06-30": "200.38200", "2006-03-31": "175.12400", "2005-12-31": "193.98400", "2005-09-30": "189.10900", "2005-06-30": "176.00200", "2005-03-31": "157.83400"}, "Long Term Debt": {"2020-09-30": "8396.72900", "2020-06-30": "8421.85900", "2020-03-31": "8632.70400", "2019-12-31": "9036.95600", "2019-09-30": "8991.93600", "2019-06-30": "9130.42100", "2019-03-31": "8952.67000", "2018-12-31": "8817.93800", "2018-09-30": "8823.79300", "2018-06-30": "8772.76900", "2018-03-31": "8659.47800", "2017-12-31": "8957.29100", "2017-09-30": "8992.27100", "2017-06-30": "8964.09000", "2017-03-31": "8929.92500", "2016-12-31": "8987.25800", "2016-09-30": "8498.78700", "2016-06-30": "8510.99400", "2016-03-31": "8583.81800", "2015-12-31": "10921.37000", "2015-09-30": "10803.32000", "2015-06-30": "10827.91000", "2015-03-31": "10859.51000", "2014-12-31": "10844.86000", "2014-09-30": "10957.61000", "2014-06-30": "11082.04000", "2014-03-31": "10943.28000", "2013-12-31": "10766.25000", "2013-09-30": "11707.20000", "2013-06-30": "11723.57000", "2013-03-31": "12155.31000", "2012-12-31": "8529.24400", "2012-09-30": "9309.15300", "2012-06-30": "9394.26400", "2012-03-31": "9412.56600", "2011-12-31": "9721.06100", "2011-09-30": "8777.17200", "2011-06-30": "9448.62200", "2011-03-31": "9676.51200", "2010-12-31": "9948.07600", "2010-09-30": "10176.53000", "2010-06-30": "9659.40000", "2010-03-31": "9494.73200", "2009-12-31": "9392.57000", "2009-09-30": "9835.12000", "2009-06-30": "9973.98000", "2009-03-31": "10082.63000", "2008-12-31": "10483.94000", "2008-09-30": "10101.41000", "2008-06-30": "9869.71700", "2008-03-31": "9863.43200", "2007-12-31": "9508.73300", "2007-09-30": "9527.53300", "2007-06-30": "9331.53400", "2007-03-31": "8473.90400", "2006-12-31": "8057.65600", "2006-09-30": "8328.45600", "2006-06-30": "7689.15300", "2006-03-31": "7439.79100", "2005-12-31": "7591.07300", "2005-09-30": "6767.52000", "2005-06-30": "6652.65900", "2005-03-31": "6407.79300"}, "Other Non-Current Liabilities": {"2020-09-30": "625.21200", "2020-06-30": "611.42100", "2020-03-31": "600.25200", "2019-12-31": "635.35100", "2019-09-30": "601.38300", "2019-06-30": "590.35200", "2019-03-31": "607.97800", "2018-12-31": "632.42200", "2018-09-30": "618.44900", "2018-06-30": "617.78800", "2018-03-31": "607.49900", "2017-12-31": "599.68900", "2017-09-30": "590.44900", "2017-06-30": "579.36700", "2017-03-31": "563.23100", "2016-12-31": "605.38600", "2016-09-30": "1749.02800", "2016-06-30": "589.19600", "2016-03-31": "602.45800", "2015-12-31": "653.34700", "2015-09-30": "639.12600", "2015-06-30": "640.78500", "2015-03-31": "667.30500", "2014-12-31": "654.11400", "2014-09-30": "613.37500", "2014-06-30": "594.07600", "2014-03-31": "581.53700", "2013-12-31": "662.85100", "2013-09-30": "553.09500", "2013-06-30": "541.32500", "2013-03-31": "624.64500", "2012-12-31": "631.68200", "2012-09-30": "546.85200", "2012-06-30": "608.37800", "2012-03-31": "435.95900", "2011-12-31": "535.65400", "2011-09-30": "578.33700", "2011-06-30": "473.84800", "2011-03-31": "427.67700", "2010-12-31": "505.91900", "2010-09-30": "506.41100", "2010-06-30": "477.20700", "2010-03-31": "416.71300", "2009-12-31": "431.76600", "2009-09-30": "424.96800", "2009-06-30": "462.89900", "2009-03-31": "449.23400", "2008-12-31": "495.76000", "2008-09-30": "519.32400", "2008-06-30": "509.50900", "2008-03-31": "492.79900", "2007-12-31": "526.37800", "2007-09-30": "514.15100", "2007-06-30": "540.85100", "2007-03-31": "578.61800", "2006-12-31": "521.01100", "2006-09-30": "501.17400", "2006-06-30": "495.54200", "2006-03-31": "508.04100", "2005-12-31": "506.17100", "2005-09-30": "684.44300", "2005-06-30": "465.57500", "2005-03-31": "444.20800"}, "Total Long Term Liabilities": {"2020-09-30": "9315.64700", "2020-06-30": "9369.97600", "2020-03-31": "9586.29800", "2019-12-31": "10135.71000", "2019-09-30": "10088.32000", "2019-06-30": "10156.81000", "2019-03-31": "9993.21100", "2018-12-31": "9829.46700", "2018-09-30": "9823.48100", "2018-06-30": "9757.04000", "2018-03-31": "9621.54400", "2017-12-31": "9923.93600", "2017-09-30": "9963.26200", "2017-06-30": "9923.97600", "2017-03-31": "9852.89000", "2016-12-31": "10034.74000", "2016-09-30": "10689.71000", "2016-06-30": "9578.51500", "2016-03-31": "9707.35600", "2015-12-31": "12141.50000", "2015-09-30": "11965.03000", "2015-06-30": "11956.87000", "2015-03-31": "12068.68000", "2014-12-31": "11999.71000", "2014-09-30": "12001.13000", "2014-06-30": "12116.17000", "2014-03-31": "11930.10000", "2013-12-31": "11792.25000", "2013-09-30": "12636.35000", "2013-06-30": "12672.78000", "2013-03-31": "13166.72000", "2012-12-31": "9559.29800", "2012-09-30": "10270.22000", "2012-06-30": "10454.84000", "2012-03-31": "10305.75000", "2011-12-31": "10673.12000", "2011-09-30": "9734.30700", "2011-06-30": "10360.61000", "2011-03-31": "10520.52000", "2010-12-31": "10837.54000", "2010-09-30": "11040.64000", "2010-06-30": "10450.34000", "2010-03-31": "10207.43000", "2009-12-31": "10082.62000", "2009-09-30": "10496.42000", "2009-06-30": "10622.80000", "2009-03-31": "10685.49000", "2008-12-31": "11244.10000", "2008-09-30": "10957.99000", "2008-06-30": "10726.01000", "2008-03-31": "10704.98000", "2007-12-31": "10393.16000", "2007-09-30": "10406.36000", "2007-06-30": "10229.02000", "2007-03-31": "9437.84100", "2006-12-31": "8990.12600", "2006-09-30": "9226.21600", "2006-06-30": "8583.62300", "2006-03-31": "8350.67600", "2005-12-31": "8519.42800", "2005-09-30": "7862.89900", "2005-06-30": "7519.15200", "2005-03-31": "7337.90600"}, "Total Liabilities": {"2020-09-30": "9869.61000", "2020-06-30": "9877.47500", "2020-03-31": "10148.63000", "2019-12-31": "10628.24000", "2019-09-30": "10647.06000", "2019-06-30": "10611.16000", "2019-03-31": "10502.31000", "2018-12-31": "9994.56000", "2018-09-30": "10075.06000", "2018-06-30": "9966.79000", "2018-03-31": "9858.77700", "2017-12-31": "10096.74000", "2017-09-30": "10204.06000", "2017-06-30": "10110.72000", "2017-03-31": "10092.91000", "2016-12-31": "10243.17000", "2016-09-30": "10958.94000", "2016-06-30": "9823.32000", "2016-03-31": "9992.57700", "2015-12-31": "12413.84000", "2015-09-30": "12304.14000", "2015-06-30": "12237.10000", "2015-03-31": "12355.46000", "2014-12-31": "12242.84000", "2014-09-30": "12290.67000", "2014-06-30": "12362.78000", "2014-03-31": "12170.07000", "2013-12-31": "11989.35000", "2013-09-30": "12888.64000", "2013-06-30": "12843.47000", "2013-03-31": "13360.07000", "2012-12-31": "9673.89300", "2012-09-30": "10454.70000", "2012-06-30": "10610.19000", "2012-03-31": "10462.29000", "2011-12-31": "10796.45000", "2011-09-30": "9902.04600", "2011-06-30": "10522.31000", "2011-03-31": "10672.88000", "2010-12-31": "10975.62000", "2010-09-30": "11223.13000", "2010-06-30": "10629.41000", "2010-03-31": "10371.37000", "2009-12-31": "10243.00000", "2009-09-30": "10701.12000", "2009-06-30": "10844.28000", "2009-03-31": "10888.76000", "2008-12-31": "11466.41000", "2008-09-30": "11211.22000", "2008-06-30": "10991.65000", "2008-03-31": "10938.00000", "2007-12-31": "10627.26000", "2007-09-30": "10650.64000", "2007-06-30": "10435.34000", "2007-03-31": "9626.46300", "2006-12-31": "9177.99700", "2006-09-30": "9445.48100", "2006-06-30": "8784.00500", "2006-03-31": "8525.80000", "2005-12-31": "8713.41100", "2005-09-30": "8052.00900", "2005-06-30": "7695.15400", "2005-03-31": "7495.74000"}, "Common Stock Net": {"2020-09-30": "3.72200", "2020-06-30": "3.72200", "2020-03-31": "3.72100", "2019-12-31": "3.71700", "2019-09-30": "3.71300", "2019-06-30": "3.70800", "2019-03-31": "3.70500", "2018-12-31": "3.69400", "2018-09-30": "3.68400", "2018-06-30": "3.68300", "2018-03-31": "3.68200", "2017-12-31": "3.68000", "2017-09-30": "3.67500", "2017-06-30": "3.67300", "2017-03-31": "3.67100", "2016-12-31": "3.65900", "2016-09-30": "3.65700", "2016-06-30": "3.65600", "2016-03-31": "3.65500", "2015-12-31": "3.64800", "2015-09-30": "3.64100", "2015-06-30": "3.64100", "2015-03-31": "3.64000", "2014-12-31": "3.62900", "2014-09-30": "3.62200", "2014-06-30": "3.61600", "2014-03-31": "3.61100", "2013-12-31": "3.60500", "2013-09-30": "3.60400", "2013-06-30": "3.60300", "2013-03-31": "3.60100", "2012-12-31": "3.25100", "2012-09-30": "3.02700", "2012-06-30": "3.01000", "2012-03-31": "3.00500", "2011-12-31": "2.97500", "2011-09-30": "2.96600", "2011-06-30": "2.96300", "2011-03-31": "2.94500", "2010-12-31": "2.90200", "2010-09-30": "2.84000", "2010-06-30": "2.83400", "2010-03-31": "2.82400", "2009-12-31": "2.80000", "2009-09-30": "2.76100", "2009-06-30": "2.74000", "2009-03-31": "2.73800", "2008-12-31": "2.72800", "2008-09-30": "2.72000", "2008-06-30": "2.70900", "2008-03-31": "2.70500", "2007-12-31": "2.69600", "2007-09-30": "2.71100", "2007-06-30": "2.77100", "2007-03-31": "2.90700", "2006-12-31": "2.93600", "2006-09-30": "2.92100", "2006-06-30": "2.91000", "2006-03-31": "2.91200", "2005-12-31": "2.89500", "2005-09-30": "2.88200", "2005-06-30": "2.87100", "2005-03-31": "2.86600"}, "Retained Earnings (Accumulated Deficit)": {"2020-09-30": "1371.93800", "2020-06-30": "1505.69400", "2020-03-31": "1469.82100", "2019-12-31": "1386.49500", "2019-09-30": "1308.42300", "2019-06-30": "1252.80900", "2019-03-31": "1155.03200", "2018-12-31": "1261.76300", "2018-09-30": "1344.82500", "2018-06-30": "1329.60000", "2018-03-31": "1415.63800", "2017-12-31": "1403.53000", "2017-09-30": "1464.24900", "2017-06-30": "1511.89900", "2017-03-31": "1501.65400", "2016-12-31": "1543.62600", "2016-09-30": "1451.45200", "2016-06-30": "2524.78800", "2016-03-31": "2490.86100", "2015-12-31": "2009.09100", "2015-09-30": "2007.59000", "2015-06-30": "2012.90900", "2015-03-31": "1928.44900", "2014-12-31": "1950.63900", "2014-09-30": "1915.34400", "2014-06-30": "1875.73200", "2014-03-31": "1944.79800", "2013-12-31": "2047.25800", "2013-09-30": "2171.60300", "2013-06-30": "1939.59800", "2013-03-31": "1759.99000", "2012-12-31": "887.35500", "2012-09-30": "770.69700", "2012-06-30": "654.23500", "2012-03-31": "656.00100", "2011-12-31": "615.57200", "2011-09-30": "684.90200", "2011-06-30": "680.61900", "2011-03-31": "228.09200", "2010-12-31": "203.58100", "2010-09-30": "150.34400", "2010-06-30": "220.96500", "2010-03-31": "310.27600", "2009-12-31": "353.65900", "2009-09-30": "405.25000", "2009-06-30": "365.70500", "2009-03-31": "401.26200", "2008-12-31": "456.15200", "2008-09-30": "647.87100", "2008-06-30": "604.37300", "2008-03-31": "606.04500", "2007-12-31": "599.50400", "2007-09-30": "609.99100", "2007-06-30": "288.10900", "2007-03-31": "143.02400", "2006-12-31": "159.52800", "2006-09-30": "-162.40800", "2006-06-30": "-89.78300", "2006-03-31": "-111.30500", "2005-12-31": "-350.36700", "2005-09-30": "-437.63900", "2005-06-30": "-563.25300", "2005-03-31": "-567.40100"}, "Comprehensive Income": {"2020-09-30": "-61.47800", "2020-06-30": "-67.35500", "2020-03-31": "-72.89600", "2019-12-31": "-77.56300", "2019-09-30": "-84.09200", "2019-06-30": "-89.84900", "2019-03-31": "-75.01300", "2018-12-31": "-64.98600", "2018-09-30": "-50.68900", "2018-06-30": "-67.31000", "2018-03-31": "-77.73400", "2017-12-31": "-88.61200", "2017-09-30": "-94.67400", "2017-06-30": "-101.15100", "2017-03-31": "-109.32600", "2016-12-31": "-113.90900", "2016-09-30": "-118.73000", "2016-06-30": "-123.51100", "2016-03-31": "-126.19300", "2015-12-31": "-152.01600", "2015-09-30": "-157.02000", "2015-06-30": "-163.85500", "2015-03-31": "-180.02200", "2014-12-31": "-172.15200", "2014-09-30": "-164.80600", "2014-06-30": "-166.99000", "2014-03-31": "-162.89400", "2013-12-31": "-155.16200", "2013-09-30": "-169.39200", "2013-06-30": "-166.84400", "2013-03-31": "-182.50800", "2012-12-31": "-193.14800", "2012-09-30": "-197.75400", "2012-06-30": "-198.07500", "2012-03-31": "-189.97300", "2011-12-31": "-196.71800", "2011-09-30": "-185.03200", "2011-06-30": "-80.55300", "2011-03-31": "-50.63400", "2010-12-31": "-57.81800", "2010-09-30": "-116.46400", "2010-06-30": "-79.66600", "2010-03-31": "-8.25500", "2009-12-31": "4.68100", "2009-09-30": "-21.63600", "2009-06-30": "-22.22200", "2009-03-31": "-29.28900", "2008-12-31": "-35.79900", "2008-09-30": "-26.67700", "2008-06-30": "-20.24500", "2008-03-31": "-24.91300", "2007-12-31": "-15.88200", "2007-09-30": "-8.66000", "2007-06-30": "-6.86700", "2007-03-31": "-13.56800", "2006-12-31": "-14.01000", "2006-09-30": "-14.62600", "2006-06-30": "-10.92700", "2006-03-31": "-12.36000", "2005-12-31": "-14.47200", "2005-09-30": "-17.56300", "2005-06-30": "-31.87600", "2005-03-31": "-17.62000"}, "Other Share Holders Equity": {"2020-09-30": "", "2020-06-30": "", "2020-03-31": "", "2019-12-31": "", "2019-09-30": "", "2019-06-30": "", "2019-03-31": "", "2018-12-31": "", "2018-09-30": "", "2018-06-30": "", "2018-03-31": "", "2017-12-31": "", "2017-09-30": "", "2017-06-30": "", "2017-03-31": "", "2016-12-31": "", "2016-09-30": "", "2016-06-30": "", "2016-03-31": "", "2015-12-31": "", "2015-09-30": "", "2015-06-30": "", "2015-03-31": "", "2014-12-31": "", "2014-09-30": "", "2014-06-30": "", "2014-03-31": "", "2013-12-31": "", "2013-09-30": "", "2013-06-30": "", "2013-03-31": "", "2012-12-31": "", "2012-09-30": "", "2012-06-30": "", "2012-03-31": "", "2011-12-31": "", "2011-09-30": "", "2011-06-30": "", "2011-03-31": "", "2010-12-31": "", "2010-09-30": "", "2010-06-30": "", "2010-03-31": "", "2009-12-31": "", "2009-09-30": "", "2009-06-30": "", "2009-03-31": "", "2008-12-31": "", "2008-09-30": "", "2008-06-30": "", "2008-03-31": "", "2007-12-31": "", "2007-09-30": "", "2007-06-30": "", "2007-03-31": "", "2006-12-31": "", "2006-09-30": "", "2006-06-30": "", "2006-03-31": "", "2005-12-31": "", "2005-09-30": "", "2005-06-30": "", "2005-03-31": ""}, "Share Holder Equity": {"2020-09-30": "10754.37000", "2020-06-30": "10837.48000", "2020-03-31": "10770.69000", "2019-12-31": "10544.53000", "2019-09-30": "10407.00000", "2019-06-30": "10379.55000", "2019-03-31": "10266.50000", "2018-12-31": "10399.65000", "2018-09-30": "10467.09000", "2018-06-30": "10439.79000", "2018-03-31": "10525.09000", "2017-12-31": "10473.86000", "2017-09-30": "10493.78000", "2017-06-30": "10525.86000", "2017-03-31": "10515.43000", "2016-12-31": "10460.98000", "2016-09-30": "10338.80000", "2016-06-30": "11406.60000", "2016-03-31": "11308.71000", "2015-12-31": "10696.36000", "2015-09-30": "10704.66000", "2015-06-30": "10844.73000", "2015-03-31": "10673.59000", "2014-12-31": "10707.78000", "2014-09-30": "10717.42000", "2014-06-30": "10628.62000", "2014-03-31": "10719.56000", "2013-12-31": "10845.20000", "2013-09-30": "10922.79000", "2013-06-30": "10638.92000", "2013-03-31": "10435.09000", "2012-12-31": "7527.10700", "2012-09-30": "6213.85000", "2012-06-30": "6104.22500", "2012-03-31": "6018.95400", "2011-12-31": "5862.85700", "2011-09-30": "5854.77100", "2011-06-30": "5875.80900", "2011-03-31": "5402.44900", "2010-12-31": "5208.57600", "2010-09-30": "4863.69400", "2010-06-30": "4995.86500", "2010-03-31": "5147.04100", "2009-12-31": "5174.51300", "2009-09-30": "5090.27500", "2009-06-30": "5078.77900", "2009-03-31": "5146.89400", "2008-12-31": "5068.70500", "2008-09-30": "5156.10300", "2008-06-30": "5091.57300", "2008-03-31": "5072.94800", "2007-12-31": "5062.51800", "2007-09-30": "5138.94000", "2007-06-30": "5233.32400", "2007-03-31": "5695.43100", "2006-12-31": "5884.22200", "2006-09-30": "5524.58500", "2006-06-30": "5673.86800", "2006-03-31": "5655.10700", "2005-12-31": "5395.34000", "2005-09-30": "5259.82000", "2005-06-30": "5212.88200", "2005-03-31": "5201.59500"}, "Total Liabilities And Share Holders Equity": {"2020-09-30": "20623.98000", "2020-06-30": "20714.95000", "2020-03-31": "20919.32000", "2019-12-31": "21172.77000", "2019-09-30": "21054.06000", "2019-06-30": "20990.71000", "2019-03-31": "20768.81000", "2018-12-31": "20394.21000", "2018-09-30": "20542.15000", "2018-06-30": "20406.58000", "2018-03-31": "20383.87000", "2017-12-31": "20570.60000", "2017-09-30": "20697.83000", "2017-06-30": "20636.57000", "2017-03-31": "20608.34000", "2016-12-31": "20704.15000", "2016-09-30": "21297.74000", "2016-06-30": "21229.92000", "2016-03-31": "21301.29000", "2015-12-31": "23110.20000", "2015-09-30": "23008.80000", "2015-06-30": "23081.83000", "2015-03-31": "23029.05000", "2014-12-31": "22950.61000", "2014-09-30": "23008.09000", "2014-06-30": "22991.40000", "2014-03-31": "22889.63000", "2013-12-31": "22834.54000", "2013-09-30": "23811.43000", "2013-06-30": "23482.38000", "2013-03-31": "23795.16000", "2012-12-31": "17201.00000", "2012-09-30": "16668.54000", "2012-06-30": "16714.41000", "2012-03-31": "16481.25000", "2011-12-31": "16659.30000", "2011-09-30": "15756.82000", "2011-06-30": "16398.12000", "2011-03-31": "16075.33000", "2010-12-31": "16184.19000", "2010-09-30": "16086.83000", "2010-06-30": "15625.27000", "2010-03-31": "15518.41000", "2009-12-31": "15417.51000", "2009-09-30": "15791.40000", "2009-06-30": "15923.06000", "2009-03-31": "16035.66000", "2008-12-31": "16535.11000", "2008-09-30": "16367.32000", "2008-06-30": "16083.22000", "2008-03-31": "16010.95000", "2007-12-31": "15689.78000", "2007-09-30": "15789.58000", "2007-06-30": "15668.66000", "2007-03-31": "15321.89000", "2006-12-31": "15062.22000", "2006-09-30": "14970.07000", "2006-06-30": "14457.87000", "2006-03-31": "14180.91000", "2005-12-31": "14108.75000", "2005-09-30": "13311.83000", "2005-06-30": "12908.04000", "2005-03-31": "12697.33000"}}, "cash flow statement": {"Net Income/Loss": {"2019-12-31": "1009.70800", "2018-12-31": "685.19200", "2017-12-31": "628.38100", "2016-12-31": "4480.10400", "2015-12-31": "908.01800", "2014-12-31": "658.68300", "2013-12-31": "1905.35300", "2012-12-31": "881.20400", "2011-12-31": "935.19700", "2010-12-31": "295.98300", "2009-12-31": "382.02900", "2008-12-31": "436.41300", "2007-12-31": "1047.35600", "2006-12-31": "1072.84400", "2005-12-31": "861.79300"}, "Total Depreciation And Amortization - Cash Flow": {"2019-12-31": "887.40200", "2018-12-31": "842.64790", "2017-12-31": "778.48600", "2016-12-31": "745.40200", "2015-12-31": "787.58400", "2014-12-31": "775.98500", "2013-12-31": "899.84400", "2012-12-31": "712.39000", "2011-12-31": "683.79210", "2010-12-31": "686.14200", "2009-12-31": "619.92600", "2008-12-31": "623.29100", "2007-12-31": "633.92000", "2006-12-31": "596.10600", "2005-12-31": "533.78200"}, "Other Non-Cash Items": {"2019-12-31": "-469.38000", "2018-12-31": "-197.19400", "2017-12-31": "-128.16800", "2016-12-31": "-3970.81400", "2015-12-31": "-305.40300", "2014-12-31": "-173.58600", "2013-12-31": "-1951.57000", "2012-12-31": "-513.80210", "2011-12-31": "-808.48600", "2010-12-31": "-251.88100", "2009-12-31": "-296.63600", "2008-12-31": "-272.15300", "2007-12-31": "-915.43300", "2006-12-31": "-878.98100", "2005-12-31": "-669.79600"}, "Total Non-Cash Items": {"2019-12-31": "418.02190", "2018-12-31": "645.45400", "2017-12-31": "650.31800", "2016-12-31": "-3225.41200", "2015-12-31": "482.18110", "2014-12-31": "602.39910", "2013-12-31": "-1051.72600", "2012-12-31": "198.58800", "2011-12-31": "-124.69400", "2010-12-31": "434.26100", "2009-12-31": "323.29000", "2008-12-31": "351.13800", "2007-12-31": "-281.51300", "2006-12-31": "-282.87500", "2005-12-31": "-136.01400"}, "Change In Accounts Receivable": {"2019-12-31": "", "2018-12-31": "", "2017-12-31": "", "2016-12-31": "", "2015-12-31": "", "2014-12-31": "", "2013-12-31": "", "2012-12-31": "", "2011-12-31": "", "2010-12-31": "", "2009-12-31": "", "2008-12-31": "", "2007-12-31": "", "2006-12-31": "", "2005-12-31": ""}, "Change In Inventories": {"2019-12-31": "", "2018-12-31": "", "2017-12-31": "", "2016-12-31": "", "2015-12-31": "", "2014-12-31": "", "2013-12-31": "", "2012-12-31": "", "2011-12-31": "", "2010-12-31": "", "2009-12-31": "", "2008-12-31": "", "2007-12-31": "", "2006-12-31": "", "2005-12-31": ""}, "Change In Accounts Payable": {"2019-12-31": "", "2018-12-31": "", "2017-12-31": "", "2016-12-31": "", "2015-12-31": "", "2014-12-31": "", "2013-12-31": "", "2012-12-31": "", "2011-12-31": "", "2010-12-31": "", "2009-12-31": "", "2008-12-31": "", "2007-12-31": "", "2006-12-31": "", "2005-12-31": ""}, "Change In Assets/Liabilities": {"2019-12-31": "20.19500", "2018-12-31": "22.92400", "2017-12-31": "-21.53200", "2016-12-31": "-10.23300", "2015-12-31": "-27.58500", "2014-12-31": "33.96300", "2013-12-31": "18.27900", "2012-12-31": "-19.63700", "2011-12-31": "0.14200", "2010-12-31": "5.24700", "2009-12-31": "12.01400", "2008-12-31": "-20.60700", "2007-12-31": "3.62300", "2006-12-31": "-44.61300", "2005-12-31": "-24.74000"}, "Total Change In Assets/Liabilities": {"2019-12-31": "29.54100", "2018-12-31": "25.64900", "2017-12-31": "-12.91100", "2016-12-31": "-40.56900", "2015-12-31": "-33.57100", "2014-12-31": "62.99100", "2013-12-31": "15.28900", "2012-12-31": "-33.63700", "2011-12-31": "-10.03600", "2010-12-31": "-4.20700", "2009-12-31": "-34.50700", "2008-12-31": "-32.29900", "2007-12-31": "27.40800", "2006-12-31": "-35.05800", "2005-12-31": "-26.96900"}, "Cash Flow From Operating Activities": {"2019-12-31": "1456.98400", "2018-12-31": "1356.29500", "2017-12-31": "1265.78800", "2016-12-31": "1214.12300", "2015-12-31": "1356.62800", "2014-12-31": "1324.07300", "2013-12-31": "868.91600", "2012-12-31": "1046.15500", "2011-12-31": "800.46700", "2010-12-31": "726.03700", "2009-12-31": "670.81200", "2008-12-31": "755.25200", "2007-12-31": "793.23200", "2006-12-31": "755.46600", "2005-12-31": "698.53100"}, "Net Change In Property, Plant, And Equipment": {"2019-12-31": "-833.32900", "2018-12-31": "-364.00310", "2017-12-31": "-562.30600", "2016-12-31": "5874.04600", "2015-12-31": "-666.58890", "2014-12-31": "-668.97200", "2013-12-31": "3925.75400", "2012-12-31": "-136.81510", "2011-12-31": "-213.31900", "2010-12-31": "-789.00990", "2009-12-31": "254.93600", "2008-12-31": "-194.21810", "2007-12-31": "-407.69020", "2006-12-31": "42.97190", "2005-12-31": "-666.10610"}, "Net Change In Intangible Assets": {"2019-12-31": "", "2018-12-31": "", "2017-12-31": "", "2016-12-31": "", "2015-12-31": "", "2014-12-31": "", "2013-12-31": "", "2012-12-31": "", "2011-12-31": "", "2010-12-31": "", "2009-12-31": "", "2008-12-31": "", "2007-12-31": "", "2006-12-31": "", "2005-12-31": ""}, "Net Acquisitions/Divestitures": {"2019-12-31": "", "2018-12-31": "", "2017-12-31": "", "2016-12-31": "", "2015-12-31": "", "2014-12-31": "-44.79600", "2013-12-31": "-4000.87500", "2012-12-31": "", "2011-12-31": "15.55100", "2010-12-31": "-31.16900", "2009-12-31": "-11.48000", "2008-12-31": "-0.02000", "2007-12-31": "", "2006-12-31": "1.36500", "2005-12-31": "-2.05100"}, "Net Change In Short-term Investments": {"2019-12-31": "", "2018-12-31": "", "2017-12-31": "", "2016-12-31": "", "2015-12-31": "", "2014-12-31": "", "2013-12-31": "", "2012-12-31": "", "2011-12-31": "", "2010-12-31": "", "2009-12-31": "", "2008-12-31": "", "2007-12-31": "", "2006-12-31": "", "2005-12-31": ""}, "Net Change In Long-Term Investments": {"2019-12-31": "-9.87300", "2018-12-31": "-6.57100", "2017-12-31": "-6.03400", "2016-12-31": "67.54900", "2015-12-31": "-20.48400", "2014-12-31": "-15.71100", "2013-12-31": "-61.59300", "2012-12-31": "-5.29100", "2011-12-31": "2.51600", "2010-12-31": "25.00000", "2009-12-31": "137.93100", "2008-12-31": "-158.36700", "2007-12-31": "-0.19100", "2006-12-31": "2.94900", "2005-12-31": "80.57400"}, "Net Change In Investments - Total": {"2019-12-31": "-9.87300", "2018-12-31": "-6.57100", "2017-12-31": "-6.03400", "2016-12-31": "67.54900", "2015-12-31": "-20.48400", "2014-12-31": "-15.71100", "2013-12-31": "-61.59300", "2012-12-31": "-5.29100", "2011-12-31": "2.51600", "2010-12-31": "25.00000", "2009-12-31": "137.93100", "2008-12-31": "-158.36700", "2007-12-31": "-0.19100", "2006-12-31": "2.94900", "2005-12-31": "80.57400"}, "Investing Activities - Other": {"2019-12-31": "71.37800", "2018-12-31": "-6.26000", "2017-12-31": "-25.95600", "2016-12-31": "-37.65300", "2015-12-31": "-8.74100", "2014-12-31": "84.81300", "2013-12-31": "129.73700", "2012-12-31": "-119.04900", "2011-12-31": "-1.95600", "2010-12-31": "155.72100", "2009-12-31": "-276.15800", "2008-12-31": "8.57700", "2007-12-31": "207.13200", "2006-12-31": "-306.75800", "2005-12-31": "-4.61800"}, "Cash Flow From Investing Activities": {"2019-12-31": "-771.82400", "2018-12-31": "-376.83400", "2017-12-31": "-594.29600", "2016-12-31": "5903.94200", "2015-12-31": "-695.81400", "2014-12-31": "-644.66600", "2013-12-31": "-6.97700", "2012-12-31": "-261.15500", "2011-12-31": "-197.20800", "2010-12-31": "-639.45800", "2009-12-31": "105.22900", "2008-12-31": "-344.02800", "2007-12-31": "-200.74900", "2006-12-31": "-259.47200", "2005-12-31": "-592.20100"}, "Net Long-Term Debt": {"2019-12-31": "185.67970", "2018-12-31": "-184.02340", "2017-12-31": "-42.13230", "2016-12-31": "-1993.97100", "2015-12-31": "465.14790", "2014-12-31": "-156.38000", "2013-12-31": "-796.90380", "2012-12-31": "-1313.83100", "2011-12-31": "-380.22800", "2010-12-31": "114.47210", "2009-12-31": "-1065.70200", "2008-12-31": "1101.98500", "2007-12-31": "1618.54400", "2006-12-31": "749.68400", "2005-12-31": "114.88100"}, "Net Current Debt": {"2019-12-31": "20.00000", "2018-12-31": "", "2017-12-31": "", "2016-12-31": "", "2015-12-31": "-333.00000", "2014-12-31": "218.00000", "2013-12-31": "115.00000", "2012-12-31": "", "2011-12-31": "", "2010-12-31": "", "2009-12-31": "", "2008-12-31": "-139.00000", "2007-12-31": "-321.00000", "2006-12-31": "-309.00000", "2005-12-31": "619.00000"}, "Debt Issuance/Retirement Net - Total": {"2019-12-31": "205.67970", "2018-12-31": "-184.02340", "2017-12-31": "-42.13230", "2016-12-31": "-1993.97100", "2015-12-31": "132.14790", "2014-12-31": "61.62000", "2013-12-31": "-681.90380", "2012-12-31": "-1313.83100", "2011-12-31": "-380.22800", "2010-12-31": "114.47210", "2009-12-31": "-1065.70200", "2008-12-31": "962.98500", "2007-12-31": "1297.54400", "2006-12-31": "440.68400", "2005-12-31": "733.88100"}, "Net Common Equity Issued/Repurchased": {"2019-12-31": "80.90100", "2018-12-31": "34.53400", "2017-12-31": "35.34000", "2016-12-31": "39.51900", "2015-12-31": "63.91200", "2014-12-31": "84.18800", "2013-12-31": "20.65300", "2012-12-31": "1471.47800", "2011-12-31": "274.06800", "2010-12-31": "404.27300", "2009-12-31": "99.48800", "2008-12-31": "18.25600", "2007-12-31": "-1185.75500", "2006-12-31": "-5.53200", "2005-12-31": "63.14300"}, "Net Total Equity Issued/Repurchased": {"2019-12-31": "80.90100", "2018-12-31": "34.53400", "2017-12-31": "35.34000", "2016-12-31": "39.51900", "2015-12-31": "47.70600", "2014-12-31": "84.18800", "2013-12-31": "20.65300", "2012-12-31": "1321.45500", "2011-12-31": "274.06800", "2010-12-31": "403.39600", "2009-12-31": "99.48800", "2008-12-31": "18.25600", "2007-12-31": "-1360.77900", "2006-12-31": "-146.06900", "2005-12-31": "-208.22200"}, "Total Common And Preferred Stock Dividends Paid": {"2019-12-31": "-834.20100", "2018-12-31": "-785.98500", "2017-12-31": "-742.46600", "2016-12-31": "-4774.04300", "2015-12-31": "-788.10500", "2014-12-31": "-780.80400", "2013-12-31": "-685.75500", "2012-12-31": "-486.86700", "2011-12-31": "-444.85200", "2010-12-31": "-394.44000", "2009-12-31": "-503.09500", "2008-12-31": "-536.73100", "2007-12-31": "-553.74200", "2006-12-31": "-555.45300", "2005-12-31": "-554.87400"}, "Financial Activities - Other": {"2019-12-31": "-136.85100", "2018-12-31": "-28.43500", "2017-12-31": "-40.56000", "2016-12-31": "-325.59600", "2015-12-31": "-57.91600", "2014-12-31": "-57.86500", "2013-12-31": "-73.98900", "2012-12-31": "-77.08800", "2011-12-31": "-99.73400", "2010-12-31": "28.11300", "2009-12-31": "-4.23800", "2008-12-31": "-15.77100", "2007-12-31": "-184.95200", "2006-12-31": "-63.70700", "2005-12-31": "-71.79200"}, "Cash Flow From Financial Activities": {"2019-12-31": "-684.47400", "2018-12-31": "-963.91000", "2017-12-31": "-789.81800", "2016-12-31": "-7054.09200", "2015-12-31": "-666.16700", "2014-12-31": "-692.86100", "2013-12-31": "-1420.99500", "2012-12-31": "-556.33100", "2011-12-31": "-650.74600", "2010-12-31": "151.54100", "2009-12-31": "-1473.54700", "2008-12-31": "428.73900", "2007-12-31": "-801.92900", "2006-12-31": "-324.54500", "2005-12-31": "-101.00700"}, "Net Cash Flow": {"2019-12-31": "0.68600", "2018-12-31": "15.55100", "2017-12-31": "-118.32600", "2016-12-31": "63.97300", "2015-12-31": "-5.35300", "2014-12-31": "-13.45400", "2013-12-31": "-559.05600", "2012-12-31": "228.66900", "2011-12-31": "-47.48700", "2010-12-31": "238.12000", "2009-12-31": "-697.50600", "2008-12-31": "839.96300", "2007-12-31": "-209.44600", "2006-12-31": "171.44900", "2005-12-31": "5.32300"}, "Stock-Based Compensation": {"2019-12-31": "24.44900", "2018-12-31": "27.13200", "2017-12-31": "24.99700", "2016-12-31": "30.53000", "2015-12-31": "34.60700", "2014-12-31": "27.54300", "2013-12-31": "35.47400", "2012-12-31": "24.83200", "2011-12-31": "21.17700", "2010-12-31": "18.87500", "2009-12-31": "17.84300", "2008-12-31": "22.31100", "2007-12-31": "21.63100", "2006-12-31": "22.08000", "2005-12-31": "35.90500"}, "Common Stock Dividends Paid": {"2019-12-31": "-831.11100", "2018-12-31": "-782.12200", "2017-12-31": "-739.37500", "2016-12-31": "-4771.72500", "2015-12-31": "-784.74800", "2014-12-31": "-776.65900", "2013-12-31": "-681.61000", "2012-12-31": "-473.45100", "2011-12-31": "-432.02300", "2010-12-31": "-379.96900", "2009-12-31": "-488.60400", "2008-12-31": "-522.19500", "2007-12-31": "-526.28100", "2006-12-31": "-514.05500", "2005-12-31": "-496.00400"}}, "cash flow statement, quarterly": {"Net Income/Loss": {"2020-09-30": 95.365, "2020-06-30": 271.481, "2020-03-31": "332.67100", "2019-12-31": 301.306, "2019-09-30": 277.846, "2019-06-30": 321.299, "2019-03-31": "109.25700", "2018-12-31": 122.388, "2018-09-30": 223.846, "2018-06-30": 118.41, "2018-03-31": "220.54800", "2017-12-31": 130.084, "2017-09-30": 144.196, "2017-06-30": 204.16, "2017-03-31": "149.94100", "2016-12-31": 302.381, "2016-09-30": 217.492, "2016-06-30": 228.4, "2016-03-31": "3731.83100", "2015-12-31": 213.72, "2015-09-30": 205.456, "2015-06-30": 298.618, "2015-03-31": "190.22400", "2014-12-31": 227.041, "2014-09-30": 231.19, "2014-06-30": 117.72, "2014-03-31": "82.73200", "2013-12-31": 115.87, "2013-09-30": 391.717, "2013-06-30": 336.732, "2013-03-31": "1061.03400", "2012-12-31": 384.399, "2012-09-30": 236.323, "2012-06-30": 108.315, "2012-03-31": "152.16700", "2011-12-31": 107.401, "2011-09-30": 112.977, "2011-06-30": 581.753, "2011-03-31": "133.06600", "2010-12-31": 198.212, "2010-09-30": 29.826, "2010-06-30": 10.089, "2010-03-31": "57.85600", "2009-12-31": 47.311, "2009-09-30": 143.365, "2009-06-30": 105.932, "2009-03-31": "85.42100", "2008-12-31": -38.233, "2008-09-30": 187.125, "2008-06-30": 139.993, "2008-03-31": "147.52800", "2007-12-31": 181.011, "2007-09-30": 457.707, "2007-06-30": 282.401, "2007-03-31": "126.23700", "2006-12-31": 465.061, "2006-09-30": 69.811, "2006-06-30": 160.157, "2006-03-31": "377.81500", "2005-12-31": 225.886, "2005-09-30": 267.524, "2005-06-30": 141.344, "2005-03-31": "227.03900"}, "Total Depreciation And Amortization - Cash Flow": {"2020-09-30": 212.736, "2020-06-30": 217.993, "2020-03-31": "224.35900", "2019-12-31": 227.837, "2019-09-30": 215.451, "2019-06-30": 227.951, "2019-03-31": "216.16300", "2018-12-31": 211.1779, "2018-09-30": 221.68, "2018-06-30": 202.384, "2018-03-31": "207.40600", "2017-12-31": 210.318, "2017-09-30": 192.567, "2017-06-30": 187.771, "2017-03-31": "187.83000", "2016-12-31": 185.735, "2016-09-30": 187.368, "2016-06-30": 184.147, "2016-03-31": "188.15200", "2015-12-31": 186.689, "2015-09-30": 202.134, "2015-06-30": 200.351, "2015-03-31": "198.41000", "2014-12-31": 195.828, "2014-09-30": 195.206, "2014-06-30": 195.105, "2014-03-31": "189.84600", "2013-12-31": 73.598, "2013-09-30": 274.214, "2013-06-30": 323.458, "2013-03-31": "228.57400", "2012-12-31": 180.355, "2012-09-30": 173.495, "2012-06-30": 178.596, "2012-03-31": "179.94400", "2011-12-31": 172.0551, "2011-09-30": 170.284, "2011-06-30": 167.821, "2011-03-31": "173.63200", "2010-12-31": 173.034, "2010-09-30": 177.595, "2010-06-30": 178.424, "2010-03-31": "157.08900", "2009-12-31": 155.105, "2009-09-30": 154.247, "2009-06-30": 155.331, "2009-03-31": "155.24300", "2008-12-31": 163.651, "2008-09-30": 157.902, "2008-06-30": 150.479, "2008-03-31": "151.25900", "2007-12-31": 161.734, "2007-09-30": 155.285, "2007-06-30": 160.841, "2007-03-31": "156.06000", "2006-12-31": 152.759, "2006-09-30": 143.927, "2006-06-30": 151.509, "2006-03-31": "147.91100", "2005-12-31": 138.077, "2005-09-30": 133.269, "2005-06-30": 131.554, "2005-03-31": "130.88200"}, "Other Non-Cash Items": {"2020-09-30": 6.682, "2020-06-30": -135.942, "2020-03-31": "-197.22400", "2019-12-31": -161.739, "2019-09-30": -122.726, "2019-06-30": -197.589, "2019-03-31": "12.67400", "2018-12-31": 7.55, "2018-09-30": -105.991, "2018-06-30": 8.549, "2018-03-31": "-107.30200", "2017-12-31": -6.007, "2017-09-30": -10.489, "2017-06-30": -77.779, "2017-03-31": "-33.89300", "2016-12-31": -50.963, "2016-09-30": -98.801, "2016-06-30": -98.452, "2016-03-31": "-3722.59800", "2015-12-31": -33.147, "2015-09-30": -55.6, "2015-06-30": -148.386, "2015-03-31": "-68.27000", "2014-12-31": -84.322, "2014-09-30": -108.008, "2014-06-30": 3.053, "2014-03-31": "15.69100", "2013-12-31": -40.272, "2013-09-30": -388.414, "2013-06-30": -383.354, "2013-03-31": "-1139.53000", "2012-12-31": -233.7881, "2012-09-30": -96.643, "2012-06-30": -60.505, "2012-03-31": "-122.86600", "2011-12-31": -61.724, "2011-09-30": -78.347, "2011-06-30": -552.909, "2011-03-31": "-115.50600", "2010-12-31": -174.586, "2010-09-30": -25.458, "2010-06-30": 1.348, "2010-03-31": "-53.18500", "2009-12-31": -35.448, "2009-09-30": -128.969, "2009-06-30": -71.064, "2009-03-31": "-61.15500", "2008-12-31": 76.382, "2008-09-30": -146.434, "2008-06-30": -85.873, "2008-03-31": "-116.22800", "2007-12-31": -137.7041, "2007-09-30": -429.1149, "2007-06-30": -250.9, "2007-03-31": "-97.71400", "2006-12-31": -418.932, "2006-09-30": -13.342, "2006-06-30": -113.382, "2006-03-31": "-333.32500", "2005-12-31": -190.399, "2005-09-30": -218.649, "2005-06-30": -85.592, "2005-03-31": "-175.15600"}, "Total Non-Cash Items": {"2020-09-30": 219.4181, "2020-06-30": 82.051, "2020-03-31": "27.13500", "2019-12-31": 66.0979, "2019-09-30": 92.725, "2019-06-30": 30.362, "2019-03-31": "228.83700", "2018-12-31": 218.728, "2018-09-30": 115.689, "2018-06-30": 210.933, "2018-03-31": "100.10400", "2017-12-31": 204.311, "2017-09-30": 182.078, "2017-06-30": 109.992, "2017-03-31": "153.93700", "2016-12-31": 134.772, "2016-09-30": 88.567, "2016-06-30": 85.695, "2016-03-31": "-3534.44600", "2015-12-31": 153.5421, "2015-09-30": 146.534, "2015-06-30": 51.965, "2015-03-31": "130.14000", "2014-12-31": 111.5062, "2014-09-30": 87.1979, "2014-06-30": 198.158, "2014-03-31": "205.53700", "2013-12-31": 33.326, "2013-09-30": -114.1999, "2013-06-30": -59.8961, "2013-03-31": "-910.95600", "2012-12-31": -53.433, "2012-09-30": 76.852, "2012-06-30": 118.091, "2012-03-31": "57.07800", "2011-12-31": 110.331, "2011-09-30": 91.937, "2011-06-30": -385.088, "2011-03-31": "58.12600", "2010-12-31": -1.552, "2010-09-30": 152.137, "2010-06-30": 179.772, "2010-03-31": "103.90400", "2009-12-31": 119.657, "2009-09-30": 25.278, "2009-06-30": 84.267, "2009-03-31": "94.08800", "2008-12-31": 240.033, "2008-09-30": 11.468, "2008-06-30": 64.606, "2008-03-31": "35.03100", "2007-12-31": 24.03, "2007-09-30": -273.83, "2007-06-30": -90.059, "2007-03-31": "58.34600", "2006-12-31": -266.173, "2006-09-30": 130.585, "2006-06-30": 38.127, "2006-03-31": "-185.41400", "2005-12-31": -52.322, "2005-09-30": -85.38, "2005-06-30": 45.962, "2005-03-31": "-44.27400"}, "Change In Accounts Receivable": {"2020-09-30": 0, "2020-06-30": 0, "2020-03-31": "", "2019-12-31": 0, "2019-09-30": 0, "2019-06-30": 0, "2019-03-31": "", "2018-12-31": 0, "2018-09-30": 0, "2018-06-30": 0, "2018-03-31": "", "2017-12-31": 0, "2017-09-30": 0, "2017-06-30": 0, "2017-03-31": "", "2016-12-31": 0, "2016-09-30": 0, "2016-06-30": 0, "2016-03-31": "", "2015-12-31": 0, "2015-09-30": 0, "2015-06-30": 0, "2015-03-31": "", "2014-12-31": 0, "2014-09-30": 0, "2014-06-30": 0, "2014-03-31": "", "2013-12-31": 0, "2013-09-30": 0, "2013-06-30": 0, "2013-03-31": "", "2012-12-31": 0, "2012-09-30": 0, "2012-06-30": 0, "2012-03-31": "", "2011-12-31": 0, "2011-09-30": 0, "2011-06-30": 0, "2011-03-31": "", "2010-12-31": 0, "2010-09-30": 0, "2010-06-30": 0, "2010-03-31": "", "2009-12-31": 0, "2009-09-30": 0, "2009-06-30": 0, "2009-03-31": "", "2008-12-31": 0, "2008-09-30": 0, "2008-06-30": 0, "2008-03-31": "", "2007-12-31": 0, "2007-09-30": 0, "2007-06-30": 0, "2007-03-31": "", "2006-12-31": 0, "2006-09-30": 0, "2006-06-30": 0, "2006-03-31": "", "2005-12-31": -0.762, "2005-09-30": 0.002, "2005-06-30": -0.574, "2005-03-31": "1.33400"}, "Change In Inventories": {"2020-09-30": 0, "2020-06-30": 0, "2020-03-31": "", "2019-12-31": 0, "2019-09-30": 0, "2019-06-30": 0, "2019-03-31": "", "2018-12-31": 0, "2018-09-30": 0, "2018-06-30": 0, "2018-03-31": "", "2017-12-31": 0, "2017-09-30": 0, "2017-06-30": 0, "2017-03-31": "", "2016-12-31": 0, "2016-09-30": 0, "2016-06-30": 0, "2016-03-31": "", "2015-12-31": 0, "2015-09-30": 0, "2015-06-30": 0, "2015-03-31": "", "2014-12-31": 0, "2014-09-30": 0, "2014-06-30": 0, "2014-03-31": "", "2013-12-31": 0, "2013-09-30": 0, "2013-06-30": 0, "2013-03-31": "", "2012-12-31": 0, "2012-09-30": 0, "2012-06-30": 0, "2012-03-31": "", "2011-12-31": 0, "2011-09-30": 0, "2011-06-30": 0, "2011-03-31": "", "2010-12-31": 0, "2010-09-30": 0, "2010-06-30": 0, "2010-03-31": "", "2009-12-31": 0, "2009-09-30": 0, "2009-06-30": 0, "2009-03-31": "", "2008-12-31": 0, "2008-09-30": 0, "2008-06-30": 0, "2008-03-31": "", "2007-12-31": 0, "2007-09-30": 0, "2007-06-30": 0, "2007-03-31": "", "2006-12-31": 0, "2006-09-30": 0, "2006-06-30": 0, "2006-03-31": "", "2005-12-31": 0, "2005-09-30": 0, "2005-06-30": 0, "2005-03-31": ""}, "Change In Accounts Payable": {"2020-09-30": 0, "2020-06-30": 0, "2020-03-31": "", "2019-12-31": 0, "2019-09-30": 0, "2019-06-30": 0, "2019-03-31": "", "2018-12-31": 0, "2018-09-30": 0, "2018-06-30": 0, "2018-03-31": "", "2017-12-31": 0, "2017-09-30": 0, "2017-06-30": 0, "2017-03-31": "", "2016-12-31": 0, "2016-09-30": 0, "2016-06-30": 0, "2016-03-31": "", "2015-12-31": 0, "2015-09-30": 0, "2015-06-30": 0, "2015-03-31": "", "2014-12-31": 0, "2014-09-30": 0, "2014-06-30": 0, "2014-03-31": "", "2013-12-31": 0, "2013-09-30": 0, "2013-06-30": 0, "2013-03-31": "", "2012-12-31": 0, "2012-09-30": 0, "2012-06-30": 0, "2012-03-31": "", "2011-12-31": 0, "2011-09-30": 0, "2011-06-30": 0, "2011-03-31": "", "2010-12-31": 0, "2010-09-30": 0, "2010-06-30": 0, "2010-03-31": "", "2009-12-31": 0, "2009-09-30": 0, "2009-06-30": 0, "2009-03-31": "", "2008-12-31": 0, "2008-09-30": 0, "2008-06-30": 0, "2008-03-31": "", "2007-12-31": 0, "2007-09-30": 0, "2007-06-30": 0, "2007-03-31": "", "2006-12-31": 0, "2006-09-30": 0, "2006-06-30": 0, "2006-03-31": "", "2005-12-31": 0, "2005-09-30": 0, "2005-06-30": 0, "2005-03-31": ""}, "Change In Assets/Liabilities": {"2020-09-30": 37.911, "2020-06-30": -45.942, "2020-03-31": "-40.80600", "2019-12-31": 55.288, "2019-09-30": -12.14, "2019-06-30": 16.791, "2019-03-31": "-39.74400", "2018-12-31": 38.116, "2018-09-30": -19.949, "2018-06-30": 25.106, "2018-03-31": "-20.34900", "2017-12-31": 27.136, "2017-09-30": 22.629, "2017-06-30": -15.414, "2017-03-31": "-55.88300", "2016-12-31": 13.576, "2016-09-30": -6.614, "2016-06-30": -4.045, "2016-03-31": "-13.15000", "2015-12-31": -8.066, "2015-09-30": -3.678, "2015-06-30": -2.792, "2015-03-31": "-13.04900", "2014-12-31": 26.721, "2014-09-30": 30.941, "2014-06-30": -17.218, "2014-03-31": "-6.48100", "2013-12-31": 18.443, "2013-09-30": 33.491, "2013-06-30": -28.554, "2013-03-31": "-5.10100", "2012-12-31": -74.45, "2012-09-30": -63.917, "2012-06-30": 126.714, "2012-03-31": "-7.98400", "2011-12-31": 10.734, "2011-09-30": 13.906, "2011-06-30": -2.962, "2011-03-31": "-21.53600", "2010-12-31": 12.963, "2010-09-30": 13.16, "2010-06-30": -5.042, "2010-03-31": "-15.83400", "2009-12-31": 12.776, "2009-09-30": 11.371, "2009-06-30": 5.373, "2009-03-31": "-17.50600", "2008-12-31": 15.568, "2008-09-30": -8.173, "2008-06-30": -17.161, "2008-03-31": "-10.84100", "2007-12-31": 15.189, "2007-09-30": 19.585, "2007-06-30": -18.041, "2007-03-31": "-13.11000", "2006-12-31": -8.03, "2006-09-30": 7.573, "2006-06-30": -16.786, "2006-03-31": "-27.37000", "2005-12-31": -28.92, "2005-09-30": 17.686, "2005-06-30": -7.208, "2005-03-31": "-6.29800"}, "Total Change In Assets/Liabilities": {"2020-09-30": 84.455, "2020-06-30": -100.897, "2020-03-31": "20.84000", "2019-12-31": -4.313, "2019-09-30": 32.836, "2019-06-30": -34.433, "2019-03-31": "35.45100", "2018-12-31": -29.012, "2018-09-30": 19.202, "2018-06-30": -4.907, "2018-03-31": "40.36600", "2017-12-31": -38.743, "2017-09-30": 84.749, "2017-06-30": -58.943, "2017-03-31": "0.02600", "2016-12-31": -42.351, "2016-09-30": 38.186, "2016-06-30": -40.401, "2016-03-31": "3.99700", "2015-12-31": -73.98, "2015-09-30": 36.309, "2015-06-30": -23.431, "2015-03-31": "27.53100", "2014-12-31": -28.745, "2014-09-30": 76.404, "2014-06-30": -33.281, "2014-03-31": "48.61300", "2013-12-31": -47.373, "2013-09-30": 71.757, "2013-06-30": -52.531, "2013-03-31": "43.43600", "2012-12-31": -146.677, "2012-09-30": -36.058, "2012-06-30": 124.098, "2012-03-31": "25.00000", "2011-12-31": -31.316, "2011-09-30": 16.66, "2011-06-30": 8.284, "2011-03-31": "-3.66400", "2010-12-31": -31.304, "2010-09-30": 21.971, "2010-06-30": 14.766, "2010-03-31": "-9.64000", "2009-12-31": -28.424, "2009-09-30": -1.985, "2009-06-30": 32.96, "2009-03-31": "-37.05800", "2008-12-31": -17.057, "2008-09-30": -17.21, "2008-06-30": 18.051, "2008-03-31": "-16.08300", "2007-12-31": -0.462, "2007-09-30": 49.002, "2007-06-30": -3.649, "2007-03-31": "-17.48300", "2006-12-31": -28.712, "2006-09-30": 20.607, "2006-06-30": 4.37, "2006-03-31": "-31.32300", "2005-12-31": -51.228, "2005-09-30": 37.333, "2005-06-30": -7.22, "2005-03-31": "-5.85400"}, "Cash Flow From Operating Activities": {"2020-09-30": 399.238, "2020-06-30": 252.635, "2020-03-31": "382.45100", "2019-12-31": 362.804, "2019-09-30": 403.407, "2019-06-30": 317.228, "2019-03-31": "373.54500", "2018-12-31": 312.104, "2018-09-30": 358.737, "2018-06-30": 324.436, "2018-03-31": "361.01800", "2017-12-31": 295.652, "2017-09-30": 411.023, "2017-06-30": 255.209, "2017-03-31": "303.90400", "2016-12-31": 394.802, "2016-09-30": 344.245, "2016-06-30": 273.694, "2016-03-31": "201.38200", "2015-12-31": 293.282, "2015-09-30": 388.299, "2015-06-30": 327.152, "2015-03-31": "347.89500", "2014-12-31": 309.802, "2014-09-30": 394.792, "2014-06-30": 282.597, "2014-03-31": "336.88200", "2013-12-31": 101.823, "2013-09-30": 349.274, "2013-06-30": 224.305, "2013-03-31": "193.51400", "2012-12-31": 184.289, "2012-09-30": 277.117, "2012-06-30": 350.504, "2012-03-31": "234.24500", "2011-12-31": 186.416, "2011-09-30": 221.574, "2011-06-30": 204.949, "2011-03-31": "187.52800", "2010-12-31": 165.356, "2010-09-30": 203.934, "2010-06-30": 204.627, "2010-03-31": "152.12000", "2009-12-31": 138.544, "2009-09-30": 166.658, "2009-06-30": 223.159, "2009-03-31": "142.45100", "2008-12-31": 184.743, "2008-09-30": 181.383, "2008-06-30": 222.65, "2008-03-31": "166.47600", "2007-12-31": 204.396, "2007-09-30": 233.043, "2007-06-30": 188.693, "2007-03-31": "167.10000", "2006-12-31": 170.177, "2006-09-30": 221.558, "2006-06-30": 202.654, "2006-03-31": "161.07700", "2005-12-31": 121.577, "2005-09-30": 219.956, "2005-06-30": 180.087, "2005-03-31": "176.91100"}, "Net Change In Property, Plant, And Equipment": {"2020-09-30": -146.073, "2020-06-30": 302.282, "2020-03-31": "273.30200", "2019-12-31": -111.03, "2019-09-30": -286.4019, "2019-06-30": -96.5961, "2019-03-31": "-339.30100", "2018-12-31": -104.5901, "2018-09-30": -181.273, "2018-06-30": -229.925, "2018-03-31": "151.78500", "2017-12-31": -74.69, "2017-09-30": -462.01, "2017-06-30": 37.207, "2017-03-31": "-62.81300", "2016-12-31": 79.321, "2016-09-30": -69.214, "2016-06-30": -94.014, "2016-03-31": "5957.95300", "2015-12-31": -341.9329, "2015-09-30": -159.264, "2015-06-30": -116.77, "2015-03-31": "-48.62200", "2014-12-31": 27.466, "2014-09-30": -154.944, "2014-06-30": -238.269, "2014-03-31": "-303.22500", "2013-12-31": -43.456, "2013-09-30": 528.148, "2013-06-30": 579.437, "2013-03-31": "2861.62500", "2012-12-31": 255.8829, "2012-09-30": -53.709, "2012-06-30": -291.819, "2012-03-31": "-47.17000", "2011-12-31": -776.503, "2011-09-30": -23.016, "2011-06-30": 514.264, "2011-03-31": "71.93600", "2010-12-31": 382.6641, "2010-09-30": -465.472, "2010-06-30": -255.61, "2010-03-31": "-450.59200", "2009-12-31": -93.14, "2009-09-30": 258.146, "2009-06-30": 66.303, "2009-03-31": "23.62700", "2008-12-31": -146.3581, "2008-09-30": 165.023, "2008-06-30": -287.62, "2008-03-31": "74.73700", "2007-12-31": -137.6563, "2007-09-30": 350.6761, "2007-06-30": -85.226, "2007-03-31": "-535.48400", "2006-12-31": 757.5217, "2006-09-30": -576.0027, "2006-06-30": -416.6791, "2006-03-31": "278.13200", "2005-12-31": -964.193, "2005-09-30": 284.6309, "2005-06-30": -170.1171, "2005-03-31": "183.57310"}, "Net Change In Intangible Assets": {"2020-09-30": 0, "2020-06-30": 0, "2020-03-31": "", "2019-12-31": 0, "2019-09-30": 0, "2019-06-30": 0, "2019-03-31": "", "2018-12-31": 0, "2018-09-30": 0, "2018-06-30": 0, "2018-03-31": "", "2017-12-31": 0, "2017-09-30": 0, "2017-06-30": 0, "2017-03-31": "", "2016-12-31": 0, "2016-09-30": 0, "2016-06-30": 0, "2016-03-31": "", "2015-12-31": 0, "2015-09-30": 0, "2015-06-30": 0, "2015-03-31": "", "2014-12-31": 0, "2014-09-30": 0, "2014-06-30": 0, "2014-03-31": "", "2013-12-31": 0, "2013-09-30": 0, "2013-06-30": 0, "2013-03-31": "", "2012-12-31": 0, "2012-09-30": 0, "2012-06-30": 0, "2012-03-31": "", "2011-12-31": 0, "2011-09-30": 0, "2011-06-30": 0, "2011-03-31": "", "2010-12-31": 0, "2010-09-30": 0, "2010-06-30": 0, "2010-03-31": "", "2009-12-31": 0, "2009-09-30": 0, "2009-06-30": 0, "2009-03-31": "", "2008-12-31": 0, "2008-09-30": 0, "2008-06-30": 0, "2008-03-31": "", "2007-12-31": 0, "2007-09-30": 0, "2007-06-30": 0, "2007-03-31": "", "2006-12-31": 0, "2006-09-30": 0, "2006-06-30": 0, "2006-03-31": "", "2005-12-31": 0, "2005-09-30": 0, "2005-06-30": 0, "2005-03-31": ""}, "Net Acquisitions/Divestitures": {"2020-09-30": 0, "2020-06-30": 0, "2020-03-31": "", "2019-12-31": 0, "2019-09-30": 0, "2019-06-30": 0, "2019-03-31": "", "2018-12-31": 0, "2018-09-30": 0, "2018-06-30": 0, "2018-03-31": "", "2017-12-31": 0, "2017-09-30": 0, "2017-06-30": 0, "2017-03-31": "", "2016-12-31": 0, "2016-09-30": 0, "2016-06-30": 0, "2016-03-31": "", "2015-12-31": 0, "2015-09-30": 0, "2015-06-30": 0, "2015-03-31": "", "2014-12-31": -44.796, "2014-09-30": 0, "2014-06-30": 0, "2014-03-31": "", "2013-12-31": 0, "2013-09-30": 0, "2013-06-30": -0.232, "2013-03-31": "-4000.64300", "2012-12-31": 0.087, "2012-09-30": 0, "2012-06-30": -0.087, "2012-03-31": "", "2011-12-31": 0, "2011-09-30": 24.126, "2011-06-30": -8.071, "2011-03-31": "-0.50400", "2010-12-31": -2.379, "2010-09-30": -1.784, "2010-06-30": -27.006, "2010-03-31": "", "2009-12-31": 0, "2009-09-30": -2.26, "2009-06-30": -6.397, "2009-03-31": "-2.82300", "2008-12-31": 0, "2008-09-30": 0, "2008-06-30": 0, "2008-03-31": "-0.02000", "2007-12-31": 0, "2007-09-30": 0, "2007-06-30": 0, "2007-03-31": "", "2006-12-31": 0, "2006-09-30": -0.058, "2006-06-30": -0.012, "2006-03-31": "1.43500", "2005-12-31": -0.274, "2005-09-30": -0.569, "2005-06-30": -0.066, "2005-03-31": "-1.14200"}, "Net Change In Short-term Investments": {"2020-09-30": 0, "2020-06-30": 0, "2020-03-31": "", "2019-12-31": 0, "2019-09-30": 0, "2019-06-30": 0, "2019-03-31": "", "2018-12-31": 0, "2018-09-30": 0, "2018-06-30": 0, "2018-03-31": "", "2017-12-31": 0, "2017-09-30": 0, "2017-06-30": 0, "2017-03-31": "", "2016-12-31": 0, "2016-09-30": 0, "2016-06-30": 0, "2016-03-31": "", "2015-12-31": 0, "2015-09-30": 0, "2015-06-30": 0, "2015-03-31": "", "2014-12-31": 0, "2014-09-30": 0, "2014-06-30": 0, "2014-03-31": "", "2013-12-31": 0, "2013-09-30": 0, "2013-06-30": 0, "2013-03-31": "", "2012-12-31": 0, "2012-09-30": 0, "2012-06-30": 0, "2012-03-31": "", "2011-12-31": 0, "2011-09-30": 0, "2011-06-30": 0, "2011-03-31": "", "2010-12-31": 0, "2010-09-30": 0, "2010-06-30": 0, "2010-03-31": "", "2009-12-31": 0, "2009-09-30": 0, "2009-06-30": 0, "2009-03-31": "", "2008-12-31": 0, "2008-09-30": 0, "2008-06-30": 0, "2008-03-31": "", "2007-12-31": 0, "2007-09-30": 0, "2007-06-30": 0, "2007-03-31": "", "2006-12-31": 0, "2006-09-30": 0, "2006-06-30": 0, "2006-03-31": "", "2005-12-31": 0, "2005-09-30": 0, "2005-06-30": 0, "2005-03-31": ""}, "Net Change In Long-Term Investments": {"2020-09-30": -1.038, "2020-06-30": -0.676, "2020-03-31": "-5.45900", "2019-12-31": -0.531, "2019-09-30": -0.501, "2019-06-30": -2.309, "2019-03-31": "-6.53200", "2018-12-31": -1.711, "2018-09-30": -1.761, "2018-06-30": -0.3, "2018-03-31": "-2.79900", "2017-12-31": -0.71, "2017-09-30": -2.836, "2017-06-30": -0.784, "2017-03-31": "-1.70400", "2016-12-31": -1.44, "2016-09-30": 2.29, "2016-06-30": 66.169, "2016-03-31": "0.53000", "2015-12-31": 2.127, "2015-09-30": -18.212, "2015-06-30": -1.989, "2015-03-31": "-2.41000", "2014-12-31": -1.2, "2014-09-30": -5.014, "2014-06-30": -3.264, "2014-03-31": "-6.23300", "2013-12-31": -3.058, "2013-09-30": -4.848, "2013-06-30": -53.404, "2013-03-31": "-0.28300", "2012-12-31": 0.132, "2012-09-30": -0.003, "2012-06-30": -3.024, "2012-03-31": "-2.39600", "2011-12-31": -1.156, "2011-09-30": 4.084, "2011-06-30": -0.046, "2011-03-31": "-0.36600", "2010-12-31": 0, "2010-09-30": 0, "2010-06-30": 25, "2010-03-31": "", "2009-12-31": -25, "2009-09-30": 34.061, "2009-06-30": 166.692, "2009-03-31": "-37.82200", "2008-12-31": -158.367, "2008-09-30": 0, "2008-06-30": 0, "2008-03-31": "", "2007-12-31": 0, "2007-09-30": -0.004, "2007-06-30": -0.187, "2007-03-31": "", "2006-12-31": 0.265, "2006-09-30": 3.714, "2006-06-30": -0.02, "2006-03-31": "-1.01000", "2005-12-31": -0.103, "2005-09-30": -0.967, "2005-06-30": 24.855, "2005-03-31": "56.78900"}, "Net Change In Investments - Total": {"2020-09-30": -1.038, "2020-06-30": -0.676, "2020-03-31": "-5.45900", "2019-12-31": -0.531, "2019-09-30": -0.501, "2019-06-30": -2.309, "2019-03-31": "-6.53200", "2018-12-31": -1.711, "2018-09-30": -1.761, "2018-06-30": -0.3, "2018-03-31": "-2.79900", "2017-12-31": -0.71, "2017-09-30": -2.836, "2017-06-30": -0.784, "2017-03-31": "-1.70400", "2016-12-31": -1.44, "2016-09-30": 2.29, "2016-06-30": 66.169, "2016-03-31": "0.53000", "2015-12-31": 2.127, "2015-09-30": -18.212, "2015-06-30": -1.989, "2015-03-31": "-2.41000", "2014-12-31": -1.2, "2014-09-30": -5.014, "2014-06-30": -3.264, "2014-03-31": "-6.23300", "2013-12-31": -3.058, "2013-09-30": -4.848, "2013-06-30": -53.404, "2013-03-31": "-0.28300", "2012-12-31": 0.132, "2012-09-30": -0.003, "2012-06-30": -3.024, "2012-03-31": "-2.39600", "2011-12-31": -1.156, "2011-09-30": 4.084, "2011-06-30": -0.046, "2011-03-31": "-0.36600", "2010-12-31": 0, "2010-09-30": 0, "2010-06-30": 25, "2010-03-31": "", "2009-12-31": -25, "2009-09-30": 34.061, "2009-06-30": 166.692, "2009-03-31": "-37.82200", "2008-12-31": -158.367, "2008-09-30": 0, "2008-06-30": 0, "2008-03-31": "", "2007-12-31": 0, "2007-09-30": -0.004, "2007-06-30": -0.187, "2007-03-31": "", "2006-12-31": 0.265, "2006-09-30": 3.714, "2006-06-30": -0.02, "2006-03-31": "-1.01000", "2005-12-31": -0.103, "2005-09-30": -0.967, "2005-06-30": 24.855, "2005-03-31": "56.78900"}, "Investing Activities - Other": {"2020-09-30": -1.778, "2020-06-30": -2.268, "2020-03-31": "-1.83400", "2019-12-31": -2.083, "2019-09-30": -2.122, "2019-06-30": 76.785, "2019-03-31": "-1.20200", "2018-12-31": -1.713, "2018-09-30": -1.61, "2018-06-30": -1.249, "2018-03-31": "-1.68800", "2017-12-31": -3.121, "2017-09-30": -6.322, "2017-06-30": -8.388, "2017-03-31": "-8.12500", "2016-12-31": 73.896, "2016-09-30": -52.918, "2016-06-30": 148.616, "2016-03-31": "-207.24700", "2015-12-31": 54.704, "2015-09-30": -27.687, "2015-06-30": 92.432, "2015-03-31": "-128.19000", "2014-12-31": 24.506, "2014-09-30": -1.064, "2014-06-30": 53.67, "2014-03-31": "7.70100", "2013-12-31": -18.301, "2013-09-30": 97.086, "2013-06-30": -46.776, "2013-03-31": "97.72800", "2012-12-31": -136.632, "2012-09-30": 65.892, "2012-06-30": -16.01, "2012-03-31": "-32.29900", "2011-12-31": 212.229, "2011-09-30": -41.038, "2011-06-30": -64.075, "2011-03-31": "-109.07200", "2010-12-31": -107.214, "2010-09-30": 41.368, "2010-06-30": 45.809, "2010-03-31": "175.75800", "2009-12-31": -6.535, "2009-09-30": -223.925, "2009-06-30": 7.683, "2009-03-31": "-53.38100", "2008-12-31": 221.286, "2008-09-30": -212.361, "2008-06-30": -20.669, "2008-03-31": "20.32100", "2007-12-31": 171.512, "2007-09-30": -129.046, "2007-06-30": -47.794, "2007-03-31": "212.46000", "2006-12-31": -307.567, "2006-09-30": -8.832, "2006-06-30": 55.929, "2006-03-31": "-46.28800", "2005-12-31": 172.888, "2005-09-30": -84.619, "2005-06-30": 14.238, "2005-03-31": "-107.12500"}, "Cash Flow From Investing Activities": {"2020-09-30": -148.889, "2020-06-30": 299.338, "2020-03-31": "266.00900", "2019-12-31": -113.644, "2019-09-30": -289.025, "2019-06-30": -22.12, "2019-03-31": "-347.03500", "2018-12-31": -108.014, "2018-09-30": -184.644, "2018-06-30": -231.474, "2018-03-31": "147.29800", "2017-12-31": -78.521, "2017-09-30": -471.168, "2017-06-30": 28.035, "2017-03-31": "-72.64200", "2016-12-31": 151.777, "2016-09-30": -119.842, "2016-06-30": 120.771, "2016-03-31": "5751.23600", "2015-12-31": -285.102, "2015-09-30": -205.163, "2015-06-30": -26.327, "2015-03-31": "-179.22200", "2014-12-31": 5.976, "2014-09-30": -161.022, "2014-06-30": -187.863, "2014-03-31": "-301.75700", "2013-12-31": -64.815, "2013-09-30": 620.386, "2013-06-30": 479.025, "2013-03-31": "-1041.57300", "2012-12-31": 119.47, "2012-09-30": 12.18, "2012-06-30": -310.94, "2012-03-31": "-81.86500", "2011-12-31": -565.43, "2011-09-30": -35.844, "2011-06-30": 442.072, "2011-03-31": "-38.00600", "2010-12-31": 273.071, "2010-09-30": -425.888, "2010-06-30": -211.807, "2010-03-31": "-274.83400", "2009-12-31": -124.675, "2009-09-30": 66.022, "2009-06-30": 234.281, "2009-03-31": "-70.39900", "2008-12-31": -83.439, "2008-09-30": -47.338, "2008-06-30": -308.289, "2008-03-31": "95.03800", "2007-12-31": 33.856, "2007-09-30": 221.626, "2007-06-30": -133.207, "2007-03-31": "-323.02400", "2006-12-31": 450.22, "2006-09-30": -581.179, "2006-06-30": -360.782, "2006-03-31": "232.26900", "2005-12-31": -791.682, "2005-09-30": 198.476, "2005-06-30": -131.09, "2005-03-31": "132.09500"}, "Net Long-Term Debt": {"2020-09-30": -27.9849, "2020-06-30": -211.0161, "2020-03-31": "-387.04490", "2019-12-31": 21.5859, "2019-09-30": -131.2128, "2019-06-30": 163.145, "2019-03-31": "132.16160", "2018-12-31": -5.6562, "2018-09-30": 7.4849, "2018-06-30": 132.0457, "2018-03-31": "-317.89780", "2017-12-31": -35.9184, "2017-09-30": 285.8911, "2017-06-30": -233.0549, "2017-03-31": "-59.05010", "2016-12-31": 465.445, "2016-09-30": -10.489, "2016-06-30": -76.43, "2016-03-31": "-2372.49700", "2015-12-31": 174.134, "2015-09-30": -28.2849, "2015-06-30": 102.7428, "2015-03-31": "216.55600", "2014-12-31": -27.9669, "2014-09-30": -563.6261, "2014-06-30": 438.247, "2014-03-31": "-3.03400", "2013-12-31": -937.1157, "2013-09-30": -1.7882, "2013-06-30": -20.7359, "2013-03-31": "162.73600", "2012-12-31": -769.008, "2012-09-30": -84.627, "2012-06-30": -154.568, "2012-03-31": "-305.62800", "2011-12-31": 914.012, "2011-09-30": -695.531, "2011-06-30": -301.364, "2011-03-31": "-297.34500", "2010-12-31": -101.3619, "2010-09-30": 519.196, "2010-06-30": -205.558, "2010-03-31": "-97.80400", "2009-12-31": -429.456, "2009-09-30": -141.687, "2009-06-30": -98.209, "2009-03-31": "-396.35000", "2008-12-31": 385.415, "2008-09-30": 241.506, "2008-06-30": -13.506, "2008-03-31": "488.57000", "2007-12-31": 449.675, "2007-09-30": 286.447, "2007-06-30": 990.52, "2007-03-31": "-108.09800", "2006-12-31": -256.828, "2006-09-30": 645.699, "2006-06-30": -58.033, "2006-03-31": "418.84600", "2005-12-31": -67.207, "2005-09-30": 365.237, "2005-06-30": -73.609, "2005-03-31": "-109.54000"}, "Net Current Debt": {"2020-09-30": 0, "2020-06-30": 0, "2020-03-31": "-20.00000", "2019-12-31": 20, "2019-09-30": 0, "2019-06-30": 0, "2019-03-31": "", "2018-12-31": 0, "2018-09-30": 0, "2018-06-30": 0, "2018-03-31": "", "2017-12-31": 0, "2017-09-30": -265, "2017-06-30": 265, "2017-03-31": "", "2016-12-31": 0, "2016-09-30": 0, "2016-06-30": 0, "2016-03-31": "", "2015-12-31": 0, "2015-09-30": 0, "2015-06-30": -130, "2015-03-31": "-203.00000", "2014-12-31": -113, "2014-09-30": 446, "2014-06-30": -298, "2014-03-31": "183.00000", "2013-12-31": 115, "2013-09-30": 0, "2013-06-30": -395, "2013-03-31": "395.00000", "2012-12-31": -7, "2012-09-30": -28, "2012-06-30": 35, "2012-03-31": "", "2011-12-31": -26, "2011-09-30": 26, "2011-06-30": 0, "2011-03-31": "", "2010-12-31": -146, "2010-09-30": -174, "2010-06-30": 229, "2010-03-31": "91.00000", "2009-12-31": 0, "2009-09-30": 0, "2009-06-30": 0, "2009-03-31": "", "2008-12-31": 0, "2008-09-30": 0, "2008-06-30": 0, "2008-03-31": "-139.00000", "2007-12-31": -501, "2007-09-30": -140, "2007-06-30": -167.5, "2007-03-31": "487.50000", "2006-12-31": -46, "2006-09-30": -41, "2006-06-30": 402, "2006-03-31": "-624.00000", "2005-12-31": 769, "2005-09-30": -428, "2005-06-30": 265, "2005-03-31": "13.00000"}, "Debt Issuance/Retirement Net - Total": {"2020-09-30": -27.9849, "2020-06-30": -211.0161, "2020-03-31": "-407.04490", "2019-12-31": 41.5859, "2019-09-30": -131.2128, "2019-06-30": 163.145, "2019-03-31": "132.16160", "2018-12-31": -5.6562, "2018-09-30": 7.4849, "2018-06-30": 132.0457, "2018-03-31": "-317.89780", "2017-12-31": -35.9184, "2017-09-30": 20.8911, "2017-06-30": 31.9451, "2017-03-31": "-59.05010", "2016-12-31": 465.445, "2016-09-30": -10.489, "2016-06-30": -76.43, "2016-03-31": "-2372.49700", "2015-12-31": 174.134, "2015-09-30": -28.2849, "2015-06-30": -27.2572, "2015-03-31": "13.55600", "2014-12-31": -140.9669, "2014-09-30": -117.6261, "2014-06-30": 140.247, "2014-03-31": "179.96600", "2013-12-31": -822.1157, "2013-09-30": -1.7882, "2013-06-30": -415.7359, "2013-03-31": "557.73600", "2012-12-31": -776.008, "2012-09-30": -112.627, "2012-06-30": -119.568, "2012-03-31": "-305.62800", "2011-12-31": 888.012, "2011-09-30": -669.531, "2011-06-30": -301.364, "2011-03-31": "-297.34500", "2010-12-31": -247.3619, "2010-09-30": 345.196, "2010-06-30": 23.442, "2010-03-31": "-6.80400", "2009-12-31": -429.456, "2009-09-30": -141.687, "2009-06-30": -98.209, "2009-03-31": "-396.35000", "2008-12-31": 385.415, "2008-09-30": 241.506, "2008-06-30": -13.506, "2008-03-31": "349.57000", "2007-12-31": -51.325, "2007-09-30": 146.447, "2007-06-30": 823.02, "2007-03-31": "379.40200", "2006-12-31": -302.828, "2006-09-30": 604.699, "2006-06-30": 343.967, "2006-03-31": "-205.15400", "2005-12-31": 701.793, "2005-09-30": -62.763, "2005-06-30": 191.391, "2005-03-31": "-96.54000"}, "Net Common Equity Issued/Repurchased": {"2020-09-30": 1.301, "2020-06-30": 1.661, "2020-03-31": "12.02000", "2019-12-31": 11.512, "2019-09-30": 19.25, "2019-06-30": 19.153, "2019-03-31": "30.98600", "2018-12-31": 25.46, "2018-09-30": 4.276, "2018-06-30": 1.517, "2018-03-31": "3.28100", "2017-12-31": 19.41, "2017-09-30": 5.676, "2017-06-30": 5.538, "2017-03-31": "4.71600", "2016-12-31": 9.802, "2016-09-30": 1.553, "2016-06-30": 6.495, "2016-03-31": "21.66900", "2015-12-31": 23.489, "2015-09-30": 3.829, "2015-06-30": 2.454, "2015-03-31": "34.14000", "2014-12-31": 26.683, "2014-09-30": 31.379, "2014-06-30": 10.377, "2014-03-31": "15.74900", "2013-12-31": 1.636, "2013-09-30": 2.769, "2013-06-30": 7.311, "2013-03-31": "8.93700", "2012-12-31": 1199, "2012-09-30": 84.616, "2012-06-30": 12.656, "2012-03-31": "175.20600", "2011-12-31": 20.629, "2011-09-30": 11.896, "2011-06-30": 51.574, "2011-03-31": "189.96900", "2010-12-31": 270.62, "2010-09-30": 14.829, "2010-06-30": 25.662, "2010-03-31": "93.16200", "2009-12-31": 88.494, "2009-09-30": 8.03, "2009-06-30": 1.196, "2009-03-31": "1.76800", "2008-12-31": 7.334, "2008-09-30": 10.598, "2008-06-30": 5.507, "2008-03-31": "-5.18300", "2007-12-31": -65.496, "2007-09-30": -297.196, "2007-06-30": -690.697, "2007-03-31": "-132.36600", "2006-12-31": 20.654, "2006-09-30": 26.418, "2006-06-30": -33.309, "2006-03-31": "-19.29500", "2005-12-31": 21.164, "2005-09-30": 15.043, "2005-06-30": 12.122, "2005-03-31": "14.81400"}, "Net Total Equity Issued/Repurchased": {"2020-09-30": 1.301, "2020-06-30": 1.661, "2020-03-31": "12.02000", "2019-12-31": 11.512, "2019-09-30": 19.25, "2019-06-30": 19.153, "2019-03-31": "30.98600", "2018-12-31": 25.46, "2018-09-30": 4.276, "2018-06-30": 1.517, "2018-03-31": "3.28100", "2017-12-31": 19.41, "2017-09-30": 5.676, "2017-06-30": 5.538, "2017-03-31": "4.71600", "2016-12-31": 9.802, "2016-09-30": 1.553, "2016-06-30": 6.495, "2016-03-31": "21.66900", "2015-12-31": 19.892, "2015-09-30": 3.829, "2015-06-30": 2.454, "2015-03-31": "21.53100", "2014-12-31": 26.683, "2014-09-30": 31.379, "2014-06-30": 10.377, "2014-03-31": "15.74900", "2013-12-31": 1.636, "2013-09-30": 2.769, "2013-06-30": 7.311, "2013-03-31": "8.93700", "2012-12-31": 1198.998, "2012-09-30": -65.405, "2012-06-30": 12.656, "2012-03-31": "175.20600", "2011-12-31": 20.629, "2011-09-30": 11.896, "2011-06-30": 51.574, "2011-03-31": "189.96900", "2010-12-31": 269.743, "2010-09-30": 14.829, "2010-06-30": 25.662, "2010-03-31": "93.16200", "2009-12-31": 88.494, "2009-09-30": 8.03, "2009-06-30": 1.196, "2009-03-31": "1.76800", "2008-12-31": 7.338, "2008-09-30": 10.594, "2008-06-30": 5.507, "2008-03-31": "-5.18300", "2007-12-31": -65.506, "2007-09-30": -472.21, "2007-06-30": -690.697, "2007-03-31": "-132.36600", "2006-12-31": 20.631, "2006-09-30": -88.587, "2006-06-30": -33.318, "2006-03-31": "-44.79500", "2005-12-31": -103.879, "2005-09-30": 15.021, "2005-06-30": -68.178, "2005-03-31": "-51.18600"}, "Total Common And Preferred Stock Dividends Paid": {"2020-09-30": -225.014, "2020-06-30": -224.96, "2020-03-31": "-212.01200", "2019-12-31": -211.492, "2019-09-30": -211.993, "2019-06-30": -210.967, "2019-03-31": "-199.74900", "2018-12-31": -200.483, "2018-09-30": -199.642, "2018-06-30": -199.603, "2018-03-31": "-186.25700", "2017-12-31": -185.881, "2017-09-30": -185.023, "2017-06-30": -185.715, "2017-03-31": "-185.84700", "2016-12-31": -1280.887, "2016-09-30": -184.907, "2016-06-30": -184.824, "2016-03-31": "-3123.42500", "2015-12-31": -201.98, "2015-09-30": -201.96, "2015-06-30": -201.866, "2015-03-31": "-182.29900", "2014-12-31": -182.131, "2014-09-30": -181.758, "2014-06-30": -181.597, "2014-03-31": "-235.31800", "2013-12-31": -145.182, "2013-09-30": -146.19, "2013-06-30": -145.053, "2013-03-31": "-249.33000", "2012-12-31": -104.204, "2012-09-30": -105.975, "2012-06-30": -104.872, "2012-03-31": "-171.81600", "2011-12-31": -102.525, "2011-09-30": -103.399, "2011-06-30": -102.807, "2011-03-31": "-136.12100", "2010-12-31": -99.397, "2010-09-30": -99.262, "2010-06-30": -98.844, "2010-03-31": "-96.93700", "2009-12-31": -96.439, "2009-09-30": -135.773, "2009-06-30": -135.692, "2009-03-31": "-135.19100", "2008-12-31": -134.755, "2008-09-30": -134.275, "2008-06-30": -133.949, "2008-03-31": "-133.75200", "2007-12-31": -130.072, "2007-09-30": -137.319, "2007-06-30": -142.868, "2007-03-31": "-143.48300", "2006-12-31": -136.821, "2006-09-30": -139.189, "2006-06-30": -139.245, "2006-03-31": "-140.19800", "2005-12-31": -137.769, "2005-09-30": -138.36, "2005-06-30": -138.465, "2005-03-31": "-140.28000"}, "Financial Activities - Other": {"2020-09-30": -8.97, "2020-06-30": -12.895, "2020-03-31": "-17.65200", "2019-12-31": -58.36, "2019-09-30": -15.298, "2019-06-30": -50.477, "2019-03-31": "-12.71600", "2018-12-31": 4.153, "2018-09-30": 13.66, "2018-06-30": -32.755, "2018-03-31": "-13.49300", "2017-12-31": -8.156, "2017-09-30": -0.336, "2017-06-30": -8.122, "2017-03-31": "-23.94600", "2016-12-31": -152.275, "2016-09-30": -10.817, "2016-06-30": -9.912, "2016-03-31": "-152.59200", "2015-12-31": -2.865, "2015-09-30": -11.463, "2015-06-30": -31.465, "2015-03-31": "-12.12300", "2014-12-31": -10.761, "2014-09-30": -10.419, "2014-06-30": -24.838, "2014-03-31": "-11.84700", "2013-12-31": 9.427, "2013-09-30": -4.254, "2013-06-30": -53.375, "2013-03-31": "-25.78700", "2012-12-31": -55.578, "2012-09-30": -4.252, "2012-06-30": -2.823, "2012-03-31": "-14.43500", "2011-12-31": -89.167, "2011-09-30": 16.526, "2011-06-30": 4.268, "2011-03-31": "-31.36100", "2010-12-31": 26.337, "2010-09-30": -43.131, "2010-06-30": 44.716, "2010-03-31": "0.19100", "2009-12-31": -20.768, "2009-09-30": 6.843, "2009-06-30": 14.164, "2009-03-31": "-4.47700", "2008-12-31": 1.442, "2008-09-30": 4.58, "2008-06-30": -1.462, "2008-03-31": "-20.33100", "2007-12-31": -3.252, "2007-09-30": 4.881, "2007-06-30": -150.417, "2007-03-31": "-36.16400", "2006-12-31": -17.426, "2006-09-30": -13.15, "2006-06-30": -27.881, "2006-03-31": "-5.25000", "2005-12-31": -8.145, "2005-09-30": -28.149, "2005-06-30": -22.061, "2005-03-31": "-13.43700"}, "Cash Flow From Financial Activities": {"2020-09-30": -260.668, "2020-06-30": -447.21, "2020-03-31": "-624.68900", "2019-12-31": -216.757, "2019-09-30": -339.254, "2019-06-30": -79.146, "2019-03-31": "-49.31700", "2018-12-31": -176.527, "2018-09-30": -174.22, "2018-06-30": -98.796, "2018-03-31": "-514.36700", "2017-12-31": -210.545, "2017-09-30": -158.792, "2017-06-30": -156.354, "2017-03-31": "-264.12700", "2016-12-31": -957.916, "2016-09-30": -204.66, "2016-06-30": -264.671, "2016-03-31": "-5626.84500", "2015-12-31": -10.819, "2015-09-30": -237.879, "2015-06-30": -258.134, "2015-03-31": "-159.33500", "2014-12-31": -307.176, "2014-09-30": -278.424, "2014-06-30": -55.811, "2014-03-31": "-51.45000", "2013-12-31": -956.235, "2013-09-30": -149.463, "2013-06-30": -606.853, "2013-03-31": "291.55600", "2012-12-31": 263.208, "2012-09-30": -288.259, "2012-06-30": -214.607, "2012-03-31": "-316.67300", "2011-12-31": 716.949, "2011-09-30": -744.508, "2011-06-30": -348.329, "2011-03-31": "-274.85800", "2010-12-31": -50.679, "2010-09-30": 217.632, "2010-06-30": -5.024, "2010-03-31": "-10.38800", "2009-12-31": -458.169, "2009-09-30": -262.587, "2009-06-30": -218.541, "2009-03-31": "-534.25000", "2008-12-31": 259.44, "2008-09-30": 122.405, "2008-06-30": -143.41, "2008-03-31": "190.30400", "2007-12-31": -250.155, "2007-09-30": -458.201, "2007-06-30": -160.962, "2007-03-31": "67.38900", "2006-12-31": -436.444, "2006-09-30": 363.773, "2006-06-30": 143.523, "2006-03-31": "-395.39700", "2005-12-31": 452, "2005-09-30": -214.251, "2005-06-30": -37.313, "2005-03-31": "-301.44300"}, "Net Cash Flow": {"2020-09-30": -10.319, "2020-06-30": 104.763, "2020-03-31": "23.77100", "2019-12-31": 32.403, "2019-09-30": -224.872, "2019-06-30": 215.962, "2019-03-31": "-22.80700", "2018-12-31": 27.563, "2018-09-30": -0.127, "2018-06-30": -5.834, "2018-03-31": "-6.05100", "2017-12-31": 6.586, "2017-09-30": -218.937, "2017-06-30": 126.89, "2017-03-31": "-32.86500", "2016-12-31": -411.337, "2016-09-30": 19.743, "2016-06-30": 129.794, "2016-03-31": "325.77300", "2015-12-31": -2.639, "2015-09-30": -54.743, "2015-06-30": 42.691, "2015-03-31": "9.33800", "2014-12-31": 8.602, "2014-09-30": -44.654, "2014-06-30": 38.923, "2014-03-31": "-16.32500", "2013-12-31": -919.227, "2013-09-30": 820.197, "2013-06-30": 96.477, "2013-03-31": "-556.50300", "2012-12-31": 566.967, "2012-09-30": 1.038, "2012-06-30": -175.043, "2012-03-31": "-164.29300", "2011-12-31": 337.935, "2011-09-30": -558.778, "2011-06-30": 298.692, "2011-03-31": "-125.33600", "2010-12-31": 387.748, "2010-09-30": -4.322, "2010-06-30": -12.204, "2010-03-31": "-133.10200", "2009-12-31": -444.3, "2009-09-30": -29.907, "2009-06-30": 238.899, "2009-03-31": "-462.19800", "2008-12-31": 360.744, "2008-09-30": 256.45, "2008-06-30": -229.049, "2008-03-31": "451.81800", "2007-12-31": -11.903, "2007-09-30": -3.532, "2007-06-30": -105.476, "2007-03-31": "-88.53500", "2006-12-31": 183.953, "2006-09-30": 4.152, "2006-06-30": -14.605, "2006-03-31": "-2.05100", "2005-12-31": -218.105, "2005-09-30": 204.181, "2005-06-30": 11.684, "2005-03-31": "7.56300"}, "Stock-Based Compensation": {"2020-09-30": 4.8, "2020-06-30": 5.631, "2020-03-31": "7.84400", "2019-12-31": 3.672, "2019-09-30": 3.995, "2019-06-30": 6.976, "2019-03-31": "9.80600", "2018-12-31": 4.862, "2018-09-30": 5.238, "2018-06-30": 6.754, "2018-03-31": "10.27800", "2017-12-31": 4.998, "2017-09-30": 4.972, "2017-06-30": 7.154, "2017-03-31": "7.87300", "2016-12-31": 4.99, "2016-09-30": 4.811, "2016-06-30": 10.762, "2016-03-31": "9.96700", "2015-12-31": 5.338, "2015-09-30": 5.252, "2015-06-30": 10.407, "2015-03-31": "13.61000", "2014-12-31": 2.896, "2014-09-30": 2.742, "2014-06-30": 8.924, "2014-03-31": "12.98100", "2013-12-31": 6.455, "2013-09-30": 6.93, "2013-06-30": 11.853, "2013-03-31": "10.23600", "2012-12-31": 3.996, "2012-09-30": 3.958, "2012-06-30": 7.91, "2012-03-31": "8.96800", "2011-12-31": 4.455, "2011-09-30": 4.333, "2011-06-30": 5.865, "2011-03-31": "6.52400", "2010-12-31": 4.159, "2010-09-30": 3.79, "2010-06-30": 5.169, "2010-03-31": "5.75700", "2009-12-31": 3.868, "2009-09-30": 4.442, "2009-06-30": 4.613, "2009-03-31": "4.92000", "2008-12-31": 5.558, "2008-09-30": 5.076, "2008-06-30": 5.682, "2008-03-31": "5.99500", "2007-12-31": 6.668, "2007-09-30": 4.72, "2007-06-30": 5.341, "2007-03-31": "4.90200", "2006-12-31": 3.679, "2006-09-30": 7.543, "2006-06-30": 4.564, "2006-03-31": "6.29400", "2005-12-31": 9.106, "2005-09-30": 8.73, "2005-06-30": 8.134, "2005-03-31": "9.93500"}, "Common Stock Dividends Paid": {"2020-09-30": -224.241, "2020-06-30": -224.188, "2020-03-31": "-211.23900", "2019-12-31": -210.72, "2019-09-30": -210.448, "2019-06-30": -210.194, "2019-03-31": "-199.74900", "2018-12-31": -198.938, "2018-09-30": -198.869, "2018-06-30": -198.831, "2018-03-31": "-185.48400", "2017-12-31": -185.108, "2017-09-30": -185.023, "2017-06-30": -184.942, "2017-03-31": "-184.30200", "2016-12-31": -1280.887, "2016-09-30": -184.134, "2016-06-30": -184.052, "2016-03-31": "-3122.65200", "2015-12-31": -201.18, "2015-09-30": -201.127, "2015-06-30": -201.033, "2015-03-31": "-181.40800", "2014-12-31": -181.095, "2014-09-30": -180.721, "2014-06-30": -180.561, "2014-03-31": "-234.28200", "2013-12-31": -144.146, "2013-09-30": -144.117, "2013-06-30": -144.017, "2013-03-31": "-249.33000", "2012-12-31": -102.132, "2012-09-30": -101.564, "2012-06-30": -101.405, "2012-03-31": "-168.35000", "2011-12-31": -100.095, "2011-09-30": -99.933, "2011-06-30": -99.34, "2011-03-31": "-132.65500", "2010-12-31": -95.784, "2010-09-30": -95.642, "2010-06-30": -95.226, "2010-03-31": "-93.31700", "2009-12-31": -92.818, "2009-09-30": -132.15, "2009-06-30": -132.069, "2009-03-31": "-131.56700", "2008-12-31": -131.123, "2008-09-30": -130.646, "2008-06-30": -130.313, "2008-03-31": "-130.11300", "2007-12-31": -125.374, "2007-09-30": -129.858, "2007-06-30": -135.22, "2007-03-31": "-135.82900", "2006-12-31": -129.154, "2006-09-30": -128.31, "2006-06-30": -128.68, "2006-03-31": "-127.91100", "2005-12-31": -124.631, "2005-09-30": -124.18, "2005-06-30": -123.955, "2005-03-31": "-123.23800"}}, "financial ratios": {"Current Ratio": {"2019-12-31": "", "2018-12-31": "", "2017-12-31": "", "2016-12-31": "", "2015-12-31": "", "2014-12-31": "", "2013-12-31": "", "2012-12-31": "", "2011-12-31": "", "2010-12-31": "", "2009-12-31": "", "2008-12-31": "", "2007-12-31": "", "2006-12-31": "", "2005-12-31": ""}, "Long-term Debt / Capital": {"2019-12-31": "0.46150", "2018-12-31": "0.45880", "2017-12-31": "0.46100", "2016-12-31": "0.46210", "2015-12-31": "0.50520", "2014-12-31": "0.50320", "2013-12-31": "0.49820", "2012-12-31": "0.53120", "2011-12-31": "0.62380", "2010-12-31": "0.65640", "2009-12-31": "0.64480", "2008-12-31": "0.67410", "2007-12-31": "0.65260", "2006-12-31": "0.57790", "2005-12-31": "0.58450"}, "Debt/Equity Ratio": {"2019-12-31": "0.85700", "2018-12-31": "0.84790", "2017-12-31": "0.85520", "2016-12-31": "0.85910", "2015-12-31": "1.02100", "2014-12-31": "1.01280", "2013-12-31": "0.99270", "2012-12-31": "1.13310", "2011-12-31": "1.65810", "2010-12-31": "1.90990", "2009-12-31": "1.81520", "2008-12-31": "2.06840", "2007-12-31": "1.87830", "2006-12-31": "1.36940", "2005-12-31": "1.40700"}, "Gross Margin": {"2019-12-31": "", "2018-12-31": "", "2017-12-31": "", "2016-12-31": "", "2015-12-31": "", "2014-12-31": "", "2013-12-31": "", "2012-12-31": "", "2011-12-31": "", "2010-12-31": "", "2009-12-31": "", "2008-12-31": "", "2007-12-31": "", "2006-12-31": "", "2005-12-31": ""}, "Operating Margin": {"2019-12-31": "50.22240", "2018-12-31": "43.25770", "2017-12-31": "40.64600", "2016-12-31": "35.29090", "2015-12-31": "36.76690", "2014-12-31": "35.24790", "2013-12-31": "21.45670", "2012-12-31": "29.41870", "2011-12-31": "26.65250", "2010-12-31": "20.79230", "2009-12-31": "26.37680", "2008-12-31": "22.46260", "2007-12-31": "27.16090", "2006-12-31": "25.37160", "2005-12-31": "25.47140"}, "EBIT Margin": {"2019-12-31": "50.22240", "2018-12-31": "43.25770", "2017-12-31": "40.64600", "2016-12-31": "35.29090", "2015-12-31": "36.76690", "2014-12-31": "35.24790", "2013-12-31": "21.45670", "2012-12-31": "29.41870", "2011-12-31": "26.65250", "2010-12-31": "20.79230", "2009-12-31": "26.37680", "2008-12-31": "22.46260", "2007-12-31": "27.16090", "2006-12-31": "25.37160", "2005-12-31": "25.47140"}, "EBITDA Margin": {"2019-12-31": "83.07600", "2018-12-31": "75.93830", "2017-12-31": "72.14570", "2016-12-31": "66.01900", "2015-12-31": "65.45880", "2014-12-31": "64.92520", "2013-12-31": "59.14330", "2012-12-31": "70.18490", "2011-12-31": "71.48480", "2010-12-31": "61.76310", "2009-12-31": "64.17200", "2008-12-31": "55.49360", "2007-12-31": "61.91440", "2006-12-31": "60.38430", "2005-12-31": "61.16380"}, "Pre-Tax Profit Margin": {"2019-12-31": "34.78020", "2018-12-31": "26.71200", "2017-12-31": "24.80620", "2016-12-31": "17.17420", "2015-12-31": "20.34200", "2014-12-31": "17.15210", "2013-12-31": "-5.07080", "2012-12-31": "9.20320", "2011-12-31": "-5.01250", "2010-12-31": "-7.69020", "2009-12-31": "-3.83270", "2008-12-31": "-2.14730", "2007-12-31": "0.78120", "2006-12-31": "2.18430", "2005-12-31": "5.96750"}, "Net Profit Margin": {"2019-12-31": "35.81120", "2018-12-31": "25.38150", "2017-12-31": "24.29240", "2016-12-31": "176.81060", "2015-12-31": "31.44950", "2014-12-31": "23.98560", "2013-12-31": "76.49480", "2012-12-31": "47.27960", "2011-12-31": "57.67820", "2010-12-31": "16.07690", "2009-12-31": "21.20410", "2008-12-31": "20.83290", "2007-12-31": "52.15010", "2006-12-31": "60.60150", "2005-12-31": "54.01450"}, "Asset Turnover": {"2019-12-31": "0.12760", "2018-12-31": "0.12640", "2017-12-31": "0.12010", "2016-12-31": "0.11720", "2015-12-31": "0.11880", "2014-12-31": "0.11390", "2013-12-31": "0.10460", "2012-12-31": "0.10160", "2011-12-31": "0.09160", "2010-12-31": "0.10350", "2009-12-31": "0.10640", "2008-12-31": "0.11410", "2007-12-31": "0.11630", "2006-12-31": "0.11300", "2005-12-31": "0.10600"}, "Inventory Turnover Ratio": {"2019-12-31": "", "2018-12-31": "", "2017-12-31": "", "2016-12-31": "", "2015-12-31": "", "2014-12-31": "", "2013-12-31": "", "2012-12-31": "", "2011-12-31": "", "2010-12-31": "", "2009-12-31": "", "2008-12-31": "", "2007-12-31": "", "2006-12-31": "", "2005-12-31": ""}, "Receiveable Turnover": {"2019-12-31": "", "2018-12-31": "", "2017-12-31": "", "2016-12-31": "", "2015-12-31": "", "2014-12-31": "", "2013-12-31": "", "2012-12-31": "", "2011-12-31": "", "2010-12-31": "", "2009-12-31": "", "2008-12-31": "", "2007-12-31": "", "2006-12-31": "", "2005-12-31": ""}, "Days Sales In Receivables": {"2019-12-31": "", "2018-12-31": "", "2017-12-31": "", "2016-12-31": "", "2015-12-31": "", "2014-12-31": "", "2013-12-31": "", "2012-12-31": "", "2011-12-31": "", "2010-12-31": "", "2009-12-31": "", "2008-12-31": "", "2007-12-31": "", "2006-12-31": "", "2005-12-31": ""}, "ROE - Return On Equity": {"2019-12-31": "9.60960", "2018-12-31": "6.61230", "2017-12-31": "6.02090", "2016-12-31": "42.97500", "2015-12-31": "8.51500", "2014-12-31": "6.16550", "2013-12-31": "-1.55790", "2012-12-31": "2.14390", "2011-12-31": "-1.28810", "2010-12-31": "-2.05860", "2009-12-31": "-1.16210", "2008-12-31": "-0.82420", "2007-12-31": "0.43380", "2006-12-31": "0.55100", "2005-12-31": "2.17750"}, "Return On Tangible Equity": {"2019-12-31": "9.57570", "2018-12-31": "6.58860", "2017-12-31": "5.99950", "2016-12-31": "42.82190", "2015-12-31": "8.48530", "2014-12-31": "6.13670", "2013-12-31": "-1.55070", "2012-12-31": "2.12960", "2011-12-31": "-1.24410", "2010-12-31": "-1.97960", "2009-12-31": "-1.11520", "2008-12-31": "-0.79020", "2007-12-31": "0.41590", "2006-12-31": "0.51480", "2005-12-31": "1.98510"}, "ROA - Return On Assets": {"2019-12-31": "4.76890", "2018-12-31": "3.35970", "2017-12-31": "3.05480", "2016-12-31": "21.63620", "2015-12-31": "3.92740", "2014-12-31": "2.86310", "2013-12-31": "-0.73650", "2012-12-31": "0.93190", "2011-12-31": "-0.43780", "2010-12-31": "-0.63710", "2009-12-31": "-0.37430", "2008-12-31": "-0.24220", "2007-12-31": "0.13420", "2006-12-31": "0.20110", "2005-12-31": "0.75490"}, "ROI - Return On Investment": {"2019-12-31": "5.15640", "2018-12-31": "3.56540", "2017-12-31": "3.23390", "2016-12-31": "23.03340", "2015-12-31": "4.19850", "2014-12-31": "3.04880", "2013-12-31": "-0.77820", "2012-12-31": "0.99830", "2011-12-31": "-0.46810", "2010-12-31": "-0.68030", "2009-12-31": "-0.39610", "2008-12-31": "-0.25750", "2007-12-31": "0.14450", "2006-12-31": "0.21730", "2005-12-31": "0.82020"}, "Book Value Per Share": {"2019-12-31": "28.37060", "2018-12-31": "28.15240", "2017-12-31": "28.46020", "2016-12-31": "28.59200", "2015-12-31": "29.32480", "2014-12-31": "29.50980", "2013-12-31": "30.08550", "2012-12-31": "23.15640", "2011-12-31": "19.70660", "2010-12-31": "17.94840", "2009-12-31": "18.48310", "2008-12-31": "18.58120", "2007-12-31": "18.78100", "2006-12-31": "20.04490", "2005-12-31": "18.63440"}, "Operating Cash Flow Per Share": {"2019-12-31": 0.2365, "2018-12-31": 0.2271, "2017-12-31": 0.1293, "2016-12-31": -0.3859, "2015-12-31": 0.059, "2014-12-31": 1.0528, "2013-12-31": -0.8191, "2012-12-31": 0.5568, "2011-12-31": 0.1483, "2010-12-31": 0.1148, "2009-12-31": -0.3454, "2008-12-31": -0.0419, "2007-12-31": 0.2341, "2006-12-31": 0.3573, "2005-12-31": 2.2476}, "Free Cash Flow Per Share": {"2019-12-31": -0.9718, "2018-12-31": 0.7478, "2017-12-31": -16.7175, "2016-12-31": 16.7429, "2015-12-31": 0.0786, "2014-12-31": -11.7983, "2013-12-31": 10.6888, "2012-12-31": 0.8525, "2011-12-31": 2.2139, "2010-12-31": -3.6061, "2009-12-31": 1.3057, "2008-12-31": 0.6979, "2007-12-31": -1.3732, "2006-12-31": 2.6488, "2005-12-31": 0.1043}}, "financial ratios, quarterly": {"Current Ratio": {"2020-09-30": "", "2020-06-30": "", "2020-03-31": "", "2019-12-31": "", "2019-09-30": "", "2019-06-30": "", "2019-03-31": "", "2018-12-31": "", "2018-09-30": "", "2018-06-30": "", "2018-03-31": "", "2017-12-31": "", "2017-09-30": "", "2017-06-30": "", "2017-03-31": "", "2016-12-31": "", "2016-09-30": "", "2016-06-30": "", "2016-03-31": "", "2015-12-31": "", "2015-09-30": "", "2015-06-30": "", "2015-03-31": "", "2014-12-31": "", "2014-09-30": "", "2014-06-30": "", "2014-03-31": "", "2013-12-31": "", "2013-09-30": "", "2013-06-30": "", "2013-03-31": "", "2012-12-31": "", "2012-09-30": "", "2012-06-30": "", "2012-03-31": "", "2011-12-31": "", "2011-09-30": "", "2011-06-30": "", "2011-03-31": "", "2010-12-31": "", "2010-09-30": "", "2010-06-30": "", "2010-03-31": "", "2009-12-31": "", "2009-09-30": "", "2009-06-30": "", "2009-03-31": "", "2008-12-31": "", "2008-09-30": "", "2008-06-30": "", "2008-03-31": "", "2007-12-31": "", "2007-09-30": "", "2007-06-30": "", "2007-03-31": "", "2006-12-31": "", "2006-09-30": "", "2006-06-30": "", "2006-03-31": "", "2005-12-31": "", "2005-09-30": "", "2005-06-30": "", "2005-03-31": ""}, "Long-term Debt / Capital": {"2020-09-30": "0.43840", "2020-06-30": "0.43730", "2020-03-31": "0.44490", "2019-12-31": "0.46150", "2019-09-30": "0.46350", "2019-06-30": "0.46800", "2019-03-31": "0.46580", "2018-12-31": "0.45880", "2018-09-30": "0.45740", "2018-06-30": "0.45660", "2018-03-31": "0.45140", "2017-12-31": "0.46100", "2017-09-30": "0.46150", "2017-06-30": "0.45990", "2017-03-31": "0.45920", "2016-12-31": "0.46210", "2016-09-30": "0.45120", "2016-06-30": "0.42730", "2016-03-31": "0.43150", "2015-12-31": "0.50520", "2015-09-30": "0.50230", "2015-06-30": "0.49960", "2015-03-31": "0.50430", "2014-12-31": "0.50320", "2014-09-30": "0.50550", "2014-06-30": "0.51040", "2014-03-31": "0.50520", "2013-12-31": "0.49820", "2013-09-30": "0.51730", "2013-06-30": "0.52430", "2013-03-31": "0.53810", "2012-12-31": "0.53120", "2012-09-30": "0.59970", "2012-06-30": "0.60610", "2012-03-31": "0.61000", "2011-12-31": "0.62380", "2011-09-30": "0.59990", "2011-06-30": "0.61660", "2011-03-31": "0.64170", "2010-12-31": "0.65640", "2010-09-30": "0.67660", "2010-06-30": "0.65910", "2010-03-31": "0.64850", "2009-12-31": "0.64480", "2009-09-30": "0.65900", "2009-06-30": "0.66260", "2009-03-31": "0.66200", "2008-12-31": "0.67410", "2008-09-30": "0.66210", "2008-06-30": "0.65970", "2008-03-31": "0.66040", "2007-12-31": "0.65260", "2007-09-30": "0.64960", "2007-06-30": "0.64070", "2007-03-31": "0.59800", "2006-12-31": "0.57790", "2006-09-30": "0.60120", "2006-06-30": "0.57540", "2006-03-31": "0.56810", "2005-12-31": "0.58450", "2005-09-30": "0.56270", "2005-06-30": "0.56070", "2005-03-31": "0.55190"}, "Debt/Equity Ratio": {"2020-09-30": "0.78080", "2020-06-30": "0.77710", "2020-03-31": "0.80150", "2019-12-31": "0.85700", "2019-09-30": "0.86400", "2019-06-30": "0.87970", "2019-03-31": "0.87200", "2018-12-31": "0.84790", "2018-09-30": "0.84300", "2018-06-30": "0.84030", "2018-03-31": "0.82270", "2017-12-31": "0.85520", "2017-09-30": "0.85690", "2017-06-30": "0.85160", "2017-03-31": "0.84920", "2016-12-31": "0.85910", "2016-09-30": "0.82200", "2016-06-30": "0.74610", "2016-03-31": "0.75900", "2015-12-31": "1.02100", "2015-09-30": "1.00920", "2015-06-30": "0.99840", "2015-03-31": "1.01740", "2014-12-31": "1.01280", "2014-09-30": "1.02240", "2014-06-30": "1.04270", "2014-03-31": "1.02090", "2013-12-31": "0.99270", "2013-09-30": "1.07180", "2013-06-30": "1.10200", "2013-03-31": "1.16490", "2012-12-31": "1.13310", "2012-09-30": "1.49810", "2012-06-30": "1.53900", "2012-03-31": "1.56380", "2011-12-31": "1.65810", "2011-09-30": "1.49910", "2011-06-30": "1.60810", "2011-03-31": "1.79110", "2010-12-31": "1.90990", "2010-09-30": "2.09230", "2010-06-30": "1.93350", "2010-03-31": "1.84470", "2009-12-31": "1.81520", "2009-09-30": "1.93210", "2009-06-30": "1.96390", "2009-03-31": "1.95900", "2008-12-31": "2.06840", "2008-09-30": "1.95910", "2008-06-30": "1.93840", "2008-03-31": "1.94430", "2007-12-31": "1.87830", "2007-09-30": "1.85400", "2007-06-30": "1.78310", "2007-03-31": "1.48780", "2006-12-31": "1.36940", "2006-09-30": "1.50750", "2006-06-30": "1.35520", "2006-03-31": "1.31560", "2005-12-31": "1.40700", "2005-09-30": "1.28660", "2005-06-30": "1.27620", "2005-03-31": "1.23190"}, "Gross Margin": {"2020-09-30": "", "2020-06-30": "", "2020-03-31": "", "2019-12-31": "", "2019-09-30": "", "2019-06-30": "", "2019-03-31": "", "2018-12-31": "", "2018-09-30": "", "2018-06-30": "", "2018-03-31": "", "2017-12-31": "", "2017-09-30": "", "2017-06-30": "", "2017-03-31": "", "2016-12-31": "", "2016-09-30": "", "2016-06-30": "", "2016-03-31": "", "2015-12-31": "", "2015-09-30": "", "2015-06-30": "", "2015-03-31": "", "2014-12-31": "", "2014-09-30": "", "2014-06-30": "", "2014-03-31": "", "2013-12-31": "", "2013-09-30": "", "2013-06-30": "", "2013-03-31": "", "2012-12-31": "", "2012-09-30": "", "2012-06-30": "", "2012-03-31": "", "2011-12-31": "", "2011-09-30": "", "2011-06-30": "", "2011-03-31": "", "2010-12-31": "", "2010-09-30": "", "2010-06-30": "", "2010-03-31": "", "2009-12-31": "", "2009-09-30": "", "2009-06-30": "", "2009-03-31": "", "2008-12-31": "", "2008-09-30": "", "2008-06-30": "", "2008-03-31": "", "2007-12-31": "", "2007-09-30": "", "2007-06-30": "", "2007-03-31": "", "2006-12-31": "", "2006-09-30": "", "2006-06-30": "", "2006-03-31": "", "2005-12-31": "", "2005-09-30": "", "2005-06-30": "", "2005-03-31": ""}, "Operating Margin": {"2020-09-30": "29.30600", "2020-06-30": "54.60930", "2020-03-31": "61.86300", "2019-12-31": "59.80530", "2019-09-30": "53.76260", "2019-06-30": "55.14360", "2019-03-31": "31.69370", "2018-12-31": "33.59400", "2018-09-30": "51.98660", "2018-06-30": "34.01070", "2018-03-31": "53.56610", "2017-12-31": "58.95330", "2017-09-30": "34.89480", "2017-06-30": "34.37660", "2017-03-31": "33.83070", "2016-12-31": "37.00650", "2016-09-30": "34.54580", "2016-06-30": "34.61590", "2016-03-31": "34.99130", "2015-12-31": "40.82210", "2015-09-30": "36.99530", "2015-06-30": "36.26130", "2015-03-31": "32.76420", "2014-12-31": "37.73370", "2014-09-30": "36.63340", "2014-06-30": "34.98640", "2014-03-31": "31.45660", "2013-12-31": "35.00100", "2013-09-30": "19.21330", "2013-06-30": "10.36540", "2013-03-31": "20.65410", "2012-12-31": "31.95100", "2012-09-30": "31.64320", "2012-06-30": "28.67400", "2012-03-31": "25.64150", "2011-12-31": "6.95410", "2011-09-30": "29.32220", "2011-06-30": "29.11460", "2011-03-31": "24.86360", "2010-12-31": "10.57460", "2010-09-30": "23.18790", "2010-06-30": "22.42600", "2010-03-31": "23.65770", "2009-12-31": "22.71580", "2009-09-30": "26.78970", "2009-06-30": "26.42830", "2009-03-31": "27.40490", "2008-12-31": "-6.15820", "2008-09-30": "28.99670", "2008-06-30": "30.85160", "2008-03-31": "27.75520", "2007-12-31": "28.21580", "2007-09-30": "27.61870", "2007-06-30": "27.62310", "2007-03-31": "25.41310", "2006-12-31": "15.21360", "2006-09-30": "26.86060", "2006-06-30": "28.66000", "2006-03-31": "27.29630", "2005-12-31": "18.21970", "2005-09-30": "25.32210", "2005-06-30": "27.99970", "2005-03-31": "26.60940"}, "EBIT Margin": {"2020-09-30": "29.30600", "2020-06-30": "54.60930", "2020-03-31": "61.86300", "2019-12-31": "59.80530", "2019-09-30": "53.76260", "2019-06-30": "55.14360", "2019-03-31": "31.69370", "2018-12-31": "33.59400", "2018-09-30": "51.98660", "2018-06-30": "34.01070", "2018-03-31": "53.56610", "2017-12-31": "58.95330", "2017-09-30": "34.89480", "2017-06-30": "34.37660", "2017-03-31": "33.83070", "2016-12-31": "37.00650", "2016-09-30": "34.54580", "2016-06-30": "34.61590", "2016-03-31": "34.99130", "2015-12-31": "40.82210", "2015-09-30": "36.99530", "2015-06-30": "36.26130", "2015-03-31": "32.76420", "2014-12-31": "37.73370", "2014-09-30": "36.63340", "2014-06-30": "34.98640", "2014-03-31": "31.45660", "2013-12-31": "35.00100", "2013-09-30": "19.21330", "2013-06-30": "10.36540", "2013-03-31": "20.65410", "2012-12-31": "31.95100", "2012-09-30": "31.64320", "2012-06-30": "28.67400", "2012-03-31": "25.64150", "2011-12-31": "6.95420", "2011-09-30": "29.32220", "2011-06-30": "29.11460", "2011-03-31": "24.86360", "2010-12-31": "10.57460", "2010-09-30": "23.18790", "2010-06-30": "22.42600", "2010-03-31": "23.65770", "2009-12-31": "22.71580", "2009-09-30": "26.78970", "2009-06-30": "26.42830", "2009-03-31": "27.40490", "2008-12-31": "-6.15820", "2008-09-30": "28.99670", "2008-06-30": "30.85160", "2008-03-31": "27.75520", "2007-12-31": "28.21580", "2007-09-30": "27.61870", "2007-06-30": "27.62310", "2007-03-31": "25.41310", "2006-12-31": "15.21360", "2006-09-30": "26.86060", "2006-06-30": "28.66000", "2006-03-31": "27.29630", "2005-12-31": "18.21970", "2005-09-30": "25.32210", "2005-06-30": "27.99970", "2005-03-31": "26.60940"}, "EBITDA Margin": {"2020-09-30": "", "2020-06-30": "", "2020-03-31": "", "2019-12-31": "", "2019-09-30": "", "2019-06-30": "", "2019-03-31": "", "2018-12-31": "", "2018-09-30": "", "2018-06-30": "", "2018-03-31": "", "2017-12-31": "", "2017-09-30": "", "2017-06-30": "", "2017-03-31": "", "2016-12-31": "", "2016-09-30": "", "2016-06-30": "", "2016-03-31": "", "2015-12-31": "", "2015-09-30": "", "2015-06-30": "", "2015-03-31": "", "2014-12-31": "", "2014-09-30": "", "2014-06-30": "", "2014-03-31": "", "2013-12-31": "", "2013-09-30": "", "2013-06-30": "", "2013-03-31": "", "2012-12-31": "", "2012-09-30": "", "2012-06-30": "", "2012-03-31": "", "2011-12-31": "", "2011-09-30": "", "2011-06-30": "", "2011-03-31": "", "2010-12-31": "", "2010-09-30": "", "2010-06-30": "", "2010-03-31": "", "2009-12-31": "", "2009-09-30": "", "2009-06-30": "", "2009-03-31": "", "2008-12-31": "", "2008-09-30": "", "2008-06-30": "", "2008-03-31": "", "2007-12-31": "", "2007-09-30": "", "2007-06-30": "", "2007-03-31": "", "2006-12-31": "", "2006-09-30": "", "2006-06-30": "", "2006-03-31": "", "2005-12-31": "", "2005-09-30": "", "2005-06-30": "", "2005-03-31": ""}, "Pre-Tax Profit Margin": {"2020-09-30": "15.40290", "2020-06-30": "41.72860", "2020-03-31": "48.93260", "2019-12-31": "43.74740", "2019-09-30": "40.48400", "2019-06-30": "37.73720", "2019-03-31": "16.63430", "2018-12-31": "18.87130", "2018-09-30": "34.48040", "2018-06-30": "18.55560", "2018-03-31": "35.02880", "2017-12-31": "43.25850", "2017-09-30": "20.42770", "2017-06-30": "19.16130", "2017-03-31": "15.78810", "2016-12-31": "21.51980", "2016-09-30": "19.11470", "2016-06-30": "28.93740", "2016-03-31": "-0.28410", "2015-12-31": "24.71770", "2015-09-30": "20.07870", "2015-06-30": "20.25620", "2015-03-31": "16.08700", "2014-12-31": "20.67010", "2014-09-30": "17.76820", "2014-06-30": "16.81740", "2014-03-31": "13.15970", "2013-12-31": "10.84970", "2013-09-30": "-1.16930", "2013-06-30": "-10.45420", "2013-03-31": "-23.49170", "2012-12-31": "20.19660", "2012-09-30": "20.45740", "2012-06-30": "0.15320", "2012-03-31": "-2.96920", "2011-12-31": "-129.19840", "2011-09-30": "6.17570", "2011-06-30": "2.31300", "2011-03-31": "-1.87170", "2010-12-31": "-26.99310", "2010-09-30": "-4.75260", "2010-06-30": "-3.28850", "2010-03-31": "-1.99180", "2009-12-31": "-48.23830", "2009-09-30": "1.18270", "2009-06-30": "3.04580", "2009-03-31": "2.41120", "2008-12-31": "-35.16100", "2008-09-30": "4.73280", "2008-06-30": "7.96270", "2008-03-31": "4.18270", "2007-12-31": "-6.93970", "2007-09-30": "2.84810", "2007-06-30": "2.88100", "2007-03-31": "2.20430", "2006-12-31": "-11.90330", "2006-09-30": "4.60840", "2006-06-30": "6.63420", "2006-03-31": "4.60430", "2005-12-31": "-20.99700", "2005-09-30": "4.10760", "2005-06-30": "6.82030", "2005-03-31": "19.45920"}, "Net Profit Margin": {"2020-09-30": "14.54180", "2020-06-30": "39.80160", "2020-03-31": "45.11500", "2019-12-31": "42.24490", "2019-09-30": "38.87390", "2019-06-30": "46.04240", "2019-03-31": "15.66290", "2018-12-31": "17.83470", "2018-09-30": "32.80360", "2018-06-30": "17.63500", "2018-03-31": "33.33820", "2017-12-31": "19.76660", "2017-09-30": "22.02410", "2017-06-30": "31.88150", "2017-03-31": "23.66650", "2016-12-31": "45.66170", "2016-09-30": "34.24380", "2016-06-30": "36.64040", "2016-03-31": "579.40300", "2015-12-31": "28.86680", "2015-09-30": "28.12900", "2015-06-30": "42.05300", "2015-03-31": "26.83820", "2014-12-31": "32.60360", "2014-09-30": "33.23510", "2014-06-30": "17.10990", "2014-03-31": "12.32930", "2013-12-31": "17.20140", "2013-09-30": "60.02830", "2013-06-30": "52.44880", "2013-03-31": "201.42770", "2012-12-31": "91.26570", "2012-09-30": "48.39570", "2012-06-30": "22.25870", "2012-03-31": "31.76920", "2011-12-31": "117.00570", "2011-09-30": "21.13540", "2011-06-30": "115.00730", "2011-03-31": "26.56020", "2010-12-31": "60.27480", "2010-09-30": "5.54370", "2010-06-30": "1.41780", "2010-03-31": "11.15340", "2009-12-31": "21.19940", "2009-09-30": "27.56160", "2009-06-30": "20.10790", "2009-03-31": "15.97570", "2008-12-31": "-11.17770", "2008-09-30": "33.70720", "2008-06-30": "24.66960", "2008-03-31": "26.75670", "2007-12-31": "30.99500", "2007-09-30": "89.25250", "2007-06-30": "55.94130", "2007-03-31": "24.96860", "2006-12-31": "148.96030", "2006-09-30": "12.11050", "2006-06-30": "32.10130", "2006-03-31": "79.51420", "2005-12-31": "104.69310", "2005-09-30": "58.09460", "2005-06-30": "30.90480", "2005-03-31": "48.20530"}, "Asset Turnover": {"2020-09-30": "0.03020", "2020-06-30": "0.03150", "2020-03-31": "0.03260", "2019-12-31": "0.03230", "2019-09-30": "0.03250", "2019-06-30": "0.03190", "2019-03-31": "0.03190", "2018-12-31": "0.03200", "2018-09-30": "0.03180", "2018-06-30": "0.03140", "2018-03-31": "0.03110", "2017-12-31": "0.03070", "2017-09-30": "0.03020", "2017-06-30": "0.02970", "2017-03-31": "0.02930", "2016-12-31": "0.02920", "2016-09-30": "0.02850", "2016-06-30": "0.02800", "2016-03-31": "0.02910", "2015-12-31": "0.03040", "2015-09-30": "0.03030", "2015-06-30": "0.02940", "2015-03-31": "0.02890", "2014-12-31": "0.02900", "2014-09-30": "0.02890", "2014-06-30": "0.02840", "2014-03-31": "0.02770", "2013-12-31": "0.02800", "2013-09-30": "0.02630", "2013-06-30": "0.02630", "2013-03-31": "0.02120", "2012-12-31": "0.02330", "2012-09-30": "0.02710", "2012-06-30": "0.02680", "2012-03-31": "0.02710", "2011-12-31": "0.00510", "2011-09-30": "0.03130", "2011-06-30": "0.02930", "2011-03-31": "0.02900", "2010-12-31": "0.01910", "2010-09-30": "0.02820", "2010-06-30": "0.02860", "2010-03-31": "0.03000", "2009-12-31": "0.01270", "2009-09-30": "0.03040", "2009-06-30": "0.03020", "2009-03-31": "0.03010", "2008-12-31": "0.02180", "2008-09-30": "0.03120", "2008-06-30": "0.03190", "2008-03-31": "0.03140", "2007-12-31": "0.02270", "2007-09-30": "0.03170", "2007-06-30": "0.03140", "2007-03-31": "0.03110", "2006-12-31": "0.02040", "2006-09-30": "0.03110", "2006-06-30": "0.03230", "2006-03-31": "0.03260", "2005-12-31": "0.01460", "2005-09-30": "0.03240", "2005-06-30": "0.03220", "2005-03-31": "0.03500"}, "Inventory Turnover Ratio": {"2020-09-30": "", "2020-06-30": "", "2020-03-31": "", "2019-12-31": "", "2019-09-30": "", "2019-06-30": "", "2019-03-31": "", "2018-12-31": "", "2018-09-30": "", "2018-06-30": "", "2018-03-31": "", "2017-12-31": "", "2017-09-30": "", "2017-06-30": "", "2017-03-31": "", "2016-12-31": "", "2016-09-30": "", "2016-06-30": "", "2016-03-31": "", "2015-12-31": "", "2015-09-30": "", "2015-06-30": "", "2015-03-31": "", "2014-12-31": "", "2014-09-30": "", "2014-06-30": "", "2014-03-31": "", "2013-12-31": "", "2013-09-30": "", "2013-06-30": "", "2013-03-31": "", "2012-12-31": "", "2012-09-30": "", "2012-06-30": "", "2012-03-31": "", "2011-12-31": "", "2011-09-30": "", "2011-06-30": "", "2011-03-31": "", "2010-12-31": "", "2010-09-30": "", "2010-06-30": "", "2010-03-31": "", "2009-12-31": "", "2009-09-30": "", "2009-06-30": "", "2009-03-31": "", "2008-12-31": "", "2008-09-30": "", "2008-06-30": "", "2008-03-31": "", "2007-12-31": "", "2007-09-30": "", "2007-06-30": "", "2007-03-31": "", "2006-12-31": "", "2006-09-30": "", "2006-06-30": "", "2006-03-31": "", "2005-12-31": "", "2005-09-30": "", "2005-06-30": "", "2005-03-31": ""}, "Receiveable Turnover": {"2020-09-30": "", "2020-06-30": "", "2020-03-31": "", "2019-12-31": "", "2019-09-30": "", "2019-06-30": "", "2019-03-31": "", "2018-12-31": "", "2018-09-30": "", "2018-06-30": "", "2018-03-31": "", "2017-12-31": "", "2017-09-30": "", "2017-06-30": "", "2017-03-31": "", "2016-12-31": "", "2016-09-30": "", "2016-06-30": "", "2016-03-31": "", "2015-12-31": "", "2015-09-30": "", "2015-06-30": "", "2015-03-31": "", "2014-12-31": "", "2014-09-30": "", "2014-06-30": "", "2014-03-31": "", "2013-12-31": "", "2013-09-30": "", "2013-06-30": "", "2013-03-31": "", "2012-12-31": "", "2012-09-30": "", "2012-06-30": "", "2012-03-31": "", "2011-12-31": "", "2011-09-30": "", "2011-06-30": "", "2011-03-31": "", "2010-12-31": "", "2010-09-30": "", "2010-06-30": "", "2010-03-31": "", "2009-12-31": "", "2009-09-30": "", "2009-06-30": "", "2009-03-31": "", "2008-12-31": "", "2008-09-30": "", "2008-06-30": "", "2008-03-31": "", "2007-12-31": "", "2007-09-30": "", "2007-06-30": "", "2007-03-31": "", "2006-12-31": "", "2006-09-30": "", "2006-06-30": "", "2006-03-31": "", "2005-12-31": "", "2005-09-30": "", "2005-06-30": "", "2005-03-31": ""}, "Days Sales In Receivables": {"2020-09-30": "", "2020-06-30": "", "2020-03-31": "", "2019-12-31": "", "2019-09-30": "", "2019-06-30": "", "2019-03-31": "", "2018-12-31": "", "2018-09-30": "", "2018-06-30": "", "2018-03-31": "", "2017-12-31": "", "2017-09-30": "", "2017-06-30": "", "2017-03-31": "", "2016-12-31": "", "2016-09-30": "", "2016-06-30": "", "2016-03-31": "", "2015-12-31": "", "2015-09-30": "", "2015-06-30": "", "2015-03-31": "", "2014-12-31": "", "2014-09-30": "", "2014-06-30": "", "2014-03-31": "", "2013-12-31": "", "2013-09-30": "", "2013-06-30": "", "2013-03-31": "", "2012-12-31": "", "2012-09-30": "", "2012-06-30": "", "2012-03-31": "", "2011-12-31": "", "2011-09-30": "", "2011-06-30": "", "2011-03-31": "", "2010-12-31": "", "2010-09-30": "", "2010-06-30": "", "2010-03-31": "", "2009-12-31": "", "2009-09-30": "", "2009-06-30": "", "2009-03-31": "", "2008-12-31": "", "2008-09-30": "", "2008-06-30": "", "2008-03-31": "", "2007-12-31": "", "2007-09-30": "", "2007-06-30": "", "2007-03-31": "", "2006-12-31": "", "2006-09-30": "", "2006-06-30": "", "2006-03-31": "", "2005-12-31": "", "2005-09-30": "", "2005-06-30": "", "2005-03-31": ""}, "ROE - Return On Equity": {"2020-09-30": "0.88980", "2020-06-30": "2.51370", "2020-03-31": "3.09940", "2019-12-31": "2.86760", "2019-09-30": "2.67940", "2019-06-30": "3.10670", "2019-03-31": "1.06810", "2018-12-31": "1.18110", "2018-09-30": "2.14620", "2018-06-30": "1.13830", "2018-03-31": "2.10290", "2017-12-31": "1.24640", "2017-09-30": "1.37900", "2017-06-30": "1.94650", "2017-03-31": "1.43100", "2016-12-31": "2.89710", "2016-09-30": "2.10890", "2016-06-30": "2.00860", "2016-03-31": "33.11010", "2015-12-31": "2.00460", "2015-09-30": "1.92580", "2015-06-30": "2.76280", "2015-03-31": "1.78750", "2014-12-31": "2.12950", "2014-09-30": "2.16780", "2014-06-30": "1.10800", "2014-03-31": "0.76550", "2013-12-31": "0.64050", "2013-09-30": "-0.12380", "2013-06-30": "-0.55260", "2013-03-31": "-1.59210", "2012-12-31": "1.08420", "2012-09-30": "1.49550", "2012-06-30": "0.00800", "2012-03-31": "-0.23070", "2011-12-31": "-1.93140", "2011-09-30": "0.53440", "2011-06-30": "0.26650", "2011-03-31": "-0.17130", "2010-12-31": "-1.66640", "2010-09-30": "-0.00630", "2010-06-30": "-0.20770", "2010-03-31": "-0.19050", "2009-12-31": "-1.83590", "2009-09-30": "0.18500", "2009-06-30": "0.25340", "2009-03-31": "0.24480", "2008-12-31": "-2.53560", "2008-09-30": "0.52750", "2008-06-30": "0.80180", "2008-03-31": "0.36880", "2007-12-31": "-0.44980", "2007-09-30": "0.34000", "2007-06-30": "0.35840", "2007-03-31": "0.16490", "2006-12-31": "-0.70780", "2006-09-30": "0.44460", "2006-06-30": "0.55710", "2006-03-31": "0.34070", "2005-12-31": "-0.40820", "2005-09-30": "0.31190", "2005-06-30": "0.53240", "2005-03-31": "1.91020"}, "Return On Tangible Equity": {"2020-09-30": "0.88680", "2020-06-30": "2.50500", "2020-03-31": "3.08870", "2019-12-31": "2.85750", "2019-09-30": "2.66980", "2019-06-30": "3.09550", "2019-03-31": "1.06420", "2018-12-31": "1.17680", "2018-09-30": "2.13860", "2018-06-30": "1.13420", "2018-03-31": "2.09550", "2017-12-31": "1.24200", "2017-09-30": "1.37410", "2017-06-30": "1.93960", "2017-03-31": "1.42590", "2016-12-31": "2.88680", "2016-09-30": "2.10130", "2016-06-30": "2.00200", "2016-03-31": "33.00100", "2015-12-31": "1.99760", "2015-09-30": "1.91860", "2015-06-30": "2.75250", "2015-03-31": "1.78070", "2014-12-31": "2.11960", "2014-09-30": "2.15770", "2014-06-30": "1.10280", "2014-03-31": "0.76200", "2013-12-31": "0.63750", "2013-09-30": "-0.12330", "2013-06-30": "-0.55000", "2013-03-31": "-1.58450", "2012-12-31": "1.07700", "2012-09-30": "1.48350", "2012-06-30": "0.00780", "2012-03-31": "-0.22310", "2011-12-31": "-1.86550", "2011-09-30": "0.51610", "2011-06-30": "0.25740", "2011-03-31": "-0.16500", "2010-12-31": "-1.60240", "2010-09-30": "-0.00610", "2010-06-30": "-0.19910", "2010-03-31": "-0.18280", "2009-12-31": "-1.76180", "2009-09-30": "0.17740", "2009-06-30": "0.24300", "2009-03-31": "0.23490", "2008-12-31": "-2.43120", "2008-09-30": "0.50610", "2008-06-30": "0.76890", "2008-03-31": "0.35350", "2007-12-31": "-0.43120", "2007-09-30": "0.32600", "2007-06-30": "0.33200", "2007-03-31": "0.15370", "2006-12-31": "-0.66130", "2006-09-30": "0.41570", "2006-06-30": "0.51050", "2006-03-31": "0.31210", "2005-12-31": "-0.37210", "2005-09-30": "0.28360", "2005-06-30": "0.47040", "2005-03-31": "1.68730"}, "ROA - Return On Assets": {"2020-09-30": "0.46240", "2020-06-30": "1.31060", "2020-03-31": "1.59030", "2019-12-31": "1.42310", "2019-09-30": "1.31970", "2019-06-30": "1.53070", "2019-03-31": "0.52610", "2018-12-31": "0.60010", "2018-09-30": "1.08970", "2018-06-30": "0.58030", "2018-03-31": "1.08200", "2017-12-31": "0.63240", "2017-09-30": "0.69670", "2017-06-30": "0.98930", "2017-03-31": "0.72760", "2016-12-31": "1.45860", "2016-09-30": "1.02000", "2016-06-30": "1.07570", "2016-03-31": "17.52000", "2015-12-31": "0.92460", "2015-09-30": "0.89260", "2015-06-30": "1.29320", "2015-03-31": "0.82530", "2014-12-31": "0.98890", "2014-09-30": "1.00510", "2014-06-30": "0.50980", "2014-03-31": "0.35680", "2013-12-31": "0.30280", "2013-09-30": "-0.05650", "2013-06-30": "-0.24920", "2013-03-31": "-0.69480", "2012-12-31": "0.47130", "2012-09-30": "0.55300", "2012-06-30": "0.00280", "2012-03-31": "-0.08150", "2011-12-31": "-0.65650", "2011-09-30": "0.19180", "2011-06-30": "0.09220", "2011-03-31": "-0.05540", "2010-12-31": "-0.51570", "2010-09-30": "-0.00180", "2010-06-30": "-0.06360", "2010-03-31": "-0.06060", "2009-12-31": "-0.59130", "2009-09-30": "0.05720", "2009-06-30": "0.07750", "2009-03-31": "0.07540", "2008-12-31": "-0.74530", "2008-09-30": "0.15940", "2008-06-30": "0.24340", "2008-03-31": "0.11200", "2007-12-31": "-0.13910", "2007-09-30": "0.10610", "2007-06-30": "0.11090", "2007-03-31": "0.05710", "2006-12-31": "-0.25830", "2006-09-30": "0.15260", "2006-06-30": "0.19930", "2006-03-31": "0.12380", "2005-12-31": "-0.14150", "2005-09-30": "0.11140", "2005-06-30": "0.18890", "2005-03-31": "0.68720"}, "ROI - Return On Investment": {"2020-09-30": "0.49800", "2020-06-30": "1.40960", "2020-03-31": "1.71450", "2019-12-31": "1.53870", "2019-09-30": "1.43230", "2019-06-30": "1.64680", "2019-03-31": "0.56850", "2018-12-31": "0.63690", "2018-09-30": "1.16040", "2018-06-30": "0.61630", "2018-03-31": "1.14960", "2017-12-31": "0.66950", "2017-09-30": "0.74000", "2017-06-30": "1.04750", "2017-03-31": "0.77110", "2016-12-31": "1.55280", "2016-09-30": "1.15330", "2016-06-30": "1.14650", "2016-03-31": "18.76080", "2015-12-31": "0.98840", "2015-09-30": "0.95490", "2015-06-30": "1.37730", "2015-03-31": "0.88270", "2014-12-31": "1.05300", "2014-09-30": "1.06690", "2014-06-30": "0.53990", "2014-03-31": "0.37710", "2013-12-31": "0.31990", "2013-09-30": "-0.05950", "2013-06-30": "-0.26160", "2013-03-31": "-0.73190", "2012-12-31": "0.50490", "2012-09-30": "0.59380", "2012-06-30": "0.00310", "2012-03-31": "-0.08700", "2011-12-31": "-0.70180", "2011-09-30": "0.20650", "2011-06-30": "0.09870", "2011-03-31": "-0.05910", "2010-12-31": "-0.55070", "2010-09-30": "-0.00200", "2010-06-30": "-0.06790", "2010-03-31": "-0.06420", "2009-12-31": "-0.62580", "2009-09-30": "0.06050", "2009-06-30": "0.08200", "2009-03-31": "0.07940", "2008-12-31": "-0.79230", "2008-09-30": "0.17100", "2008-06-30": "0.26170", "2008-03-31": "0.12010", "2007-12-31": "-0.14980", "2007-09-30": "0.11420", "2007-06-30": "0.11930", "2007-03-31": "0.06180", "2006-12-31": "-0.27910", "2006-09-30": "0.16490", "2006-06-30": "0.21560", "2006-03-31": "0.13410", "2005-12-31": "-0.15380", "2005-09-30": "0.12330", "2005-06-30": "0.20550", "2005-03-31": "0.75160"}, "Book Value Per Share": {"2020-09-30": "28.89100", "2020-06-30": "29.11660", "2020-03-31": "28.94540", "2019-12-31": "28.37060", "2019-09-30": "28.02650", "2019-06-30": "27.98940", "2019-03-31": "27.71270", "2018-12-31": "28.15240", "2018-09-30": "28.41150", "2018-06-30": "28.34760", "2018-03-31": "28.58430", "2017-12-31": "28.46020", "2017-09-30": "28.55750", "2017-06-30": "28.65750", "2017-03-31": "28.64160", "2016-12-31": "28.59200", "2016-09-30": "28.27460", "2016-06-30": "31.20390", "2016-03-31": "30.94070", "2015-12-31": "29.32480", "2015-09-30": "29.39710", "2015-06-30": "29.78910", "2015-03-31": "29.32560", "2014-12-31": "29.50980", "2014-09-30": "29.58910", "2014-06-30": "29.39640", "2014-03-31": "29.68190", "2013-12-31": "30.08550", "2013-09-30": "30.30770", "2013-06-30": "29.52700", "2013-03-31": "28.98120", "2012-12-31": "23.15640", "2012-09-30": "20.52980", "2012-06-30": "20.28240", "2012-03-31": "20.02830", "2011-12-31": "19.70660", "2011-09-30": "19.73820", "2011-06-30": "19.83200", "2011-03-31": "18.34310", "2010-12-31": "17.94840", "2010-09-30": "17.12740", "2010-06-30": "17.62560", "2010-03-31": "18.22580", "2009-12-31": "18.48310", "2009-09-30": "18.43320", "2009-06-30": "18.53730", "2009-03-31": "18.79500", "2008-12-31": "18.58120", "2008-09-30": "18.95470", "2008-06-30": "18.79320", "2008-03-31": "18.75380", "2007-12-31": "18.78100", "2007-09-30": "18.95860", "2007-06-30": "18.88370", "2007-03-31": "19.58900", "2006-12-31": "20.04490", "2006-09-30": "18.91120", "2006-06-30": "19.50080", "2006-03-31": "19.41710", "2005-12-31": "18.63440", "2005-09-30": "18.25270", "2005-06-30": "18.15420", "2005-03-31": "18.14830"}, "Operating Cash Flow Per Share": {"2020-09-30": 1.0363, "2020-06-30": 0.6573, "2020-03-31": "0.98840", "2019-12-31": 0.9432, "2019-09-30": 1.039, "2019-06-30": 0.8193, "2019-03-31": "0.96980", "2018-12-31": 0.8147, "2018-09-30": 0.9324, "2018-06-30": 0.8451, "2018-03-31": "0.94260", "2017-12-31": 0.7743, "2017-09-30": 1.0724, "2017-06-30": 0.666, "2017-03-31": "0.79500", "2016-12-31": 1.0357, "2016-09-30": 0.8993, "2016-06-30": 0.7166, "2016-03-31": "0.52680", "2015-12-31": 0.7709, "2015-09-30": 1.0193, "2015-06-30": 0.8594, "2015-03-31": "0.91470", "2014-12-31": 0.8217, "2014-09-30": 1.0409, "2014-06-30": 0.7477, "2014-03-31": "0.89500", "2013-12-31": 0.3206, "2013-09-30": 0.9702, "2013-06-30": 0.5884, "2013-03-31": "0.57330", "2012-12-31": 0.5679, "2012-09-30": 0.7558, "2012-06-30": 1.164, "2012-03-31": "0.78390", "2011-12-31": 0.752, "2011-09-30": 0.7057, "2011-06-30": 0.6168, "2011-03-31": "0.64030", "2010-12-31": 0.5833, "2010-09-30": 0.7191, "2010-06-30": 0.7221, "2010-03-31": "0.54200", "2009-12-31": 0.6177, "2009-09-30": 0.5704, "2009-06-30": 0.7704, "2009-03-31": "0.49320", "2008-12-31": 0.8352, "2008-09-30": 0.6221, "2008-06-30": 0.7644, "2008-03-31": "0.57540", "2007-12-31": 0.8384, "2007-09-30": 0.844, "2007-06-30": 0.6282, "2007-03-31": "0.52840", "2006-12-31": 0.7521, "2006-09-30": 0.697, "2006-06-30": 0.6429, "2006-03-31": "0.51290", "2005-12-31": 0.2316, "2005-09-30": 0.8643, "2005-06-30": 0.5784, "2005-03-31": "0.57330"}, "Free Cash Flow Per Share": {"2020-09-30": 0.6585, "2020-06-30": 1.4425, "2020-03-31": "1.69470", "2019-12-31": 0.6531, "2019-09-30": 0.3011, "2019-06-30": 0.5712, "2019-03-31": "0.08890", "2018-12-31": 0.5418, "2018-09-30": 0.4604, "2018-06-30": 0.2451, "2018-03-31": "1.33880", "2017-12-31": 0.5783, "2017-09-30": -0.1341, "2017-06-30": 0.7634, "2017-03-31": "0.63070", "2016-12-31": 1.2584, "2016-09-30": 0.7059, "2016-06-30": 0.4778, "2016-03-31": "16.11370", "2015-12-31": -0.1276, "2015-09-30": 0.601, "2015-06-30": 0.5526, "2015-03-31": "0.78690", "2014-12-31": 0.8934, "2014-09-30": 0.6341, "2014-06-30": 0.1174, "2014-03-31": "0.08940", "2013-12-31": 0.3693, "2013-09-30": 2.4338, "2013-06-30": 1.6781, "2013-03-31": "9.05140", "2012-12-31": 1.372, "2012-09-30": 0.6531, "2012-06-30": 0.1926, "2012-03-31": "0.62610", "2011-12-31": -1.7717, "2011-09-30": 0.6282, "2011-06-30": 2.2489, "2011-03-31": "0.88590", "2010-12-31": 1.9385, "2010-09-30": -0.9229, "2010-06-30": -0.1747, "2010-03-31": "-1.06350", "2009-12-31": 0.3501, "2009-09-30": 1.459, "2009-06-30": 0.9994, "2009-03-31": "0.57500", "2008-12-31": 0.2805, "2008-09-30": 1.1905, "2008-06-30": -0.2269, "2008-03-31": "0.83370", "2007-12-31": 0.2968, "2007-09-30": 1.9443, "2007-06-30": 0.3036, "2007-03-31": "-1.16480", "2006-12-31": 3.1623, "2006-09-30": -1.1248, "2006-06-30": -0.6829, "2006-03-31": "1.39850", "2005-12-31": -2.9533, "2005-09-30": 1.8625, "2005-06-30": 0.0269, "2005-03-31": "1.16820"}}, "revenue": {"Equity Residential Annual Revenue (Millions of US $)": {"2019": "$2,701", "2018": "$2,578", "2017": "$2,471", "2016": "$2,426", "2015": "$2,745", "2014": "$2,615", "2013": "$2,388", "2012": "$1,748", "2011": "$1,525", "2010": "$1,675", "2009": "$1,640", "2008": "$1,887", "2007": "$1,824", "2006": "$1,703", "2005": "$1,496"}, "Equity Residential Quarterly Revenue (Millions of US $)": {"2020-09-30": "$622", "2020-06-30": "$654", "2020-03-31": "$682", "2019-12-31": "$684", "2019-09-30": "$685", "2019-06-30": "$669", "2019-03-31": "$662", "2018-12-31": "$653", "2018-09-30": "$653", "2018-06-30": "$640", "2018-03-31": "$633", "2017-12-31": "$631", "2017-09-30": "$624", "2017-06-30": "$612", "2017-03-31": "$604", "2016-12-31": "$605", "2016-09-30": "$606", "2016-06-30": "$595", "2016-03-31": "$619", "2015-12-31": "$703", "2015-09-30": "$696", "2015-06-30": "$679", "2015-03-31": "$666", "2014-12-31": "$665", "2014-09-30": "$664", "2014-06-30": "$653", "2014-03-31": "$633", "2013-12-31": "$639", "2013-09-30": "$627", "2013-06-30": "$617", "2013-03-31": "$505", "2012-12-31": "$401", "2012-09-30": "$452", "2012-06-30": "$448", "2012-03-31": "$446", "2011-12-31": "$85", "2011-09-30": "$494", "2011-06-30": "$480", "2011-03-31": "$466", "2010-12-31": "$308", "2010-09-30": "$454", "2010-06-30": "$447", "2010-03-31": "$465", "2009-12-31": "$197", "2009-09-30": "$480", "2009-06-30": "$480", "2009-03-31": "$483", "2008-12-31": "$360", "2008-09-30": "$511", "2008-06-30": "$513", "2008-03-31": "$503", "2007-12-31": "$356", "2007-09-30": "$501", "2007-06-30": "$492", "2007-03-31": "$476", "2006-12-31": "$307", "2006-09-30": "$465", "2006-06-30": "$468", "2006-03-31": "$462", "2005-12-31": "$206", "2005-09-30": "$431", "2005-06-30": "$415", "2005-03-31": "$444"}}, "gross-profit": {"Equity Residential Annual Gross Profit (Millions of US $)": {"2019": "$1,793", "2018": "$1,699", "2017": "$1,645", "2016": "$1,620", "2015": "$1,840", "2014": "$1,731", "2013": "$1,553", "2012": "$1,122", "2011": "$956", "2010": "$1,015", "2009": "$1,001", "2008": "$1,122", "2007": "$1,073", "2006": "$993", "2005": "$840"}, "Equity Residential Quarterly Gross Profit (Millions of US $)": {"2020-09-30": "$394", "2020-06-30": "$430", "2020-03-31": "$441", "2019-12-31": "$457", "2019-09-30": "$461", "2019-06-30": "$445", "2019-03-31": "$430", "2018-12-31": "$434", "2018-09-30": "$433", "2018-06-30": "$423", "2018-03-31": "$409", "2017-12-31": "$429", "2017-09-30": "$414", "2017-06-30": "$404", "2017-03-31": "$398", "2016-12-31": "$412", "2016-09-30": "$401", "2016-06-30": "$400", "2016-03-31": "$406", "2015-12-31": "$482", "2015-09-30": "$469", "2015-06-30": "$456", "2015-03-31": "$433", "2014-12-31": "$449", "2014-09-30": "$444", "2014-06-30": "$432", "2014-03-31": "$402", "2013-12-31": "$422", "2013-09-30": "$412", "2013-06-30": "$403", "2013-03-31": "$317", "2012-12-31": "$266", "2012-09-30": "$292", "2012-06-30": "$287", "2012-03-31": "$276", "2011-12-31": "$51", "2011-09-30": "$315", "2011-06-30": "$305", "2011-03-31": "$286", "2010-12-31": "$201", "2010-09-30": "$274", "2010-06-30": "$273", "2010-03-31": "$267", "2009-12-31": "$143", "2009-09-30": "$283", "2009-06-30": "$292", "2009-03-31": "$285", "2008-12-31": "$215", "2008-09-30": "$303", "2008-06-30": "$310", "2008-03-31": "$293", "2007-12-31": "$218", "2007-09-30": "$295", "2007-06-30": "$291", "2007-03-31": "$269", "2006-12-31": "$179", "2006-09-30": "$269", "2006-06-30": "$276", "2006-03-31": "$269", "2005-12-31": "$116", "2005-09-30": "$235", "2005-06-30": "$238", "2005-03-31": "$251"}}, "operating-income": {"Equity Residential Annual Operating Income (Millions of US $)": {"2019": "$1,357", "2018": "$1,115", "2017": "$1,005", "2016": "$856", "2015": "$1,009", "2014": "$922", "2013": "$512", "2012": "$514", "2011": "$407", "2010": "$348", "2009": "$433", "2008": "$424", "2007": "$495", "2006": "$432", "2005": "$381"}, "Equity Residential Quarterly Operating Income (Millions of US $)": {"2020-09-30": "$182", "2020-06-30": "$357", "2020-03-31": "$422", "2019-12-31": "$409", "2019-09-30": "$368", "2019-06-30": "$369", "2019-03-31": "$210", "2018-12-31": "$219", "2018-09-30": "$339", "2018-06-30": "$218", "2018-03-31": "$339", "2017-12-31": "$372", "2017-09-30": "$218", "2017-06-30": "$211", "2017-03-31": "$204", "2016-12-31": "$224", "2016-09-30": "$209", "2016-06-30": "$206", "2016-03-31": "$217", "2015-12-31": "$287", "2015-09-30": "$258", "2015-06-30": "$246", "2015-03-31": "$218", "2014-12-31": "$251", "2014-09-30": "$243", "2014-06-30": "$228", "2014-03-31": "$199", "2013-12-31": "$224", "2013-09-30": "$120", "2013-06-30": "$64", "2013-03-31": "$104", "2012-12-31": "$128", "2012-09-30": "$143", "2012-06-30": "$129", "2012-03-31": "$114", "2011-12-31": "$6", "2011-09-30": "$145", "2011-06-30": "$140", "2011-03-31": "$116", "2010-12-31": "$33", "2010-09-30": "$105", "2010-06-30": "$100", "2010-03-31": "$110", "2009-12-31": "$45", "2009-09-30": "$129", "2009-06-30": "$127", "2009-03-31": "$132", "2008-12-31": "$-22", "2008-09-30": "$148", "2008-06-30": "$158", "2008-03-31": "$140", "2007-12-31": "$100", "2007-09-30": "$138", "2007-06-30": "$136", "2007-03-31": "$121", "2006-12-31": "$47", "2006-09-30": "$125", "2006-06-30": "$134", "2006-03-31": "$126", "2005-12-31": "$37", "2005-09-30": "$109", "2005-06-30": "$116", "2005-03-31": "$118"}}, "ebitda": {"Equity Residential Annual EBITDA (Millions of US $)": {"2019": "$2,244", "2018": "$1,958", "2017": "$1,783", "2016": "$1,601", "2015": "$1,797", "2014": "$1,698", "2013": "$1,412", "2012": "$1,226", "2011": "$1,090", "2010": "$1,034", "2009": "$1,053", "2008": "$1,047", "2007": "$1,129", "2006": "$1,028", "2005": "$915"}, "Equity Residential Quarterly EBITDA (Millions of US $)": {"2020-09-30": "$395", "2020-06-30": "$575", "2020-03-31": "$646", "2019-12-31": "$637", "2019-09-30": "$584", "2019-06-30": "$597", "2019-03-31": "$426", "2018-12-31": "$430", "2018-09-30": "$561", "2018-06-30": "$420", "2018-03-31": "$546", "2017-12-31": "$582", "2017-09-30": "$410", "2017-06-30": "$398", "2017-03-31": "$392", "2016-12-31": "$410", "2016-09-30": "$397", "2016-06-30": "$390", "2016-03-31": "$405", "2015-12-31": "$474", "2015-09-30": "$460", "2015-06-30": "$447", "2015-03-31": "$417", "2014-12-31": "$447", "2014-09-30": "$438", "2014-06-30": "$423", "2014-03-31": "$389", "2013-12-31": "$297", "2013-09-30": "$395", "2013-06-30": "$387", "2013-03-31": "$333", "2012-12-31": "$308", "2012-09-30": "$316", "2012-06-30": "$307", "2012-03-31": "$294", "2011-12-31": "$178", "2011-09-30": "$315", "2011-06-30": "$308", "2011-03-31": "$290", "2010-12-31": "$206", "2010-09-30": "$283", "2010-06-30": "$279", "2010-03-31": "$267", "2009-12-31": "$200", "2009-09-30": "$283", "2009-06-30": "$282", "2009-03-31": "$288", "2008-12-31": "$141", "2008-09-30": "$306", "2008-06-30": "$309", "2008-03-31": "$291", "2007-12-31": "$262", "2007-09-30": "$294", "2007-06-30": "$297", "2007-03-31": "$277", "2006-12-31": "$199", "2006-09-30": "$269", "2006-06-30": "$286", "2006-03-31": "$274", "2005-12-31": "$176", "2005-09-30": "$242", "2005-06-30": "$248", "2005-03-31": "$249"}}, "net-income": {"Equity Residential Annual Net Income (Millions of US $)": {"2019": "$967", "2018": "$654", "2017": "$600", "2016": "$4,289", "2015": "$863", "2014": "$627", "2013": "$1,826", "2012": "$826", "2011": "$880", "2010": "$269", "2009": "$348", "2008": "$393", "2007": "$951", "2006": "$1,032", "2005": "$808"}, "Equity Residential Quarterly Net Income (Millions of US $)": {"2020-09-30": "$91", "2020-06-30": "$260", "2020-03-31": "$308", "2019-12-31": "$289", "2019-09-30": "$266", "2019-06-30": "$308", "2019-03-31": "$104", "2018-12-31": "$116", "2018-09-30": "$214", "2018-06-30": "$113", "2018-03-31": "$211", "2017-12-31": "$125", "2017-09-30": "$137", "2017-06-30": "$195", "2017-03-31": "$143", "2016-12-31": "$276", "2016-09-30": "$208", "2016-06-30": "$218", "2016-03-31": "$3,587", "2015-12-31": "$203", "2015-09-30": "$196", "2015-06-30": "$286", "2015-03-31": "$179", "2014-12-31": "$217", "2014-09-30": "$221", "2014-06-30": "$112", "2014-03-31": "$78", "2013-12-31": "$110", "2013-09-30": "$376", "2013-06-30": "$324", "2013-03-31": "$1,017", "2012-12-31": "$366", "2012-09-30": "$219", "2012-06-30": "$100", "2012-03-31": "$142", "2011-12-31": "$99", "2011-09-30": "$104", "2011-06-30": "$552", "2011-03-31": "$124", "2010-12-31": "$186", "2010-09-30": "$25", "2010-06-30": "$6", "2010-03-31": "$52", "2009-12-31": "$42", "2009-09-30": "$132", "2009-06-30": "$97", "2009-03-31": "$77", "2008-12-31": "$-40", "2008-09-30": "$172", "2008-06-30": "$127", "2008-03-31": "$134", "2007-12-31": "$110", "2007-09-30": "$447", "2007-06-30": "$275", "2007-03-31": "$119", "2006-12-31": "$458", "2006-09-30": "$56", "2006-06-30": "$150", "2006-03-31": "$368", "2005-12-31": "$215", "2005-09-30": "$250", "2005-06-30": "$128", "2005-03-31": "$214"}}, "eps-earnings-per-share-diluted": {"Equity Residential Annual EPS": {"2019": "$2.60", "2018": "$1.77", "2017": "$1.63", "2016": "$11.68", "2015": "$2.36", "2014": "$1.73", "2013": "$5.16", "2012": "$2.70", "2011": "$2.98", "2010": "$0.95", "2009": "$1.27", "2008": "$1.46", "2007": "$3.40", "2006": "$3.56", "2005": "$2.79"}, "Equity Residential Quarterly EPS": {"2020-09-30": "$0.24", "2020-06-30": "$0.70", "2020-03-31": "$0.83", "2019-12-31": "$0.78", "2019-09-30": "$0.71", "2019-06-30": "$0.83", "2019-03-31": "$0.28", "2018-12-31": "$0.31", "2018-09-30": "$0.58", "2018-06-30": "$0.31", "2018-03-31": "$0.57", "2017-12-31": "$0.34", "2017-09-30": "$0.37", "2017-06-30": "$0.53", "2017-03-31": "$0.39", "2016-12-31": "$0.77", "2016-09-30": "$0.56", "2016-06-30": "$0.59", "2016-03-31": "$9.76", "2015-12-31": "$0.56", "2015-09-30": "$0.53", "2015-06-30": "$0.78", "2015-03-31": "$0.49", "2014-12-31": "$0.59", "2014-09-30": "$0.61", "2014-06-30": "$0.31", "2014-03-31": "$0.22", "2013-12-31": "$0.20", "2013-09-30": "$1.05", "2013-06-30": "$0.90", "2013-03-31": "$3.01", "2012-12-31": "$1.18", "2012-09-30": "$0.72", "2012-06-30": "$0.33", "2012-03-31": "$0.47", "2011-12-31": "$0.36", "2011-09-30": "$0.35", "2011-06-30": "$1.85", "2011-03-31": "$0.42", "2010-12-31": "$0.66", "2010-09-30": "$0.09", "2010-06-30": "$0.02", "2010-03-31": "$0.18", "2009-12-31": "$0.16", "2009-09-30": "$0.48", "2009-06-30": "$0.35", "2009-03-31": "$0.28", "2008-12-31": "$-0.13", "2008-09-30": "$0.63", "2008-06-30": "$0.46", "2008-03-31": "$0.50", "2007-12-31": "$0.43", "2007-09-30": "$1.62", "2007-06-30": "$0.95", "2007-03-31": "$0.40", "2006-12-31": "$1.61", "2006-09-30": "$0.19", "2006-06-30": "$0.51", "2006-03-31": "$1.25", "2005-12-31": "$0.74", "2005-09-30": "$0.87", "2005-06-30": "$0.44", "2005-03-31": "$0.74"}}, "shares-outstanding": {"Equity Residential Annual Shares Outstanding (Millions of Shares)": {"2019": "386", "2018": "384", "2017": "383", "2016": "382", "2015": "381", "2014": "378", "2013": "354", "2012": "320", "2011": "295", "2010": "283", "2009": "274", "2008": "270", "2007": "279", "2006": "290", "2005": "311"}, "Equity Residential Quarterly Shares Outstanding (Millions of Shares)": {"2020-09-30": "386", "2020-06-30": "386", "2020-03-31": "387", "2019-12-31": "386", "2019-09-30": "387", "2019-06-30": "386", "2019-03-31": "385", "2018-12-31": "384", "2018-09-30": "384", "2018-06-30": "383", "2018-03-31": "383", "2017-12-31": "383", "2017-09-30": "383", "2017-06-30": "383", "2017-03-31": "382", "2016-12-31": "382", "2016-09-30": "382", "2016-06-30": "382", "2016-03-31": "382", "2015-12-31": "381", "2015-09-30": "381", "2015-06-30": "380", "2015-03-31": "380", "2014-12-31": "378", "2014-09-30": "378", "2014-06-30": "377", "2014-03-31": "376", "2013-12-31": "354", "2013-09-30": "360", "2013-06-30": "360", "2013-03-31": "338", "2012-12-31": "320", "2012-09-30": "319", "2012-06-30": "300", "2012-03-31": "299", "2011-12-31": "295", "2011-09-30": "313", "2011-06-30": "312", "2011-03-31": "293", "2010-12-31": "283", "2010-09-30": "283", "2010-06-30": "282", "2010-03-31": "281", "2009-12-31": "274", "2009-09-30": "290", "2009-06-30": "289", "2009-03-31": "289", "2008-12-31": "270", "2008-09-30": "291", "2008-06-30": "290", "2008-03-31": "289", "2007-12-31": "279", "2007-09-30": "294", "2007-06-30": "308", "2007-03-31": "316", "2006-12-31": "290", "2006-09-30": "316", "2006-06-30": "315", "2006-03-31": "314", "2005-12-31": "311", "2005-09-30": "286", "2005-06-30": "310", "2005-03-31": "309"}}, "total-assets": {"Equity Residential Annual Total Assets (Millions of US $)": {"2019": "$21,173", "2018": "$20,394", "2017": "$20,571", "2016": "$20,704", "2015": "$23,110", "2014": "$22,951", "2013": "$22,835", "2012": "$17,201", "2011": "$16,659", "2010": "$16,184", "2009": "$15,418", "2008": "$16,535", "2007": "$15,690", "2006": "$15,062", "2005": "$14,109"}, "Equity Residential Quarterly Total Assets (Millions of US $)": {"2020-09-30": "$20,624", "2020-06-30": "$20,715", "2020-03-31": "$20,919", "2019-12-31": "$21,173", "2019-09-30": "$21,054", "2019-06-30": "$20,991", "2019-03-31": "$20,769", "2018-12-31": "$20,394", "2018-09-30": "$20,542", "2018-06-30": "$20,407", "2018-03-31": "$20,384", "2017-12-31": "$20,571", "2017-09-30": "$20,698", "2017-06-30": "$20,637", "2017-03-31": "$20,608", "2016-12-31": "$20,704", "2016-09-30": "$21,298", "2016-06-30": "$21,230", "2016-03-31": "$21,301", "2015-12-31": "$23,110", "2015-09-30": "$23,009", "2015-06-30": "$23,082", "2015-03-31": "$23,029", "2014-12-31": "$22,951", "2014-09-30": "$23,008", "2014-06-30": "$22,991", "2014-03-31": "$22,890", "2013-12-31": "$22,835", "2013-09-30": "$23,811", "2013-06-30": "$23,482", "2013-03-31": "$23,795", "2012-12-31": "$17,201", "2012-09-30": "$16,669", "2012-06-30": "$16,714", "2012-03-31": "$16,481", "2011-12-31": "$16,659", "2011-09-30": "$15,757", "2011-06-30": "$16,398", "2011-03-31": "$16,075", "2010-12-31": "$16,184", "2010-09-30": "$16,087", "2010-06-30": "$15,625", "2010-03-31": "$15,518", "2009-12-31": "$15,418", "2009-09-30": "$15,791", "2009-06-30": "$15,923", "2009-03-31": "$16,036", "2008-12-31": "$16,535", "2008-09-30": "$16,367", "2008-06-30": "$16,083", "2008-03-31": "$16,011", "2007-12-31": "$15,690", "2007-09-30": "$15,790", "2007-06-30": "$15,669", "2007-03-31": "$15,322", "2006-12-31": "$15,062", "2006-09-30": "$14,970", "2006-06-30": "$14,458", "2006-03-31": "$14,181", "2005-12-31": "$14,109", "2005-09-30": "$13,312", "2005-06-30": "$12,908", "2005-03-31": "$12,697"}}, "cash-on-hand": {"Equity Residential Annual Cash on Hand (Millions of US $)": {"2019": "$46", "2018": "$47", "2017": "$51", "2016": "$77", "2015": "$42", "2014": "$40", "2013": "$54", "2012": "$613", "2011": "$384", "2010": "$431", "2009": "$193", "2008": "$891", "2007": "$51", "2006": "$260", "2005": "$89"}, "Equity Residential Quarterly Cash on Hand (Millions of US $)": {"2020-09-30": "$178", "2020-06-30": "$187", "2020-03-31": "$82", "2019-12-31": "$46", "2019-09-30": "$29", "2019-06-30": "$251", "2019-03-31": "$29", "2018-12-31": "$47", "2018-09-30": "$33", "2018-06-30": "$35", "2018-03-31": "$44", "2017-12-31": "$51", "2017-09-30": "$47", "2017-06-30": "$38", "2017-03-31": "$42", "2016-12-31": "$77", "2016-09-30": "$518", "2016-06-30": "$498", "2016-03-31": "$368", "2015-12-31": "$42", "2015-09-30": "$37", "2015-06-30": "$92", "2015-03-31": "$49", "2014-12-31": "$40", "2014-09-30": "$31", "2014-06-30": "$76", "2014-03-31": "$37", "2013-12-31": "$54", "2013-09-30": "$973", "2013-06-30": "$153", "2013-03-31": "$56", "2012-12-31": "$613", "2012-09-30": "$46", "2012-06-30": "$45", "2012-03-31": "$220", "2011-12-31": "$384", "2011-09-30": "$46", "2011-06-30": "$605", "2011-03-31": "$306", "2010-12-31": "$431", "2010-09-30": "$44", "2010-06-30": "$48", "2010-03-31": "$60", "2009-12-31": "$193", "2009-09-30": "$638", "2009-06-30": "$667", "2009-03-31": "$429", "2008-12-31": "$891", "2008-09-30": "$530", "2008-06-30": "$274", "2008-03-31": "$503", "2007-12-31": "$51", "2007-09-30": "$63", "2007-06-30": "$66", "2007-03-31": "$172", "2006-12-31": "$260", "2006-09-30": "$76", "2006-06-30": "$72", "2006-03-31": "$87", "2005-12-31": "$89", "2005-09-30": "$307", "2005-06-30": "$103", "2005-03-31": "$91"}}, "long-term-debt": {"Equity Residential Annual Long Term Debt (Millions of US $)": {"2019": "$9,037", "2018": "$8,818", "2017": "$8,957", "2016": "$8,987", "2015": "$10,921", "2014": "$10,845", "2013": "$10,766", "2012": "$8,529", "2011": "$9,721", "2010": "$9,948", "2009": "$9,393", "2008": "$10,484", "2007": "$9,509", "2006": "$8,058", "2005": "$7,591"}, "Equity Residential Quarterly Long Term Debt (Millions of US $)": {"2020-09-30": "$8,397", "2020-06-30": "$8,422", "2020-03-31": "$8,633", "2019-12-31": "$9,037", "2019-09-30": "$8,992", "2019-06-30": "$9,130", "2019-03-31": "$8,953", "2018-12-31": "$8,818", "2018-09-30": "$8,824", "2018-06-30": "$8,773", "2018-03-31": "$8,659", "2017-12-31": "$8,957", "2017-09-30": "$8,992", "2017-06-30": "$8,964", "2017-03-31": "$8,930", "2016-12-31": "$8,987", "2016-09-30": "$8,499", "2016-06-30": "$8,511", "2016-03-31": "$8,584", "2015-12-31": "$10,921", "2015-09-30": "$10,803", "2015-06-30": "$10,828", "2015-03-31": "$10,860", "2014-12-31": "$10,845", "2014-09-30": "$10,958", "2014-06-30": "$11,082", "2014-03-31": "$10,943", "2013-12-31": "$10,766", "2013-09-30": "$11,707", "2013-06-30": "$11,724", "2013-03-31": "$12,155", "2012-12-31": "$8,529", "2012-09-30": "$9,309", "2012-06-30": "$9,394", "2012-03-31": "$9,413", "2011-12-31": "$9,721", "2011-09-30": "$8,777", "2011-06-30": "$9,449", "2011-03-31": "$9,677", "2010-12-31": "$9,948", "2010-09-30": "$10,177", "2010-06-30": "$9,659", "2010-03-31": "$9,495", "2009-12-31": "$9,393", "2009-09-30": "$9,835", "2009-06-30": "$9,974", "2009-03-31": "$10,083", "2008-12-31": "$10,484", "2008-09-30": "$10,101", "2008-06-30": "$9,870", "2008-03-31": "$9,863", "2007-12-31": "$9,509", "2007-09-30": "$9,528", "2007-06-30": "$9,332", "2007-03-31": "$8,474", "2006-12-31": "$8,058", "2006-09-30": "$8,328", "2006-06-30": "$7,689", "2006-03-31": "$7,440", "2005-12-31": "$7,591", "2005-09-30": "$6,768", "2005-06-30": "$6,653", "2005-03-31": "$6,408"}}, "total-liabilities": {"Equity Residential Annual Total Liabilities (Millions of US $)": {"2019": "$10,628", "2018": "$9,995", "2017": "$10,097", "2016": "$10,243", "2015": "$12,414", "2014": "$12,243", "2013": "$11,989", "2012": "$9,674", "2011": "$10,796", "2010": "$10,976", "2009": "$10,243", "2008": "$11,466", "2007": "$10,627", "2006": "$9,178", "2005": "$8,713"}, "Equity Residential Quarterly Total Liabilities (Millions of US $)": {"2020-09-30": "$9,870", "2020-06-30": "$9,877", "2020-03-31": "$10,149", "2019-12-31": "$10,628", "2019-09-30": "$10,647", "2019-06-30": "$10,611", "2019-03-31": "$10,502", "2018-12-31": "$9,995", "2018-09-30": "$10,075", "2018-06-30": "$9,967", "2018-03-31": "$9,859", "2017-12-31": "$10,097", "2017-09-30": "$10,204", "2017-06-30": "$10,111", "2017-03-31": "$10,093", "2016-12-31": "$10,243", "2016-09-30": "$10,959", "2016-06-30": "$9,823", "2016-03-31": "$9,993", "2015-12-31": "$12,414", "2015-09-30": "$12,304", "2015-06-30": "$12,237", "2015-03-31": "$12,355", "2014-12-31": "$12,243", "2014-09-30": "$12,291", "2014-06-30": "$12,363", "2014-03-31": "$12,170", "2013-12-31": "$11,989", "2013-09-30": "$12,889", "2013-06-30": "$12,843", "2013-03-31": "$13,360", "2012-12-31": "$9,674", "2012-09-30": "$10,455", "2012-06-30": "$10,610", "2012-03-31": "$10,462", "2011-12-31": "$10,796", "2011-09-30": "$9,902", "2011-06-30": "$10,522", "2011-03-31": "$10,673", "2010-12-31": "$10,976", "2010-09-30": "$11,223", "2010-06-30": "$10,629", "2010-03-31": "$10,371", "2009-12-31": "$10,243", "2009-09-30": "$10,701", "2009-06-30": "$10,844", "2009-03-31": "$10,889", "2008-12-31": "$11,466", "2008-09-30": "$11,211", "2008-06-30": "$10,992", "2008-03-31": "$10,938", "2007-12-31": "$10,627", "2007-09-30": "$10,651", "2007-06-30": "$10,435", "2007-03-31": "$9,626", "2006-12-31": "$9,178", "2006-09-30": "$9,445", "2006-06-30": "$8,784", "2006-03-31": "$8,526", "2005-12-31": "$8,713", "2005-09-30": "$8,052", "2005-06-30": "$7,695", "2005-03-31": "$7,496"}}, "total-share-holder-equity": {"Equity Residential Annual Share Holder Equity (Millions of US $)": {"2019": "$10,545", "2018": "$10,400", "2017": "$10,474", "2016": "$10,461", "2015": "$10,696", "2014": "$10,708", "2013": "$10,845", "2012": "$7,527", "2011": "$5,863", "2010": "$5,209", "2009": "$5,175", "2008": "$5,069", "2007": "$5,063", "2006": "$5,884", "2005": "$5,395"}, "Equity Residential Quarterly Share Holder Equity (Millions of US $)": {"2020-09-30": "$10,754", "2020-06-30": "$10,837", "2020-03-31": "$10,771", "2019-12-31": "$10,545", "2019-09-30": "$10,407", "2019-06-30": "$10,380", "2019-03-31": "$10,267", "2018-12-31": "$10,400", "2018-09-30": "$10,467", "2018-06-30": "$10,440", "2018-03-31": "$10,525", "2017-12-31": "$10,474", "2017-09-30": "$10,494", "2017-06-30": "$10,526", "2017-03-31": "$10,515", "2016-12-31": "$10,461", "2016-09-30": "$10,339", "2016-06-30": "$11,407", "2016-03-31": "$11,309", "2015-12-31": "$10,696", "2015-09-30": "$10,705", "2015-06-30": "$10,845", "2015-03-31": "$10,674", "2014-12-31": "$10,708", "2014-09-30": "$10,717", "2014-06-30": "$10,629", "2014-03-31": "$10,720", "2013-12-31": "$10,845", "2013-09-30": "$10,923", "2013-06-30": "$10,639", "2013-03-31": "$10,435", "2012-12-31": "$7,527", "2012-09-30": "$6,214", "2012-06-30": "$6,104", "2012-03-31": "$6,019", "2011-12-31": "$5,863", "2011-09-30": "$5,855", "2011-06-30": "$5,876", "2011-03-31": "$5,402", "2010-12-31": "$5,209", "2010-09-30": "$4,864", "2010-06-30": "$4,996", "2010-03-31": "$5,147", "2009-12-31": "$5,175", "2009-09-30": "$5,090", "2009-06-30": "$5,079", "2009-03-31": "$5,147", "2008-12-31": "$5,069", "2008-09-30": "$5,156", "2008-06-30": "$5,092", "2008-03-31": "$5,073", "2007-12-31": "$5,063", "2007-09-30": "$5,139", "2007-06-30": "$5,233", "2007-03-31": "$5,695", "2006-12-31": "$5,884", "2006-09-30": "$5,525", "2006-06-30": "$5,674", "2006-03-31": "$5,655", "2005-12-31": "$5,395", "2005-09-30": "$5,260", "2005-06-30": "$5,213", "2005-03-31": "$5,202"}}, "profit-margins": {"current": "35.97%"}, "gross margin": {"2020-09-30": "65.18%", "2020-06-30": "66.14%", "2020-03-31": "66.32%", "2019-12-31": "66.41%", "2019-09-30": "66.32%", "2019-06-30": "66.06%", "2019-03-31": "65.95%", "2018-12-31": "65.88%", "2018-09-30": "66.25%", "2018-06-30": "66.26%", "2018-03-31": "66.24%", "2017-12-31": "66.57%", "2017-09-30": "66.58%", "2017-06-30": "66.54%", "2017-03-31": "66.85%", "2016-12-31": "66.76%", "2016-09-30": "66.94%", "2016-06-30": "67.24%", "2016-03-31": "67.22%", "2015-12-31": "67.06%", "2015-09-30": "66.78%", "2015-06-30": "66.64%", "2015-03-31": "66.39%", "2014-12-31": "66.04%", "2014-09-30": "65.66%", "2014-06-30": "65.36%", "2014-03-31": "65.14%", "2013-12-31": "65.08%", "2013-09-30": "65.02%", "2013-06-30": "64.71%", "2013-03-31": "64.34%", "2012-12-31": "64.17%", "2012-09-30": "63.31%", "2012-06-30": "63.07%", "2012-03-31": "62.92%", "2011-12-31": "62.75%", "2011-09-30": "63.33%", "2011-06-30": "62.41%", "2011-03-31": "61.73%", "2010-12-31": "60.63%", "2010-09-30": "61.23%", "2010-06-30": "60.79%", "2010-03-31": "60.73%", "2009-12-31": "61.16%", "2009-09-30": "59.62%", "2009-06-30": "59.71%", "2009-03-31": "59.61%", "2008-12-31": "59.41%", "2008-09-30": "59.69%", "2008-06-30": "59.58%", "2008-03-31": "59.23%", "2007-12-31": "58.79%", "2007-09-30": "58.22%", "2007-06-30": "57.93%", "2007-03-31": "57.87%", "2006-12-31": "58.34%", "2006-09-30": "58.09%", "2006-06-30": "57.18%", "2006-03-31": "56.67%", "2005-12-31": "56.15%"}, "operating margin": {"2020-09-30": "51.85%", "2020-06-30": "57.52%", "2020-03-31": "57.65%", "2019-12-31": "50.22%", "2019-09-30": "43.69%", "2019-06-30": "43.12%", "2019-03-31": "37.81%", "2018-12-31": "43.23%", "2018-09-30": "49.59%", "2018-06-30": "45.37%", "2018-03-31": "45.60%", "2017-12-31": "40.67%", "2017-09-30": "35.05%", "2017-06-30": "34.94%", "2017-03-31": "34.98%", "2016-12-31": "35.30%", "2016-09-30": "36.42%", "2016-06-30": "37.05%", "2016-03-31": "37.37%", "2015-12-31": "36.77%", "2015-09-30": "35.96%", "2015-06-30": "35.83%", "2015-03-31": "35.50%", "2014-12-31": "35.22%", "2014-09-30": "34.53%", "2014-06-30": "30.21%", "2014-03-31": "24.13%", "2013-12-31": "21.44%", "2013-09-30": "19.35%", "2013-06-30": "22.23%", "2013-03-31": "27.91%", "2012-12-31": "29.42%", "2012-09-30": "27.39%", "2012-06-30": "26.75%", "2012-03-31": "26.91%", "2011-12-31": "26.69%", "2011-09-30": "24.83%", "2011-06-30": "23.07%", "2011-03-31": "21.13%", "2010-12-31": "20.79%", "2010-09-30": "23.03%", "2010-06-30": "24.17%", "2010-03-31": "25.34%", "2009-12-31": "26.40%", "2009-09-30": "20.30%", "2009-06-30": "20.99%", "2009-03-31": "22.28%", "2008-12-31": "22.47%", "2008-09-30": "29.00%", "2008-06-30": "28.62%", "2008-03-31": "27.75%", "2007-12-31": "27.12%", "2007-09-30": "24.89%", "2007-06-30": "24.66%", "2007-03-31": "24.88%", "2006-12-31": "25.38%", "2006-09-30": "26.36%", "2006-06-30": "25.91%", "2006-03-31": "25.63%", "2005-12-31": "25.40%"}, "ebitda margin": {"2020-09-30": "85.28%", "2020-06-30": "90.28%", "2020-03-31": "90.59%", "2019-12-31": "83.11%", "2019-09-30": "76.32%", "2019-06-30": "76.37%", "2019-03-31": "70.44%", "2018-12-31": "75.88%", "2018-09-30": "82.48%", "2018-06-30": "77.45%", "2018-03-31": "77.44%", "2017-12-31": "72.12%", "2017-09-30": "65.85%", "2017-06-30": "65.80%", "2017-03-31": "65.93%", "2016-12-31": "66.06%", "2016-09-30": "66.03%", "2016-06-30": "66.17%", "2016-03-31": "66.22%", "2015-12-31": "65.52%", "2015-09-30": "65.45%", "2015-06-30": "65.41%", "2015-03-31": "65.14%", "2014-12-31": "64.89%", "2014-09-30": "59.75%", "2014-06-30": "58.93%", "2014-03-31": "58.35%", "2013-12-31": "59.13%", "2013-09-30": "66.19%", "2013-06-30": "68.05%", "2013-03-31": "69.99%", "2012-12-31": "70.12%", "2012-09-30": "76.52%", "2012-06-30": "74.27%", "2012-03-31": "72.76%", "2011-12-31": "71.54%", "2011-09-30": "64.02%", "2011-06-30": "63.64%", "2011-03-31": "63.16%", "2010-12-31": "61.83%", "2010-09-30": "65.83%", "2010-06-30": "64.76%", "2010-03-31": "63.63%", "2009-12-31": "64.21%", "2009-09-30": "55.13%", "2009-06-30": "55.45%", "2009-03-31": "55.92%", "2008-12-31": "55.48%", "2008-09-30": "62.03%", "2008-06-30": "61.72%", "2008-03-31": "61.77%", "2007-12-31": "61.92%", "2007-09-30": "60.08%", "2007-06-30": "59.89%", "2007-03-31": "60.08%", "2006-12-31": "60.40%", "2006-09-30": "62.77%", "2006-06-30": "62.41%", "2006-03-31": "62.09%", "2005-12-31": "61.16%"}, "pre tax profit margin": {"2020-09-30": "37.93%", "2020-06-30": "43.73%", "2020-03-31": "42.76%", "2019-12-31": "34.78%", "2019-09-30": "28.59%", "2019-06-30": "26.96%", "2019-03-31": "22.12%", "2018-12-31": "26.72%", "2018-09-30": "32.81%", "2018-06-30": "29.31%", "2018-03-31": "29.56%", "2017-12-31": "24.77%", "2017-09-30": "19.18%", "2017-06-30": "18.87%", "2017-03-31": "21.29%", "2016-12-31": "17.15%", "2016-09-30": "18.23%", "2016-06-30": "18.52%", "2016-03-31": "16.69%", "2015-12-31": "20.37%", "2015-09-30": "19.29%", "2015-06-30": "18.70%", "2015-03-31": "17.82%", "2014-12-31": "17.13%", "2014-09-30": "14.68%", "2014-06-30": "9.99%", "2014-03-31": "3.18%", "2013-12-31": "-5.11%", "2013-09-30": "-5.12%", "2013-06-30": "-0.56%", "2013-03-31": "3.05%", "2012-12-31": "9.22%", "2012-09-30": "-2.03%", "2012-06-30": "-6.11%", "2012-03-31": "-5.32%", "2011-12-31": "-4.98%", "2011-09-30": "-2.86%", "2011-06-30": "-6.03%", "2011-03-31": "-7.70%", "2010-12-31": "-7.71%", "2010-09-30": "-9.02%", "2010-06-30": "-7.11%", "2010-03-31": "-5.12%", "2009-12-31": "-3.78%", "2009-09-30": "-5.21%", "2009-06-30": "-4.14%", "2009-03-31": "-2.68%", "2008-12-31": "-2.17%", "2008-09-30": "3.24%", "2008-06-30": "2.72%", "2008-03-31": "1.30%", "2007-12-31": "0.71%", "2007-09-30": "0.06%", "2007-06-30": "0.46%", "2007-03-31": "1.46%", "2006-12-31": "2.12%", "2006-09-30": "1.87%", "2006-06-30": "1.72%", "2006-03-31": "1.59%", "2005-12-31": "5.95%"}, "net profit margin": {"2020-09-30": "35.88%", "2020-06-30": "41.52%", "2020-03-31": "43.05%", "2019-12-31": "35.81%", "2019-09-30": "29.75%", "2019-06-30": "28.14%", "2019-03-31": "20.97%", "2018-12-31": "25.36%", "2018-09-30": "25.93%", "2018-06-30": "23.18%", "2018-03-31": "26.72%", "2017-12-31": "24.28%", "2017-09-30": "30.72%", "2017-06-30": "33.87%", "2017-03-31": "35.06%", "2016-12-31": "176.87%", "2016-09-30": "167.10%", "2016-06-30": "160.89%", "2016-03-31": "158.40%", "2015-12-31": "31.49%", "2015-09-30": "32.45%", "2015-06-30": "33.77%", "2015-03-31": "27.53%", "2014-12-31": "24.02%", "2014-09-30": "20.12%", "2014-06-30": "26.49%", "2014-03-31": "35.29%", "2013-12-31": "76.51%", "2013-09-30": "96.88%", "2013-06-30": "97.52%", "2013-03-31": "94.24%", "2012-12-31": "47.34%", "2012-09-30": "39.13%", "2012-06-30": "30.21%", "2012-03-31": "59.60%", "2011-12-31": "57.64%", "2011-09-30": "55.26%", "2011-06-30": "51.93%", "2011-03-31": "20.36%", "2010-12-31": "16.07%", "2010-09-30": "8.00%", "2010-06-30": "14.60%", "2010-03-31": "19.91%", "2009-12-31": "21.22%", "2009-09-30": "14.75%", "2009-06-30": "16.68%", "2009-03-31": "18.00%", "2008-12-31": "20.83%", "2008-09-30": "28.84%", "2008-06-30": "43.67%", "2008-03-31": "52.16%", "2007-12-31": "52.11%", "2007-09-30": "73.14%", "2007-06-30": "52.18%", "2007-03-31": "45.63%", "2006-12-31": "60.63%", "2006-09-30": "49.28%", "2006-06-30": "62.73%", "2006-03-31": "63.47%", "2005-12-31": "53.94%"}, "pe ratio": {"current": "19.05", "2021-02-05": "25.57", "2020-09-30": "20.01", "2020-06-30": "19.12", "2020-03-31": "19.03", "2019-12-31": "29.93", "2019-09-30": "38.53", "2019-06-30": "35.88", "2019-03-31": "47.74", "2018-12-31": "34.72", "2018-09-30": "34.27", "2018-06-30": "37.00", "2018-03-31": "31.18", "2017-12-31": "35.50", "2017-09-30": "29.10", "2017-06-30": "26.38", "2017-03-31": "24.09", "2016-12-31": "4.86", "2016-09-30": "4.90", "2016-06-30": "4.99", "2016-03-31": "5.30", "2015-12-31": "25.37", "2015-09-30": "22.81", "2015-06-30": "20.46", "2015-03-31": "27.82", "2014-12-31": "29.47", "2014-09-30": "30.15", "2014-06-30": "23.43", "2014-03-31": "16.29", "2013-12-31": "6.78", "2013-09-30": "5.93", "2013-06-30": "6.75", "2013-03-31": "7.05", "2012-12-31": "14.00", "2012-09-30": "20.38", "2012-06-30": "27.46", "2012-03-31": "13.53", "2011-12-31": "12.46", "2011-09-30": "10.12", "2011-06-30": "12.64", "2011-03-31": "30.14", "2010-12-31": "34.27", "2010-09-30": "65.64", "2010-06-30": "30.57", "2010-03-31": "20.48", "2009-12-31": "16.40", "2009-09-30": "19.00", "2009-06-30": "11.69", "2009-03-31": "8.54", "2008-12-31": "11.39", "2008-09-30": "12.06", "2008-06-30": "6.92", "2008-03-31": "6.41", "2007-12-31": "5.78", "2007-09-30": "5.12", "2007-06-30": "8.15", "2007-03-31": "10.03", "2006-12-31": "7.76"}, "price sales": {"2021-02-05": "9.49", "2020-09-30": "7.43", "2020-06-30": "8.22", "2020-03-31": "8.49", "2019-12-31": "11.08", "2019-09-30": "11.85", "2019-06-30": "10.47", "2019-03-31": "10.41", "2018-12-31": "9.14", "2018-09-30": "9.25", "2018-06-30": "8.91", "2018-03-31": "8.64", "2017-12-31": "8.96", "2017-09-30": "9.28", "2017-06-30": "9.26", "2017-03-31": "8.75", "2016-12-31": "8.92", "2016-09-30": "8.49", "2016-06-30": "8.32", "2016-03-31": "8.70", "2015-12-31": "8.26", "2015-09-30": "7.65", "2015-06-30": "7.16", "2015-03-31": "7.95", "2014-12-31": "7.36", "2014-09-30": "6.22", "2014-06-30": "6.33", "2014-03-31": "5.79", "2013-12-31": "5.28", "2013-09-30": "5.86", "2013-06-30": "6.66", "2013-03-31": "6.51", "2012-12-31": "6.65", "2012-09-30": "8.04", "2012-06-30": "8.37", "2012-03-31": "8.28", "2011-12-31": "7.36", "2011-09-30": "5.70", "2011-06-30": "6.53", "2011-03-31": "6.06", "2010-12-31": "5.48", "2010-09-30": "5.31", "2010-06-30": "4.57", "2010-03-31": "4.21", "2009-12-31": "3.59", "2009-09-30": "2.92", "2009-06-30": "2.06", "2009-03-31": "1.64", "2008-12-31": "2.57", "2008-09-30": "3.80", "2008-06-30": "3.27", "2008-03-31": "3.60", "2007-12-31": "3.24", "2007-09-30": "3.85", "2007-06-30": "4.27", "2007-03-31": "4.56", "2006-12-31": "4.78"}, "price book": {"current": "2.26", "2021-02-05": "2.25", "2020-09-30": "1.76", "2020-06-30": "1.98", "2020-03-31": "2.06", "2019-12-31": "2.73", "2019-09-30": "2.93", "2019-06-30": "2.56", "2019-03-31": "2.55", "2018-12-31": "2.18", "2018-09-30": "2.17", "2018-06-30": "2.08", "2018-03-31": "1.97", "2017-12-31": "2.03", "2017-09-30": "2.08", "2017-06-30": "2.05", "2017-03-31": "1.93", "2016-12-31": "1.98", "2016-09-30": "1.99", "2016-06-30": "1.83", "2016-03-31": "1.99", "2015-12-31": "2.03", "2015-09-30": "1.85", "2015-06-30": "1.70", "2015-03-31": "1.90", "2014-12-31": "1.73", "2014-09-30": "1.47", "2014-06-30": "1.50", "2014-03-31": "1.36", "2013-12-31": "1.19", "2013-09-30": "1.20", "2013-06-30": "1.33", "2013-03-31": "1.27", "2012-12-31": "1.63", "2012-09-30": "1.84", "2012-06-30": "2.00", "2012-03-31": "2.03", "2011-12-31": "1.86", "2011-09-30": "1.68", "2011-06-30": "1.92", "2011-03-31": "1.94", "2010-12-31": "1.81", "2010-09-30": "1.72", "2010-06-30": "1.46", "2010-03-31": "1.31", "2009-12-31": "1.11", "2009-09-30": "1.00", "2009-06-30": "0.71", "2009-03-31": "0.57", "2008-12-31": "0.91", "2008-09-30": "1.31", "2008-06-30": "1.13", "2008-03-31": "1.21", "2007-12-31": "1.05", "2007-09-30": "1.19", "2007-06-30": "1.27", "2007-03-31": "1.28", "2006-12-31": "1.31", "2006-09-30": "1.37", "2006-06-30": "1.16", "2006-03-31": "1.21"}, "price fcf": {"2021-02-05": "", "2020-09-30": "$4.45", "2020-06-30": "$4.09", "2020-03-31": "$3.22", "2019-12-31": "$1.61", "2019-09-30": "$1.50", "2019-06-30": "$1.66", "2019-03-31": "$1.34", "2018-12-31": "$2.59", "2018-09-30": "$2.62", "2018-06-30": "$2.03", "2018-03-31": "$2.55", "2017-12-31": "$1.84", "2017-09-30": "$2.52", "2017-06-30": "$3.36", "2017-03-31": "$3.07", "2016-12-31": "$18.56", "2016-09-30": "$17.17", "2016-06-30": "$17.06", "2016-03-31": "$17.14", "2015-12-31": "$1.81", "2015-09-30": "$2.83", "2015-06-30": "$2.87", "2015-03-31": "$2.43", "2014-12-31": "$1.73", "2014-09-30": "$1.21", "2014-06-30": "$3.01", "2014-03-31": "$4.57", "2013-12-31": "$13.53", "2013-09-30": "$14.54", "2013-06-30": "$12.75", "2013-03-31": "$11.27", "2012-12-31": "$2.84", "2012-09-30": "$-0.30", "2012-06-30": "$-0.32", "2012-03-31": "$1.73", "2011-12-31": "$1.99", "2011-09-30": "$5.70", "2011-06-30": "$4.15", "2011-03-31": "$1.73", "2010-12-31": "$-0.22", "2010-09-30": "$-1.81", "2010-06-30": "$0.57", "2010-03-31": "$1.75", "2009-12-31": "$3.38", "2009-09-30": "$3.31", "2009-06-30": "$3.05", "2009-03-31": "$1.82", "2008-12-31": "$2.08", "2008-09-30": "$2.09", "2008-06-30": "$2.85", "2008-03-31": "$3.38", "2007-12-31": "$1.38", "2007-09-30": "$4.25", "2007-06-30": "$1.18", "2007-03-31": "$0.19", "2006-12-31": "$2.75"}, "net worth": {"value": "$24.18B"}, "current ratio": {"2020-09-30": "0.80", "2020-06-30": "1.06", "2020-03-31": "0.36", "2019-12-31": "0.28", "2019-09-30": "0.13", "2019-06-30": "1.46", "2019-03-31": "0.13", "2018-12-31": "0.29", "2018-09-30": "0.13", "2018-06-30": "0.17", "2018-03-31": "0.19", "2017-12-31": "0.29", "2017-09-30": "0.24", "2017-06-30": "0.32", "2017-03-31": "0.46", "2016-12-31": "0.37", "2016-09-30": "2.16", "2016-06-30": "2.29", "2016-03-31": "1.50", "2015-12-31": "0.36", "2015-09-30": "0.27", "2015-06-30": "0.52", "2015-03-31": "0.35", "2014-12-31": "0.36", "2014-09-30": "0.27", "2014-06-30": "0.49", "2014-03-31": "0.34", "2013-12-31": "0.49", "2013-09-30": "4.02", "2013-06-30": "1.14", "2013-03-31": "0.50", "2012-12-31": "5.43", "2012-09-30": "0.30", "2012-06-30": "0.35", "2012-03-31": "1.48", "2011-12-31": "3.20", "2011-09-30": "0.34", "2011-06-30": "3.81", "2011-03-31": "2.09", "2010-12-31": "3.22", "2010-09-30": "0.35", "2010-06-30": "0.37", "2010-03-31": "0.49", "2009-12-31": "1.31", "2009-09-30": "3.21", "2009-06-30": "3.09", "2009-03-31": "2.20", "2008-12-31": "4.10", "2008-09-30": "2.18", "2008-06-30": "1.10", "2008-03-31": "2.24", "2007-12-31": "0.30", "2007-09-30": "0.35", "2007-06-30": "0.42", "2007-03-31": "1.04", "2006-12-31": "1.52", "2006-09-30": "0.50", "2006-06-30": "0.51", "2006-03-31": "0.69", "2005-12-31": "0.64", "2005-09-30": "1.82", "2005-06-30": "0.79", "2005-03-31": "0.81"}, "quick ratio": {"2020-09-30": "0.00", "2020-06-30": "0.00", "2020-03-31": "0.00", "2019-12-31": "0.00", "2019-09-30": "0.00", "2019-06-30": "0.00", "2019-03-31": "0.00", "2018-12-31": "0.00", "2018-09-30": "0.00", "2018-06-30": "0.00", "2018-03-31": "0.00", "2017-12-31": "0.00", "2017-09-30": "0.00", "2017-06-30": "0.00", "2017-03-31": "0.00", "2016-12-31": "0.00", "2016-09-30": "0.00", "2016-06-30": "0.00", "2016-03-31": "0.00", "2015-12-31": "0.00", "2015-09-30": "0.00", "2015-06-30": "0.00", "2015-03-31": "0.00", "2014-12-31": "0.00", "2014-09-30": "0.00", "2014-06-30": "0.00", "2014-03-31": "0.00", "2013-12-31": "0.00", "2013-09-30": "0.00", "2013-06-30": "0.00", "2013-03-31": "0.00", "2012-12-31": "0.00", "2012-09-30": "0.00", "2012-06-30": "0.00", "2012-03-31": "0.00", "2011-12-31": "0.00", "2011-09-30": "0.00", "2011-06-30": "0.00", "2011-03-31": "0.00", "2010-12-31": "0.00", "2010-09-30": "0.00", "2010-06-30": "0.00", "2010-03-31": "0.00", "2009-12-31": "0.00", "2009-09-30": "0.00", "2009-06-30": "0.00", "2009-03-31": "0.00", "2008-12-31": "0.00", "2008-09-30": "0.00", "2008-06-30": "0.00", "2008-03-31": "0.00", "2007-12-31": "0.00", "2007-09-30": "0.00", "2007-06-30": "0.00", "2007-03-31": "0.00", "2006-12-31": "0.00", "2006-09-30": "0.00", "2006-06-30": "0.00", "2006-03-31": "0.00", "2005-12-31": "0.00", "2005-09-30": "0.00", "2005-06-30": "0.00", "2005-03-31": "0.00"}, "debt equity ratio": {"current": "0.78", "2020-09-30": "0.92", "2020-06-30": "0.91", "2020-03-31": "0.94", "2019-12-31": "1.01", "2019-09-30": "1.02", "2019-06-30": "1.02", "2019-03-31": "1.02", "2018-12-31": "0.96", "2018-09-30": "0.96", "2018-06-30": "0.96", "2018-03-31": "0.94", "2017-12-31": "0.96", "2017-09-30": "0.97", "2017-06-30": "0.96", "2017-03-31": "0.96", "2016-12-31": "0.98", "2016-09-30": "1.06", "2016-06-30": "0.86", "2016-03-31": "0.88", "2015-12-31": "1.16", "2015-09-30": "1.15", "2015-06-30": "1.13", "2015-03-31": "1.16", "2014-12-31": "1.14", "2014-09-30": "1.15", "2014-06-30": "1.16", "2014-03-31": "1.14", "2013-12-31": "1.11", "2013-09-30": "1.18", "2013-06-30": "1.21", "2013-03-31": "1.28", "2012-12-31": "1.29", "2012-09-30": "1.68", "2012-06-30": "1.74", "2012-03-31": "1.74", "2011-12-31": "1.84", "2011-09-30": "1.69", "2011-06-30": "1.79", "2011-03-31": "1.98", "2010-12-31": "2.11", "2010-09-30": "2.31", "2010-06-30": "2.13", "2010-03-31": "2.02", "2009-12-31": "1.98", "2009-09-30": "2.10", "2009-06-30": "2.14", "2009-03-31": "2.12", "2008-12-31": "2.26", "2008-09-30": "2.17", "2008-06-30": "2.16", "2008-03-31": "2.16", "2007-12-31": "2.10", "2007-09-30": "2.07", "2007-06-30": "1.99", "2007-03-31": "1.69", "2006-12-31": "1.56", "2006-09-30": "1.71", "2006-06-30": "1.55", "2006-03-31": "1.51", "2005-12-31": "1.62", "2005-09-30": "1.53", "2005-06-30": "1.48", "2005-03-31": "1.44"}, "return on equity": {"2020-09-30": "8.84%", "2020-06-30": "10.55%", "2020-03-31": "11.13%", "2019-12-31": "9.30%", "2019-09-30": "7.66%", "2019-06-30": "7.15%", "2019-03-31": "5.26%", "2018-12-31": "6.25%", "2018-09-30": "6.33%", "2018-06-30": "5.59%", "2018-03-31": "6.36%", "2017-12-31": "5.71%", "2017-09-30": "7.15%", "2017-06-30": "7.86%", "2017-03-31": "7.91%", "2016-12-31": "39.42%", "2016-09-30": "38.55%", "2016-06-30": "38.12%", "2016-03-31": "39.23%", "2015-12-31": "8.05%", "2015-09-30": "8.18%", "2015-06-30": "8.41%", "2015-03-31": "6.82%", "2014-12-31": "5.87%", "2014-09-30": "4.86%", "2014-06-30": "6.27%", "2014-03-31": "8.24%", "2013-12-31": "17.06%", "2013-09-30": "21.08%", "2013-06-30": "22.13%", "2013-03-31": "22.48%", "2012-12-31": "12.79%", "2012-09-30": "9.26%", "2012-06-30": "7.47%", "2012-03-31": "15.20%", "2011-12-31": "15.29%", "2011-09-30": "17.29%", "2011-06-30": "16.62%", "2011-03-31": "6.66%", "2010-12-31": "5.32%", "2010-09-30": "2.48%", "2010-06-30": "4.55%", "2010-03-31": "6.31%", "2009-12-31": "6.79%", "2009-09-30": "5.22%", "2009-06-30": "5.99%", "2009-03-31": "6.57%", "2008-12-31": "7.71%", "2008-09-30": "10.66%", "2008-06-30": "16.07%", "2008-03-31": "18.84%", "2007-12-31": "18.00%", "2007-09-30": "23.67%", "2007-06-30": "16.26%", "2007-03-31": "13.75%", "2006-12-31": "18.15%", "2006-09-30": "14.18%", "2006-06-30": "17.89%", "2006-03-31": "17.86%", "2005-12-31": "15.32%"}, "return on assets": {"2020-09-30": "4.55%", "2020-06-30": "5.36%", "2020-03-31": "5.57%", "2019-12-31": "4.61%", "2019-09-30": "3.82%", "2019-06-30": "3.59%", "2019-03-31": "2.66%", "2018-12-31": "3.20%", "2018-09-30": "3.24%", "2018-06-30": "2.86%", "2018-03-31": "3.25%", "2017-12-31": "2.91%", "2017-09-30": "3.63%", "2017-06-30": "3.95%", "2017-03-31": "4.03%", "2016-12-31": "20.30%", "2016-09-30": "19.40%", "2016-06-30": "18.97%", "2016-03-31": "18.88%", "2015-12-31": "3.75%", "2015-09-30": "3.81%", "2015-06-30": "3.92%", "2015-03-31": "3.17%", "2014-12-31": "2.74%", "2014-09-30": "2.27%", "2014-06-30": "2.92%", "2014-03-31": "3.82%", "2013-12-31": "7.78%", "2013-09-30": "9.44%", "2013-06-30": "9.49%", "2013-03-31": "9.15%", "2012-12-31": "4.93%", "2012-09-30": "3.37%", "2012-06-30": "2.71%", "2012-03-31": "5.50%", "2011-12-31": "5.42%", "2011-09-30": "6.00%", "2011-06-30": "5.48%", "2011-03-31": "2.13%", "2010-12-31": "1.70%", "2010-09-30": "0.80%", "2010-06-30": "1.49%", "2010-03-31": "2.06%", "2009-12-31": "2.20%", "2009-09-30": "1.66%", "2009-06-30": "1.89%", "2009-03-31": "2.07%", "2008-12-31": "2.42%", "2008-09-30": "3.39%", "2008-06-30": "5.15%", "2008-03-31": "6.12%", "2007-12-31": "6.09%", "2007-09-30": "8.40%", "2007-06-30": "5.95%", "2007-03-31": "5.24%", "2006-12-31": "7.04%", "2006-09-30": "5.47%", "2006-06-30": "7.01%", "2006-03-31": "7.05%", "2005-12-31": "6.09%"}, "return on investments": {"2020-09-30": "7.08%", "2020-06-30": "8.02%", "2020-03-31": "8.05%", "2019-12-31": "6.98%", "2019-09-30": "6.03%", "2019-06-30": "5.89%", "2019-03-31": "5.13%", "2018-12-31": "5.80%", "2018-09-30": "6.58%", "2018-06-30": "5.93%", "2018-03-31": "5.88%", "2017-12-31": "5.16%", "2017-09-30": "4.40%", "2017-06-30": "4.39%", "2017-03-31": "4.34%", "2016-12-31": "4.38%", "2016-09-30": "4.58%", "2016-06-30": "4.67%", "2016-03-31": "4.76%", "2015-12-31": "4.67%", "2015-09-30": "4.51%", "2015-06-30": "4.43%", "2015-03-31": "4.35%", "2014-12-31": "4.25%", "2014-09-30": "4.13%", "2014-06-30": "3.52%", "2014-03-31": "2.75%", "2013-12-31": "2.30%", "2013-09-30": "1.99%", "2013-06-30": "2.29%", "2013-03-31": "2.89%", "2012-12-31": "3.29%", "2012-09-30": "2.53%", "2012-06-30": "2.58%", "2012-03-31": "2.66%", "2011-12-31": "2.69%", "2011-09-30": "2.88%", "2011-06-30": "2.60%", "2011-03-31": "2.36%", "2010-12-31": "2.34%", "2010-09-30": "2.44%", "2010-06-30": "2.61%", "2010-03-31": "2.78%", "2009-12-31": "2.90%", "2009-09-30": "2.41%", "2009-06-30": "2.52%", "2009-03-31": "2.73%", "2008-12-31": "2.79%", "2008-09-30": "3.66%", "2008-06-30": "3.63%", "2008-03-31": "3.50%", "2007-12-31": "3.42%", "2007-09-30": "3.08%", "2007-06-30": "3.04%", "2007-03-31": "3.09%", "2006-12-31": "3.19%", "2006-09-30": "3.17%", "2006-06-30": "3.16%", "2006-03-31": "3.11%", "2005-12-31": "3.13%"}, "return on tangible equity": {"2020-09-30": "8.84%", "2020-06-30": "10.55%", "2020-03-31": "11.13%", "2019-12-31": "9.30%", "2019-09-30": "7.66%", "2019-06-30": "7.15%", "2019-03-31": "5.26%", "2018-12-31": "6.25%", "2018-09-30": "6.33%", "2018-06-30": "5.59%", "2018-03-31": "6.36%", "2017-12-31": "5.71%", "2017-09-30": "7.15%", "2017-06-30": "7.86%", "2017-03-31": "7.91%", "2016-12-31": "39.42%", "2016-09-30": "38.55%", "2016-06-30": "38.12%", "2016-03-31": "39.23%", "2015-12-31": "8.05%", "2015-09-30": "8.18%", "2015-06-30": "8.41%", "2015-03-31": "6.82%", "2014-12-31": "5.87%", "2014-09-30": "4.86%", "2014-06-30": "6.27%", "2014-03-31": "8.24%", "2013-12-31": "17.06%", "2013-09-30": "21.08%", "2013-06-30": "22.13%", "2013-03-31": "22.48%", "2012-12-31": "12.79%", "2012-09-30": "9.26%", "2012-06-30": "7.47%", "2012-03-31": "15.20%", "2011-12-31": "15.29%", "2011-09-30": "17.29%", "2011-06-30": "16.62%", "2011-03-31": "6.66%", "2010-12-31": "5.32%", "2010-09-30": "2.48%", "2010-06-30": "4.55%", "2010-03-31": "6.31%", "2009-12-31": "6.79%", "2009-09-30": "5.22%", "2009-06-30": "5.99%", "2009-03-31": "6.57%", "2008-12-31": "7.71%", "2008-09-30": "10.66%", "2008-06-30": "16.07%", "2008-03-31": "18.84%", "2007-12-31": "18.00%", "2007-09-30": "23.67%", "2007-06-30": "16.28%", "2007-03-31": "13.79%", "2006-12-31": "18.23%", "2006-09-30": "14.26%", "2006-06-30": "17.98%", "2006-03-31": "17.96%", "2005-12-31": "15.41%"}, "dividend yield history": {"last payout": "$2.41", "last yield": "3.71%"}}