{"ticker": "ELS", "price": {"title": "Equity Lifestyle Properties Historical Annual Stock Price Data", "value": 62.79, "historical": {"2021": {"Average Stock Price": "61.6200", "Year Open": "60.4700", "Year High": "64.5000", "Year Low": "59.6200", "Year Close": "62.7900", "Annual % Change": "-0.90%"}, "2020": {"Average Stock Price": "63.9888", "Year Open": "69.0900", "Year High": "77.2800", "Year Low": "45.2400", "Year Close": "63.3600", "Annual % Change": "-9.99%"}, "2019": {"Average Stock Price": "61.9551", "Year Open": "47.0100", "Year High": "74.0800", "Year Low": "47.0100", "Year Close": "70.3900", "Annual % Change": "44.94%"}, "2018": {"Average Stock Price": "45.6429", "Year Open": "44.1950", "Year High": "51.6600", "Year Low": "40.7750", "Year Close": "48.5650", "Annual % Change": "9.11%"}, "2017": {"Average Stock Price": "41.8905", "Year Open": "35.6750", "Year High": "45.8550", "Year Low": "35.6750", "Year Close": "44.5100", "Annual % Change": "23.47%"}, "2016": {"Average Stock Price": "36.5159", "Year Open": "32.6200", "Year High": "41.5800", "Year Low": "31.9000", "Year Close": "36.0500", "Annual % Change": "8.14%"}, "2015": {"Average Stock Price": "28.4206", "Year Open": "26.1800", "Year High": "33.4050", "Year Low": "26.0800", "Year Close": "33.3350", "Annual % Change": "29.33%"}, "2014": {"Average Stock Price": "21.8182", "Year Open": "18.0650", "Year High": "26.2100", "Year Low": "18.0650", "Year Close": "25.7750", "Annual % Change": "42.29%"}, "2013": {"Average Stock Price": "18.7635", "Year Open": "17.0850", "Year High": "21.3850", "Year Low": "16.7400", "Year Close": "18.1150", "Annual % Change": "7.68%"}, "2012": {"Average Stock Price": "17.0138", "Year Open": "16.8850", "Year High": "18.2475", "Year Low": "15.9550", "Year Close": "16.8225", "Annual % Change": "0.90%"}, "2011": {"Average Stock Price": "15.3603", "Year Open": "14.2025", "Year High": "18.0250", "Year Low": "13.6425", "Year Close": "16.6725", "Annual % Change": "19.24%"}, "2010": {"Average Stock Price": "13.2384", "Year Open": "12.5475", "Year High": "14.8550", "Year Low": "11.7000", "Year Close": "13.9825", "Annual % Change": "10.82%"}, "2009": {"Average Stock Price": "10.2516", "Year Open": "9.2675", "Year High": "12.7175", "Year Low": "7.4600", "Year Close": "12.6175", "Annual % Change": "31.57%"}, "2008": {"Average Stock Price": "11.2731", "Year Open": "11.3575", "Year High": "13.5625", "Year Low": "5.9775", "Year Close": "9.5900", "Annual % Change": "-16.01%"}, "2007": {"Average Stock Price": "12.9089", "Year Open": "13.6025", "Year High": "14.9175", "Year Low": "11.0825", "Year Close": "11.4175", "Annual % Change": "-16.09%"}, "2006": {"Average Stock Price": "11.6467", "Year Open": "11.4925", "Year High": "13.7300", "Year Low": "10.3500", "Year Close": "13.6075", "Annual % Change": "22.31%"}, "2005": {"Average Stock Price": "9.9349", "Year Open": "8.9300", "Year High": "11.9625", "Year Low": "8.2575", "Year Close": "11.1250", "Annual % Change": "24.48%"}, "2004": {"Average Stock Price": "8.3532", "Year Open": "9.3325", "Year High": "9.4375", "Year Low": "7.2250", "Year Close": "8.9375", "Annual % Change": "-5.05%"}, "2003": {"Average Stock Price": "8.6479", "Year Open": "7.4375", "Year High": "10.4125", "Year Low": "6.9000", "Year Close": "9.4125", "Annual % Change": "27.07%"}, "2002": {"Average Stock Price": "8.0523", "Year Open": "7.8250", "Year High": "8.8800", "Year Low": "7.0800", "Year Close": "7.4075", "Annual % Change": "-5.06%"}, "2001": {"Average Stock Price": "7.1527", "Year Open": "6.9525", "Year High": "7.9100", "Year Low": "6.4700", "Year Close": "7.8025", "Annual % Change": "7.62%"}, "2000": {"Average Stock Price": "6.1427", "Year Open": "6.0300", "Year High": "7.2800", "Year Low": "5.6100", "Year Close": "7.2500", "Annual % Change": "19.29%"}, "1999": {"Average Stock Price": "6.0724", "Year Open": "6.2025", "Year High": "6.7200", "Year Low": "5.5775", "Year Close": "6.0775", "Annual % Change": "-2.99%"}, "1998": {"Average Stock Price": "6.3036", "Year Open": "6.6875", "Year High": "6.7200", "Year Low": "5.5625", "Year Close": "6.2650", "Annual % Change": "-7.19%"}, "1997": {"Average Stock Price": "6.0107", "Year Open": "5.5625", "Year High": "6.9050", "Year Low": "5.0300", "Year Close": "6.7500", "Annual % Change": "16.13%"}, "1996": {"Average Stock Price": "4.7374", "Year Open": "4.3450", "Year High": "5.8125", "Year Low": "4.2500", "Year Close": "5.8125", "Annual % Change": "32.86%"}, "1995": {"Average Stock Price": "4.0668", "Year Open": "4.6250", "Year High": "4.6550", "Year Low": "3.6250", "Year Close": "4.3750", "Annual % Change": "-11.97%"}, "1994": {"Average Stock Price": "5.1189", "Year Open": "5.3438", "Year High": "5.9375", "Year Low": "3.9050", "Year Close": "4.9700", "Annual % Change": "-7.53%"}}}, "market cap": {"value": "$11.44B"}, "income statement": {"Revenue": {"2019-12-31": "1037.25600", "2018-12-31": "986.65300", "2017-12-31": "925.31200", "2016-12-31": "870.43500", "2015-12-31": "821.65400", "2014-12-31": "776.80900", "2013-12-31": "729.04800", "2012-12-31": "684.29800", "2011-12-31": "577.00900", "2010-12-31": "517.29900", "2009-12-31": "503.22100", "2008-12-31": "463.58600", "2007-12-31": "415.18300", "2006-12-31": "412.78600", "2005-12-31": "385.97300"}, "Cost Of Goods Sold": {"2019-12-31": "487.46300", "2018-12-31": "466.94200", "2017-12-31": "443.50400", "2016-12-31": "412.70700", "2015-12-31": "389.60400", "2014-12-31": "369.45400", "2013-12-31": "343.13900", "2012-12-31": "319.39100", "2011-12-31": "279.26300", "2010-12-31": "259.04200", "2009-12-31": "253.39800", "2008-12-31": "231.34000", "2007-12-31": "203.86900", "2006-12-31": "214.00200", "2005-12-31": "201.89300"}, "Gross Profit": {"2019-12-31": "549.79300", "2018-12-31": "519.71110", "2017-12-31": "481.80800", "2016-12-31": "457.72800", "2015-12-31": "432.05000", "2014-12-31": "407.35500", "2013-12-31": "385.90900", "2012-12-31": "364.90700", "2011-12-31": "297.74600", "2010-12-31": "258.25700", "2009-12-31": "249.82300", "2008-12-31": "232.24600", "2007-12-31": "211.31400", "2006-12-31": "198.78400", "2005-12-31": "184.08000"}, "Research And Development Expenses": {"2019-12-31": "", "2018-12-31": "", "2017-12-31": "", "2016-12-31": "", "2015-12-31": "", "2014-12-31": "", "2013-12-31": "", "2012-12-31": "", "2011-12-31": "", "2010-12-31": "", "2009-12-31": "", "2008-12-31": "", "2007-12-31": "", "2006-12-31": "", "2005-12-31": ""}, "SG&A Expenses": {"2019-12-31": "58.52800", "2018-12-31": "55.80400", "2017-12-31": "48.50900", "2016-12-31": "50.62100", "2015-12-31": "48.57200", "2014-12-31": "42.17000", "2013-12-31": "43.80500", "2012-12-31": "39.21600", "2011-12-31": "50.06600", "2010-12-31": "31.71800", "2009-12-31": "32.46900", "2008-12-31": "29.86500", "2007-12-31": "23.14600", "2006-12-31": "22.59600", "2005-12-31": "22.46200"}, "Other Operating Income Or Expenses": {"2019-12-31": "1.21900", "2018-12-31": "0.81300", "2017-12-31": "0.35400", "2016-12-31": "0.22300", "2015-12-31": "1.55600", "2014-12-31": "2.61700", "2013-12-31": "2.41000", "2012-12-31": "3.15500", "2011-12-31": "-2.04300", "2010-12-31": "-2.20000", "2009-12-31": "-0.45600", "2008-12-31": "-1.55500", "2007-12-31": "-2.65700", "2006-12-31": "-1.15700", "2005-12-31": "-1.08100"}, "Operating Expenses": {"2019-12-31": "696.88200", "2018-12-31": "659.14200", "2017-12-31": "615.34500", "2016-12-31": "583.87790", "2015-12-31": "552.58700", "2014-12-31": "524.07100", "2013-12-31": "494.70300", "2012-12-31": "497.00200", "2011-12-31": "437.51100", "2010-12-31": "367.54700", "2009-12-31": "356.41090", "2008-12-31": "329.34300", "2007-12-31": "293.66300", "2006-12-31": "298.44100", "2005-12-31": "281.84800"}, "Operating Income": {"2019-12-31": "340.37400", "2018-12-31": "327.51100", "2017-12-31": "309.96700", "2016-12-31": "286.55710", "2015-12-31": "269.06700", "2014-12-31": "252.73800", "2013-12-31": "234.34500", "2012-12-31": "187.29600", "2011-12-31": "139.49800", "2010-12-31": "149.75200", "2009-12-31": "146.81010", "2008-12-31": "134.24300", "2007-12-31": "121.52000", "2006-12-31": "114.34500", "2005-12-31": "104.12500"}, "Total Non-Operating Income/Expense": {"2019-12-31": "-53.20700", "2018-12-31": "-106.06400", "2017-12-31": "-103.35500", "2016-12-31": "-102.03000", "2015-12-31": "-122.64400", "2014-12-31": "-120.30500", "2013-12-31": "-157.09800", "2012-12-31": "-123.54900", "2011-12-31": "-97.54100", "2010-12-31": "-91.15100", "2009-12-31": "-98.31100", "2008-12-31": "-99.43000", "2007-12-31": "-77.89800", "2006-12-31": "-81.08400", "2005-12-31": "-103.32700"}, "Pre-Tax Income": {"2019-12-31": "287.16700", "2018-12-31": "221.44700", "2017-12-31": "206.61200", "2016-12-31": "184.52700", "2015-12-31": "146.42300", "2014-12-31": "132.43300", "2013-12-31": "77.24700", "2012-12-31": "63.74700", "2011-12-31": "41.95700", "2010-12-31": "58.60100", "2009-12-31": "48.49900", "2008-12-31": "34.81300", "2007-12-31": "43.62200", "2006-12-31": "33.26100", "2005-12-31": "0.79800"}, "Income Taxes": {"2019-12-31": "", "2018-12-31": "", "2017-12-31": "", "2016-12-31": "", "2015-12-31": "", "2014-12-31": "", "2013-12-31": "", "2012-12-31": "", "2011-12-31": "", "2010-12-31": "", "2009-12-31": "", "2008-12-31": "", "2007-12-31": "", "2006-12-31": "", "2005-12-31": ""}, "Income After Taxes": {"2019-12-31": "287.16700", "2018-12-31": "221.44700", "2017-12-31": "206.61200", "2016-12-31": "184.52700", "2015-12-31": "146.42300", "2014-12-31": "132.43300", "2013-12-31": "77.24700", "2012-12-31": "63.74700", "2011-12-31": "41.95700", "2010-12-31": "58.60100", "2009-12-31": "48.49900", "2008-12-31": "34.81300", "2007-12-31": "43.62200", "2006-12-31": "33.26100", "2005-12-31": "0.79800"}, "Other Income": {"2019-12-31": "", "2018-12-31": "", "2017-12-31": "", "2016-12-31": "", "2015-12-31": "", "2014-12-31": "1.45700", "2013-12-31": "", "2012-12-31": "", "2011-12-31": "", "2010-12-31": "-0.23100", "2009-12-31": "", "2008-12-31": "", "2007-12-31": "", "2006-12-31": "", "2005-12-31": ""}, "Income From Continuous Operations": {"2019-12-31": "295.92200", "2018-12-31": "226.38600", "2017-12-31": "210.37700", "2016-12-31": "187.13200", "2015-12-31": "150.51200", "2014-12-31": "138.46800", "2013-12-31": "77.24700", "2012-12-31": "63.74700", "2011-12-31": "41.95700", "2010-12-31": "60.39700", "2009-12-31": "51.39500", "2008-12-31": "38.56600", "2007-12-31": "43.62200", "2006-12-31": "16.43900", "2005-12-31": "-5.33900"}, "Income From Discontinued Operations": {"2019-12-31": "", "2018-12-31": "", "2017-12-31": "", "2016-12-31": "", "2015-12-31": "", "2014-12-31": "", "2013-12-31": "48.65800", "2012-12-31": "10.71200", "2011-12-31": "0.54700", "2010-12-31": "", "2009-12-31": "4.86600", "2008-12-31": "0.17800", "2007-12-31": "12.32500", "2006-12-31": "0.19300", "2005-12-31": "3.00600"}, "Net Income": {"2019-12-31": "279.12300", "2018-12-31": "212.59600", "2017-12-31": "189.90400", "2016-12-31": "164.03700", "2015-12-31": "130.14500", "2014-12-31": "118.73100", "2013-12-31": "106.91900", "2012-12-31": "54.77900", "2011-12-31": "22.77500", "2010-12-31": "38.35400", "2009-12-31": "34.00500", "2008-12-31": "18.30300", "2007-12-31": "32.10200", "2006-12-31": "16.63200", "2005-12-31": "-2.33300"}, "EBITDA": {"2019-12-31": "497.35000", "2018-12-31": "467.50400", "2017-12-31": "436.25310", "2016-12-31": "408.94710", "2015-12-31": "386.47000", "2014-12-31": "375.77500", "2013-12-31": "351.20400", "2012-12-31": "342.78300", "2011-12-31": "262.46200", "2010-12-31": "234.29000", "2009-12-31": "226.99310", "2008-12-31": "210.42900", "2007-12-31": "192.49300", "2006-12-31": "181.36600", "2005-12-31": "166.29100"}, "EBIT": {"2019-12-31": "340.37400", "2018-12-31": "327.51100", "2017-12-31": "309.96700", "2016-12-31": "286.55710", "2015-12-31": "269.06700", "2014-12-31": "252.73800", "2013-12-31": "234.34500", "2012-12-31": "187.29600", "2011-12-31": "139.49800", "2010-12-31": "149.75200", "2009-12-31": "146.81010", "2008-12-31": "134.24300", "2007-12-31": "121.52000", "2006-12-31": "114.34500", "2005-12-31": "104.12500"}, "Basic Shares Outstanding": {"2019-12-31": "180.80500", "2018-12-31": "177.92800", "2017-12-31": "173.99400", "2016-12-31": "169.55600", "2015-12-31": "168.06200", "2014-12-31": "166.72400", "2013-12-31": "166.03600", "2012-12-31": "164.69600", "2011-12-31": "142.36400", "2010-12-31": "122.06800", "2009-12-31": "110.32800", "2008-12-31": "97.86400", "2007-12-31": "96.35600", "2006-12-31": "93.77600", "2005-12-31": "92.32400"}, "Shares Outstanding": {"2019-12-31": "191.99500", "2018-12-31": "190.11000", "2017-12-31": "186.85000", "2016-12-31": "185.13800", "2015-12-31": "183.81400", "2014-12-31": "183.02200", "2013-12-31": "182.39200", "2012-12-31": "181.72400", "2011-12-31": "161.32000", "2010-12-31": "142.07200", "2009-12-31": "131.77600", "2008-12-31": "121.99200", "2007-12-31": "121.65600", "2006-12-31": "120.96400", "2005-12-31": "117.46400"}, "Basic EPS": {"2019-12-31": "1.54000", "2018-12-31": "1.19000", "2017-12-31": "1.09000", "2016-12-31": "0.96500", "2015-12-31": "0.77500", "2014-12-31": "0.71000", "2013-12-31": "0.64500", "2012-12-31": "0.33500", "2011-12-31": "0.16000", "2010-12-31": "0.31500", "2009-12-31": "0.30750", "2008-12-31": "0.18750", "2007-12-31": "0.33250", "2006-12-31": "0.17750", "2005-12-31": "-0.02500"}, "EPS - Earnings Per Share": {"2019-12-31": "1.54000", "2018-12-31": "1.19000", "2017-12-31": "1.08000", "2016-12-31": "0.96000", "2015-12-31": "0.77000", "2014-12-31": "0.70500", "2013-12-31": "0.64000", "2012-12-31": "0.33000", "2011-12-31": "0.16000", "2010-12-31": "0.31250", "2009-12-31": "0.30500", "2008-12-31": "0.18750", "2007-12-31": "0.32750", "2006-12-31": "0.17250", "2005-12-31": "-0.02500"}}, "income statement, quarterly": {"Revenue": {"2020-09-30": "284.98600", "2020-06-30": "254.09000", "2020-03-31": "280.47600", "2019-12-31": "258.64000", "2019-09-30": "271.16000", "2019-06-30": "248.36600", "2019-03-31": "259.09000", "2018-12-31": "243.45100", "2018-09-30": "256.67500", "2018-06-30": "240.50200", "2018-03-31": "246.02500", "2017-12-31": "229.98600", "2017-09-30": "241.62500", "2017-06-30": "221.31200", "2017-03-31": "232.38900", "2016-12-31": "214.04200", "2016-09-30": "226.16500", "2016-06-30": "210.08100", "2016-03-31": "220.14700", "2015-12-31": "201.61600", "2015-09-30": "210.14400", "2015-06-30": "201.48000", "2015-03-31": "208.41400", "2014-12-31": "190.26100", "2014-09-30": "200.77800", "2014-06-30": "189.02500", "2014-03-31": "196.74500", "2013-12-31": "180.55400", "2013-09-30": "187.96600", "2013-06-30": "176.75300", "2013-03-31": "183.77500", "2012-12-31": "159.56000", "2012-09-30": "175.06400", "2012-06-30": "168.38300", "2012-03-31": "181.29100", "2011-12-31": "150.13200", "2011-09-30": "164.04400", "2011-06-30": "127.69000", "2011-03-31": "135.14300", "2010-12-31": "127.11100", "2010-09-30": "134.19500", "2010-06-30": "123.84500", "2010-03-31": "132.14800", "2009-12-31": "126.13900", "2009-09-30": "128.64600", "2009-06-30": "121.52800", "2009-03-31": "126.90800", "2008-12-31": "133.67700", "2008-09-30": "114.38200", "2008-06-30": "101.09500", "2008-03-31": "114.43200", "2007-12-31": "99.86800", "2007-09-30": "103.78300", "2007-06-30": "99.77200", "2007-03-31": "111.76000", "2006-12-31": "100.23800", "2006-09-30": "104.97400", "2006-06-30": "102.96200", "2006-03-31": "104.61200", "2005-12-31": "100.57900", "2005-09-30": "94.19200", "2005-06-30": "93.45000", "2005-03-31": "97.75200"}, "Cost Of Goods Sold": {"2020-09-30": "142.94000", "2020-06-30": "125.59600", "2020-03-31": "127.39000", "2019-12-31": "122.38100", "2019-09-30": "128.97000", "2019-06-30": "122.52400", "2019-03-31": "113.58800", "2018-12-31": "113.03600", "2018-09-30": "122.92000", "2018-06-30": "118.26400", "2018-03-31": "112.72200", "2017-12-31": "116.26500", "2017-09-30": "119.41100", "2017-06-30": "109.41900", "2017-03-31": "103.32100", "2016-12-31": "101.11100", "2016-09-30": "111.25300", "2016-06-30": "102.62200", "2016-03-31": "97.72100", "2015-12-31": "94.24600", "2015-09-30": "103.25300", "2015-06-30": "98.71100", "2015-03-31": "93.39400", "2014-12-31": "89.30700", "2014-09-30": "99.43900", "2014-06-30": "91.61900", "2014-03-31": "89.08900", "2013-12-31": "84.56100", "2013-09-30": "90.53000", "2013-06-30": "85.80900", "2013-03-31": "82.23900", "2012-12-31": "74.53300", "2012-09-30": "82.82300", "2012-06-30": "81.49900", "2012-03-31": "80.53600", "2011-12-31": "71.36300", "2011-09-30": "78.92500", "2011-06-30": "65.89600", "2011-03-31": "63.07900", "2010-12-31": "60.18200", "2010-09-30": "69.23700", "2010-06-30": "64.84500", "2010-03-31": "61.66700", "2009-12-31": "60.00900", "2009-09-30": "68.93100", "2009-06-30": "63.17700", "2009-03-31": "61.28100", "2008-12-31": "62.82400", "2008-09-30": "61.75300", "2008-06-30": "53.51000", "2008-03-31": "53.25300", "2007-12-31": "48.23800", "2007-09-30": "52.98200", "2007-06-30": "51.32700", "2007-03-31": "51.32200", "2006-12-31": "51.89600", "2006-09-30": "56.33100", "2006-06-30": "56.38600", "2006-03-31": "49.38900", "2005-12-31": "56.37300", "2005-09-30": "50.08500", "2005-06-30": "50.38500", "2005-03-31": "45.05000"}, "Gross Profit": {"2020-09-30": "142.04600", "2020-06-30": "128.49400", "2020-03-31": "153.08600", "2019-12-31": "136.25900", "2019-09-30": "142.19000", "2019-06-30": "125.84200", "2019-03-31": "145.50200", "2018-12-31": "130.41500", "2018-09-30": "133.75500", "2018-06-30": "122.23800", "2018-03-31": "133.30300", "2017-12-31": "113.72100", "2017-09-30": "122.21400", "2017-06-30": "111.89300", "2017-03-31": "129.06800", "2016-12-31": "112.93100", "2016-09-30": "114.91200", "2016-06-30": "107.45900", "2016-03-31": "122.42600", "2015-12-31": "107.37000", "2015-09-30": "106.89100", "2015-06-30": "102.76900", "2015-03-31": "115.02000", "2014-12-31": "100.95400", "2014-09-30": "101.33900", "2014-06-30": "97.40600", "2014-03-31": "107.65600", "2013-12-31": "95.99300", "2013-09-30": "97.43600", "2013-06-30": "90.94400", "2013-03-31": "101.53600", "2012-12-31": "85.02700", "2012-09-30": "92.24100", "2012-06-30": "86.88400", "2012-03-31": "100.75500", "2011-12-31": "78.76900", "2011-09-30": "85.11900", "2011-06-30": "61.79400", "2011-03-31": "72.06400", "2010-12-31": "66.92900", "2010-09-30": "64.95800", "2010-06-30": "59.00000", "2010-03-31": "70.48100", "2009-12-31": "66.13000", "2009-09-30": "59.71500", "2009-06-30": "58.35100", "2009-03-31": "65.62700", "2008-12-31": "70.85300", "2008-09-30": "52.62900", "2008-06-30": "47.58500", "2008-03-31": "61.17900", "2007-12-31": "51.63000", "2007-09-30": "50.80100", "2007-06-30": "48.44500", "2007-03-31": "60.43800", "2006-12-31": "48.34200", "2006-09-30": "48.64300", "2006-06-30": "46.57600", "2006-03-31": "55.22300", "2005-12-31": "44.20600", "2005-09-30": "44.10700", "2005-06-30": "43.06500", "2005-03-31": "52.70200"}, "Research And Development Expenses": {"2020-09-30": "", "2020-06-30": "", "2020-03-31": "", "2019-12-31": "", "2019-09-30": "", "2019-06-30": "", "2019-03-31": "", "2018-12-31": "", "2018-09-30": "", "2018-06-30": "", "2018-03-31": "", "2017-12-31": "", "2017-09-30": "", "2017-06-30": "", "2017-03-31": "", "2016-12-31": "", "2016-09-30": "", "2016-06-30": "", "2016-03-31": "", "2015-12-31": "", "2015-09-30": "", "2015-06-30": "", "2015-03-31": "", "2014-12-31": "", "2014-09-30": "", "2014-06-30": "", "2014-03-31": "", "2013-12-31": "", "2013-09-30": "", "2013-06-30": "", "2013-03-31": "", "2012-12-31": "", "2012-09-30": "", "2012-06-30": "", "2012-03-31": "", "2011-12-31": "", "2011-09-30": "", "2011-06-30": "", "2011-03-31": "", "2010-12-31": "", "2010-09-30": "", "2010-06-30": "", "2010-03-31": "", "2009-12-31": "", "2009-09-30": "", "2009-06-30": "", "2009-03-31": "", "2008-12-31": "", "2008-09-30": "", "2008-06-30": "", "2008-03-31": "", "2007-12-31": "", "2007-09-30": "", "2007-06-30": "", "2007-03-31": "", "2006-12-31": "", "2006-09-30": "", "2006-06-30": "", "2006-03-31": "", "2005-12-31": "", "2005-09-30": "", "2005-06-30": "", "2005-03-31": ""}, "SG&A Expenses": {"2020-09-30": "15.98700", "2020-06-30": "15.96600", "2020-03-31": "16.04600", "2019-12-31": "15.78000", "2019-09-30": "13.80600", "2019-06-30": "14.54100", "2019-03-31": "14.40100", "2018-12-31": "16.44700", "2018-09-30": "13.48500", "2018-06-30": "13.94700", "2018-03-31": "11.92500", "2017-12-31": "12.78900", "2017-09-30": "12.22900", "2017-06-30": "12.28400", "2017-03-31": "11.20700", "2016-12-31": "16.23400", "2016-09-30": "11.66200", "2016-06-30": "11.99100", "2016-03-31": "10.73400", "2015-12-31": "14.87500", "2015-09-30": "11.19100", "2015-06-30": "11.77300", "2015-03-31": "10.73300", "2014-12-31": "11.60900", "2014-09-30": "11.37800", "2014-06-30": "10.29100", "2014-03-31": "8.89200", "2013-12-31": "13.28600", "2013-09-30": "11.30500", "2013-06-30": "10.07800", "2013-03-31": "9.13600", "2012-12-31": "13.04100", "2012-09-30": "9.02300", "2012-06-30": "9.18600", "2012-03-31": "7.96600", "2011-12-31": "25.96300", "2011-09-30": "8.57000", "2011-06-30": "8.15300", "2011-03-31": "7.38000", "2010-12-31": "7.73100", "2010-09-30": "8.05200", "2010-06-30": "7.93100", "2010-03-31": "8.00400", "2009-12-31": "7.19400", "2009-09-30": "7.57100", "2009-06-30": "8.89600", "2009-03-31": "8.80800", "2008-12-31": "8.18700", "2008-09-30": "8.29700", "2008-06-30": "6.46900", "2008-03-31": "6.91200", "2007-12-31": "6.15500", "2007-09-30": "5.64000", "2007-06-30": "5.42900", "2007-03-31": "5.92200", "2006-12-31": "4.86800", "2006-09-30": "6.01300", "2006-06-30": "6.01900", "2006-03-31": "5.69600", "2005-12-31": "5.71300", "2005-09-30": "5.80200", "2005-06-30": "6.03900", "2005-03-31": "4.90800"}, "Other Operating Income Or Expenses": {"2020-09-30": "0.63000", "2020-06-30": "0.48100", "2020-03-31": "0.21600", "2019-12-31": "0.32600", "2019-09-30": "0.31300", "2019-06-30": "0.38900", "2019-03-31": "0.19100", "2018-12-31": "0.06900", "2018-09-30": "0.45800", "2018-06-30": "0.26200", "2018-03-31": "0.02400", "2017-12-31": "-0.01800", "2017-09-30": "0.17600", "2017-06-30": "0.11200", "2017-03-31": "0.08400", "2016-12-31": "0.01100", "2016-09-30": "0.20000", "2016-06-30": "0.11600", "2016-03-31": "-0.10400", "2015-12-31": "0.08500", "2015-09-30": "0.46400", "2015-06-30": "0.76400", "2015-03-31": "0.24300", "2014-12-31": "0.90600", "2014-09-30": "0.75700", "2014-06-30": "0.71000", "2014-03-31": "0.24400", "2013-12-31": "2.64200", "2013-09-30": "", "2013-06-30": "", "2013-03-31": "-0.23200", "2012-12-31": "4.22200", "2012-09-30": "-0.22100", "2012-06-30": "-0.36700", "2012-03-31": "-0.47900", "2011-12-31": "16.59900", "2011-09-30": "-15.68300", "2011-06-30": "-2.84700", "2011-03-31": "-0.11200", "2010-12-31": "-1.08100", "2010-09-30": "-0.10600", "2010-06-30": "-0.29900", "2010-03-31": "-0.71400", "2009-12-31": "-0.04800", "2009-09-30": "-0.09300", "2009-06-30": "-0.16900", "2009-03-31": "-0.14600", "2008-12-31": "0.41200", "2008-09-30": "-0.10200", "2008-06-30": "-0.51800", "2008-03-31": "-1.34700", "2007-12-31": "-0.50000", "2007-09-30": "-0.72200", "2007-06-30": "-0.99900", "2007-03-31": "-0.43600", "2006-12-31": "-0.65800", "2006-09-30": "-0.20100", "2006-06-30": "-0.20400", "2006-03-31": "-0.09400", "2005-12-31": "-0.27400", "2005-09-30": "-0.19400", "2005-06-30": "-0.04300", "2005-03-31": "-0.57000"}, "Operating Expenses": {"2020-09-30": "196.87800", "2020-06-30": "179.41300", "2020-03-31": "182.24400", "2019-12-31": "177.16000", "2019-09-30": "179.49500", "2019-06-30": "174.45200", "2019-03-31": "165.77500", "2018-12-31": "164.92400", "2018-09-30": "170.92700", "2018-06-30": "166.29400", "2018-03-31": "156.99700", "2017-12-31": "154.86900", "2017-09-30": "162.09500", "2017-06-30": "152.79600", "2017-03-31": "145.58500", "2016-12-31": "148.76490", "2016-09-30": "153.60900", "2016-06-30": "143.95400", "2016-03-31": "137.55000", "2015-12-31": "138.19200", "2015-09-30": "143.00600", "2015-06-30": "138.72400", "2015-03-31": "132.66500", "2014-12-31": "128.04800", "2014-09-30": "138.96600", "2014-06-30": "130.36300", "2014-03-31": "126.69400", "2013-12-31": "122.77800", "2013-09-30": "128.78000", "2013-06-30": "125.35900", "2013-03-31": "117.78600", "2012-12-31": "106.29190", "2012-09-30": "125.04000", "2012-06-30": "132.22500", "2012-03-31": "133.44500", "2011-12-31": "116.62400", "2011-09-30": "136.86200", "2011-06-30": "95.11900", "2011-03-31": "88.90600", "2010-12-31": "94.89800", "2010-09-30": "94.73700", "2010-06-30": "90.39400", "2010-03-31": "87.51800", "2009-12-31": "84.53700", "2009-09-30": "94.45300", "2009-06-30": "89.61900", "2009-03-31": "87.80200", "2008-12-31": "87.25200", "2008-09-30": "87.36800", "2008-06-30": "76.83900", "2008-03-31": "77.88400", "2007-12-31": "71.31500", "2007-09-30": "75.36100", "2007-06-30": "73.57300", "2007-03-31": "73.41400", "2006-12-31": "16.46200", "2006-09-30": "77.78400", "2006-06-30": "77.78900", "2006-03-31": "69.64200", "2005-12-31": "14.76100", "2005-09-30": "70.30800", "2005-06-30": "70.45100", "2005-03-31": "64.24200"}, "Operating Income": {"2020-09-30": "88.10800", "2020-06-30": "74.67700", "2020-03-31": "98.23200", "2019-12-31": "81.48000", "2019-09-30": "91.66500", "2019-06-30": "73.91400", "2019-03-31": "93.31500", "2018-12-31": "78.52700", "2018-09-30": "85.74800", "2018-06-30": "74.20800", "2018-03-31": "89.02800", "2017-12-31": "75.11700", "2017-09-30": "79.53000", "2017-06-30": "68.51600", "2017-03-31": "86.80400", "2016-12-31": "65.27710", "2016-09-30": "72.55600", "2016-06-30": "66.12700", "2016-03-31": "82.59700", "2015-12-31": "63.42400", "2015-09-30": "67.13800", "2015-06-30": "62.75600", "2015-03-31": "75.74900", "2014-12-31": "62.21300", "2014-09-30": "61.81200", "2014-06-30": "58.66200", "2014-03-31": "70.05100", "2013-12-31": "57.77600", "2013-09-30": "59.18600", "2013-06-30": "51.39400", "2013-03-31": "65.98900", "2012-12-31": "53.26800", "2012-09-30": "50.02400", "2012-06-30": "36.15800", "2012-03-31": "47.84600", "2011-12-31": "33.50790", "2011-09-30": "27.18200", "2011-06-30": "32.57100", "2011-03-31": "46.23700", "2010-12-31": "32.21300", "2010-09-30": "39.45800", "2010-06-30": "33.45100", "2010-03-31": "44.63000", "2009-12-31": "41.60210", "2009-09-30": "34.19300", "2009-06-30": "31.90900", "2009-03-31": "39.10600", "2008-12-31": "46.42500", "2008-09-30": "27.01400", "2008-06-30": "24.25600", "2008-03-31": "36.54800", "2007-12-31": "28.55290", "2007-09-30": "28.42200", "2007-06-30": "26.19900", "2007-03-31": "38.34600", "2006-12-31": "83.77600", "2006-09-30": "27.19000", "2006-06-30": "25.17300", "2006-03-31": "34.97000", "2005-12-31": "85.81800", "2005-09-30": "23.88400", "2005-06-30": "22.99900", "2005-03-31": "33.51000"}, "Total Non-Operating Income/Expense": {"2020-09-30": "-35.60800", "2020-06-30": "-26.88800", "2020-03-31": "-27.50800", "2019-12-31": "-25.36500", "2019-09-30": "-27.00700", "2019-06-30": "-28.05500", "2019-03-31": "27.22000", "2018-12-31": "-27.68500", "2018-09-30": "-26.87600", "2018-06-30": "-26.65200", "2018-03-31": "-24.85100", "2017-12-31": "-28.03200", "2017-09-30": "-25.35100", "2017-06-30": "-25.09300", "2017-03-31": "-24.87900", "2016-12-31": "-24.12400", "2016-09-30": "-26.29500", "2016-06-30": "-25.32300", "2016-03-31": "-26.28800", "2015-12-31": "-26.02200", "2015-09-30": "-25.03200", "2015-06-30": "-26.77000", "2015-03-31": "-44.82000", "2014-12-31": "-33.34200", "2014-09-30": "-31.53600", "2014-06-30": "-29.26600", "2014-03-31": "-26.16100", "2013-12-31": "-27.91200", "2013-09-30": "-66.25700", "2013-06-30": "-33.38200", "2013-03-31": "-29.54700", "2012-12-31": "-31.14300", "2012-09-30": "-31.50800", "2012-06-30": "-30.70500", "2012-03-31": "-30.19300", "2011-12-31": "-29.39400", "2011-09-30": "-26.08400", "2011-06-30": "-21.45800", "2011-03-31": "-20.60500", "2010-12-31": "-23.64400", "2010-09-30": "-22.15100", "2010-06-30": "-22.43000", "2010-03-31": "-22.92600", "2009-12-31": "-32.86600", "2009-09-30": "-22.15300", "2009-06-30": "-24.55100", "2009-03-31": "-18.74100", "2008-12-31": "-42.85200", "2008-09-30": "-21.20000", "2008-06-30": "-17.69100", "2008-03-31": "-17.68700", "2007-12-31": "-17.34300", "2007-09-30": "-20.12300", "2007-06-30": "-20.14200", "2007-03-31": "-20.29000", "2006-12-31": "0.54100", "2006-09-30": "-19.57200", "2006-06-30": "-20.90000", "2006-03-31": "-19.80700", "2005-12-31": "0.41200", "2005-09-30": "-21.24000", "2005-06-30": "-20.34400", "2005-03-31": "-20.57900"}, "Pre-Tax Income": {"2020-09-30": "52.50000", "2020-06-30": "47.78900", "2020-03-31": "70.72400", "2019-12-31": "56.11500", "2019-09-30": "64.65800", "2019-06-30": "45.85900", "2019-03-31": "120.53500", "2018-12-31": "50.84200", "2018-09-30": "58.87200", "2018-06-30": "47.55600", "2018-03-31": "64.17700", "2017-12-31": "47.08500", "2017-09-30": "54.17900", "2017-06-30": "43.42300", "2017-03-31": "61.92500", "2016-12-31": "41.15300", "2016-09-30": "46.26100", "2016-06-30": "40.80400", "2016-03-31": "56.30900", "2015-12-31": "37.40200", "2015-09-30": "42.10600", "2015-06-30": "35.98600", "2015-03-31": "30.92900", "2014-12-31": "28.87110", "2014-09-30": "30.27600", "2014-06-30": "29.39600", "2014-03-31": "43.89000", "2013-12-31": "29.86400", "2013-09-30": "-7.07100", "2013-06-30": "18.01200", "2013-03-31": "36.44200", "2012-12-31": "22.12500", "2012-09-30": "18.51600", "2012-06-30": "5.45300", "2012-03-31": "17.65300", "2011-12-31": "4.11400", "2011-09-30": "1.09800", "2011-06-30": "11.11300", "2011-03-31": "25.63200", "2010-12-31": "8.56900", "2010-09-30": "17.30700", "2010-06-30": "11.02100", "2010-03-31": "21.70400", "2009-12-31": "8.73600", "2009-09-30": "12.04000", "2009-06-30": "7.35800", "2009-03-31": "20.36500", "2008-12-31": "3.57300", "2008-09-30": "5.81400", "2008-06-30": "6.56500", "2008-03-31": "18.86100", "2007-12-31": "11.21000", "2007-09-30": "8.29900", "2007-06-30": "6.05700", "2007-03-31": "18.05600", "2006-12-31": "-15.92100", "2006-09-30": "7.61800", "2006-06-30": "4.27300", "2006-03-31": "15.16300", "2005-12-31": "-14.34900", "2005-09-30": "2.64400", "2005-06-30": "2.65500", "2005-03-31": "12.93100"}, "Income Taxes": {"2020-09-30": "", "2020-06-30": "", "2020-03-31": "", "2019-12-31": "", "2019-09-30": "", "2019-06-30": "", "2019-03-31": "", "2018-12-31": "", "2018-09-30": "", "2018-06-30": "", "2018-03-31": "", "2017-12-31": "", "2017-09-30": "", "2017-06-30": "", "2017-03-31": "", "2016-12-31": "", "2016-09-30": "", "2016-06-30": "", "2016-03-31": "", "2015-12-31": "", "2015-09-30": "", "2015-06-30": "", "2015-03-31": "", "2014-12-31": "", "2014-09-30": "", "2014-06-30": "", "2014-03-31": "", "2013-12-31": "", "2013-09-30": "", "2013-06-30": "", "2013-03-31": "", "2012-12-31": "", "2012-09-30": "", "2012-06-30": "", "2012-03-31": "", "2011-12-31": "", "2011-09-30": "", "2011-06-30": "", "2011-03-31": "", "2010-12-31": "", "2010-09-30": "", "2010-06-30": "", "2010-03-31": "", "2009-12-31": "", "2009-09-30": "", "2009-06-30": "", "2009-03-31": "", "2008-12-31": "", "2008-09-30": "", "2008-06-30": "", "2008-03-31": "", "2007-12-31": "", "2007-09-30": "", "2007-06-30": "", "2007-03-31": "", "2006-12-31": "", "2006-09-30": "", "2006-06-30": "", "2006-03-31": "", "2005-12-31": "", "2005-09-30": "", "2005-06-30": "", "2005-03-31": ""}, "Income After Taxes": {"2020-09-30": "52.50000", "2020-06-30": "47.78900", "2020-03-31": "70.72400", "2019-12-31": "56.11500", "2019-09-30": "64.65800", "2019-06-30": "45.85900", "2019-03-31": "120.53500", "2018-12-31": "50.84200", "2018-09-30": "58.87200", "2018-06-30": "47.55600", "2018-03-31": "64.17700", "2017-12-31": "47.08500", "2017-09-30": "54.17900", "2017-06-30": "43.42300", "2017-03-31": "61.92500", "2016-12-31": "41.15300", "2016-09-30": "46.26100", "2016-06-30": "40.80400", "2016-03-31": "56.30900", "2015-12-31": "37.40200", "2015-09-30": "42.10600", "2015-06-30": "35.98600", "2015-03-31": "30.92900", "2014-12-31": "28.87110", "2014-09-30": "30.27600", "2014-06-30": "29.39600", "2014-03-31": "43.89000", "2013-12-31": "29.86400", "2013-09-30": "-7.07100", "2013-06-30": "18.01200", "2013-03-31": "36.44200", "2012-12-31": "22.12500", "2012-09-30": "18.51600", "2012-06-30": "5.45300", "2012-03-31": "17.65300", "2011-12-31": "4.11400", "2011-09-30": "1.09800", "2011-06-30": "11.11300", "2011-03-31": "25.63200", "2010-12-31": "8.56900", "2010-09-30": "17.30700", "2010-06-30": "11.02100", "2010-03-31": "21.70400", "2009-12-31": "8.73600", "2009-09-30": "12.04000", "2009-06-30": "7.35800", "2009-03-31": "20.36500", "2008-12-31": "3.57300", "2008-09-30": "5.81400", "2008-06-30": "6.56500", "2008-03-31": "18.86100", "2007-12-31": "11.21000", "2007-09-30": "8.29900", "2007-06-30": "6.05700", "2007-03-31": "18.05600", "2006-12-31": "-15.92100", "2006-09-30": "7.61800", "2006-06-30": "4.27300", "2006-03-31": "15.16300", "2005-12-31": "-14.34900", "2005-09-30": "2.64400", "2005-06-30": "2.65500", "2005-03-31": "12.93100"}, "Other Income": {"2020-09-30": "", "2020-06-30": "", "2020-03-31": "", "2019-12-31": "", "2019-09-30": "", "2019-06-30": "", "2019-03-31": "", "2018-12-31": "", "2018-09-30": "", "2018-06-30": "", "2018-03-31": "", "2017-12-31": "", "2017-09-30": "", "2017-06-30": "", "2017-03-31": "", "2016-12-31": "", "2016-09-30": "", "2016-06-30": "", "2016-03-31": "", "2015-12-31": "", "2015-09-30": "", "2015-06-30": "", "2015-03-31": "", "2014-12-31": "", "2014-09-30": "", "2014-06-30": "", "2014-03-31": "", "2013-12-31": "", "2013-09-30": "", "2013-06-30": "", "2013-03-31": "", "2012-12-31": "", "2012-09-30": "", "2012-06-30": "", "2012-03-31": "", "2011-12-31": "", "2011-09-30": "", "2011-06-30": "", "2011-03-31": "", "2010-12-31": "", "2010-09-30": "", "2010-06-30": "", "2010-03-31": "", "2009-12-31": "", "2009-09-30": "", "2009-06-30": "", "2009-03-31": "", "2008-12-31": "", "2008-09-30": "", "2008-06-30": "", "2008-03-31": "", "2007-12-31": "", "2007-09-30": "", "2007-06-30": "", "2007-03-31": "", "2006-12-31": "", "2006-09-30": "", "2006-06-30": "", "2006-03-31": "", "2005-12-31": "", "2005-09-30": "", "2005-06-30": "", "2005-03-31": ""}, "Income From Continuous Operations": {"2020-09-30": "53.46800", "2020-06-30": "48.85300", "2020-03-31": "70.72400", "2019-12-31": "58.12600", "2019-09-30": "68.17600", "2019-06-30": "49.08500", "2019-03-31": "120.53500", "2018-12-31": "53.38000", "2018-09-30": "59.66000", "2018-06-30": "49.16900", "2018-03-31": "64.17700", "2017-12-31": "47.97400", "2017-09-30": "54.86500", "2017-06-30": "44.46300", "2017-03-31": "63.07500", "2016-12-31": "42.38100", "2016-09-30": "46.75700", "2016-06-30": "40.80400", "2016-03-31": "57.19000", "2015-12-31": "39.76700", "2015-09-30": "42.10600", "2015-06-30": "36.82600", "2015-03-31": "31.81300", "2014-12-31": "34.26210", "2014-09-30": "30.27600", "2014-06-30": "30.04000", "2014-03-31": "43.89000", "2013-12-31": "28.81600", "2013-09-30": "-6.63200", "2013-06-30": "18.62100", "2013-03-31": "36.44200", "2012-12-31": "21.36400", "2012-09-30": "18.78500", "2012-06-30": "5.94500", "2012-03-31": "17.65300", "2011-12-31": "3.31600", "2011-09-30": "1.35500", "2011-06-30": "11.65400", "2011-03-31": "25.63200", "2010-12-31": "10.36500", "2010-09-30": "17.30700", "2010-06-30": "11.02100", "2010-03-31": "21.70400", "2009-12-31": "11.40300", "2009-09-30": "12.26900", "2009-06-30": "7.35800", "2009-03-31": "20.36500", "2008-12-31": "3.94300", "2008-09-30": "5.81400", "2008-06-30": "9.06400", "2008-03-31": "19.74500", "2007-12-31": "25.59600", "2007-09-30": "4.04000", "2007-06-30": "1.61900", "2007-03-31": "12.36700", "2006-12-31": "-15.92100", "2006-09-30": "3.54700", "2006-06-30": "1.24700", "2006-03-31": "9.86100", "2005-12-31": "-14.34900", "2005-09-30": "0.78900", "2005-06-30": "2.04900", "2005-03-31": "8.48100"}, "Income From Discontinued Operations": {"2020-09-30": "", "2020-06-30": "", "2020-03-31": "", "2019-12-31": "", "2019-09-30": "", "2019-06-30": "", "2019-03-31": "", "2018-12-31": "", "2018-09-30": "", "2018-06-30": "", "2018-03-31": "", "2017-12-31": "", "2017-09-30": "", "2017-06-30": "", "2017-03-31": "", "2016-12-31": "", "2016-09-30": "", "2016-06-30": "", "2016-03-31": "", "2015-12-31": "", "2015-09-30": "", "2015-06-30": "", "2015-03-31": "", "2014-12-31": "", "2014-09-30": "", "2014-06-30": "", "2014-03-31": "", "2013-12-31": "-0.10100", "2013-09-30": "41.56800", "2013-06-30": "3.16500", "2013-03-31": "4.02600", "2012-12-31": "7.65200", "2012-09-30": "2.70700", "2012-06-30": "0.35300", "2012-03-31": "", "2011-12-31": "", "2011-09-30": "", "2011-06-30": "", "2011-03-31": "", "2010-12-31": "", "2010-09-30": "", "2010-06-30": "-0.05400", "2010-03-31": "-0.17700", "2009-12-31": "-0.01700", "2009-09-30": "4.69000", "2009-06-30": "0.08700", "2009-03-31": "0.10600", "2008-12-31": "0.08100", "2008-09-30": "0.03200", "2008-06-30": "0.04900", "2008-03-31": "0.01600", "2007-12-31": "2.90500", "2007-09-30": "5.61200", "2007-06-30": "0.01500", "2007-03-31": "3.79300", "2006-12-31": "0.00200", "2006-09-30": "0.00700", "2006-06-30": "-0.02800", "2006-03-31": "0.21200", "2005-12-31": "2.03800", "2005-09-30": "0.30200", "2005-06-30": "0.43800", "2005-03-31": "0.22800"}, "Net Income": {"2020-09-30": "50.56000", "2020-06-30": "46.18700", "2020-03-31": "66.87500", "2019-12-31": "54.95200", "2019-09-30": "64.46100", "2019-06-30": "46.40100", "2019-03-31": "113.30900", "2018-12-31": "50.16700", "2018-09-30": "56.07000", "2018-06-30": "46.13700", "2018-03-31": "60.22200", "2017-12-31": "44.99300", "2017-09-30": "48.52500", "2017-06-30": "39.49800", "2017-03-31": "56.88800", "2016-12-31": "36.96600", "2016-09-30": "40.99800", "2016-06-30": "35.49000", "2016-03-31": "50.58300", "2015-12-31": "34.50100", "2015-09-30": "36.67300", "2015-06-30": "31.78600", "2015-03-31": "27.18500", "2014-12-31": "29.40300", "2014-09-30": "25.74600", "2014-06-30": "25.48300", "2014-03-31": "38.09900", "2013-12-31": "24.16300", "2013-09-30": "29.87200", "2013-06-30": "17.86000", "2013-03-31": "35.02400", "2012-12-31": "24.27600", "2012-09-30": "16.00900", "2012-06-30": "2.06300", "2012-03-31": "12.43100", "2011-12-31": "-0.15900", "2011-09-30": "-2.85300", "2011-06-30": "6.82700", "2011-03-31": "18.96000", "2010-12-31": "5.73600", "2010-09-30": "11.55400", "2010-06-30": "6.00000", "2010-03-31": "15.06400", "2009-12-31": "6.32600", "2009-09-30": "11.13100", "2009-06-30": "2.90400", "2009-03-31": "13.64400", "2008-12-31": "-0.01300", "2008-09-30": "1.48200", "2008-06-30": "4.10900", "2008-03-31": "12.72500", "2007-12-31": "4.65600", "2007-09-30": "9.65200", "2007-06-30": "1.63400", "2007-03-31": "16.16000", "2006-12-31": "-15.92100", "2006-09-30": "3.55400", "2006-06-30": "1.21900", "2006-03-31": "10.07300", "2005-12-31": "-14.34900", "2005-09-30": "1.09100", "2005-06-30": "2.48700", "2005-03-31": "8.70900"}, "EBITDA": {"2020-09-30": "128.12800", "2020-06-30": "114.47300", "2020-03-31": "138.61800", "2019-12-31": "122.03200", "2019-09-30": "129.90500", "2019-06-30": "112.90800", "2019-03-31": "132.50500", "2018-12-31": "114.10800", "2018-09-30": "121.66800", "2018-06-30": "109.46900", "2018-03-31": "122.25900", "2017-12-31": "106.48200", "2017-09-30": "110.87900", "2017-06-30": "100.41500", "2017-03-31": "118.47700", "2016-12-31": "97.18810", "2016-09-30": "103.88400", "2016-06-30": "95.91400", "2016-03-31": "111.96100", "2015-12-31": "86.75400", "2015-09-30": "98.91900", "2015-06-30": "94.42200", "2015-03-31": "106.37500", "2014-12-31": "92.94100", "2014-09-30": "93.34400", "2014-06-30": "89.65200", "2014-03-31": "99.83800", "2013-12-31": "87.18600", "2013-09-30": "86.53700", "2013-06-30": "83.35400", "2013-03-31": "94.12700", "2012-12-31": "80.92400", "2012-09-30": "85.21600", "2012-06-30": "82.77900", "2012-03-31": "93.86400", "2011-12-31": "76.95300", "2011-09-30": "64.09200", "2011-06-30": "54.19800", "2011-03-31": "67.21900", "2010-12-31": "55.45900", "2010-09-30": "60.14900", "2010-06-30": "54.01500", "2010-03-31": "64.66700", "2009-12-31": "60.93710", "2009-09-30": "54.63300", "2009-06-30": "52.04500", "2009-03-31": "59.37800", "2008-12-31": "66.05200", "2008-09-30": "45.93700", "2008-06-30": "42.95400", "2008-03-31": "55.48600", "2007-12-31": "46.69290", "2007-09-30": "46.20800", "2007-06-30": "43.88400", "2007-03-31": "55.70800", "2006-12-31": "101.01800", "2006-09-30": "44.04000", "2006-06-30": "42.10800", "2006-03-31": "50.96400", "2005-12-31": "102.00300", "2005-09-30": "39.63300", "2005-06-30": "38.09700", "2005-03-31": "48.64400"}, "EBIT": {"2020-09-30": "88.10800", "2020-06-30": "74.67700", "2020-03-31": "98.23200", "2019-12-31": "81.48000", "2019-09-30": "91.66500", "2019-06-30": "73.91400", "2019-03-31": "93.31500", "2018-12-31": "78.52700", "2018-09-30": "85.74800", "2018-06-30": "74.20800", "2018-03-31": "89.02800", "2017-12-31": "75.11700", "2017-09-30": "79.53000", "2017-06-30": "68.51600", "2017-03-31": "86.80400", "2016-12-31": "65.27710", "2016-09-30": "72.55600", "2016-06-30": "66.12700", "2016-03-31": "82.59700", "2015-12-31": "63.42400", "2015-09-30": "67.13800", "2015-06-30": "62.75600", "2015-03-31": "75.74900", "2014-12-31": "62.21300", "2014-09-30": "61.81200", "2014-06-30": "58.66200", "2014-03-31": "70.05100", "2013-12-31": "57.77600", "2013-09-30": "59.18600", "2013-06-30": "51.39400", "2013-03-31": "65.98900", "2012-12-31": "53.26800", "2012-09-30": "50.02400", "2012-06-30": "36.15800", "2012-03-31": "47.84600", "2011-12-31": "33.50790", "2011-09-30": "27.18200", "2011-06-30": "32.57100", "2011-03-31": "46.23700", "2010-12-31": "32.21300", "2010-09-30": "39.45800", "2010-06-30": "33.45100", "2010-03-31": "44.63000", "2009-12-31": "41.60210", "2009-09-30": "34.19300", "2009-06-30": "31.90900", "2009-03-31": "39.10600", "2008-12-31": "46.42500", "2008-09-30": "27.01400", "2008-06-30": "24.25600", "2008-03-31": "36.54800", "2007-12-31": "28.55300", "2007-09-30": "28.42200", "2007-06-30": "26.19900", "2007-03-31": "38.34600", "2006-12-31": "-16.46200", "2006-09-30": "27.19000", "2006-06-30": "25.17300", "2006-03-31": "34.97000", "2005-12-31": "-14.76100", "2005-09-30": "23.88400", "2005-06-30": "22.99900", "2005-03-31": "33.51000"}, "Basic Shares Outstanding": {"2020-09-30": "181.86900", "2020-06-30": "181.83300", "2020-03-31": "181.72900", "2019-12-31": "180.80500", "2019-09-30": "181.64900", "2019-06-30": "180.31200", "2019-03-31": "179.56000", "2018-12-31": "177.92800", "2018-09-30": "178.40000", "2018-06-30": "177.09800", "2018-03-31": "177.04800", "2017-12-31": "173.99400", "2017-09-30": "174.07400", "2017-06-30": "173.52600", "2017-03-31": "172.09600", "2016-12-31": "169.55600", "2016-09-30": "170.21000", "2016-06-30": "169.03200", "2016-03-31": "168.64200", "2015-12-31": "168.06200", "2015-09-30": "168.11400", "2015-06-30": "168.06200", "2015-03-31": "167.92200", "2014-12-31": "166.72400", "2014-09-30": "167.06200", "2014-06-30": "166.46800", "2014-03-31": "166.23200", "2013-12-31": "166.03600", "2013-09-30": "166.04200", "2013-06-30": "166.04200", "2013-03-31": "166.05200", "2012-12-31": "164.69600", "2012-09-30": "164.76000", "2012-06-30": "164.52400", "2012-03-31": "164.35200", "2011-12-31": "142.36400", "2011-09-30": "153.38400", "2011-06-30": "130.51600", "2011-03-31": "123.98400", "2010-12-31": "122.06800", "2010-09-30": "122.48000", "2010-06-30": "121.64800", "2010-03-31": "121.21600", "2009-12-31": "110.32800", "2009-09-30": "119.97200", "2009-06-30": "100.65200", "2009-03-31": "99.78000", "2008-12-31": "97.86400", "2008-09-30": "98.10800", "2008-06-30": "97.48000", "2008-03-31": "96.80000", "2007-12-31": "96.35600", "2007-09-30": "96.59200", "2007-06-30": "96.53200", "2007-03-31": "95.64000", "2006-12-31": "93.77600", "2006-09-30": "93.89600", "2006-06-30": "93.53600", "2006-03-31": "93.32400", "2005-12-31": "92.32400", "2005-09-30": "92.38800", "2005-06-30": "92.16800", "2005-03-31": "91.89600"}, "Shares Outstanding": {"2020-09-30": "192.53700", "2020-06-30": "192.54200", "2020-03-31": "192.56400", "2019-12-31": "191.99500", "2019-09-30": "192.40000", "2019-06-30": "191.86000", "2019-03-31": "191.24800", "2018-12-31": "190.11000", "2018-09-30": "190.52600", "2018-06-30": "189.24600", "2018-03-31": "189.15400", "2017-12-31": "186.85000", "2017-09-30": "186.64800", "2017-06-30": "186.12600", "2017-03-31": "186.02200", "2016-12-31": "185.13800", "2016-09-30": "185.82000", "2016-06-30": "184.52800", "2016-03-31": "184.08200", "2015-12-31": "183.81400", "2015-09-30": "183.88000", "2015-06-30": "183.70200", "2015-03-31": "183.55400", "2014-12-31": "183.02200", "2014-09-30": "183.05600", "2014-06-30": "182.84000", "2014-03-31": "182.70600", "2013-12-31": "182.39200", "2013-09-30": "182.51800", "2013-06-30": "182.25600", "2013-03-31": "182.12000", "2012-12-31": "181.72400", "2012-09-30": "181.78800", "2012-06-30": "181.56000", "2012-03-31": "181.47600", "2011-12-31": "161.32000", "2011-09-30": "174.40800", "2011-06-30": "149.04800", "2011-03-31": "142.43600", "2010-12-31": "142.07200", "2010-09-30": "142.12000", "2010-06-30": "142.02400", "2010-03-31": "142.00000", "2009-12-31": "131.77600", "2009-09-30": "140.96800", "2009-06-30": "122.77200", "2009-03-31": "122.09200", "2008-12-31": "121.99200", "2008-09-30": "122.28800", "2008-06-30": "122.16000", "2008-03-31": "121.54400", "2007-12-31": "121.65600", "2007-09-30": "121.67200", "2007-06-30": "121.72400", "2007-03-31": "121.40400", "2006-12-31": "120.96400", "2006-09-30": "120.95600", "2006-06-30": "120.82000", "2006-03-31": "120.72000", "2005-12-31": "117.46400", "2005-09-30": "120.59600", "2005-06-30": "119.89600", "2005-03-31": "119.51200"}, "Basic EPS": {"2020-09-30": "0.28000", "2020-06-30": "0.25000", "2020-03-31": "0.37000", "2019-12-31": "0.30000", "2019-09-30": "0.35000", "2019-06-30": "0.26000", "2019-03-31": "0.63000", "2018-12-31": "0.28000", "2018-09-30": "0.31000", "2018-06-30": "0.26000", "2018-03-31": "0.34000", "2017-12-31": "0.25000", "2017-09-30": "0.28000", "2017-06-30": "0.23000", "2017-03-31": "0.33000", "2016-12-31": "0.21500", "2016-09-30": "0.24000", "2016-06-30": "0.21000", "2016-03-31": "0.30000", "2015-12-31": "0.20500", "2015-09-30": "0.22000", "2015-06-30": "0.19000", "2015-03-31": "0.16000", "2014-12-31": "0.17000", "2014-09-30": "0.15500", "2014-06-30": "0.15500", "2014-03-31": "0.23000", "2013-12-31": "0.14500", "2013-09-30": "0.18000", "2013-06-30": "0.11000", "2013-03-31": "0.21000", "2012-12-31": "0.15000", "2012-09-30": "0.09500", "2012-06-30": "0.01500", "2012-03-31": "0.07500", "2011-12-31": "-0.02750", "2011-09-30": "-0.01750", "2011-06-30": "0.05250", "2011-03-31": "0.15250", "2010-12-31": "0.04500", "2010-09-30": "0.09500", "2010-06-30": "0.05000", "2010-03-31": "0.12500", "2009-12-31": "0.04750", "2009-09-30": "0.09250", "2009-06-30": "0.03000", "2009-03-31": "0.13750", "2008-12-31": "-0.00250", "2008-09-30": "0.01500", "2008-06-30": "0.04250", "2008-03-31": "0.13250", "2007-12-31": "0.04500", "2007-09-30": "0.10000", "2007-06-30": "0.01750", "2007-03-31": "0.17000", "2006-12-31": "0.02000", "2006-09-30": "0.03750", "2006-06-30": "0.01250", "2006-03-31": "0.10750", "2005-12-31": "-0.15750", "2005-09-30": "0.01000", "2005-06-30": "0.02750", "2005-03-31": "0.09500"}, "EPS - Earnings Per Share": {"2020-09-30": "0.28000", "2020-06-30": "0.25000", "2020-03-31": "0.37000", "2019-12-31": "0.30000", "2019-09-30": "0.35000", "2019-06-30": "0.26000", "2019-03-31": "0.63000", "2018-12-31": "0.28000", "2018-09-30": "0.31000", "2018-06-30": "0.26000", "2018-03-31": "0.34000", "2017-12-31": "0.25000", "2017-09-30": "0.28000", "2017-06-30": "0.22500", "2017-03-31": "0.32500", "2016-12-31": "0.21000", "2016-09-30": "0.24000", "2016-06-30": "0.21000", "2016-03-31": "0.30000", "2015-12-31": "0.20500", "2015-09-30": "0.21500", "2015-06-30": "0.19000", "2015-03-31": "0.16000", "2014-12-31": "0.17000", "2014-09-30": "0.15500", "2014-06-30": "0.15000", "2014-03-31": "0.23000", "2013-12-31": "0.14500", "2013-09-30": "0.18000", "2013-06-30": "0.10500", "2013-03-31": "0.21000", "2012-12-31": "0.15000", "2012-09-30": "0.09500", "2012-06-30": "0.01000", "2012-03-31": "0.07500", "2011-12-31": "-0.02500", "2011-09-30": "-0.01750", "2011-06-30": "0.05000", "2011-03-31": "0.15250", "2010-12-31": "0.04750", "2010-09-30": "0.09250", "2010-06-30": "0.05000", "2010-03-31": "0.12250", "2009-12-31": "0.05000", "2009-09-30": "0.09250", "2009-06-30": "0.02750", "2009-03-31": "0.13500", "2008-12-31": "0.00000", "2008-09-30": "0.01500", "2008-06-30": "0.04250", "2008-03-31": "0.13000", "2007-12-31": "0.04750", "2007-09-30": "0.09750", "2007-06-30": "0.01750", "2007-03-31": "0.16500", "2006-12-31": "0.01750", "2006-09-30": "0.03750", "2006-06-30": "0.01250", "2006-03-31": "0.10500", "2005-12-31": "-0.15500", "2005-09-30": "0.01000", "2005-06-30": "0.02750", "2005-03-31": "0.09250"}}, "balance sheet": {"Cash On Hand": {"2019-12-31": "28.86000", "2018-12-31": "68.97400", "2017-12-31": "35.63100", "2016-12-31": "56.34000", "2015-12-31": "80.25800", "2014-12-31": "73.71400", "2013-12-31": "58.42700", "2012-12-31": "37.12600", "2011-12-31": "70.46000", "2010-12-31": "64.92500", "2009-12-31": "145.12800", "2008-12-31": "45.31200", "2007-12-31": "5.78500", "2006-12-31": "1.60500", "2005-12-31": "0.61000"}, "Receivables": {"2019-12-31": "", "2018-12-31": "", "2017-12-31": "", "2016-12-31": "", "2015-12-31": "", "2014-12-31": "", "2013-12-31": "", "2012-12-31": "", "2011-12-31": "1.15500", "2010-12-31": "0.41900", "2009-12-31": "0.42100", "2008-12-31": "1.04000", "2007-12-31": "1.15600", "2006-12-31": "1.29400", "2005-12-31": "1.61900"}, "Inventory": {"2019-12-31": "", "2018-12-31": "", "2017-12-31": "", "2016-12-31": "", "2015-12-31": "", "2014-12-31": "", "2013-12-31": "", "2012-12-31": "", "2011-12-31": "", "2010-12-31": "", "2009-12-31": "", "2008-12-31": "", "2007-12-31": "", "2006-12-31": "", "2005-12-31": ""}, "Pre-Paid Expenses": {"2019-12-31": "", "2018-12-31": "", "2017-12-31": "", "2016-12-31": "", "2015-12-31": "", "2014-12-31": "", "2013-12-31": "", "2012-12-31": "", "2011-12-31": "", "2010-12-31": "", "2009-12-31": "", "2008-12-31": "", "2007-12-31": "", "2006-12-31": "", "2005-12-31": ""}, "Other Current Assets": {"2019-12-31": "", "2018-12-31": "", "2017-12-31": "", "2016-12-31": "", "2015-12-31": "", "2014-12-31": "", "2013-12-31": "", "2012-12-31": "", "2011-12-31": "", "2010-12-31": "", "2009-12-31": "", "2008-12-31": "", "2007-12-31": "", "2006-12-31": "", "2005-12-31": ""}, "Total Current Assets": {"2019-12-31": "66.41800", "2018-12-31": "104.01500", "2017-12-31": "85.10800", "2016-12-31": "90.86000", "2015-12-31": "115.72100", "2014-12-31": "110.85100", "2013-12-31": "101.41700", "2012-12-31": "82.59500", "2011-12-31": "135.85400", "2010-12-31": "91.07000", "2009-12-31": "175.50100", "2008-12-31": "78.15100", "2007-12-31": "17.89500", "2006-12-31": "24.94400", "2005-12-31": "13.86000"}, "Property, Plant, And Equipment": {"2019-12-31": "3966.82500", "2018-12-31": "3641.58900", "2017-12-31": "3399.11900", "2016-12-31": "3285.80500", "2015-12-31": "3195.17600", "2014-12-31": "3218.42100", "2013-12-31": "3169.56600", "2012-12-31": "3096.06900", "2011-12-31": "3266.22300", "2010-12-31": "1884.32200", "2009-12-31": "1908.44700", "2008-12-31": "1929.91700", "2007-12-31": "1901.90400", "2006-12-31": "1901.65100", "2005-12-31": "1774.24200"}, "Long-Term Investments": {"2019-12-31": "", "2018-12-31": "", "2017-12-31": "", "2016-12-31": "", "2015-12-31": "", "2014-12-31": "", "2013-12-31": "", "2012-12-31": "", "2011-12-31": "", "2010-12-31": "", "2009-12-31": "", "2008-12-31": "", "2007-12-31": "", "2006-12-31": "", "2005-12-31": ""}, "Goodwill And Intangible Assets": {"2019-12-31": "", "2018-12-31": "", "2017-12-31": "", "2016-12-31": "", "2015-12-31": "", "2014-12-31": "", "2013-12-31": "", "2012-12-31": "", "2011-12-31": "", "2010-12-31": "", "2009-12-31": "", "2008-12-31": "", "2007-12-31": "", "2006-12-31": "", "2005-12-31": ""}, "Other Long-Term Assets": {"2019-12-31": "76.88300", "2018-12-31": "139.89600", "2017-12-31": "94.36200", "2016-12-31": "70.94700", "2015-12-31": "58.63800", "2014-12-31": "66.64500", "2013-12-31": "76.20200", "2012-12-31": "176.10100", "2011-12-31": "51.29800", "2010-12-31": "47.41700", "2009-12-31": "61.61600", "2008-12-31": "67.52700", "2007-12-31": "101.75400", "2006-12-31": "114.43700", "2005-12-31": "145.67600"}, "Total Long-Term Assets": {"2019-12-31": "4084.85700", "2018-12-31": "3821.79300", "2017-12-31": "3524.92400", "2016-12-31": "3388.12700", "2015-12-31": "3284.67900", "2014-12-31": "3335.48800", "2013-12-31": "3290.89200", "2012-12-31": "3315.63100", "2011-12-31": "3360.24700", "2010-12-31": "1957.32500", "2009-12-31": "1990.81800", "2008-12-31": "2013.49600", "2007-12-31": "2015.80000", "2006-12-31": "2030.88700", "2005-12-31": "1935.01400"}, "Total Assets": {"2019-12-31": "4151.27500", "2018-12-31": "3925.80800", "2017-12-31": "3610.03200", "2016-12-31": "3478.98700", "2015-12-31": "3400.40000", "2014-12-31": "3446.33900", "2013-12-31": "3392.30900", "2012-12-31": "3398.22600", "2011-12-31": "3496.10100", "2010-12-31": "2048.39500", "2009-12-31": "2166.31900", "2008-12-31": "2091.64700", "2007-12-31": "2033.69500", "2006-12-31": "2055.83100", "2005-12-31": "1948.87400"}, "Total Current Liabilities": {"2019-12-31": "2182.81300", "2018-12-31": "2261.33900", "2017-12-31": "2060.84600", "2016-12-31": "1990.14300", "2015-12-31": "2011.63900", "2014-12-31": "2086.26200", "2013-12-31": "2066.94100", "2012-12-31": "2135.78200", "2011-12-31": "2157.48200", "2010-12-31": "1472.87500", "2009-12-31": "1614.91900", "2008-12-31": "1644.39400", "2007-12-31": "1600.17300", "2006-12-31": "1626.01400", "2005-12-31": "1540.63800"}, "Long Term Debt": {"2019-12-31": "358.94900", "2018-12-31": "198.62600", "2017-12-31": "228.30200", "2016-12-31": "199.37900", "2015-12-31": "199.17200", "2014-12-31": "200.00000", "2013-12-31": "200.00000", "2012-12-31": "200.00000", "2011-12-31": "200.00000", "2010-12-31": "", "2009-12-31": "", "2008-12-31": "93.00000", "2007-12-31": "103.00000", "2006-12-31": "131.20000", "2005-12-31": "137.70000"}, "Other Non-Current Liabilities": {"2019-12-31": "287.62500", "2018-12-31": "272.49900", "2017-12-31": "220.84200", "2016-12-31": "207.61800", "2015-12-31": "196.89800", "2014-12-31": "181.05000", "2013-12-31": "162.16300", "2012-12-31": "138.14200", "2011-12-31": "139.33900", "2010-12-31": "115.36200", "2009-12-31": "96.97300", "2008-12-31": "58.01900", "2007-12-31": "41.80500", "2006-12-31": "38.70500", "2005-12-31": "28.64100"}, "Total Long Term Liabilities": {"2019-12-31": "646.57400", "2018-12-31": "471.12500", "2017-12-31": "449.14400", "2016-12-31": "406.99700", "2015-12-31": "396.07000", "2014-12-31": "381.05000", "2013-12-31": "362.16300", "2012-12-31": "338.14200", "2011-12-31": "539.33900", "2010-12-31": "315.36200", "2009-12-31": "296.97300", "2008-12-31": "351.01900", "2007-12-31": "362.58100", "2006-12-31": "382.69900", "2005-12-31": "375.72000"}, "Total Liabilities": {"2019-12-31": "2829.38700", "2018-12-31": "2732.46400", "2017-12-31": "2509.99000", "2016-12-31": "2397.14000", "2015-12-31": "2407.70900", "2014-12-31": "2467.31200", "2013-12-31": "2429.10400", "2012-12-31": "2473.92400", "2011-12-31": "2696.82100", "2010-12-31": "1788.23700", "2009-12-31": "1911.89200", "2008-12-31": "1995.41300", "2007-12-31": "1962.75400", "2006-12-31": "2008.71300", "2005-12-31": "1916.35800"}, "Common Stock Net": {"2019-12-31": "1.81200", "2018-12-31": "1.79200", "2017-12-31": "0.88300", "2016-12-31": "0.85400", "2015-12-31": "0.84300", "2014-12-31": "0.83800", "2013-12-31": "0.83400", "2012-12-31": "0.83200", "2011-12-31": "0.41200", "2010-12-31": "0.31000", "2009-12-31": "0.30100", "2008-12-31": "0.23800", "2007-12-31": "0.23600", "2006-12-31": "0.22900", "2005-12-31": "0.22600"}, "Retained Earnings (Accumulated Deficit)": {"2019-12-31": "-154.31800", "2018-12-31": "-211.03400", "2017-12-31": "-211.98000", "2016-12-31": "-231.27600", "2015-12-31": "-250.50600", "2014-12-31": "-254.20900", "2013-12-31": "-264.08300", "2012-12-31": "-287.65200", "2011-12-31": "-270.02100", "2010-12-31": "-237.00200", "2009-12-31": "-238.46700", "2008-12-31": "-241.60900", "2007-12-31": "-240.09800", "2006-12-31": "-257.59400", "2005-12-31": "-267.15400"}, "Comprehensive Income": {"2019-12-31": "-0.38000", "2018-12-31": "2.29900", "2017-12-31": "0.94200", "2016-12-31": "-0.22700", "2015-12-31": "-0.55300", "2014-12-31": "-0.38100", "2013-12-31": "-0.92700", "2012-12-31": "-2.59000", "2011-12-31": "-2.54700", "2010-12-31": "", "2009-12-31": "", "2008-12-31": "", "2007-12-31": "", "2006-12-31": "", "2005-12-31": ""}, "Other Share Holders Equity": {"2019-12-31": "", "2018-12-31": "", "2017-12-31": "", "2016-12-31": "", "2015-12-31": "", "2014-12-31": "", "2013-12-31": "", "2012-12-31": "", "2011-12-31": "", "2010-12-31": "", "2009-12-31": "", "2008-12-31": "", "2007-12-31": "", "2006-12-31": "", "2005-12-31": ""}, "Share Holder Equity": {"2019-12-31": "1321.88800", "2018-12-31": "1193.34400", "2017-12-31": "1100.04200", "2016-12-31": "1081.84700", "2015-12-31": "992.69100", "2014-12-31": "979.02700", "2013-12-31": "963.20500", "2012-12-31": "924.30200", "2011-12-31": "799.28000", "2010-12-31": "260.15800", "2009-12-31": "254.42700", "2008-12-31": "96.23400", "2007-12-31": "70.94100", "2006-12-31": "47.11800", "2005-12-31": "32.51600"}, "Total Liabilities And Share Holders Equity": {"2019-12-31": "4151.27500", "2018-12-31": "3925.80800", "2017-12-31": "3610.03200", "2016-12-31": "3478.98700", "2015-12-31": "3400.40000", "2014-12-31": "3446.33900", "2013-12-31": "3392.30900", "2012-12-31": "3398.22600", "2011-12-31": "3496.10100", "2010-12-31": "2048.39500", "2009-12-31": "2166.31900", "2008-12-31": "2091.64700", "2007-12-31": "2033.69500", "2006-12-31": "2055.83100", "2005-12-31": "1948.87400"}}, "balance sheet, quarterly": {"Cash On Hand": {"2020-09-30": "114.21800", "2020-06-30": "119.99300", "2020-03-31": "96.92100", "2019-12-31": "28.86000", "2019-09-30": "42.38600", "2019-06-30": "90.45700", "2019-03-31": "144.22200", "2018-12-31": "68.97400", "2018-09-30": "112.41000", "2018-06-30": "46.02500", "2018-03-31": "73.89100", "2017-12-31": "35.63100", "2017-09-30": "77.39500", "2017-06-30": "67.74000", "2017-03-31": "73.24800", "2016-12-31": "56.34000", "2016-09-30": "68.81200", "2016-06-30": "74.87100", "2016-03-31": "97.10700", "2015-12-31": "80.25800", "2015-09-30": "89.39500", "2015-06-30": "84.94500", "2015-03-31": "102.70300", "2014-12-31": "73.71400", "2014-09-30": "109.14400", "2014-06-30": "84.81100", "2014-03-31": "56.42700", "2013-12-31": "58.42700", "2013-09-30": "51.52600", "2013-06-30": "177.89500", "2013-03-31": "81.82100", "2012-12-31": "37.12600", "2012-09-30": "147.86800", "2012-06-30": "134.96700", "2012-03-31": "102.97200", "2011-12-31": "70.46000", "2011-09-30": "212.79600", "2011-06-30": "85.34400", "2011-03-31": "92.40600", "2010-12-31": "64.92500", "2010-09-30": "81.41900", "2010-06-30": "151.80500", "2010-03-31": "172.30700", "2009-12-31": "145.12800", "2009-09-30": "160.17800", "2009-06-30": "174.15100", "2009-03-31": "16.67900", "2008-12-31": "45.31200", "2008-09-30": "52.74500", "2008-06-30": "11.18500", "2008-03-31": "2.56700", "2007-12-31": "5.78500", "2007-09-30": "3.70300", "2007-06-30": "0.69600", "2007-03-31": "", "2006-12-31": "1.60500", "2006-09-30": "", "2006-06-30": "0.94500", "2006-03-31": "0.02400", "2005-12-31": "0.61000", "2005-09-30": "9.15600", "2005-06-30": "7.41600", "2005-03-31": "7.84400"}, "Receivables": {"2020-09-30": "", "2020-06-30": "", "2020-03-31": "", "2019-12-31": "", "2019-09-30": "", "2019-06-30": "", "2019-03-31": "", "2018-12-31": "", "2018-09-30": "", "2018-06-30": "", "2018-03-31": "", "2017-12-31": "", "2017-09-30": "", "2017-06-30": "", "2017-03-31": "", "2016-12-31": "", "2016-09-30": "", "2016-06-30": "", "2016-03-31": "", "2015-12-31": "", "2015-09-30": "", "2015-06-30": "", "2015-03-31": "", "2014-12-31": "", "2014-09-30": "", "2014-06-30": "", "2014-03-31": "", "2013-12-31": "", "2013-09-30": "", "2013-06-30": "0.90900", "2013-03-31": "1.00800", "2012-12-31": "", "2012-09-30": "1.09800", "2012-06-30": "0.92700", "2012-03-31": "0.96700", "2011-12-31": "1.15500", "2011-09-30": "0.67100", "2011-06-30": "0.48200", "2011-03-31": "0.42800", "2010-12-31": "0.41900", "2010-09-30": "0.52800", "2010-06-30": "0.32500", "2010-03-31": "0.35200", "2009-12-31": "0.42100", "2009-09-30": "0.43900", "2009-06-30": "0.48800", "2009-03-31": "1.29300", "2008-12-31": "1.04000", "2008-09-30": "1.07800", "2008-06-30": "0.40800", "2008-03-31": "0.90900", "2007-12-31": "1.15600", "2007-09-30": "1.26700", "2007-06-30": "1.51200", "2007-03-31": "1.39000", "2006-12-31": "1.29400", "2006-09-30": "0.99500", "2006-06-30": "1.79400", "2006-03-31": "1.65000", "2005-12-31": "1.61900", "2005-09-30": "1.48300", "2005-06-30": "1.23000", "2005-03-31": "1.46400"}, "Inventory": {"2020-09-30": "", "2020-06-30": "", "2020-03-31": "", "2019-12-31": "", "2019-09-30": "", "2019-06-30": "", "2019-03-31": "", "2018-12-31": "", "2018-09-30": "", "2018-06-30": "", "2018-03-31": "", "2017-12-31": "", "2017-09-30": "", "2017-06-30": "", "2017-03-31": "", "2016-12-31": "", "2016-09-30": "", "2016-06-30": "", "2016-03-31": "", "2015-12-31": "", "2015-09-30": "", "2015-06-30": "", "2015-03-31": "", "2014-12-31": "", "2014-09-30": "", "2014-06-30": "", "2014-03-31": "", "2013-12-31": "", "2013-09-30": "", "2013-06-30": "", "2013-03-31": "", "2012-12-31": "", "2012-09-30": "", "2012-06-30": "", "2012-03-31": "", "2011-12-31": "", "2011-09-30": "", "2011-06-30": "", "2011-03-31": "", "2010-12-31": "", "2010-09-30": "", "2010-06-30": "", "2010-03-31": "", "2009-12-31": "", "2009-09-30": "", "2009-06-30": "", "2009-03-31": "", "2008-12-31": "", "2008-09-30": "", "2008-06-30": "", "2008-03-31": "", "2007-12-31": "", "2007-09-30": "", "2007-06-30": "", "2007-03-31": "", "2006-12-31": "", "2006-09-30": "", "2006-06-30": "", "2006-03-31": "", "2005-12-31": "", "2005-09-30": "", "2005-06-30": "", "2005-03-31": ""}, "Pre-Paid Expenses": {"2020-09-30": "", "2020-06-30": "", "2020-03-31": "", "2019-12-31": "", "2019-09-30": "", "2019-06-30": "", "2019-03-31": "", "2018-12-31": "", "2018-09-30": "", "2018-06-30": "", "2018-03-31": "", "2017-12-31": "", "2017-09-30": "", "2017-06-30": "", "2017-03-31": "", "2016-12-31": "", "2016-09-30": "", "2016-06-30": "", "2016-03-31": "", "2015-12-31": "", "2015-09-30": "", "2015-06-30": "", "2015-03-31": "", "2014-12-31": "", "2014-09-30": "", "2014-06-30": "", "2014-03-31": "", "2013-12-31": "", "2013-09-30": "", "2013-06-30": "", "2013-03-31": "", "2012-12-31": "", "2012-09-30": "", "2012-06-30": "", "2012-03-31": "", "2011-12-31": "", "2011-09-30": "", "2011-06-30": "", "2011-03-31": "", "2010-12-31": "", "2010-09-30": "", "2010-06-30": "", "2010-03-31": "", "2009-12-31": "", "2009-09-30": "", "2009-06-30": "", "2009-03-31": "", "2008-12-31": "", "2008-09-30": "", "2008-06-30": "", "2008-03-31": "", "2007-12-31": "", "2007-09-30": "", "2007-06-30": "", "2007-03-31": "", "2006-12-31": "", "2006-09-30": "", "2006-06-30": "", "2006-03-31": "", "2005-12-31": "", "2005-09-30": "", "2005-06-30": "", "2005-03-31": ""}, "Other Current Assets": {"2020-09-30": "", "2020-06-30": "", "2020-03-31": "", "2019-12-31": "", "2019-09-30": "", "2019-06-30": "", "2019-03-31": "", "2018-12-31": "", "2018-09-30": "", "2018-06-30": "", "2018-03-31": "", "2017-12-31": "", "2017-09-30": "", "2017-06-30": "", "2017-03-31": "", "2016-12-31": "", "2016-09-30": "", "2016-06-30": "", "2016-03-31": "", "2015-12-31": "", "2015-09-30": "", "2015-06-30": "", "2015-03-31": "", "2014-12-31": "", "2014-09-30": "", "2014-06-30": "", "2014-03-31": "", "2013-12-31": "", "2013-09-30": "", "2013-06-30": "", "2013-03-31": "", "2012-12-31": "", "2012-09-30": "", "2012-06-30": "", "2012-03-31": "", "2011-12-31": "", "2011-09-30": "", "2011-06-30": "", "2011-03-31": "", "2010-12-31": "", "2010-09-30": "", "2010-06-30": "", "2010-03-31": "", "2009-12-31": "", "2009-09-30": "", "2009-06-30": "", "2009-03-31": "", "2008-12-31": "", "2008-09-30": "", "2008-06-30": "", "2008-03-31": "", "2007-12-31": "", "2007-09-30": "", "2007-06-30": "", "2007-03-31": "", "2006-12-31": "", "2006-09-30": "", "2006-06-30": "", "2006-03-31": "", "2005-12-31": "", "2005-09-30": "", "2005-06-30": "", "2005-03-31": ""}, "Total Current Assets": {"2020-09-30": "150.44800", "2020-06-30": "155.29700", "2020-03-31": "132.14800", "2019-12-31": "66.41800", "2019-09-30": "79.61400", "2019-06-30": "126.46700", "2019-03-31": "179.03300", "2018-12-31": "104.01500", "2018-09-30": "148.29900", "2018-06-30": "80.69700", "2018-03-31": "108.80400", "2017-12-31": "85.10800", "2017-09-30": "126.67900", "2017-06-30": "115.99300", "2017-03-31": "107.48700", "2016-12-31": "90.86000", "2016-09-30": "103.08900", "2016-06-30": "108.70800", "2016-03-31": "131.25100", "2015-12-31": "115.72100", "2015-09-30": "125.72900", "2015-06-30": "120.40900", "2015-03-31": "139.01600", "2014-12-31": "110.85100", "2014-09-30": "147.19500", "2014-06-30": "123.01900", "2014-03-31": "95.03700", "2013-12-31": "101.41700", "2013-09-30": "94.94100", "2013-06-30": "221.88200", "2013-03-31": "133.09200", "2012-12-31": "82.59500", "2012-09-30": "205.02200", "2012-06-30": "192.19100", "2012-03-31": "163.61700", "2011-12-31": "135.85400", "2011-09-30": "271.53600", "2011-06-30": "113.94200", "2011-03-31": "117.46300", "2010-12-31": "91.07000", "2010-09-30": "107.90200", "2010-06-30": "178.88300", "2010-03-31": "201.89900", "2009-12-31": "175.50100", "2009-09-30": "189.04500", "2009-06-30": "203.71700", "2009-03-31": "48.18100", "2008-12-31": "78.15100", "2008-09-30": "85.49900", "2008-06-30": "22.41600", "2008-03-31": "14.51500", "2007-12-31": "17.89500", "2007-09-30": "16.31600", "2007-06-30": "18.03100", "2007-03-31": "16.47300", "2006-12-31": "24.94400", "2006-09-30": "23.08900", "2006-06-30": "28.73800", "2006-03-31": "12.82300", "2005-12-31": "13.86000", "2005-09-30": "22.44100", "2005-06-30": "20.85400", "2005-03-31": "22.38500"}, "Property, Plant, And Equipment": {"2020-09-30": "3984.61700", "2020-06-30": "3978.51100", "2020-03-31": "3968.50600", "2019-12-31": "3966.82500", "2019-09-30": "3938.49400", "2019-06-30": "3732.83200", "2019-03-31": "3675.90700", "2018-12-31": "3641.58900", "2018-09-30": "3553.18200", "2018-06-30": "3469.80700", "2018-03-31": "3438.41000", "2017-12-31": "3399.11900", "2017-09-30": "3266.91100", "2017-06-30": "3271.71100", "2017-03-31": "3272.80000", "2016-12-31": "3285.80500", "2016-09-30": "3272.44800", "2016-06-30": "3278.56300", "2016-03-31": "3189.76700", "2015-12-31": "3195.17600", "2015-09-30": "3205.00100", "2015-06-30": "3214.40200", "2015-03-31": "3212.94200", "2014-12-31": "3218.42100", "2014-09-30": "3182.62000", "2014-06-30": "3191.24800", "2014-03-31": "3208.74900", "2013-12-31": "3169.56600", "2013-09-30": "3177.17400", "2013-06-30": "3068.77100", "2013-03-31": "3196.00800", "2012-12-31": "3096.06900", "2012-09-30": "3189.08300", "2012-06-30": "3207.63900", "2012-03-31": "3234.61100", "2011-12-31": "3266.22300", "2011-09-30": "2916.23200", "2011-06-30": "1871.78500", "2011-03-31": "1876.36200", "2010-12-31": "1884.32200", "2010-09-30": "1886.76000", "2010-06-30": "1892.51300", "2010-03-31": "1895.15100", "2009-12-31": "1908.44700", "2009-09-30": "1917.23200", "2009-06-30": "1933.13300", "2009-03-31": "1937.54200", "2008-12-31": "1929.91700", "2008-09-30": "1920.13600", "2008-06-30": "1916.20000", "2008-03-31": "1893.77200", "2007-12-31": "1901.90400", "2007-09-30": "1894.21300", "2007-06-30": "1898.07100", "2007-03-31": "1894.59800", "2006-12-31": "1901.65100", "2006-09-30": "1878.58300", "2006-06-30": "1885.65700", "2006-03-31": "1874.51400", "2005-12-31": "1774.24200", "2005-09-30": "1784.87000", "2005-06-30": "1704.88000", "2005-03-31": "1705.03800"}, "Long-Term Investments": {"2020-09-30": "", "2020-06-30": "", "2020-03-31": "", "2019-12-31": "", "2019-09-30": "", "2019-06-30": "", "2019-03-31": "", "2018-12-31": "", "2018-09-30": "", "2018-06-30": "", "2018-03-31": "", "2017-12-31": "", "2017-09-30": "", "2017-06-30": "", "2017-03-31": "", "2016-12-31": "", "2016-09-30": "", "2016-06-30": "", "2016-03-31": "", "2015-12-31": "", "2015-09-30": "", "2015-06-30": "", "2015-03-31": "", "2014-12-31": "", "2014-09-30": "", "2014-06-30": "", "2014-03-31": "", "2013-12-31": "", "2013-09-30": "", "2013-06-30": "", "2013-03-31": "", "2012-12-31": "", "2012-09-30": "", "2012-06-30": "", "2012-03-31": "", "2011-12-31": "", "2011-09-30": "", "2011-06-30": "", "2011-03-31": "", "2010-12-31": "", "2010-09-30": "", "2010-06-30": "", "2010-03-31": "", "2009-12-31": "", "2009-09-30": "", "2009-06-30": "", "2009-03-31": "", "2008-12-31": "", "2008-09-30": "", "2008-06-30": "", "2008-03-31": "", "2007-12-31": "", "2007-09-30": "", "2007-06-30": "", "2007-03-31": "", "2006-12-31": "", "2006-09-30": "", "2006-06-30": "", "2006-03-31": "", "2005-12-31": "", "2005-09-30": "", "2005-06-30": "", "2005-03-31": ""}, "Goodwill And Intangible Assets": {"2020-09-30": "", "2020-06-30": "", "2020-03-31": "", "2019-12-31": "", "2019-09-30": "", "2019-06-30": "", "2019-03-31": "", "2018-12-31": "", "2018-09-30": "", "2018-06-30": "", "2018-03-31": "", "2017-12-31": "", "2017-09-30": "", "2017-06-30": "", "2017-03-31": "", "2016-12-31": "", "2016-09-30": "", "2016-06-30": "", "2016-03-31": "", "2015-12-31": "", "2015-09-30": "", "2015-06-30": "", "2015-03-31": "", "2014-12-31": "", "2014-09-30": "", "2014-06-30": "", "2014-03-31": "", "2013-12-31": "", "2013-09-30": "", "2013-06-30": "", "2013-03-31": "", "2012-12-31": "", "2012-09-30": "", "2012-06-30": "", "2012-03-31": "", "2011-12-31": "", "2011-09-30": "", "2011-06-30": "", "2011-03-31": "", "2010-12-31": "", "2010-09-30": "", "2010-06-30": "", "2010-03-31": "", "2009-12-31": "", "2009-09-30": "", "2009-06-30": "", "2009-03-31": "", "2008-12-31": "", "2008-09-30": "", "2008-06-30": "", "2008-03-31": "", "2007-12-31": "", "2007-09-30": "", "2007-06-30": "", "2007-03-31": "", "2006-12-31": "", "2006-09-30": "", "2006-06-30": "", "2006-03-31": "", "2005-12-31": "", "2005-09-30": "", "2005-06-30": "", "2005-03-31": ""}, "Other Long-Term Assets": {"2020-09-30": "83.12800", "2020-06-30": "92.74400", "2020-03-31": "70.58000", "2019-12-31": "76.88300", "2019-09-30": "78.41000", "2019-06-30": "114.46900", "2019-03-31": "113.53200", "2018-12-31": "139.89600", "2018-09-30": "113.20400", "2018-06-30": "109.84200", "2018-03-31": "103.31900", "2017-12-31": "94.36200", "2017-09-30": "100.64900", "2017-06-30": "66.20100", "2017-03-31": "59.39700", "2016-12-31": "70.94700", "2016-09-30": "63.41100", "2016-06-30": "67.22000", "2016-03-31": "63.34900", "2015-12-31": "58.63800", "2015-09-30": "57.61600", "2015-06-30": "57.93700", "2015-03-31": "62.42300", "2014-12-31": "66.64500", "2014-09-30": "70.77200", "2014-06-30": "70.10400", "2014-03-31": "61.98600", "2013-12-31": "76.20200", "2013-09-30": "80.53900", "2013-06-30": "186.95600", "2013-03-31": "54.77500", "2012-12-31": "176.10100", "2012-09-30": "59.24000", "2012-06-30": "57.14300", "2012-03-31": "52.50300", "2011-12-31": "51.29800", "2011-09-30": "66.19600", "2011-06-30": "352.45800", "2011-03-31": "47.04300", "2010-12-31": "47.41700", "2010-09-30": "53.76000", "2010-06-30": "57.72900", "2010-03-31": "62.10200", "2009-12-31": "61.61600", "2009-09-30": "71.99700", "2009-06-30": "70.01300", "2009-03-31": "63.63500", "2008-12-31": "67.52700", "2008-09-30": "87.17500", "2008-06-30": "79.92100", "2008-03-31": "108.48900", "2007-12-31": "101.75400", "2007-09-30": "122.68500", "2007-06-30": "116.78600", "2007-03-31": "119.09100", "2006-12-31": "114.43700", "2006-09-30": "117.94100", "2006-06-30": "128.04900", "2006-03-31": "117.40900", "2005-12-31": "145.67600", "2005-09-30": "156.79700", "2005-06-30": "151.38300", "2005-03-31": "149.18500"}, "Total Long-Term Assets": {"2020-09-30": "4109.96500", "2020-06-30": "4112.87700", "2020-03-31": "4080.31600", "2019-12-31": "4084.85700", "2019-09-30": "4057.85700", "2019-06-30": "3888.01100", "2019-03-31": "3829.84400", "2018-12-31": "3821.79300", "2018-09-30": "3706.73800", "2018-06-30": "3619.49200", "2018-03-31": "3581.27900", "2017-12-31": "3524.92400", "2017-09-30": "3399.16800", "2017-06-30": "3369.36500", "2017-03-31": "3363.55400", "2016-12-31": "3388.12700", "2016-09-30": "3367.29400", "2016-06-30": "3376.86700", "2016-03-31": "3283.87400", "2015-12-31": "3284.67900", "2015-09-30": "3317.66100", "2015-06-30": "3327.09900", "2015-03-31": "3329.77800", "2014-12-31": "3335.48800", "2014-09-30": "3303.95300", "2014-06-30": "3307.40500", "2014-03-31": "3315.52500", "2013-12-31": "3290.89200", "2013-09-30": "3302.18900", "2013-06-30": "3299.24700", "2013-03-31": "3293.47400", "2012-12-31": "3315.63100", "2012-09-30": "3292.10300", "2012-06-30": "3306.45900", "2012-03-31": "3328.95200", "2011-12-31": "3360.24700", "2011-09-30": "3021.26900", "2011-06-30": "2254.61100", "2011-03-31": "1949.39900", "2010-12-31": "1957.32500", "2010-09-30": "1965.26000", "2010-06-30": "1974.04500", "2010-03-31": "1979.20700", "2009-12-31": "1990.81800", "2009-09-30": "2009.24800", "2009-06-30": "2022.10400", "2009-03-31": "2018.93400", "2008-12-31": "2013.49600", "2008-09-30": "2020.64400", "2008-06-30": "2007.39000", "2008-03-31": "2013.73100", "2007-12-31": "2015.80000", "2007-09-30": "2029.73500", "2007-06-30": "2028.20100", "2007-03-31": "2027.69200", "2006-12-31": "2030.88700", "2006-09-30": "2011.83100", "2006-06-30": "2029.33100", "2006-03-31": "2007.06400", "2005-12-31": "1935.01400", "2005-09-30": "1956.49800", "2005-06-30": "1871.53600", "2005-03-31": "1869.79500"}, "Total Assets": {"2020-09-30": "4260.41300", "2020-06-30": "4268.17400", "2020-03-31": "4212.46400", "2019-12-31": "4151.27500", "2019-09-30": "4137.47100", "2019-06-30": "4014.47800", "2019-03-31": "4008.87700", "2018-12-31": "3925.80800", "2018-09-30": "3855.03700", "2018-06-30": "3700.18900", "2018-03-31": "3690.08300", "2017-12-31": "3610.03200", "2017-09-30": "3525.84700", "2017-06-30": "3485.35800", "2017-03-31": "3471.04100", "2016-12-31": "3478.98700", "2016-09-30": "3470.38300", "2016-06-30": "3485.57500", "2016-03-31": "3415.12500", "2015-12-31": "3400.40000", "2015-09-30": "3443.39000", "2015-06-30": "3447.50800", "2015-03-31": "3468.79400", "2014-12-31": "3446.33900", "2014-09-30": "3451.14800", "2014-06-30": "3430.42400", "2014-03-31": "3410.56200", "2013-12-31": "3392.30900", "2013-09-30": "3397.13000", "2013-06-30": "3521.12900", "2013-03-31": "3426.56600", "2012-12-31": "3398.22600", "2012-09-30": "3497.12500", "2012-06-30": "3498.65000", "2012-03-31": "3492.56900", "2011-12-31": "3496.10100", "2011-09-30": "3292.80500", "2011-06-30": "2368.55300", "2011-03-31": "2066.86200", "2010-12-31": "2048.39500", "2010-09-30": "2073.16200", "2010-06-30": "2152.92800", "2010-03-31": "2181.10600", "2009-12-31": "2166.31900", "2009-09-30": "2198.29300", "2009-06-30": "2225.82100", "2009-03-31": "2067.11500", "2008-12-31": "2091.64700", "2008-09-30": "2106.14300", "2008-06-30": "2029.80600", "2008-03-31": "2028.24600", "2007-12-31": "2033.69500", "2007-09-30": "2046.05100", "2007-06-30": "2046.23200", "2007-03-31": "2044.16500", "2006-12-31": "2055.83100", "2006-09-30": "2034.92000", "2006-06-30": "2058.06900", "2006-03-31": "2019.88700", "2005-12-31": "1948.87400", "2005-09-30": "1978.93900", "2005-06-30": "1892.39000", "2005-03-31": "1892.18000"}, "Total Current Liabilities": {"2020-09-30": "2606.87200", "2020-06-30": "2398.54400", "2020-03-31": "2393.84200", "2019-12-31": "2182.81300", "2019-09-30": "2215.76800", "2019-06-30": "2210.92700", "2019-03-31": "2276.51700", "2018-12-31": "2261.33900", "2018-09-30": "2127.24600", "2018-06-30": "2127.88900", "2018-03-31": "2134.67300", "2017-12-31": "2060.84600", "2017-09-30": "2096.26100", "2017-06-30": "1956.52300", "2017-03-31": "1953.65600", "2016-12-31": "1990.14300", "2016-09-30": "1994.92300", "2016-06-30": "2003.74000", "2016-03-31": "1995.25300", "2015-12-31": "2011.63900", "2015-09-30": "2061.72500", "2015-06-30": "2062.08500", "2015-03-31": "2096.77000", "2014-12-31": "2086.26200", "2014-09-30": "2100.68600", "2014-06-30": "2072.00700", "2014-03-31": "2058.72300", "2013-12-31": "2066.94100", "2013-09-30": "2082.85100", "2013-06-30": "2204.75000", "2013-03-31": "2125.76600", "2012-12-31": "2135.78200", "2012-09-30": "2171.30900", "2012-06-30": "2166.44700", "2012-03-31": "2149.62400", "2011-12-31": "2157.48200", "2011-09-30": "1978.89000", "2011-06-30": "1426.12900", "2011-03-31": "1469.99600", "2010-12-31": "1472.87500", "2010-09-30": "1503.36400", "2010-06-30": "1580.62500", "2010-03-31": "1612.76700", "2009-12-31": "1614.91900", "2009-09-30": "1667.39800", "2009-06-30": "1703.05700", "2009-03-31": "1694.10400", "2008-12-31": "1644.39400", "2008-09-30": "1627.92300", "2008-06-30": "1618.71800", "2008-03-31": "1599.96900", "2007-12-31": "1600.17300", "2007-09-30": "1626.08800", "2007-06-30": "1628.06100", "2007-03-31": "1627.85200", "2006-12-31": "1626.01400", "2006-09-30": "1628.54800", "2006-06-30": "1619.05700", "2006-03-31": "1613.02600", "2005-12-31": "1540.63800", "2005-09-30": "1515.88300", "2005-06-30": "1462.22200", "2005-03-31": "1463.48900"}, "Long Term Debt": {"2020-09-30": "50.00000", "2020-06-30": "249.11100", "2020-03-31": "199.03000", "2019-12-31": "358.94900", "2019-09-30": "318.86800", "2019-06-30": "198.78700", "2019-03-31": "198.70600", "2018-12-31": "198.62600", "2018-09-30": "278.54500", "2018-06-30": "198.46400", "2018-03-31": "198.38300", "2017-12-31": "228.30200", "2017-09-30": "199.53400", "2017-06-30": "199.48300", "2017-03-31": "199.43100", "2016-12-31": "199.37900", "2016-09-30": "199.32700", "2016-06-30": "199.27600", "2016-03-31": "199.22400", "2015-12-31": "199.17200", "2015-09-30": "200.00000", "2015-06-30": "200.00000", "2015-03-31": "200.00000", "2014-12-31": "200.00000", "2014-09-30": "200.00000", "2014-06-30": "200.00000", "2014-03-31": "200.00000", "2013-12-31": "200.00000", "2013-09-30": "200.00000", "2013-06-30": "200.00000", "2013-03-31": "200.00000", "2012-12-31": "200.00000", "2012-09-30": "200.00000", "2012-06-30": "200.00000", "2012-03-31": "200.00000", "2011-12-31": "200.00000", "2011-09-30": "200.00000", "2011-06-30": "", "2011-03-31": "", "2010-12-31": "", "2010-09-30": "", "2010-06-30": "", "2010-03-31": "", "2009-12-31": "", "2009-09-30": "", "2009-06-30": "", "2009-03-31": "1.30000", "2008-12-31": "93.00000", "2008-09-30": "115.70000", "2008-06-30": "61.50000", "2008-03-31": "82.10000", "2007-12-31": "103.00000", "2007-09-30": "97.90000", "2007-06-30": "98.60000", "2007-03-31": "96.40000", "2006-12-31": "131.20000", "2006-09-30": "115.20000", "2006-06-30": "148.00000", "2006-03-31": "118.60000", "2005-12-31": "137.70000", "2005-09-30": "181.00000", "2005-06-30": "151.00000", "2005-03-31": "201.85000"}, "Other Non-Current Liabilities": {"2020-09-30": "304.44900", "2020-06-30": "313.13600", "2020-03-31": "298.68500", "2019-12-31": "287.62500", "2019-09-30": "283.04200", "2019-06-30": "297.29000", "2019-03-31": "276.33600", "2018-12-31": "272.49900", "2018-09-30": "258.72900", "2018-06-30": "272.00500", "2018-03-31": "255.88800", "2017-12-31": "220.84200", "2017-09-30": "214.87700", "2017-06-30": "229.94100", "2017-03-31": "218.20800", "2016-12-31": "207.61800", "2016-09-30": "201.51900", "2016-06-30": "216.64300", "2016-03-31": "205.49100", "2015-12-31": "196.89800", "2015-09-30": "192.48900", "2015-06-30": "203.74400", "2015-03-31": "192.93200", "2014-12-31": "181.05000", "2014-09-30": "173.91800", "2014-06-30": "183.27100", "2014-03-31": "177.10500", "2013-12-31": "162.16300", "2013-09-30": "154.74400", "2013-06-30": "177.34100", "2013-03-31": "159.32600", "2012-12-31": "138.14200", "2012-09-30": "145.04000", "2012-06-30": "153.14100", "2012-03-31": "148.54900", "2011-12-31": "139.33900", "2011-09-30": "129.52200", "2011-06-30": "134.83700", "2011-03-31": "127.12800", "2010-12-31": "115.36200", "2010-09-30": "105.67900", "2010-06-30": "112.63800", "2010-03-31": "107.50300", "2009-12-31": "96.97300", "2009-09-30": "73.41300", "2009-06-30": "72.10700", "2009-03-31": "65.23400", "2008-12-31": "58.01900", "2008-09-30": "61.30900", "2008-06-30": "46.49900", "2008-03-31": "43.90500", "2007-12-31": "41.80500", "2007-09-30": "35.10000", "2007-06-30": "41.61600", "2007-03-31": "40.99600", "2006-12-31": "38.70500", "2006-09-30": "31.42800", "2006-06-30": "36.23200", "2006-03-31": "33.97400", "2005-12-31": "28.64100", "2005-09-30": "22.95500", "2005-06-30": "22.07100", "2005-03-31": "23.00600"}, "Total Long Term Liabilities": {"2020-09-30": "354.44900", "2020-06-30": "562.24690", "2020-03-31": "497.71500", "2019-12-31": "646.57400", "2019-09-30": "601.91000", "2019-06-30": "496.07700", "2019-03-31": "475.04200", "2018-12-31": "471.12500", "2018-09-30": "537.27400", "2018-06-30": "470.46900", "2018-03-31": "454.27100", "2017-12-31": "449.14400", "2017-09-30": "414.41100", "2017-06-30": "429.42400", "2017-03-31": "417.63900", "2016-12-31": "406.99700", "2016-09-30": "400.84600", "2016-06-30": "415.91900", "2016-03-31": "404.71500", "2015-12-31": "396.07000", "2015-09-30": "392.48900", "2015-06-30": "403.74400", "2015-03-31": "392.93200", "2014-12-31": "381.05000", "2014-09-30": "373.91800", "2014-06-30": "383.27100", "2014-03-31": "377.10500", "2013-12-31": "362.16300", "2013-09-30": "354.74400", "2013-06-30": "377.34100", "2013-03-31": "359.32600", "2012-12-31": "338.14200", "2012-09-30": "345.04000", "2012-06-30": "353.14100", "2012-03-31": "548.54900", "2011-12-31": "539.33900", "2011-09-30": "613.75600", "2011-06-30": "334.83700", "2011-03-31": "327.12800", "2010-12-31": "315.36200", "2010-09-30": "305.67900", "2010-06-30": "312.63800", "2010-03-31": "307.50300", "2009-12-31": "296.97300", "2009-09-30": "273.41300", "2009-06-30": "272.10700", "2009-03-31": "266.53400", "2008-12-31": "351.01900", "2008-09-30": "396.15000", "2008-06-30": "328.20300", "2008-03-31": "346.12200", "2007-12-31": "362.58100", "2007-09-30": "350.43500", "2007-06-30": "355.91600", "2007-03-31": "353.30900", "2006-12-31": "382.69900", "2006-09-30": "359.46400", "2006-06-30": "396.26500", "2006-03-31": "364.48000", "2005-12-31": "375.72000", "2005-09-30": "417.13100", "2005-06-30": "385.83100", "2005-03-31": "387.04200"}, "Total Liabilities": {"2020-09-30": "2961.32100", "2020-06-30": "2960.79100", "2020-03-31": "2891.55700", "2019-12-31": "2829.38700", "2019-09-30": "2817.67800", "2019-06-30": "2707.00400", "2019-03-31": "2751.55900", "2018-12-31": "2732.46400", "2018-09-30": "2664.52000", "2018-06-30": "2598.35800", "2018-03-31": "2588.94400", "2017-12-31": "2509.99000", "2017-09-30": "2510.67200", "2017-06-30": "2385.94700", "2017-03-31": "2371.29500", "2016-12-31": "2397.14000", "2016-09-30": "2395.76900", "2016-06-30": "2419.65900", "2016-03-31": "2399.96800", "2015-12-31": "2407.70900", "2015-09-30": "2454.21400", "2015-06-30": "2465.82900", "2015-03-31": "2489.70200", "2014-12-31": "2467.31200", "2014-09-30": "2474.60400", "2014-06-30": "2455.27800", "2014-03-31": "2435.82800", "2013-12-31": "2429.10400", "2013-09-30": "2437.59500", "2013-06-30": "2582.09100", "2013-03-31": "2485.09200", "2012-12-31": "2473.92400", "2012-09-30": "2516.34900", "2012-06-30": "2519.58800", "2012-03-31": "2698.17300", "2011-12-31": "2696.82100", "2011-09-30": "2592.64600", "2011-06-30": "1760.96600", "2011-03-31": "1797.12400", "2010-12-31": "1788.23700", "2010-09-30": "1809.04300", "2010-06-30": "1893.26300", "2010-03-31": "1920.27000", "2009-12-31": "1911.89200", "2009-09-30": "1940.81100", "2009-06-30": "1975.16400", "2009-03-31": "1960.63800", "2008-12-31": "1995.41300", "2008-09-30": "2024.07300", "2008-06-30": "1946.92100", "2008-03-31": "1946.09100", "2007-12-31": "1962.75400", "2007-09-30": "1976.52300", "2007-06-30": "1983.97700", "2007-03-31": "1981.16100", "2006-12-31": "2008.71300", "2006-09-30": "1988.01200", "2006-06-30": "2015.32200", "2006-03-31": "1977.50600", "2005-12-31": "1916.35800", "2005-09-30": "1933.01400", "2005-06-30": "1848.05300", "2005-03-31": "1850.53100"}, "Common Stock Net": {"2020-09-30": "1.81200", "2020-06-30": "1.81200", "2020-03-31": "1.81200", "2019-12-31": "1.81200", "2019-09-30": "1.81200", "2019-06-30": "0.90600", "2019-03-31": "0.89600", "2018-12-31": "1.79200", "2018-09-30": "0.89500", "2018-06-30": "0.88400", "2018-03-31": "0.88300", "2017-12-31": "0.88300", "2017-09-30": "0.87200", "2017-06-30": "0.86800", "2017-03-31": "0.86600", "2016-12-31": "0.85400", "2016-09-30": "0.85200", "2016-06-30": "0.85200", "2016-03-31": "0.84500", "2015-12-31": "0.84300", "2015-09-30": "0.84300", "2015-06-30": "0.84300", "2015-03-31": "0.84000", "2014-12-31": "0.83800", "2014-09-30": "0.83800", "2014-06-30": "0.83700", "2014-03-31": "0.83400", "2013-12-31": "0.83400", "2013-09-30": "0.83400", "2013-06-30": "0.83400", "2013-03-31": "0.41600", "2012-12-31": "0.83200", "2012-09-30": "0.41500", "2012-06-30": "0.41300", "2012-03-31": "0.41300", "2011-12-31": "0.41200", "2011-09-30": "0.39300", "2011-06-30": "0.37200", "2011-03-31": "0.31100", "2010-12-31": "0.31000", "2010-09-30": "0.30800", "2010-06-30": "0.30700", "2010-03-31": "0.30500", "2009-12-31": "0.30100", "2009-09-30": "0.30100", "2009-06-30": "0.29900", "2009-03-31": "0.23800", "2008-12-31": "0.23800", "2008-09-30": "0.23800", "2008-06-30": "0.23800", "2008-03-31": "0.23700", "2007-12-31": "0.23600", "2007-09-30": "0.23600", "2007-06-30": "0.23600", "2007-03-31": "0.23500", "2006-12-31": "0.22900", "2006-09-30": "0.22900", "2006-06-30": "0.22800", "2006-03-31": "0.22800", "2005-12-31": "0.22600", "2005-09-30": "0.22400", "2005-06-30": "0.22400", "2005-03-31": "0.22400"}, "Retained Earnings (Accumulated Deficit)": {"2020-09-30": "-181.75400", "2020-06-30": "-169.90300", "2020-03-31": "-153.70300", "2019-12-31": "-154.31800", "2019-09-30": "-153.50500", "2019-06-30": "-162.20400", "2019-03-31": "-152.84800", "2018-12-31": "-211.03400", "2018-09-30": "-211.74300", "2018-06-30": "-218.45300", "2018-03-31": "-215.74900", "2017-12-31": "-211.98000", "2017-09-30": "-213.77100", "2017-06-30": "-219.64100", "2017-03-31": "-216.72400", "2016-12-31": "-231.27600", "2016-09-30": "-231.87900", "2016-06-30": "-236.62300", "2016-03-31": "-235.87500", "2015-12-31": "-250.50600", "2015-09-30": "-253.39600", "2015-06-30": "-258.45700", "2015-03-31": "-258.64200", "2014-12-31": "-254.20900", "2014-09-30": "-256.34000", "2014-06-30": "-254.81600", "2014-03-31": "-253.06500", "2013-12-31": "-264.08300", "2013-09-30": "-267.41500", "2013-06-30": "-276.44800", "2013-03-31": "-273.46500", "2012-12-31": "-287.65200", "2012-09-30": "-293.79000", "2012-06-30": "-291.67300", "2012-03-31": "-275.65600", "2011-12-31": "-270.02100", "2011-09-30": "-254.45500", "2011-06-30": "-236.88800", "2011-03-31": "-229.74000", "2010-12-31": "-237.00200", "2010-09-30": "-233.43400", "2010-06-30": "-235.74000", "2010-03-31": "-232.54000", "2009-12-31": "-238.46700", "2009-09-30": "-235.68200", "2009-06-30": "", "2009-03-31": "-234.27900", "2008-12-31": "-241.60900", "2008-09-30": "-236.58300", "2008-06-30": "-233.09600", "2008-03-31": "-232.28500", "2007-12-31": "-240.09800", "2007-09-30": "-241.09900", "2007-06-30": "-247.09800", "2007-03-31": "-245.08000", "2006-12-31": "-257.59400", "2006-09-30": "-257.60800", "2006-06-30": "-259.37900", "2006-03-31": "-258.84700", "2005-12-31": "-267.15400", "2005-09-30": "-251.98300", "2005-06-30": "-252.48000", "2005-03-31": "-254.40100"}, "Comprehensive Income": {"2020-09-30": "0.00000", "2020-06-30": "-1.16100", "2020-03-31": "-1.71300", "2019-12-31": "-0.38000", "2019-09-30": "-0.49900", "2019-06-30": "-0.24200", "2019-03-31": "1.36800", "2018-12-31": "2.29900", "2018-09-30": "3.95900", "2018-06-30": "3.57900", "2018-03-31": "2.81500", "2017-12-31": "0.94200", "2017-09-30": "0.00000", "2017-06-30": "0.03000", "2017-03-31": "-0.00100", "2016-12-31": "-0.22700", "2016-09-30": "-0.64600", "2016-06-30": "-1.19700", "2016-03-31": "-1.16100", "2015-12-31": "-0.55300", "2015-09-30": "-1.61200", "2015-06-30": "-1.03400", "2015-03-31": "-1.23800", "2014-12-31": "-0.38100", "2014-09-30": "0.14100", "2014-06-30": "", "2014-03-31": "-0.48200", "2013-12-31": "-0.92700", "2013-09-30": "-1.35700", "2013-06-30": "-1.71800", "2013-03-31": "-2.14800", "2012-12-31": "-2.59000", "2012-09-30": "-3.01300", "2012-06-30": "-2.95900", "2012-03-31": "-2.92500", "2011-12-31": "-2.54700", "2011-09-30": "-2.89300", "2011-06-30": "-0.33600", "2011-03-31": "", "2010-12-31": "", "2010-09-30": "", "2010-06-30": "", "2010-03-31": "", "2009-12-31": "", "2009-09-30": "", "2009-06-30": "-237.70400", "2009-03-31": "", "2008-12-31": "", "2008-09-30": "", "2008-06-30": "", "2008-03-31": "", "2007-12-31": "", "2007-09-30": "", "2007-06-30": "", "2007-03-31": "", "2006-12-31": "", "2006-09-30": "", "2006-06-30": "", "2006-03-31": "", "2005-12-31": "", "2005-09-30": "", "2005-06-30": "", "2005-03-31": ""}, "Other Share Holders Equity": {"2020-09-30": "", "2020-06-30": "", "2020-03-31": "", "2019-12-31": "", "2019-09-30": "", "2019-06-30": "", "2019-03-31": "", "2018-12-31": "", "2018-09-30": "", "2018-06-30": "", "2018-03-31": "", "2017-12-31": "", "2017-09-30": "", "2017-06-30": "", "2017-03-31": "", "2016-12-31": "", "2016-09-30": "", "2016-06-30": "", "2016-03-31": "", "2015-12-31": "", "2015-09-30": "", "2015-06-30": "", "2015-03-31": "", "2014-12-31": "", "2014-09-30": "", "2014-06-30": "", "2014-03-31": "", "2013-12-31": "", "2013-09-30": "", "2013-06-30": "", "2013-03-31": "", "2012-12-31": "", "2012-09-30": "", "2012-06-30": "", "2012-03-31": "", "2011-12-31": "", "2011-09-30": "", "2011-06-30": "", "2011-03-31": "", "2010-12-31": "", "2010-09-30": "", "2010-06-30": "", "2010-03-31": "", "2009-12-31": "", "2009-09-30": "", "2009-06-30": "", "2009-03-31": "", "2008-12-31": "", "2008-09-30": "", "2008-06-30": "", "2008-03-31": "", "2007-12-31": "", "2007-09-30": "", "2007-06-30": "", "2007-03-31": "", "2006-12-31": "", "2006-09-30": "", "2006-06-30": "", "2006-03-31": "", "2005-12-31": "", "2005-09-30": "", "2005-06-30": "", "2005-03-31": ""}, "Share Holder Equity": {"2020-09-30": "1299.09200", "2020-06-30": "1307.38300", "2020-03-31": "1320.90700", "2019-12-31": "1321.88800", "2019-09-30": "1319.79300", "2019-06-30": "1307.47400", "2019-03-31": "1257.31800", "2018-12-31": "1193.34400", "2018-09-30": "1190.51700", "2018-06-30": "1101.83100", "2018-03-31": "1101.13900", "2017-12-31": "1100.04200", "2017-09-30": "1015.17500", "2017-06-30": "1099.41100", "2017-03-31": "1099.74600", "2016-12-31": "1081.84700", "2016-09-30": "1074.61400", "2016-06-30": "1065.91600", "2016-03-31": "1015.15700", "2015-12-31": "992.69100", "2015-09-30": "989.17600", "2015-06-30": "981.67900", "2015-03-31": "979.09200", "2014-12-31": "979.02700", "2014-09-30": "976.54400", "2014-06-30": "975.14600", "2014-03-31": "974.73400", "2013-12-31": "963.20500", "2013-09-30": "959.53500", "2013-06-30": "939.03800", "2013-03-31": "941.47400", "2012-12-31": "924.30200", "2012-09-30": "980.77600", "2012-06-30": "979.06200", "2012-03-31": "794.39600", "2011-12-31": "799.28000", "2011-09-30": "700.15900", "2011-06-30": "607.58700", "2011-03-31": "269.73800", "2010-12-31": "260.15800", "2010-09-30": "264.11900", "2010-06-30": "259.66500", "2010-03-31": "260.83600", "2009-12-31": "254.42700", "2009-09-30": "257.48200", "2009-06-30": "250.65700", "2009-03-31": "106.47700", "2008-12-31": "96.23400", "2008-09-30": "82.07000", "2008-06-30": "82.88500", "2008-03-31": "82.15500", "2007-12-31": "70.94100", "2007-09-30": "69.52800", "2007-06-30": "62.25500", "2007-03-31": "63.00400", "2006-12-31": "47.11800", "2006-09-30": "46.90800", "2006-06-30": "42.74700", "2006-03-31": "42.38100", "2005-12-31": "32.51600", "2005-09-30": "45.92500", "2005-06-30": "44.33700", "2005-03-31": "41.64900"}, "Total Liabilities And Share Holders Equity": {"2020-09-30": "4260.41300", "2020-06-30": "4268.17400", "2020-03-31": "4212.46400", "2019-12-31": "4151.27500", "2019-09-30": "4137.47100", "2019-06-30": "4014.47800", "2019-03-31": "4008.87700", "2018-12-31": "3925.80800", "2018-09-30": "3855.03700", "2018-06-30": "3700.18900", "2018-03-31": "3690.08300", "2017-12-31": "3610.03200", "2017-09-30": "3525.84700", "2017-06-30": "3485.35800", "2017-03-31": "3471.04100", "2016-12-31": "3478.98700", "2016-09-30": "3470.38300", "2016-06-30": "3485.57500", "2016-03-31": "3415.12500", "2015-12-31": "3400.40000", "2015-09-30": "3443.39000", "2015-06-30": "3447.50800", "2015-03-31": "3468.79400", "2014-12-31": "3446.33900", "2014-09-30": "3451.14800", "2014-06-30": "3430.42400", "2014-03-31": "3410.56200", "2013-12-31": "3392.30900", "2013-09-30": "3397.13000", "2013-06-30": "3521.12900", "2013-03-31": "3426.56600", "2012-12-31": "3398.22600", "2012-09-30": "3497.12500", "2012-06-30": "3498.65000", "2012-03-31": "3492.56900", "2011-12-31": "3496.10100", "2011-09-30": "3292.80500", "2011-06-30": "2368.55300", "2011-03-31": "2066.86200", "2010-12-31": "2048.39500", "2010-09-30": "2073.16200", "2010-06-30": "2152.92800", "2010-03-31": "2181.10600", "2009-12-31": "2166.31900", "2009-09-30": "2198.29300", "2009-06-30": "2225.82100", "2009-03-31": "2067.11500", "2008-12-31": "2091.64700", "2008-09-30": "2106.14300", "2008-06-30": "2029.80600", "2008-03-31": "2028.24600", "2007-12-31": "2033.69500", "2007-09-30": "2046.05100", "2007-06-30": "2046.23200", "2007-03-31": "2044.16500", "2006-12-31": "2055.83100", "2006-09-30": "2034.92000", "2006-06-30": "2058.06900", "2006-03-31": "2019.88700", "2005-12-31": "1948.87400", "2005-09-30": "1978.93900", "2005-06-30": "1892.39000", "2005-03-31": "1892.18000"}}, "cash flow statement": {"Net Income/Loss": {"2019-12-31": "295.92200", "2018-12-31": "226.38600", "2017-12-31": "210.37700", "2016-12-31": "187.13200", "2015-12-31": "150.51200", "2014-12-31": "138.46800", "2013-12-31": "125.90500", "2012-12-31": "74.45900", "2011-12-31": "42.50400", "2010-12-31": "60.39700", "2009-12-31": "56.26100", "2008-12-31": "38.74400", "2007-12-31": "55.94600", "2006-12-31": "16.63200", "2005-12-31": "-2.33300"}, "Total Depreciation And Amortization - Cash Flow": {"2019-12-31": "156.97600", "2018-12-31": "139.99300", "2017-12-31": "126.28600", "2016-12-31": "122.39000", "2015-12-31": "117.40300", "2014-12-31": "123.03700", "2013-12-31": "116.85900", "2012-12-31": "155.48700", "2011-12-31": "122.96400", "2010-12-31": "84.53800", "2009-12-31": "80.18300", "2008-12-31": "76.18600", "2007-12-31": "70.97300", "2006-12-31": "67.02100", "2005-12-31": "62.16600"}, "Other Non-Cash Items": {"2019-12-31": "-55.52300", "2018-12-31": "-1.30200", "2017-12-31": "4.48900", "2016-12-31": "-10.83100", "2015-12-31": "21.00600", "2014-12-31": "-1.14300", "2013-12-31": "-8.02200", "2012-12-31": "-8.89500", "2011-12-31": "-2.26800", "2010-12-31": "-1.44800", "2009-12-31": "-7.46300", "2008-12-31": "-0.86200", "2007-12-31": "-10.42200", "2006-12-31": "-2.76700", "2005-12-31": "-4.01900"}, "Total Non-Cash Items": {"2019-12-31": "101.45300", "2018-12-31": "138.69100", "2017-12-31": "130.77500", "2016-12-31": "111.55900", "2015-12-31": "138.40900", "2014-12-31": "121.89400", "2013-12-31": "108.83700", "2012-12-31": "146.59200", "2011-12-31": "120.69600", "2010-12-31": "83.09000", "2009-12-31": "72.72000", "2008-12-31": "75.32400", "2007-12-31": "60.55100", "2006-12-31": "64.25400", "2005-12-31": "58.14700"}, "Change In Accounts Receivable": {"2019-12-31": "", "2018-12-31": "", "2017-12-31": "", "2016-12-31": "-0.74400", "2015-12-31": "0.53700", "2014-12-31": "0.10100", "2013-12-31": "0.23000", "2012-12-31": "3.24300", "2011-12-31": "3.56900", "2010-12-31": "2.71400", "2009-12-31": "0.65400", "2008-12-31": "0.35300", "2007-12-31": "0.26900", "2006-12-31": "-0.44100", "2005-12-31": "-0.08700"}, "Change In Inventories": {"2019-12-31": "", "2018-12-31": "", "2017-12-31": "", "2016-12-31": "", "2015-12-31": "", "2014-12-31": "", "2013-12-31": "", "2012-12-31": "", "2011-12-31": "", "2010-12-31": "-0.39100", "2009-12-31": "2.89900", "2008-12-31": "-5.06600", "2007-12-31": "4.76600", "2006-12-31": "-8.05900", "2005-12-31": "-8.54800"}, "Change In Accounts Payable": {"2019-12-31": "15.57800", "2018-12-31": "9.61500", "2017-12-31": "-4.73500", "2016-12-31": "10.32200", "2015-12-31": "5.63200", "2014-12-31": "-5.28200", "2013-12-31": "0.08300", "2012-12-31": "", "2011-12-31": "", "2010-12-31": "", "2009-12-31": "", "2008-12-31": "", "2007-12-31": "", "2006-12-31": "", "2005-12-31": ""}, "Change In Assets/Liabilities": {"2019-12-31": "30.56700", "2018-12-31": "39.39200", "2017-12-31": "41.57000", "2016-12-31": "44.09300", "2015-12-31": "57.79200", "2014-12-31": "30.56400", "2013-12-31": "20.29400", "2012-12-31": "15.19200", "2011-12-31": "2.13600", "2010-12-31": "25.38500", "2009-12-31": "21.49500", "2008-12-31": "3.13500", "2007-12-31": "1.17700", "2006-12-31": "4.42700", "2005-12-31": "4.20000"}, "Total Change In Assets/Liabilities": {"2019-12-31": "46.14500", "2018-12-31": "49.00700", "2017-12-31": "36.83500", "2016-12-31": "53.67100", "2015-12-31": "63.96100", "2014-12-31": "25.38300", "2013-12-31": "20.60700", "2012-12-31": "15.39400", "2011-12-31": "12.44100", "2010-12-31": "19.82200", "2009-12-31": "21.54400", "2008-12-31": "-0.01400", "2007-12-31": "6.29400", "2006-12-31": "-1.88500", "2005-12-31": "0.44700"}, "Cash Flow From Operating Activities": {"2019-12-31": "443.52000", "2018-12-31": "414.08400", "2017-12-31": "377.98700", "2016-12-31": "352.36200", "2015-12-31": "352.88200", "2014-12-31": "285.74500", "2013-12-31": "255.34900", "2012-12-31": "236.44500", "2011-12-31": "175.64100", "2010-12-31": "163.30900", "2009-12-31": "150.52500", "2008-12-31": "114.05400", "2007-12-31": "122.79100", "2006-12-31": "99.45700", "2005-12-31": "90.32600"}, "Net Change In Property, Plant, And Equipment": {"2019-12-31": "-365.65800", "2018-12-31": "-415.73000", "2017-12-31": "-262.60200", "2016-12-31": "-217.68100", "2015-12-31": "-117.48600", "2014-12-31": "-79.28900", "2013-12-31": "-24.44600", "2012-12-31": "-91.90900", "2011-12-31": "-712.86900", "2010-12-31": "-48.62900", "2009-12-31": "-4.94100", "2008-12-31": "-27.81000", "2007-12-31": "-30.89700", "2006-12-31": "-67.48800", "2005-12-31": "-65.40000"}, "Net Change In Intangible Assets": {"2019-12-31": "", "2018-12-31": "", "2017-12-31": "", "2016-12-31": "", "2015-12-31": "", "2014-12-31": "", "2013-12-31": "", "2012-12-31": "", "2011-12-31": "", "2010-12-31": "", "2009-12-31": "", "2008-12-31": "", "2007-12-31": "", "2006-12-31": "", "2005-12-31": ""}, "Net Acquisitions/Divestitures": {"2019-12-31": "", "2018-12-31": "", "2017-12-31": "", "2016-12-31": "", "2015-12-31": "", "2014-12-31": "", "2013-12-31": "", "2012-12-31": "", "2011-12-31": "", "2010-12-31": "", "2009-12-31": "", "2008-12-31": "", "2007-12-31": "", "2006-12-31": "", "2005-12-31": ""}, "Net Change In Short-term Investments": {"2019-12-31": "", "2018-12-31": "", "2017-12-31": "", "2016-12-31": "", "2015-12-31": "", "2014-12-31": "-9.44100", "2013-12-31": "", "2012-12-31": "", "2011-12-31": "52.26600", "2010-12-31": "-52.26600", "2009-12-31": "", "2008-12-31": "", "2007-12-31": "11.09100", "2006-12-31": "-7.51100", "2005-12-31": "1.30600"}, "Net Change In Long-Term Investments": {"2019-12-31": "5.36900", "2018-12-31": "-4.10100", "2017-12-31": "-32.55600", "2016-12-31": "-5.13400", "2015-12-31": "-4.00000", "2014-12-31": "-0.90900", "2013-12-31": "-2.64100", "2012-12-31": "", "2011-12-31": "", "2010-12-31": "", "2009-12-31": "", "2008-12-31": "-5.02100", "2007-12-31": "-3.50400", "2006-12-31": "7.91300", "2005-12-31": "-2.15200"}, "Net Change In Investments - Total": {"2019-12-31": "5.36900", "2018-12-31": "-4.10100", "2017-12-31": "-32.55600", "2016-12-31": "-5.13400", "2015-12-31": "-4.00000", "2014-12-31": "-10.35000", "2013-12-31": "-2.64100", "2012-12-31": "", "2011-12-31": "52.26600", "2010-12-31": "-52.26600", "2009-12-31": "", "2008-12-31": "-5.02100", "2007-12-31": "7.58700", "2006-12-31": "0.40200", "2005-12-31": "-0.84600"}, "Investing Activities - Other": {"2019-12-31": "8.20000", "2018-12-31": "21.76600", "2017-12-31": "-10.19700", "2016-12-31": "4.21300", "2015-12-31": "0.77900", "2014-12-31": "-38.24600", "2013-12-31": "-10.76700", "2012-12-31": "5.34400", "2011-12-31": "-41.24500", "2010-12-31": "1.96200", "2009-12-31": "-29.95100", "2008-12-31": "-0.36500", "2007-12-31": "-2.29400", "2006-12-31": "", "2005-12-31": ""}, "Cash Flow From Investing Activities": {"2019-12-31": "-352.08900", "2018-12-31": "-398.06500", "2017-12-31": "-305.35500", "2016-12-31": "-218.60200", "2015-12-31": "-120.70700", "2014-12-31": "-127.88500", "2013-12-31": "-37.85400", "2012-12-31": "-86.56500", "2011-12-31": "-701.84800", "2010-12-31": "-98.93300", "2009-12-31": "-34.89200", "2008-12-31": "-33.19600", "2007-12-31": "-25.60400", "2006-12-31": "-67.08600", "2005-12-31": "-66.24600"}, "Net Long-Term Debt": {"2019-12-31": "-121.02800", "2018-12-31": "176.43900", "2017-12-31": "79.83900", "2016-12-31": "-54.68100", "2015-12-31": "-60.98500", "2014-12-31": "-9.04000", "2013-12-31": "-74.99200", "2012-12-31": "-8.05200", "2011-12-31": "324.34200", "2010-12-31": "-135.04100", "2009-12-31": "-22.97100", "2008-12-31": "6.60500", "2007-12-31": "-35.33500", "2006-12-31": "-2.50400", "2005-12-31": "-8.42900"}, "Net Current Debt": {"2019-12-31": "160.00000", "2018-12-31": "-30.00000", "2017-12-31": "30.00000", "2016-12-31": "", "2015-12-31": "", "2014-12-31": "", "2013-12-31": "", "2012-12-31": "", "2011-12-31": "", "2010-12-31": "", "2009-12-31": "-93.00000", "2008-12-31": "-10.00000", "2007-12-31": "-28.20000", "2006-12-31": "-6.50000", "2005-12-31": "-78.10000"}, "Debt Issuance/Retirement Net - Total": {"2019-12-31": "38.97200", "2018-12-31": "146.43900", "2017-12-31": "109.83900", "2016-12-31": "-54.68100", "2015-12-31": "-60.98500", "2014-12-31": "-9.04000", "2013-12-31": "-74.99200", "2012-12-31": "-8.05200", "2011-12-31": "324.34200", "2010-12-31": "-135.04100", "2009-12-31": "-115.97100", "2008-12-31": "-3.39500", "2007-12-31": "-63.53500", "2006-12-31": "-9.00400", "2005-12-31": "-86.52900"}, "Net Common Equity Issued/Repurchased": {"2019-12-31": "61.80100", "2018-12-31": "84.56800", "2017-12-31": "127.60900", "2016-12-31": "62.32800", "2015-12-31": "4.83700", "2014-12-31": "1.32600", "2013-12-31": "-0.15300", "2012-12-31": "3.64500", "2011-12-31": "341.53800", "2010-12-31": "-5.49200", "2009-12-31": "149.86500", "2008-12-31": "4.10800", "2007-12-31": "2.85100", "2006-12-31": "2.89200", "2005-12-31": "3.21000"}, "Net Total Equity Issued/Repurchased": {"2019-12-31": "61.80100", "2018-12-31": "84.56800", "2017-12-31": "-8.70500", "2016-12-31": "62.32800", "2015-12-31": "4.83700", "2014-12-31": "1.32600", "2013-12-31": "-0.15300", "2012-12-31": "-60.21100", "2011-12-31": "338.73700", "2010-12-31": "-21.63200", "2009-12-31": "149.86500", "2008-12-31": "4.10800", "2007-12-31": "2.85100", "2006-12-31": "2.89200", "2005-12-31": "78.21000"}, "Total Common And Preferred Stock Dividends Paid": {"2019-12-31": "-229.21800", "2018-12-31": "-202.63800", "2017-12-31": "-182.32900", "2016-12-31": "-161.17100", "2015-12-31": "-141.77300", "2014-12-31": "-120.74300", "2013-12-31": "-77.47400", "2012-12-31": "-110.79800", "2011-12-31": "-63.30600", "2010-12-31": "-36.84000", "2009-12-31": "-48.10900", "2008-12-31": "-38.92100", "2007-12-31": "-32.01300", "2006-12-31": "-23.57500", "2005-12-31": "-16.63200"}, "Financial Activities - Other": {"2019-12-31": "-3.10000", "2018-12-31": "-11.04500", "2017-12-31": "-17.60100", "2016-12-31": "-4.92000", "2015-12-31": "-27.71000", "2014-12-31": "-14.11600", "2013-12-31": "-43.57500", "2012-12-31": "-4.15300", "2011-12-31": "-15.76500", "2010-12-31": "-3.33200", "2009-12-31": "-1.60200", "2008-12-31": "-3.12300", "2007-12-31": "-0.31000", "2006-12-31": "-1.68900", "2005-12-31": "-3.82400"}, "Cash Flow From Financial Activities": {"2019-12-31": "-131.54500", "2018-12-31": "17.32400", "2017-12-31": "-98.79600", "2016-12-31": "-158.44400", "2015-12-31": "-225.63100", "2014-12-31": "-142.57300", "2013-12-31": "-196.19400", "2012-12-31": "-183.21400", "2011-12-31": "584.00800", "2010-12-31": "-196.84500", "2009-12-31": "-15.81700", "2008-12-31": "-41.33100", "2007-12-31": "-93.00700", "2006-12-31": "-31.37600", "2005-12-31": "-28.77500"}, "Net Cash Flow": {"2019-12-31": "-40.11400", "2018-12-31": "33.34300", "2017-12-31": "-26.16400", "2016-12-31": "-24.68400", "2015-12-31": "6.54400", "2014-12-31": "15.28700", "2013-12-31": "21.30100", "2012-12-31": "-33.33400", "2011-12-31": "57.80100", "2010-12-31": "-132.46900", "2009-12-31": "99.81600", "2008-12-31": "39.52700", "2007-12-31": "4.18000", "2006-12-31": "0.99500", "2005-12-31": "-4.69500"}, "Stock-Based Compensation": {"2019-12-31": "7.63800", "2018-12-31": "11.17100", "2017-12-31": "10.69900", "2016-12-31": "6.25200", "2015-12-31": "9.55500", "2014-12-31": "1.90000", "2013-12-31": "1.90700", "2012-12-31": "0.78200", "2011-12-31": "1.81300", "2010-12-31": "0.72500", "2009-12-31": "1.05300", "2008-12-31": "1.09800", "2007-12-31": "0.68500", "2006-12-31": "", "2005-12-31": ""}, "Common Stock Dividends Paid": {"2019-12-31": "-229.20200", "2018-12-31": "-202.62200", "2017-12-31": "-175.40100", "2016-12-31": "-151.94500", "2015-12-31": "-132.54700", "2014-12-31": "-111.46900", "2013-12-31": "-68.19400", "2012-12-31": "-96.18500", "2011-12-31": "-49.48300", "2010-12-31": "-36.84000", "2009-12-31": "-48.10900", "2008-12-31": "-38.92100", "2007-12-31": "-32.01300", "2006-12-31": "-23.57500", "2005-12-31": "-16.63200"}}, "cash flow statement, quarterly": {"Net Income/Loss": {"2020-09-30": 53.468, "2020-06-30": 48.853, "2020-03-31": "70.72400", "2019-12-31": 58.126, "2019-09-30": 68.176, "2019-06-30": 49.085, "2019-03-31": "120.53500", "2018-12-31": 53.38, "2018-09-30": 59.66, "2018-06-30": 49.169, "2018-03-31": "64.17700", "2017-12-31": 47.974, "2017-09-30": 54.866, "2017-06-30": 44.462, "2017-03-31": "63.07500", "2016-12-31": 42.381, "2016-09-30": 46.757, "2016-06-30": 40.804, "2016-03-31": "57.19000", "2015-12-31": 39.767, "2015-09-30": 42.106, "2015-06-30": 36.826, "2015-03-31": "31.81300", "2014-12-31": 34.262, "2014-09-30": 30.276, "2014-06-30": 30.04, "2014-03-31": "43.89000", "2013-12-31": 28.716, "2013-09-30": 34.936, "2013-06-30": 21.785, "2013-03-31": "40.46800", "2012-12-31": 29.015, "2012-09-30": 21.492, "2012-06-30": 6.299, "2012-03-31": "17.65300", "2011-12-31": 3.863, "2011-09-30": 1.355, "2011-06-30": 11.654, "2011-03-31": "25.63200", "2010-12-31": 10.596, "2010-09-30": 17.307, "2010-06-30": 10.967, "2010-03-31": "21.52700", "2009-12-31": 11.386, "2009-09-30": 16.959, "2009-06-30": 7.445, "2009-03-31": "20.47100", "2008-12-31": 4.074, "2008-09-30": 5.831, "2008-06-30": 9.09, "2008-03-31": "19.74900", "2007-12-31": 28.501, "2007-09-30": 9.651, "2007-06-30": 1.634, "2007-03-31": "16.16000", "2006-12-31": 1.786, "2006-09-30": 3.554, "2006-06-30": 1.219, "2006-03-31": "10.07300", "2005-12-31": -14.62, "2005-09-30": 1.091, "2005-06-30": 2.487, "2005-03-31": "8.70900"}, "Total Depreciation And Amortization - Cash Flow": {"2020-09-30": 40.02, "2020-06-30": 39.796, "2020-03-31": "40.38600", "2019-12-31": 40.552, "2019-09-30": 38.24, "2019-06-30": 38.994, "2019-03-31": "39.19000", "2018-12-31": 35.581, "2018-09-30": 35.92, "2018-06-30": 35.261, "2018-03-31": "33.23100", "2017-12-31": 31.365, "2017-09-30": 31.349, "2017-06-30": 31.899, "2017-03-31": "31.67300", "2016-12-31": 31.911, "2016-09-30": 31.328, "2016-06-30": 29.787, "2016-03-31": "29.36400", "2015-12-31": 23.33, "2015-09-30": 31.781, "2015-06-30": 31.666, "2015-03-31": "30.62600", "2014-12-31": 30.728, "2014-09-30": 31.532, "2014-06-30": 30.99, "2014-03-31": "29.78700", "2013-12-31": 29.41, "2013-09-30": 27.351, "2013-06-30": 31.96, "2013-03-31": "28.13800", "2012-12-31": 27.656, "2012-09-30": 35.192, "2012-06-30": 46.621, "2012-03-31": "46.01800", "2011-12-31": 43.445, "2011-09-30": 36.91, "2011-06-30": 21.627, "2011-03-31": "20.98200", "2010-12-31": 23.246, "2010-09-30": 20.691, "2010-06-30": 20.564, "2010-03-31": "20.03700", "2009-12-31": 19.335, "2009-09-30": 20.44, "2009-06-30": 20.136, "2009-03-31": "20.27200", "2008-12-31": 19.627, "2008-09-30": 18.923, "2008-06-30": 18.698, "2008-03-31": "18.93800", "2007-12-31": 18.14, "2007-09-30": 17.786, "2007-06-30": 17.685, "2007-03-31": "17.36200", "2006-12-31": 17.242, "2006-09-30": 16.85, "2006-06-30": 16.935, "2006-03-31": "15.99400", "2005-12-31": 16.185, "2005-09-30": 15.749, "2005-06-30": 15.098, "2005-03-31": "15.13400"}, "Other Non-Cash Items": {"2020-09-30": 7.735, "2020-06-30": 1.527, "2020-03-31": "3.20600", "2019-12-31": -0.43, "2019-09-30": -4.857, "2019-06-30": -2.314, "2019-03-31": "-47.92200", "2018-12-31": -2.263, "2018-09-30": -2.784, "2018-06-30": 0.595, "2018-03-31": "3.15000", "2017-12-31": 1.717, "2017-09-30": -3.015, "2017-06-30": 0.441, "2017-03-31": "5.34600", "2016-12-31": -9.72, "2016-09-30": -2.4, "2016-06-30": 5.245, "2016-03-31": "-3.95600", "2015-12-31": 7.11, "2015-09-30": -0.012, "2015-06-30": -1.807, "2015-03-31": "15.71500", "2014-12-31": -1.718, "2014-09-30": 4.149, "2014-06-30": -4.158, "2014-03-31": "0.58400", "2013-12-31": -1.927, "2013-09-30": -3.68, "2013-06-30": -0.679, "2013-03-31": "-1.73600", "2012-12-31": -5.243, "2012-09-30": -1.129, "2012-06-30": -1.126, "2012-03-31": "-1.39700", "2011-12-31": 0.7, "2011-09-30": -1.015, "2011-06-30": -0.861, "2011-03-31": "-1.09200", "2010-12-31": 0.181, "2010-09-30": 0.62, "2010-06-30": -1.15, "2010-03-31": "-1.09900", "2009-12-31": 0.774, "2009-09-30": -5.965, "2009-06-30": -1.66, "2009-03-31": "-0.61200", "2008-12-31": 0.535, "2008-09-30": -0.339, "2008-06-30": -0.629, "2008-03-31": "-0.42900", "2007-12-31": 0.359, "2007-09-30": -7.545, "2007-06-30": 0.457, "2007-03-31": "-3.69300", "2006-12-31": 0.272, "2006-09-30": -1.867, "2006-06-30": -0.772, "2006-03-31": "-0.40000", "2005-12-31": -1.667, "2005-09-30": -0.717, "2005-06-30": -1.309, "2005-03-31": "-0.32600"}, "Total Non-Cash Items": {"2020-09-30": 47.755, "2020-06-30": 41.323, "2020-03-31": "43.59200", "2019-12-31": 40.122, "2019-09-30": 33.383, "2019-06-30": 36.68, "2019-03-31": "-8.73200", "2018-12-31": 33.318, "2018-09-30": 33.136, "2018-06-30": 35.856, "2018-03-31": "36.38100", "2017-12-31": 33.082, "2017-09-30": 28.334, "2017-06-30": 32.34, "2017-03-31": "37.01900", "2016-12-31": 22.191, "2016-09-30": 28.928, "2016-06-30": 35.032, "2016-03-31": "25.40800", "2015-12-31": 30.44, "2015-09-30": 31.769, "2015-06-30": 29.859, "2015-03-31": "46.34100", "2014-12-31": 29.01, "2014-09-30": 35.681, "2014-06-30": 26.832, "2014-03-31": "30.37100", "2013-12-31": 27.483, "2013-09-30": 23.671, "2013-06-30": 31.281, "2013-03-31": "26.40200", "2012-12-31": 22.413, "2012-09-30": 34.063, "2012-06-30": 45.495, "2012-03-31": "44.62100", "2011-12-31": 44.145, "2011-09-30": 35.895, "2011-06-30": 20.766, "2011-03-31": "19.89000", "2010-12-31": 23.427, "2010-09-30": 21.311, "2010-06-30": 19.414, "2010-03-31": "18.93800", "2009-12-31": 20.109, "2009-09-30": 14.475, "2009-06-30": 18.476, "2009-03-31": "19.66000", "2008-12-31": 20.162, "2008-09-30": 18.584, "2008-06-30": 18.069, "2008-03-31": "18.50900", "2007-12-31": 18.499, "2007-09-30": 10.241, "2007-06-30": 18.142, "2007-03-31": "13.66900", "2006-12-31": 17.514, "2006-09-30": 14.983, "2006-06-30": 16.163, "2006-03-31": "15.59400", "2005-12-31": 14.518, "2005-09-30": 15.032, "2005-06-30": 13.789, "2005-03-31": "14.80800"}, "Change In Accounts Receivable": {"2020-09-30": 0, "2020-06-30": 0, "2020-03-31": "", "2019-12-31": 0, "2019-09-30": 0, "2019-06-30": 0, "2019-03-31": "", "2018-12-31": 0, "2018-09-30": 0, "2018-06-30": 0, "2018-03-31": "", "2017-12-31": 0.052, "2017-09-30": -0.052, "2017-06-30": 0.053, "2017-03-31": "-0.05300", "2016-12-31": -0.196, "2016-09-30": -0.548, "2016-06-30": 0, "2016-03-31": "", "2015-12-31": 0.911, "2015-09-30": -0.374, "2015-06-30": 0.505, "2015-03-31": "-0.50500", "2014-12-31": 0.32, "2014-09-30": -0.219, "2014-06-30": 0, "2014-03-31": "", "2013-12-31": -0.15, "2013-09-30": 0.193, "2013-06-30": 0.187, "2013-03-31": "", "2012-12-31": 2.772, "2012-09-30": 0.471, "2012-06-30": 0, "2012-03-31": "", "2011-12-31": 2.576, "2011-09-30": 0.993, "2011-06-30": 0, "2011-03-31": "", "2010-12-31": 2.175, "2010-09-30": -1.537, "2010-06-30": 2.015, "2010-03-31": "0.06100", "2009-12-31": 0.059, "2009-09-30": 0.454, "2009-06-30": 0.658, "2009-03-31": "-0.51700", "2008-12-31": 0.274, "2008-09-30": -0.415, "2008-06-30": 0.41, "2008-03-31": "0.08400", "2007-12-31": 0.262, "2007-09-30": 0.258, "2007-06-30": -0.01, "2007-03-31": "-0.24100", "2006-12-31": -0.224, "2006-09-30": -0.049, "2006-06-30": -0.194, "2006-03-31": "0.02600", "2005-12-31": -0.427, "2005-09-30": 0.548, "2005-06-30": -0.031, "2005-03-31": "-0.17700"}, "Change In Inventories": {"2020-09-30": 0, "2020-06-30": 0, "2020-03-31": "", "2019-12-31": 0, "2019-09-30": 0, "2019-06-30": 0, "2019-03-31": "", "2018-12-31": 0, "2018-09-30": 0, "2018-06-30": 0, "2018-03-31": "", "2017-12-31": 0, "2017-09-30": 0, "2017-06-30": 0, "2017-03-31": "", "2016-12-31": 0, "2016-09-30": 0, "2016-06-30": 0, "2016-03-31": "", "2015-12-31": 0, "2015-09-30": 0, "2015-06-30": 0, "2015-03-31": "", "2014-12-31": 0, "2014-09-30": 0, "2014-06-30": 0, "2014-03-31": "", "2013-12-31": 0, "2013-09-30": 0, "2013-06-30": 0, "2013-03-31": "", "2012-12-31": 0, "2012-09-30": 0.086, "2012-06-30": -0.225, "2012-03-31": "0.13900", "2011-12-31": 0.112, "2011-09-30": -0.449, "2011-06-30": -0.311, "2011-03-31": "0.64800", "2010-12-31": -3.095, "2010-09-30": 0.575, "2010-06-30": 1.529, "2010-03-31": "0.60000", "2009-12-31": 1.869, "2009-09-30": -0.87, "2009-06-30": 0.853, "2009-03-31": "1.04700", "2008-12-31": -1.999, "2008-09-30": -2.175, "2008-06-30": -1.769, "2008-03-31": "0.87700", "2007-12-31": 2.196, "2007-09-30": 3.417, "2007-06-30": 0.765, "2007-03-31": "-1.61200", "2006-12-31": 2.446, "2006-09-30": 0.585, "2006-06-30": -6.312, "2006-03-31": "-4.77800", "2005-12-31": -0.382, "2005-09-30": -1.418, "2005-06-30": 0.02, "2005-03-31": "-6.76800"}, "Change In Accounts Payable": {"2020-09-30": 6.111, "2020-06-30": 18.014, "2020-03-31": "-2.09600", "2019-12-31": -20.193, "2019-09-30": 9.809, "2019-06-30": 5.56, "2019-03-31": "20.40200", "2018-12-31": -10.44, "2018-09-30": 10.781, "2018-06-30": 4.747, "2018-03-31": "4.52700", "2017-12-31": -4.735, "2017-09-30": -6.066, "2017-06-30": 5.842, "2017-03-31": "0.22400", "2016-12-31": -5.07, "2016-09-30": 12.939, "2016-06-30": -3.756, "2016-03-31": "6.20900", "2015-12-31": -20.676, "2015-09-30": 7.833, "2015-06-30": 9.76, "2015-03-31": "8.71500", "2014-12-31": -20.718, "2014-09-30": 15.436, "2014-06-30": 0, "2014-03-31": "", "2013-12-31": 0.083, "2013-09-30": 0, "2013-06-30": 0, "2013-03-31": "", "2012-12-31": 0, "2012-09-30": 0, "2012-06-30": 0, "2012-03-31": "", "2011-12-31": 0, "2011-09-30": 0, "2011-06-30": 0, "2011-03-31": "", "2010-12-31": 0, "2010-09-30": 0, "2010-06-30": 0, "2010-03-31": "", "2009-12-31": 0, "2009-09-30": 0, "2009-06-30": 0, "2009-03-31": "", "2008-12-31": 0, "2008-09-30": 0, "2008-06-30": 0, "2008-03-31": "", "2007-12-31": 0, "2007-09-30": 0, "2007-06-30": 0, "2007-03-31": "", "2006-12-31": 0, "2006-09-30": 0, "2006-06-30": 0, "2006-03-31": "", "2005-12-31": -12.482, "2005-09-30": 3.299, "2005-06-30": 6.981, "2005-03-31": "2.20200"}, "Change In Assets/Liabilities": {"2020-09-30": 14.305, "2020-06-30": 0.53, "2020-03-31": "18.28900", "2019-12-31": 16.117, "2019-09-30": -7.784, "2019-06-30": 22.354, "2019-03-31": "-0.12000", "2018-12-31": 13.064, "2018-09-30": -8.78, "2018-06-30": 18.73, "2018-03-31": "16.37800", "2017-12-31": 15.044, "2017-09-30": -3.28, "2017-06-30": 16.243, "2017-03-31": "13.56300", "2016-12-31": 18.474, "2016-09-30": -4.832, "2016-06-30": 17.492, "2016-03-31": "12.95900", "2015-12-31": 15.221, "2015-09-30": -3.748, "2015-06-30": 23.468, "2015-03-31": "22.85100", "2014-12-31": 14.529, "2014-09-30": -3.023, "2014-06-30": 5.856, "2014-03-31": "13.20200", "2013-12-31": 16.24, "2013-09-30": -4.929, "2013-06-30": -0.688, "2013-03-31": "9.67100", "2012-12-31": 9.689, "2012-09-30": -5.321, "2012-06-30": 3.198, "2012-03-31": "7.62600", "2011-12-31": 18.745, "2011-09-30": -25.043, "2011-06-30": -0.273, "2011-03-31": "8.70700", "2010-12-31": 14.037, "2010-09-30": -3.146, "2010-06-30": 5.819, "2010-03-31": "8.67500", "2009-12-31": 19.915, "2009-09-30": 0.276, "2009-06-30": -9.644, "2009-03-31": "10.94800", "2008-12-31": 10.912, "2008-09-30": -4.49, "2008-06-30": -3.887, "2008-03-31": "0.60000", "2007-12-31": 0.428, "2007-09-30": 2.827, "2007-06-30": -7.916, "2007-03-31": "5.83800", "2006-12-31": 6.589, "2006-09-30": -1.257, "2006-06-30": -2.826, "2006-03-31": "1.92100", "2005-12-31": 10.06, "2005-09-30": -0.599, "2005-06-30": -2.042, "2005-03-31": "-3.21900"}, "Total Change In Assets/Liabilities": {"2020-09-30": 20.416, "2020-06-30": 18.544, "2020-03-31": "16.19300", "2019-12-31": -4.076, "2019-09-30": 2.025, "2019-06-30": 27.914, "2019-03-31": "20.28200", "2018-12-31": 2.624, "2018-09-30": 2.001, "2018-06-30": 23.477, "2018-03-31": "20.90500", "2017-12-31": -6.391, "2017-09-30": 7.354, "2017-06-30": 22.138, "2017-03-31": "13.73400", "2016-12-31": 13.208, "2016-09-30": 7.559, "2016-06-30": 13.736, "2016-03-31": "19.16800", "2015-12-31": -4.544, "2015-09-30": 3.711, "2015-06-30": 33.733, "2015-03-31": "31.06100", "2014-12-31": -5.869, "2014-09-30": 1.395, "2014-06-30": 10.283, "2014-03-31": "19.57400", "2013-12-31": 1.414, "2013-09-30": 1.057, "2013-06-30": 5.988, "2013-03-31": "12.14800", "2012-12-31": -3.521, "2012-09-30": 3.928, "2012-06-30": 4.865, "2012-03-31": "10.12200", "2011-12-31": 7.342, "2011-09-30": -11.62, "2011-06-30": 4.699, "2011-03-31": "12.02000", "2010-12-31": -5.373, "2010-09-30": -3.342, "2010-06-30": 17.186, "2010-03-31": "11.35100", "2009-12-31": 2.339, "2009-09-30": 3.725, "2009-06-30": 1.796, "2009-03-31": "13.68400", "2008-12-31": -6.802, "2008-09-30": -2.003, "2008-06-30": 7.446, "2008-03-31": "1.34500", "2007-12-31": 2.657, "2007-09-30": -0.655, "2007-06-30": 0.142, "2007-03-31": "4.15000", "2006-12-31": -1.911, "2006-09-30": 4.369, "2006-06-30": -4.617, "2006-03-31": "0.27400", "2005-12-31": 1.651, "2005-09-30": 1.83, "2005-06-30": 4.928, "2005-03-31": "-7.96200"}, "Cash Flow From Operating Activities": {"2020-09-30": 122.123, "2020-06-30": 107.853, "2020-03-31": "130.89200", "2019-12-31": 94.172, "2019-09-30": 104.663, "2019-06-30": 116.587, "2019-03-31": "128.09800", "2018-12-31": 89.322, "2018-09-30": 94.797, "2018-06-30": 108.264, "2018-03-31": "121.70100", "2017-12-31": 74.665, "2017-09-30": 90.34, "2017-06-30": 99.154, "2017-03-31": "113.82800", "2016-12-31": 77.78, "2016-09-30": 87.775, "2016-06-30": 85.041, "2016-03-31": "101.76600", "2015-12-31": 65.663, "2015-09-30": 77.273, "2015-06-30": 100.731, "2015-03-31": "109.21500", "2014-12-31": 57.403, "2014-09-30": 66.931, "2014-06-30": 68.182, "2014-03-31": "93.22900", "2013-12-31": 57.613, "2013-09-30": 59.664, "2013-06-30": 59.096, "2013-03-31": "78.97600", "2012-12-31": 47.561, "2012-09-30": 59.858, "2012-06-30": 56.569, "2012-03-31": "72.45700", "2011-12-31": 55.35, "2011-09-30": 25.022, "2011-06-30": 37.351, "2011-03-31": "57.91800", "2010-12-31": 28.65, "2010-09-30": 35.18, "2010-06-30": 47.663, "2010-03-31": "51.81600", "2009-12-31": 32.781, "2009-09-30": 34.748, "2009-06-30": 28.138, "2009-03-31": "54.85800", "2008-12-31": 16.611, "2008-09-30": 22.435, "2008-06-30": 34.968, "2008-03-31": "40.04000", "2007-12-31": 30.964, "2007-09-30": 25.486, "2007-06-30": 24.329, "2007-03-31": "42.01200", "2006-12-31": 21.808, "2006-09-30": 27.929, "2006-06-30": 17.174, "2006-03-31": "32.54600", "2005-12-31": 22.873, "2005-09-30": 21.126, "2005-06-30": 25.247, "2005-03-31": "21.08000"}, "Net Change In Property, Plant, And Equipment": {"2020-09-30": -56.729, "2020-06-30": -56.892, "2020-03-31": "-50.31100", "2019-12-31": -77.32, "2019-09-30": -206.177, "2019-06-30": -94.454, "2019-03-31": "12.29300", "2018-12-31": -155.49, "2018-09-30": -125.574, "2018-06-30": -104.737, "2018-03-31": "-29.92900", "2017-12-31": -172.562, "2017-09-30": -34.523, "2017-06-30": -31.163, "2017-03-31": "-24.35400", "2016-12-31": -52.162, "2016-09-30": -33.609, "2016-06-30": -102.028, "2016-03-31": "-29.88200", "2015-12-31": -25.961, "2015-09-30": -67.838, "2015-06-30": 4.768, "2015-03-31": "-28.45500", "2014-12-31": 14.899, "2014-09-30": -23.428, "2014-06-30": -26.534, "2014-03-31": "-44.22600", "2013-12-31": -17.491, "2013-09-30": 28.895, "2013-06-30": -18.813, "2013-03-31": "-17.03700", "2012-12-31": -38.745, "2012-09-30": -22.604, "2012-06-30": -16.423, "2012-03-31": "-14.13700", "2011-12-31": -199.394, "2011-09-30": -188.997, "2011-06-30": -313.539, "2011-03-31": "-10.93900", "2010-12-31": -16.464, "2010-09-30": -11.761, "2010-06-30": -12.616, "2010-03-31": "-7.78800", "2009-12-31": 0.025, "2009-09-30": -2.11, "2009-06-30": 2.192, "2009-03-31": "-5.04800", "2008-12-31": -25.593, "2008-09-30": 1.767, "2008-06-30": 0, "2008-03-31": "-3.98400", "2007-12-31": -31.814, "2007-09-30": 15.135, "2007-06-30": -13.731, "2007-03-31": "-0.48700", "2006-12-31": -32.373, "2006-09-30": 1.173, "2006-06-30": -29.283, "2006-03-31": "-7.00500", "2005-12-31": -2.955, "2005-09-30": -42.14, "2005-06-30": -14.146, "2005-03-31": "-6.15900"}, "Net Change In Intangible Assets": {"2020-09-30": 0, "2020-06-30": 0, "2020-03-31": "", "2019-12-31": 0, "2019-09-30": 0, "2019-06-30": 0, "2019-03-31": "", "2018-12-31": 0, "2018-09-30": 0, "2018-06-30": 0, "2018-03-31": "", "2017-12-31": 0, "2017-09-30": 0, "2017-06-30": 0, "2017-03-31": "", "2016-12-31": 0, "2016-09-30": 0, "2016-06-30": 0, "2016-03-31": "", "2015-12-31": 0, "2015-09-30": 0, "2015-06-30": 0, "2015-03-31": "", "2014-12-31": 0, "2014-09-30": 0, "2014-06-30": 0, "2014-03-31": "", "2013-12-31": 0, "2013-09-30": 0, "2013-06-30": 0, "2013-03-31": "", "2012-12-31": 0, "2012-09-30": 0, "2012-06-30": 0, "2012-03-31": "", "2011-12-31": 0, "2011-09-30": 0, "2011-06-30": 0, "2011-03-31": "", "2010-12-31": 0, "2010-09-30": 0, "2010-06-30": 0, "2010-03-31": "", "2009-12-31": 0, "2009-09-30": 0, "2009-06-30": 0, "2009-03-31": "", "2008-12-31": 0, "2008-09-30": 0, "2008-06-30": 0, "2008-03-31": "", "2007-12-31": 0, "2007-09-30": 0, "2007-06-30": 0, "2007-03-31": "", "2006-12-31": 0, "2006-09-30": 0, "2006-06-30": 0, "2006-03-31": "", "2005-12-31": 0, "2005-09-30": 0, "2005-06-30": 0, "2005-03-31": ""}, "Net Acquisitions/Divestitures": {"2020-09-30": 0, "2020-06-30": 0, "2020-03-31": "", "2019-12-31": 0, "2019-09-30": 0, "2019-06-30": 0, "2019-03-31": "", "2018-12-31": 0, "2018-09-30": 0, "2018-06-30": 0, "2018-03-31": "", "2017-12-31": 0, "2017-09-30": 0, "2017-06-30": 0, "2017-03-31": "", "2016-12-31": 0, "2016-09-30": 0, "2016-06-30": 0, "2016-03-31": "", "2015-12-31": 0, "2015-09-30": 0, "2015-06-30": 0, "2015-03-31": "", "2014-12-31": 0, "2014-09-30": 0, "2014-06-30": 0, "2014-03-31": "", "2013-12-31": 0, "2013-09-30": 0, "2013-06-30": 0, "2013-03-31": "", "2012-12-31": 0, "2012-09-30": 0, "2012-06-30": 0, "2012-03-31": "", "2011-12-31": 0, "2011-09-30": 0, "2011-06-30": 0, "2011-03-31": "", "2010-12-31": 0, "2010-09-30": 0, "2010-06-30": 0, "2010-03-31": "", "2009-12-31": 0, "2009-09-30": 0, "2009-06-30": 0, "2009-03-31": "", "2008-12-31": 0, "2008-09-30": 0, "2008-06-30": 0, "2008-03-31": "", "2007-12-31": 9.093, "2007-09-30": -9.093, "2007-06-30": 0, "2007-03-31": "", "2006-12-31": 0, "2006-09-30": 0, "2006-06-30": 0, "2006-03-31": "", "2005-12-31": 0, "2005-09-30": 0, "2005-06-30": 0, "2005-03-31": ""}, "Net Change In Short-term Investments": {"2020-09-30": 0, "2020-06-30": 0, "2020-03-31": "", "2019-12-31": 0, "2019-09-30": 0, "2019-06-30": 0, "2019-03-31": "", "2018-12-31": 0, "2018-09-30": 0, "2018-06-30": 0, "2018-03-31": "", "2017-12-31": 0, "2017-09-30": 0, "2017-06-30": 0, "2017-03-31": "", "2016-12-31": 0, "2016-09-30": 0, "2016-06-30": 0, "2016-03-31": "", "2015-12-31": 0, "2015-09-30": 0, "2015-06-30": 0, "2015-03-31": "", "2014-12-31": -9.441, "2014-09-30": 0, "2014-06-30": 0, "2014-03-31": "", "2013-12-31": 0, "2013-09-30": 0, "2013-06-30": 0, "2013-03-31": "", "2012-12-31": 0, "2012-09-30": -6.592, "2012-06-30": 6.592, "2012-03-31": "", "2011-12-31": 0, "2011-09-30": 52.266, "2011-06-30": -2.997, "2011-03-31": "2.99700", "2010-12-31": -52.266, "2010-09-30": 0, "2010-06-30": 0, "2010-03-31": "0.00000", "2009-12-31": 0, "2009-09-30": 0, "2009-06-30": 0, "2009-03-31": "", "2008-12-31": 0, "2008-09-30": 0, "2008-06-30": 0, "2008-03-31": "", "2007-12-31": 11.091, "2007-09-30": 0, "2007-06-30": 0, "2007-03-31": "", "2006-12-31": -7.511, "2006-09-30": 0, "2006-06-30": 0, "2006-03-31": "", "2005-12-31": 1.306, "2005-09-30": 0, "2005-06-30": 0, "2005-03-31": ""}, "Net Change In Long-Term Investments": {"2020-09-30": -1.399, "2020-06-30": 1.249, "2020-03-31": "0.15000", "2019-12-31": 6.352, "2019-09-30": -6.152, "2019-06-30": 5.111, "2019-03-31": "0.05800", "2018-12-31": -0.355, "2018-09-30": -0.065, "2018-06-30": 0.11, "2018-03-31": "-3.79100", "2017-12-31": 0.923, "2017-09-30": -31.212, "2017-06-30": -2.267, "2017-03-31": "", "2016-12-31": -4.228, "2016-09-30": 4.094, "2016-06-30": 0, "2016-03-31": "-5.00000", "2015-12-31": -0.08, "2015-09-30": 0.08, "2015-06-30": 0, "2015-03-31": "-4.00000", "2014-12-31": 2.169, "2014-09-30": -0.709, "2014-06-30": 0.015, "2014-03-31": "-2.38400", "2013-12-31": -1.492, "2013-09-30": -0.029, "2013-06-30": -1.12, "2013-03-31": "", "2012-12-31": 0, "2012-09-30": 0, "2012-06-30": 0, "2012-03-31": "", "2011-12-31": 0, "2011-09-30": -52.266, "2011-06-30": 52.266, "2011-03-31": "", "2010-12-31": 0, "2010-09-30": 0, "2010-06-30": 0, "2010-03-31": "", "2009-12-31": 0, "2009-09-30": 0, "2009-06-30": 0, "2009-03-31": "", "2008-12-31": 0, "2008-09-30": -0.172, "2008-06-30": 0.259, "2008-03-31": "-5.10800", "2007-12-31": 11.781, "2007-09-30": -12.982, "2007-06-30": -0.938, "2007-03-31": "-1.36500", "2006-12-31": 7.833, "2006-09-30": -0.702, "2006-06-30": 0.782, "2006-03-31": "", "2005-12-31": -0.603, "2005-09-30": 0.569, "2005-06-30": -3.751, "2005-03-31": "1.63300"}, "Net Change In Investments - Total": {"2020-09-30": -1.399, "2020-06-30": 1.249, "2020-03-31": "0.15000", "2019-12-31": 6.352, "2019-09-30": -6.152, "2019-06-30": 5.111, "2019-03-31": "0.05800", "2018-12-31": -0.355, "2018-09-30": -0.065, "2018-06-30": 0.11, "2018-03-31": "-3.79100", "2017-12-31": 0.923, "2017-09-30": -31.212, "2017-06-30": -2.267, "2017-03-31": "", "2016-12-31": -4.228, "2016-09-30": 4.094, "2016-06-30": 0, "2016-03-31": "-5.00000", "2015-12-31": -0.08, "2015-09-30": 0.08, "2015-06-30": 0, "2015-03-31": "-4.00000", "2014-12-31": -7.272, "2014-09-30": -0.709, "2014-06-30": 0.015, "2014-03-31": "-2.38400", "2013-12-31": -1.492, "2013-09-30": -0.029, "2013-06-30": -1.12, "2013-03-31": "", "2012-12-31": 0, "2012-09-30": -6.592, "2012-06-30": 6.592, "2012-03-31": "", "2011-12-31": 0, "2011-09-30": 0, "2011-06-30": 49.269, "2011-03-31": "2.99700", "2010-12-31": -52.266, "2010-09-30": 0, "2010-06-30": 0, "2010-03-31": "", "2009-12-31": 0, "2009-09-30": 0, "2009-06-30": 0, "2009-03-31": "", "2008-12-31": 0, "2008-09-30": -0.172, "2008-06-30": 0.259, "2008-03-31": "-5.10800", "2007-12-31": 22.872, "2007-09-30": -12.982, "2007-06-30": -0.938, "2007-03-31": "-1.36500", "2006-12-31": 0.322, "2006-09-30": -0.702, "2006-06-30": 0.782, "2006-03-31": "", "2005-12-31": 0.703, "2005-09-30": 0.569, "2005-06-30": -3.751, "2005-03-31": "1.63300"}, "Investing Activities - Other": {"2020-09-30": 2.403, "2020-06-30": 0, "2020-03-31": "", "2019-12-31": -4.223, "2019-09-30": 11.312, "2019-06-30": 0.35, "2019-03-31": "0.76100", "2018-12-31": 1.329, "2018-09-30": 4.279, "2018-06-30": 33.386, "2018-03-31": "-17.22800", "2017-12-31": 2.27, "2017-09-30": 0.055, "2017-06-30": -13.229, "2017-03-31": "0.70700", "2016-12-31": 3.861, "2016-09-30": -0.468, "2016-06-30": -0.018, "2016-03-31": "0.83800", "2015-12-31": 0.594, "2015-09-30": 41.113, "2015-06-30": -41.804, "2015-03-31": "0.87600", "2014-12-31": -54.08, "2014-09-30": -0.029, "2014-06-30": 10.417, "2014-03-31": "5.44600", "2013-12-31": 1.51, "2013-09-30": -14.34, "2013-06-30": 0.224, "2013-03-31": "1.83900", "2012-12-31": 1.014, "2012-09-30": 7.241, "2012-06-30": -5.475, "2012-03-31": "2.56400", "2011-12-31": 32.143, "2011-09-30": -70.556, "2011-06-30": -3.698, "2011-03-31": "0.86600", "2010-12-31": -0.022, "2010-09-30": 0.44, "2010-06-30": 0.277, "2010-03-31": "1.26700", "2009-12-31": -10.499, "2009-09-30": -6.027, "2009-06-30": -8.492, "2009-03-31": "-4.93300", "2008-12-31": 18.514, "2008-09-30": -10.002, "2008-06-30": -6.732, "2008-03-31": "-2.14500", "2007-12-31": -6.617, "2007-09-30": -1.899, "2007-06-30": 2.915, "2007-03-31": "3.30700", "2006-12-31": 7.435, "2006-09-30": 3.737, "2006-06-30": -11.654, "2006-03-31": "0.48200", "2005-12-31": -1.35, "2005-09-30": 0.435, "2005-06-30": 0.827, "2005-03-31": "0.08800"}, "Cash Flow From Investing Activities": {"2020-09-30": -55.725, "2020-06-30": -55.643, "2020-03-31": "-50.16100", "2019-12-31": -75.191, "2019-09-30": -201.017, "2019-06-30": -88.993, "2019-03-31": "13.11200", "2018-12-31": -154.516, "2018-09-30": -121.36, "2018-06-30": -71.241, "2018-03-31": "-50.94800", "2017-12-31": -169.369, "2017-09-30": -65.68, "2017-06-30": -46.659, "2017-03-31": "-23.64700", "2016-12-31": -52.529, "2016-09-30": -29.983, "2016-06-30": -102.046, "2016-03-31": "-34.04400", "2015-12-31": -25.447, "2015-09-30": -26.645, "2015-06-30": -37.036, "2015-03-31": "-31.57900", "2014-12-31": -46.453, "2014-09-30": -24.166, "2014-06-30": -16.102, "2014-03-31": "-41.16400", "2013-12-31": -17.473, "2013-09-30": 14.526, "2013-06-30": -19.709, "2013-03-31": "-15.19800", "2012-12-31": -37.731, "2012-09-30": -21.955, "2012-06-30": -15.306, "2012-03-31": "-11.57300", "2011-12-31": -167.251, "2011-09-30": -259.553, "2011-06-30": -267.968, "2011-03-31": "-7.07600", "2010-12-31": -68.752, "2010-09-30": -11.321, "2010-06-30": -12.339, "2010-03-31": "-6.52100", "2009-12-31": -10.474, "2009-09-30": -8.137, "2009-06-30": -6.3, "2009-03-31": "-9.98100", "2008-12-31": -7.079, "2008-09-30": -8.407, "2008-06-30": -6.473, "2008-03-31": "-11.23700", "2007-12-31": -6.466, "2007-09-30": -8.839, "2007-06-30": -11.754, "2007-03-31": "1.45500", "2006-12-31": -24.616, "2006-09-30": 4.208, "2006-06-30": -40.155, "2006-03-31": "-6.52300", "2005-12-31": -3.602, "2005-09-30": -41.136, "2005-06-30": -17.07, "2005-03-31": "-4.43800"}, "Net Long-Term Debt": {"2020-09-30": 6.93, "2020-06-30": -13.521, "2020-03-31": "213.59400", "2019-12-31": -13.661, "2019-09-30": -13.385, "2019-06-30": -80.299, "2019-03-31": "-13.68300", "2018-12-31": 148.733, "2018-09-30": -12.344, "2018-06-30": -12.177, "2018-03-31": "52.22700", "2017-12-31": -5.769, "2017-09-30": 128.245, "2017-06-30": -10.75, "2017-03-31": "-31.88700", "2016-12-31": 0.125, "2016-09-30": -22.242, "2016-06-30": -13.029, "2016-03-31": "-19.53500", "2015-12-31": -9.647, "2015-09-30": -9.382, "2015-06-30": -44.33, "2015-03-31": "2.37400", "2014-12-31": -12.462, "2014-09-30": 22.988, "2014-06-30": 9.618, "2014-03-31": "-29.18400", "2013-12-31": -6.075, "2013-09-30": -132.992, "2013-06-30": 81.001, "2013-03-31": "-16.92600", "2012-12-31": -12.846, "2012-09-30": -2.409, "2012-06-30": 14.726, "2012-03-31": "-7.52300", "2011-12-31": -6.896, "2011-09-30": 387.519, "2011-06-30": -50.53, "2011-03-31": "-5.75100", "2010-12-31": -12.389, "2010-09-30": -79.657, "2010-06-30": -41.429, "2010-03-31": "-1.56600", "2009-12-31": -21.401, "2009-09-30": -31.884, "2009-06-30": 1.607, "2009-03-31": "28.70700", "2008-12-31": 17.361, "2008-09-30": -16.535, "2008-06-30": 10.62, "2008-03-31": "-4.84100", "2007-12-31": -18.392, "2007-09-30": -4.643, "2007-06-30": -5.916, "2007-03-31": "-6.38400", "2006-12-31": -4.516, "2006-09-30": 4.436, "2006-06-30": 1.439, "2006-03-31": "-3.86300", "2005-12-31": 9.538, "2005-09-30": -3.985, "2005-06-30": -3.729, "2005-03-31": "-10.25300"}, "Net Current Debt": {"2020-09-30": 0, "2020-06-30": 50, "2020-03-31": "-160.00000", "2019-12-31": 40, "2019-09-30": 120, "2019-06-30": 0, "2019-03-31": "", "2018-12-31": -80, "2018-09-30": 80, "2018-06-30": 0, "2018-03-31": "-30.00000", "2017-12-31": 30, "2017-09-30": 0, "2017-06-30": 0, "2017-03-31": "", "2016-12-31": 0, "2016-09-30": 0, "2016-06-30": 0, "2016-03-31": "", "2015-12-31": 0, "2015-09-30": 0, "2015-06-30": 0, "2015-03-31": "", "2014-12-31": 0, "2014-09-30": 0, "2014-06-30": 0, "2014-03-31": "", "2013-12-31": 0, "2013-09-30": 0, "2013-06-30": 0, "2013-03-31": "", "2012-12-31": 0, "2012-09-30": 0, "2012-06-30": 0, "2012-03-31": "", "2011-12-31": 0, "2011-09-30": 0, "2011-06-30": 0, "2011-03-31": "", "2010-12-31": 0, "2010-09-30": 0, "2010-06-30": 0, "2010-03-31": "", "2009-12-31": 0, "2009-09-30": 0, "2009-06-30": -1.3, "2009-03-31": "-91.70000", "2008-12-31": -22.7, "2008-09-30": 54.2, "2008-06-30": -20.6, "2008-03-31": "-20.90000", "2007-12-31": 5.1, "2007-09-30": -0.7, "2007-06-30": 2.2, "2007-03-31": "-34.80000", "2006-12-31": 16, "2006-09-30": -32.8, "2006-06-30": 29.4, "2006-03-31": "-19.10000", "2005-12-31": -30.5, "2005-09-30": 30, "2005-06-30": -50.85, "2005-03-31": "-26.75000"}, "Debt Issuance/Retirement Net - Total": {"2020-09-30": 6.93, "2020-06-30": 36.479, "2020-03-31": "53.59400", "2019-12-31": 26.339, "2019-09-30": 106.615, "2019-06-30": -80.299, "2019-03-31": "-13.68300", "2018-12-31": 68.733, "2018-09-30": 67.656, "2018-06-30": -12.177, "2018-03-31": "22.22700", "2017-12-31": 24.231, "2017-09-30": 128.245, "2017-06-30": -10.75, "2017-03-31": "-31.88700", "2016-12-31": 0.125, "2016-09-30": -22.242, "2016-06-30": -13.029, "2016-03-31": "-19.53500", "2015-12-31": -9.647, "2015-09-30": -9.382, "2015-06-30": -44.33, "2015-03-31": "2.37400", "2014-12-31": -12.462, "2014-09-30": 22.988, "2014-06-30": 9.618, "2014-03-31": "-29.18400", "2013-12-31": -6.075, "2013-09-30": -132.992, "2013-06-30": 81.001, "2013-03-31": "-16.92600", "2012-12-31": -12.846, "2012-09-30": -2.409, "2012-06-30": 14.726, "2012-03-31": "-7.52300", "2011-12-31": -6.896, "2011-09-30": 387.519, "2011-06-30": -50.53, "2011-03-31": "-5.75100", "2010-12-31": -12.389, "2010-09-30": -79.657, "2010-06-30": -41.429, "2010-03-31": "-1.56600", "2009-12-31": -21.401, "2009-09-30": -31.884, "2009-06-30": 0.307, "2009-03-31": "-62.99300", "2008-12-31": -5.339, "2008-09-30": 37.665, "2008-06-30": -9.98, "2008-03-31": "-25.74100", "2007-12-31": -13.292, "2007-09-30": -5.343, "2007-06-30": -3.716, "2007-03-31": "-41.18400", "2006-12-31": 11.484, "2006-09-30": -28.364, "2006-06-30": 30.839, "2006-03-31": "-22.96300", "2005-12-31": -20.962, "2005-09-30": 26.015, "2005-06-30": -54.579, "2005-03-31": "-37.00300"}, "Net Common Equity Issued/Repurchased": {"2020-09-30": 0.528, "2020-06-30": 0.531, "2020-03-31": "0.61900", "2019-12-31": 0.548, "2019-09-30": 60.016, "2019-06-30": 0.585, "2019-03-31": "0.65200", "2018-12-31": 4.203, "2018-09-30": 79.519, "2018-06-30": 0.343, "2018-03-31": "0.50300", "2017-12-31": 83.957, "2017-09-30": 42.888, "2017-06-30": 0.361, "2017-03-31": "0.40300", "2016-12-31": 6.397, "2016-09-30": 0.6, "2016-06-30": 50.008, "2016-03-31": "5.32300", "2015-12-31": 0.212, "2015-09-30": 0.373, "2015-06-30": 0.183, "2015-03-31": "4.06900", "2014-12-31": 0.43, "2014-09-30": 0.4, "2014-06-30": 0.185, "2014-03-31": "0.31100", "2013-12-31": 2.801, "2013-09-30": -3.532, "2013-06-30": 0.161, "2013-03-31": "0.41700", "2012-12-31": 51.544, "2012-09-30": -45.09, "2012-06-30": -3.06, "2012-03-31": "0.25100", "2011-12-31": -5.245, "2011-09-30": 2.277, "2011-06-30": 344.436, "2011-03-31": "0.07000", "2010-12-31": -6.881, "2010-09-30": 0.337, "2010-06-30": 1.104, "2010-03-31": "-0.05200", "2009-12-31": -0.962, "2009-09-30": 3.337, "2009-06-30": 147.249, "2009-03-31": "0.24100", "2008-12-31": -0.049, "2008-09-30": 1.143, "2008-06-30": 0.705, "2008-03-31": "2.30900", "2007-12-31": -0.536, "2007-09-30": 0.495, "2007-06-30": 0.442, "2007-03-31": "2.45000", "2006-12-31": -0.629, "2006-09-30": 1.949, "2006-06-30": 0.367, "2006-03-31": "1.20500", "2005-12-31": 1.006, "2005-09-30": 0.806, "2005-06-30": 0.19, "2005-03-31": "1.20800"}, "Net Total Equity Issued/Repurchased": {"2020-09-30": 0.528, "2020-06-30": 0.531, "2020-03-31": "0.61900", "2019-12-31": 0.548, "2019-09-30": 60.016, "2019-06-30": 0.585, "2019-03-31": "0.65200", "2018-12-31": 4.203, "2018-09-30": 79.519, "2018-06-30": 0.343, "2018-03-31": "0.50300", "2017-12-31": 83.787, "2017-09-30": -88.643, "2017-06-30": -4.252, "2017-03-31": "0.40300", "2016-12-31": 6.397, "2016-09-30": 0.6, "2016-06-30": 50.008, "2016-03-31": "5.32300", "2015-12-31": 0.212, "2015-09-30": 0.373, "2015-06-30": 0.183, "2015-03-31": "4.06900", "2014-12-31": 0.43, "2014-09-30": 0.4, "2014-06-30": 0.185, "2014-03-31": "0.31100", "2013-12-31": 9.752, "2013-09-30": -10.483, "2013-06-30": 0.161, "2013-03-31": "0.41700", "2012-12-31": -12.312, "2012-09-30": -45.09, "2012-06-30": -3.06, "2012-03-31": "0.25100", "2011-12-31": -8.046, "2011-09-30": 2.277, "2011-06-30": 344.436, "2011-03-31": "0.07000", "2010-12-31": -23.021, "2010-09-30": 0.337, "2010-06-30": 1.104, "2010-03-31": "-0.05200", "2009-12-31": -0.962, "2009-09-30": 3.337, "2009-06-30": 147.249, "2009-03-31": "0.24100", "2008-12-31": -0.049, "2008-09-30": 1.143, "2008-06-30": 0.705, "2008-03-31": "2.30900", "2007-12-31": -0.536, "2007-09-30": 0.495, "2007-06-30": 0.442, "2007-03-31": "2.45000", "2006-12-31": -0.629, "2006-09-30": 1.949, "2006-06-30": 0.367, "2006-03-31": "1.20500", "2005-12-31": 1.006, "2005-09-30": 0.806, "2005-06-30": 50.19, "2005-03-31": "26.20800"}, "Total Common And Preferred Stock Dividends Paid": {"2020-09-30": -65.974, "2020-06-30": -65.986, "2020-03-31": "-58.97800", "2019-12-31": -58.983, "2019-09-30": -58.972, "2019-06-30": -58.645, "2019-03-31": "-52.61800", "2018-12-31": -52.53, "2018-09-30": -52.043, "2018-06-30": -52.019, "2018-03-31": "-46.04600", "2017-12-31": -45.519, "2017-09-30": -52.169, "2017-06-30": -42.933, "2017-03-31": "-41.70800", "2016-12-31": -41.63, "2016-09-30": -41.597, "2016-06-30": -41.332, "2016-03-31": "-36.61200", "2015-12-31": -36.63, "2015-09-30": -36.611, "2015-06-30": -36.612, "2015-03-31": "-31.92000", "2014-12-31": -31.945, "2014-09-30": -31.926, "2014-06-30": -31.809, "2014-03-31": "-25.06300", "2013-12-31": -35.762, "2013-09-30": -16.652, "2013-06-30": -22.749, "2013-03-31": "-2.31100", "2012-12-31": -94.322, "2012-09-30": 24.873, "2012-06-30": -20.424, "2012-03-31": "-20.92500", "2011-12-31": -11.646, "2011-09-30": -19.622, "2011-06-30": -17.355, "2011-03-31": "-14.68300", "2010-12-31": 7.096, "2010-09-30": -14.654, "2010-06-30": -14.65, "2010-03-31": "-14.63200", "2009-12-31": -14.635, "2009-09-30": -11.699, "2009-06-30": -11.653, "2009-03-31": "-10.12200", "2008-12-31": -10.18, "2008-09-30": -10.096, "2008-06-30": -10.088, "2008-03-31": "-8.55700", "2007-12-31": -8.588, "2007-09-30": -8.554, "2007-06-30": -8.537, "2007-03-31": "-6.33400", "2006-12-31": -6.277, "2006-09-30": -6.278, "2006-06-30": -6.247, "2006-03-31": "-4.77300", "2005-12-31": -4.519, "2005-09-30": -5.078, "2005-06-30": -3.786, "2005-03-31": "-3.24900"}, "Financial Activities - Other": {"2020-09-30": -13.657, "2020-06-30": -0.162, "2020-03-31": "-7.90500", "2019-12-31": -0.411, "2019-09-30": -59.376, "2019-06-30": 57, "2019-03-31": "-0.31300", "2018-12-31": -7.734, "2018-09-30": -1.288, "2018-06-30": -0.321, "2018-03-31": "-1.70200", "2017-12-31": -15.014, "2017-09-30": -2.438, "2017-06-30": -0.068, "2017-03-31": "-0.08100", "2016-12-31": -3.381, "2016-09-30": -0.612, "2016-06-30": -0.878, "2016-03-31": "-0.04900", "2015-12-31": -3.288, "2015-09-30": -0.558, "2015-06-30": -0.694, "2015-03-31": "-23.17000", "2014-12-31": -2.403, "2014-09-30": -9.894, "2014-06-30": -1.69, "2014-03-31": "-0.12900", "2013-12-31": -1.154, "2013-09-30": -40.432, "2013-06-30": -1.712, "2013-03-31": "-0.27700", "2012-12-31": -1.093, "2012-09-30": -2.375, "2012-06-30": -0.51, "2012-03-31": "-0.17500", "2011-12-31": -3.847, "2011-09-30": -8.191, "2011-06-30": -3.727, "2011-03-31": "", "2010-12-31": -0.344, "2010-09-30": -0.271, "2010-06-30": -0.851, "2010-03-31": "-1.86600", "2009-12-31": -0.359, "2009-09-30": -0.338, "2009-06-30": -0.269, "2009-03-31": "-0.63600", "2008-12-31": -1.397, "2008-09-30": -1.18, "2008-06-30": -0.514, "2008-03-31": "-0.03200", "2007-12-31": 0, "2007-09-30": -0.238, "2007-06-30": -0.068, "2007-03-31": "-0.00400", "2006-12-31": -0.165, "2006-09-30": -0.389, "2006-06-30": -1.057, "2006-03-31": "-0.07800", "2005-12-31": -3.342, "2005-09-30": 0.007, "2005-06-30": -0.43, "2005-03-31": "-0.05900"}, "Cash Flow From Financial Activities": {"2020-09-30": -72.173, "2020-06-30": -29.138, "2020-03-31": "-12.67000", "2019-12-31": -32.507, "2019-09-30": 48.283, "2019-06-30": -81.359, "2019-03-31": "-65.96200", "2018-12-31": 12.672, "2018-09-30": 93.844, "2018-06-30": -64.174, "2018-03-31": "-25.01800", "2017-12-31": 47.485, "2017-09-30": -15.005, "2017-06-30": -58.003, "2017-03-31": "-73.27300", "2016-12-31": -38.489, "2016-09-30": -63.851, "2016-06-30": -5.231, "2016-03-31": "-50.87300", "2015-12-31": -49.353, "2015-09-30": -46.178, "2015-06-30": -81.453, "2015-03-31": "-48.64700", "2014-12-31": -46.38, "2014-09-30": -18.432, "2014-06-30": -23.696, "2014-03-31": "-54.06500", "2013-12-31": -33.239, "2013-09-30": -200.559, "2013-06-30": 56.701, "2013-03-31": "-19.09700", "2012-12-31": -120.573, "2012-09-30": -25.001, "2012-06-30": -9.268, "2012-03-31": "-28.37200", "2011-12-31": -30.435, "2011-09-30": 361.983, "2011-06-30": 272.824, "2011-03-31": "-20.36400", "2010-12-31": -28.658, "2010-09-30": -94.245, "2010-06-30": -55.826, "2010-03-31": "-18.11600", "2009-12-31": -37.357, "2009-09-30": -40.584, "2009-06-30": 135.634, "2009-03-31": "-73.51000", "2008-12-31": -16.965, "2008-09-30": 27.532, "2008-06-30": -19.877, "2008-03-31": "-32.02100", "2007-12-31": -22.416, "2007-09-30": -13.64, "2007-06-30": -11.879, "2007-03-31": "-45.07200", "2006-12-31": 4.413, "2006-09-30": -33.082, "2006-06-30": 23.902, "2006-03-31": "-26.60900", "2005-12-31": -27.817, "2005-09-30": 21.75, "2005-06-30": -8.605, "2005-03-31": "-14.10300"}, "Net Cash Flow": {"2020-09-30": -5.775, "2020-06-30": 23.072, "2020-03-31": "68.06100", "2019-12-31": -13.526, "2019-09-30": -48.071, "2019-06-30": -53.765, "2019-03-31": "75.24800", "2018-12-31": -52.522, "2018-09-30": 67.281, "2018-06-30": -27.151, "2018-03-31": "45.73500", "2017-12-31": -47.219, "2017-09-30": 9.655, "2017-06-30": -5.508, "2017-03-31": "16.90800", "2016-12-31": -13.238, "2016-09-30": -6.059, "2016-06-30": -22.236, "2016-03-31": "16.84900", "2015-12-31": -9.137, "2015-09-30": 4.45, "2015-06-30": -17.758, "2015-03-31": "28.98900", "2014-12-31": -35.43, "2014-09-30": 24.333, "2014-06-30": 28.384, "2014-03-31": "-2.00000", "2013-12-31": 6.901, "2013-09-30": -126.369, "2013-06-30": 96.088, "2013-03-31": "44.68100", "2012-12-31": -110.743, "2012-09-30": 12.902, "2012-06-30": 31.995, "2012-03-31": "32.51200", "2011-12-31": -142.336, "2011-09-30": 127.452, "2011-06-30": 42.207, "2011-03-31": "30.47800", "2010-12-31": -68.76, "2010-09-30": -70.386, "2010-06-30": -20.502, "2010-03-31": "27.17900", "2009-12-31": -15.05, "2009-09-30": -13.973, "2009-06-30": 157.472, "2009-03-31": "-28.63300", "2008-12-31": -7.433, "2008-09-30": 41.56, "2008-06-30": 8.618, "2008-03-31": "-3.21800", "2007-12-31": 2.082, "2007-09-30": 3.007, "2007-06-30": 0.696, "2007-03-31": "-1.60500", "2006-12-31": 1.605, "2006-09-30": -0.945, "2006-06-30": 0.921, "2006-03-31": "-0.58600", "2005-12-31": -8.546, "2005-09-30": 1.74, "2005-06-30": -0.428, "2005-03-31": "2.53900"}, "Stock-Based Compensation": {"2020-09-30": 7.028, "2020-06-30": -0.333, "2020-03-31": "2.96400", "2019-12-31": 3.085, "2019-09-30": 6.294, "2019-06-30": -4.161, "2019-03-31": "2.42000", "2018-12-31": 3.065, "2018-09-30": 3.104, "2018-06-30": 3.202, "2018-03-31": "1.80000", "2017-12-31": 2.875, "2017-09-30": 2.893, "2017-06-30": 2.839, "2017-03-31": "2.09200", "2016-12-31": 2.846, "2016-09-30": -0.987, "2016-06-30": 6.793, "2016-03-31": "-2.40000", "2015-12-31": 8.6, "2015-09-30": 0.955, "2015-06-30": -0.36, "2015-03-31": "0.36000", "2014-12-31": 0.475, "2014-09-30": 1.425, "2014-06-30": -0.475, "2014-03-31": "0.47500", "2013-12-31": 0.476, "2013-09-30": 0.475, "2013-06-30": 0.475, "2013-03-31": "0.48100", "2012-12-31": 0.14, "2012-09-30": 0.252, "2012-06-30": 0.118, "2012-03-31": "0.27200", "2011-12-31": 0.997, "2011-09-30": 0.272, "2011-06-30": 0.272, "2011-03-31": "0.27200", "2010-12-31": 0.272, "2010-09-30": 0.272, "2010-06-30": 0.181, "2010-03-31": "0.00000", "2009-12-31": 1.053, "2009-09-30": 0, "2009-06-30": 0, "2009-03-31": "", "2008-12-31": 1.098, "2008-09-30": 0, "2008-06-30": 0, "2008-03-31": "", "2007-12-31": 0.685, "2007-09-30": 0, "2007-06-30": 0, "2007-03-31": "", "2006-12-31": 0, "2006-09-30": 0, "2006-06-30": 0, "2006-03-31": "", "2005-12-31": 0, "2005-09-30": 0, "2005-06-30": 0, "2005-03-31": ""}, "Common Stock Dividends Paid": {"2020-09-30": -65.974, "2020-06-30": -65.978, "2020-03-31": "-58.97800", "2019-12-31": -58.975, "2019-09-30": -58.972, "2019-06-30": -58.637, "2019-03-31": "-52.61800", "2018-12-31": -52.522, "2018-09-30": -52.043, "2018-06-30": -52.011, "2018-03-31": "-46.04600", "2017-12-31": -45.501, "2017-09-30": -45.259, "2017-06-30": -45.23, "2017-03-31": "-39.41100", "2016-12-31": -39.314, "2016-09-30": -39.3, "2016-06-30": -39.016, "2016-03-31": "-34.31500", "2015-12-31": -34.314, "2015-09-30": -34.314, "2015-06-30": -34.296, "2015-03-31": "-29.62300", "2014-12-31": -29.62, "2014-09-30": -29.615, "2014-06-30": -29.481, "2014-03-31": "-22.75300", "2013-12-31": -26.482, "2013-09-30": -21.292, "2013-06-30": -20.42, "2013-03-31": "", "2012-12-31": -91.171, "2012-09-30": 28.266, "2012-06-30": -16.386, "2012-03-31": "-16.89400", "2011-12-31": 2.177, "2011-09-30": -19.622, "2011-06-30": -17.355, "2011-03-31": "-14.68300", "2010-12-31": 7.096, "2010-09-30": -14.654, "2010-06-30": -14.65, "2010-03-31": "-14.63200", "2009-12-31": -14.635, "2009-09-30": -11.699, "2009-06-30": -11.653, "2009-03-31": "-10.12200", "2008-12-31": -10.18, "2008-09-30": -10.096, "2008-06-30": -10.088, "2008-03-31": "-8.55700", "2007-12-31": -8.588, "2007-09-30": -8.554, "2007-06-30": -8.537, "2007-03-31": "-6.33400", "2006-12-31": -6.277, "2006-09-30": -6.278, "2006-06-30": -6.247, "2006-03-31": "-4.77300", "2005-12-31": -4.519, "2005-09-30": -5.078, "2005-06-30": -3.786, "2005-03-31": "-3.24900"}}, "financial ratios": {"Current Ratio": {"2019-12-31": "", "2018-12-31": "", "2017-12-31": "", "2016-12-31": "", "2015-12-31": "", "2014-12-31": "", "2013-12-31": "", "2012-12-31": "", "2011-12-31": "", "2010-12-31": "", "2009-12-31": "", "2008-12-31": "", "2007-12-31": "", "2006-12-31": "", "2005-12-31": ""}, "Long-term Debt / Capital": {"2019-12-31": "0.21360", "2018-12-31": "0.14270", "2017-12-31": "0.17190", "2016-12-31": "0.15560", "2015-12-31": "0.16710", "2014-12-31": "0.16960", "2013-12-31": "0.17190", "2012-12-31": "0.17790", "2011-12-31": "0.20010", "2010-12-31": "", "2009-12-31": "", "2008-12-31": "0.49150", "2007-12-31": "0.59220", "2006-12-31": "0.73580", "2005-12-31": "0.80900"}, "Debt/Equity Ratio": {"2019-12-31": "1.82200", "2018-12-31": "1.96790", "2017-12-31": "1.99990", "2016-12-31": "1.93310", "2015-12-31": "2.14170", "2014-12-31": "2.25960", "2013-12-31": "2.27610", "2012-12-31": "2.44680", "2011-12-31": "2.85840", "2010-12-31": "5.43100", "2009-12-31": "6.08390", "2008-12-31": "17.27460", "2007-12-31": "23.39120", "2006-12-31": "36.44490", "2005-12-31": "50.38380"}, "Gross Margin": {"2019-12-31": "", "2018-12-31": "", "2017-12-31": "", "2016-12-31": "", "2015-12-31": "", "2014-12-31": "", "2013-12-31": "", "2012-12-31": "", "2011-12-31": "", "2010-12-31": "", "2009-12-31": "", "2008-12-31": "", "2007-12-31": "", "2006-12-31": "", "2005-12-31": ""}, "Operating Margin": {"2019-12-31": "32.81490", "2018-12-31": "33.19410", "2017-12-31": "33.49870", "2016-12-31": "32.92110", "2015-12-31": "32.74700", "2014-12-31": "32.53540", "2013-12-31": "32.14400", "2012-12-31": "27.37050", "2011-12-31": "24.17610", "2010-12-31": "28.94880", "2009-12-31": "29.17410", "2008-12-31": "28.95750", "2007-12-31": "29.26900", "2006-12-31": "27.70080", "2005-12-31": "26.97730"}, "EBIT Margin": {"2019-12-31": "32.81490", "2018-12-31": "33.19410", "2017-12-31": "33.49870", "2016-12-31": "32.92110", "2015-12-31": "32.74700", "2014-12-31": "32.53540", "2013-12-31": "32.14400", "2012-12-31": "27.37050", "2011-12-31": "24.17610", "2010-12-31": "28.94880", "2009-12-31": "29.17410", "2008-12-31": "28.95750", "2007-12-31": "29.26900", "2006-12-31": "27.70080", "2005-12-31": "26.97730"}, "EBITDA Margin": {"2019-12-31": "47.94860", "2018-12-31": "47.38280", "2017-12-31": "47.14660", "2016-12-31": "46.98190", "2015-12-31": "47.03560", "2014-12-31": "48.37420", "2013-12-31": "48.17300", "2012-12-31": "50.09270", "2011-12-31": "45.48660", "2010-12-31": "45.29100", "2009-12-31": "45.10800", "2008-12-31": "45.39160", "2007-12-31": "46.36340", "2006-12-31": "43.93710", "2005-12-31": "43.08360"}, "Pre-Tax Profit Margin": {"2019-12-31": "27.68530", "2018-12-31": "22.44430", "2017-12-31": "22.32890", "2016-12-31": "21.19940", "2015-12-31": "17.82050", "2014-12-31": "17.04830", "2013-12-31": "10.59560", "2012-12-31": "9.31570", "2011-12-31": "7.27150", "2010-12-31": "11.32830", "2009-12-31": "9.63770", "2008-12-31": "7.50950", "2007-12-31": "10.50670", "2006-12-31": "8.05770", "2005-12-31": "0.20680"}, "Net Profit Margin": {"2019-12-31": "26.90980", "2018-12-31": "21.54720", "2017-12-31": "20.52320", "2016-12-31": "18.84540", "2015-12-31": "15.83940", "2014-12-31": "15.28450", "2013-12-31": "14.66560", "2012-12-31": "8.00510", "2011-12-31": "3.94710", "2010-12-31": "7.41430", "2009-12-31": "6.75750", "2008-12-31": "3.94810", "2007-12-31": "7.73200", "2006-12-31": "4.02920", "2005-12-31": "-0.60440"}, "Asset Turnover": {"2019-12-31": "0.24990", "2018-12-31": "0.25130", "2017-12-31": "0.25630", "2016-12-31": "0.25020", "2015-12-31": "0.24160", "2014-12-31": "0.22540", "2013-12-31": "0.21490", "2012-12-31": "0.20140", "2011-12-31": "0.16500", "2010-12-31": "0.25250", "2009-12-31": "0.23230", "2008-12-31": "0.22160", "2007-12-31": "0.20420", "2006-12-31": "0.20080", "2005-12-31": "0.19800"}, "Inventory Turnover Ratio": {"2019-12-31": "", "2018-12-31": "", "2017-12-31": "", "2016-12-31": "", "2015-12-31": "", "2014-12-31": "", "2013-12-31": "", "2012-12-31": "", "2011-12-31": "", "2010-12-31": "", "2009-12-31": "", "2008-12-31": "", "2007-12-31": "", "2006-12-31": "", "2005-12-31": ""}, "Receiveable Turnover": {"2019-12-31": "", "2018-12-31": "", "2017-12-31": "", "2016-12-31": "", "2015-12-31": "", "2014-12-31": "", "2013-12-31": "", "2012-12-31": "", "2011-12-31": "", "2010-12-31": "", "2009-12-31": "", "2008-12-31": "", "2007-12-31": "", "2006-12-31": "", "2005-12-31": ""}, "Days Sales In Receivables": {"2019-12-31": "", "2018-12-31": "", "2017-12-31": "", "2016-12-31": "", "2015-12-31": "", "2014-12-31": "", "2013-12-31": "", "2012-12-31": "", "2011-12-31": "", "2010-12-31": "", "2009-12-31": "", "2008-12-31": "", "2007-12-31": "", "2006-12-31": "", "2005-12-31": ""}, "ROE - Return On Equity": {"2019-12-31": "22.38630", "2018-12-31": "18.97070", "2017-12-31": "19.12450", "2016-12-31": "19.78760", "2015-12-31": "17.57200", "2014-12-31": "16.42790", "2013-12-31": "9.33990", "2012-12-31": "8.08810", "2011-12-31": "5.24940", "2010-12-31": "23.21550", "2009-12-31": "20.20030", "2008-12-31": "40.07520", "2007-12-31": "61.49050", "2006-12-31": "34.88900", "2005-12-31": "-16.41960"}, "Return On Tangible Equity": {"2019-12-31": "22.38630", "2018-12-31": "18.97070", "2017-12-31": "19.12450", "2016-12-31": "17.29750", "2015-12-31": "15.16200", "2014-12-31": "14.14340", "2013-12-31": "8.01980", "2012-12-31": "6.89680", "2011-12-31": "5.24940", "2010-12-31": "23.21550", "2009-12-31": "20.20030", "2008-12-31": "40.07520", "2007-12-31": "61.49060", "2006-12-31": "34.88900", "2005-12-31": "-16.41960"}, "ROA - Return On Assets": {"2019-12-31": "7.12850", "2018-12-31": "5.76660", "2017-12-31": "5.82760", "2016-12-31": "5.37890", "2015-12-31": "4.42630", "2014-12-31": "4.01780", "2013-12-31": "2.27710", "2012-12-31": "1.87590", "2011-12-31": "1.20010", "2010-12-31": "2.94850", "2009-12-31": "2.37250", "2008-12-31": "1.84380", "2007-12-31": "2.14500", "2006-12-31": "0.79960", "2005-12-31": "-0.27400"}, "ROI - Return On Investment": {"2019-12-31": "17.60560", "2018-12-31": "16.26370", "2017-12-31": "15.83750", "2016-12-31": "14.60570", "2015-12-31": "12.62830", "2014-12-31": "11.74430", "2013-12-31": "6.64090", "2012-12-31": "5.66990", "2011-12-31": "4.19870", "2010-12-31": "23.21550", "2009-12-31": "20.20030", "2008-12-31": "20.38010", "2007-12-31": "25.07860", "2006-12-31": "9.21890", "2005-12-31": "-3.13660"}, "Book Value Per Share": {"2019-12-31": "7.25950", "2018-12-31": "6.63550", "2017-12-31": "6.20900", "2016-12-31": "6.32440", "2015-12-31": "5.89110", "2014-12-31": "5.83590", "2013-12-31": "5.78060", "2012-12-31": "5.55520", "2011-12-31": "4.86440", "2010-12-31": "2.09990", "2009-12-31": "2.09570", "2008-12-31": "0.96040", "2007-12-31": "0.72840", "2006-12-31": "0.49230", "2005-12-31": "0.34620"}, "Operating Cash Flow Per Share": {"2019-12-31": 0.132, "2018-12-31": 0.1552, "2017-12-31": 0.1197, "2016-12-31": -0.0166, "2015-12-31": 0.3585, "2014-12-31": 0.1613, "2013-12-31": 0.0989, "2012-12-31": 0.2123, "2011-12-31": -0.0607, "2010-12-31": 0.0072, "2009-12-31": 0.2074, "2008-12-31": -0.0744, "2007-12-31": 0.1871, "2006-12-31": 0.0532, "2005-12-31": 0.769}, "Free Cash Flow Per Share": {"2019-12-31": 0.4142, "2018-12-31": -0.6262, "2017-12-31": -0.11, "2016-12-31": -0.5531, "2015-12-31": 0.1526, "2014-12-31": -0.138, "2013-12-31": 0.4706, "2012-12-31": 4.1256, "2011-12-31": -4.1374, "2010-12-31": -0.2976, "2009-12-31": 0.3978, "2008-12-31": -0.0484, "2007-12-31": 0.4911, "2006-12-31": 0.0521, "2005-12-31": 0.2122}}, "financial ratios, quarterly": {"Current Ratio": {"2020-09-30": "", "2020-06-30": "", "2020-03-31": "", "2019-12-31": "", "2019-09-30": "", "2019-06-30": "", "2019-03-31": "", "2018-12-31": "", "2018-09-30": "", "2018-06-30": "", "2018-03-31": "", "2017-12-31": "", "2017-09-30": "", "2017-06-30": "", "2017-03-31": "", "2016-12-31": "", "2016-09-30": "", "2016-06-30": "", "2016-03-31": "", "2015-12-31": "", "2015-09-30": "", "2015-06-30": "", "2015-03-31": "", "2014-12-31": "", "2014-09-30": "", "2014-06-30": "", "2014-03-31": "", "2013-12-31": "", "2013-09-30": "", "2013-06-30": "", "2013-03-31": "", "2012-12-31": "", "2012-09-30": "", "2012-06-30": "", "2012-03-31": "", "2011-12-31": "", "2011-09-30": "", "2011-06-30": "", "2011-03-31": "", "2010-12-31": "", "2010-09-30": "", "2010-06-30": "", "2010-03-31": "", "2009-12-31": "", "2009-09-30": "", "2009-06-30": "", "2009-03-31": "", "2008-12-31": "", "2008-09-30": "", "2008-06-30": "", "2008-03-31": "", "2007-12-31": "", "2007-09-30": "", "2007-06-30": "", "2007-03-31": "", "2006-12-31": "", "2006-09-30": "", "2006-06-30": "", "2006-03-31": "", "2005-12-31": "", "2005-09-30": "", "2005-06-30": "", "2005-03-31": ""}, "Long-term Debt / Capital": {"2020-09-30": "0.03710", "2020-06-30": "0.16000", "2020-03-31": "0.13090", "2019-12-31": "0.21360", "2019-09-30": "0.19460", "2019-06-30": "0.13200", "2019-03-31": "0.13650", "2018-12-31": "0.14270", "2018-09-30": "0.18960", "2018-06-30": "0.15260", "2018-03-31": "0.15270", "2017-12-31": "0.17190", "2017-09-30": "0.16430", "2017-06-30": "0.15360", "2017-03-31": "0.15350", "2016-12-31": "0.15560", "2016-09-30": "0.15650", "2016-06-30": "0.15750", "2016-03-31": "0.16410", "2015-12-31": "0.16710", "2015-09-30": "0.16820", "2015-06-30": "0.16930", "2015-03-31": "0.16960", "2014-12-31": "0.16960", "2014-09-30": "0.17000", "2014-06-30": "0.17020", "2014-03-31": "0.17030", "2013-12-31": "0.17190", "2013-09-30": "0.17250", "2013-06-30": "0.17560", "2013-03-31": "0.17520", "2012-12-31": "0.17790", "2012-09-30": "0.16940", "2012-06-30": "0.16960", "2012-03-31": "0.20110", "2011-12-31": "0.20010", "2011-09-30": "0.22220", "2011-06-30": "", "2011-03-31": "", "2010-12-31": "", "2010-09-30": "", "2010-06-30": "", "2010-03-31": "", "2009-12-31": "", "2009-09-30": "", "2009-06-30": "", "2009-03-31": "0.01210", "2008-12-31": "0.49150", "2008-09-30": "0.58500", "2008-06-30": "0.42590", "2008-03-31": "0.49980", "2007-12-31": "0.59220", "2007-09-30": "0.58470", "2007-06-30": "0.61300", "2007-03-31": "0.60480", "2006-12-31": "0.73580", "2006-09-30": "0.71060", "2006-06-30": "0.77590", "2006-03-31": "0.73670", "2005-12-31": "0.80900", "2005-09-30": "0.79760", "2005-06-30": "0.77300", "2005-03-31": "0.82900"}, "Debt/Equity Ratio": {"2020-09-30": "1.92500", "2020-06-30": "1.90980", "2020-03-31": "1.86220", "2019-12-31": "1.82200", "2019-09-30": "1.80450", "2019-06-30": "1.73960", "2019-03-31": "1.86600", "2018-12-31": "1.96790", "2018-09-30": "1.92760", "2018-06-30": "2.02120", "2018-03-31": "2.03320", "2017-12-31": "1.99990", "2017-09-30": "2.14850", "2017-06-30": "1.86870", "2017-03-31": "1.87250", "2016-12-31": "1.93310", "2016-09-30": "1.94680", "2016-06-30": "1.98430", "2016-03-31": "2.07480", "2015-12-31": "2.14170", "2015-09-30": "2.17980", "2015-06-30": "2.20700", "2015-03-31": "2.25900", "2014-12-31": "2.25960", "2014-09-30": "2.25890", "2014-06-30": "2.24040", "2014-03-31": "2.23280", "2013-12-31": "2.27610", "2013-09-30": "2.28680", "2013-06-30": "2.47370", "2013-03-31": "2.39140", "2012-12-31": "2.44680", "2012-09-30": "2.32900", "2012-06-30": "2.33740", "2012-03-31": "2.86440", "2011-12-31": "2.85840", "2011-09-30": "2.98970", "2011-06-30": "2.23420", "2011-03-31": "5.21680", "2010-12-31": "5.43100", "2010-09-30": "5.39640", "2010-06-30": "5.79030", "2010-03-31": "5.91840", "2009-12-31": "6.08390", "2009-09-30": "6.09050", "2009-06-30": "6.42720", "2009-03-31": "15.13010", "2008-12-31": "17.27460", "2008-09-30": "20.32100", "2008-06-30": "19.58500", "2008-03-31": "19.88110", "2007-12-31": "23.39120", "2007-09-30": "24.04770", "2007-06-30": "27.02700", "2007-03-31": "26.70830", "2006-12-31": "36.44490", "2006-09-30": "36.09830", "2006-06-30": "40.27610", "2006-03-31": "39.90410", "2005-12-31": "50.38380", "2005-09-30": "35.75090", "2005-06-30": "35.24730", "2005-03-31": "38.84330"}, "Gross Margin": {"2020-09-30": "", "2020-06-30": "", "2020-03-31": "", "2019-12-31": "", "2019-09-30": "", "2019-06-30": "", "2019-03-31": "", "2018-12-31": "", "2018-09-30": "", "2018-06-30": "", "2018-03-31": "", "2017-12-31": "", "2017-09-30": "", "2017-06-30": "", "2017-03-31": "", "2016-12-31": "", "2016-09-30": "", "2016-06-30": "", "2016-03-31": "", "2015-12-31": "", "2015-09-30": "", "2015-06-30": "", "2015-03-31": "", "2014-12-31": "", "2014-09-30": "", "2014-06-30": "", "2014-03-31": "", "2013-12-31": "", "2013-09-30": "", "2013-06-30": "", "2013-03-31": "", "2012-12-31": "", "2012-09-30": "", "2012-06-30": "", "2012-03-31": "", "2011-12-31": "", "2011-09-30": "", "2011-06-30": "", "2011-03-31": "", "2010-12-31": "", "2010-09-30": "", "2010-06-30": "", "2010-03-31": "", "2009-12-31": "", "2009-09-30": "", "2009-06-30": "", "2009-03-31": "", "2008-12-31": "", "2008-09-30": "", "2008-06-30": "", "2008-03-31": "", "2007-12-31": "", "2007-09-30": "", "2007-06-30": "", "2007-03-31": "", "2006-12-31": "", "2006-09-30": "", "2006-06-30": "", "2006-03-31": "", "2005-12-31": "", "2005-09-30": "", "2005-06-30": "", "2005-03-31": ""}, "Operating Margin": {"2020-09-30": "30.91660", "2020-06-30": "29.39000", "2020-03-31": "35.02330", "2019-12-31": "31.50320", "2019-09-30": "33.80480", "2019-06-30": "29.76010", "2019-03-31": "36.01640", "2018-12-31": "32.25580", "2018-09-30": "33.40720", "2018-06-30": "30.85550", "2018-03-31": "36.18660", "2017-12-31": "32.66160", "2017-09-30": "32.91460", "2017-06-30": "30.95900", "2017-03-31": "37.35290", "2016-12-31": "30.49730", "2016-09-30": "32.08100", "2016-06-30": "31.47690", "2016-03-31": "37.51900", "2015-12-31": "31.45780", "2015-09-30": "31.94860", "2015-06-30": "31.14750", "2015-03-31": "36.34550", "2014-12-31": "32.69880", "2014-09-30": "30.78620", "2014-06-30": "31.03400", "2014-03-31": "35.60500", "2013-12-31": "31.99930", "2013-09-30": "31.48760", "2013-06-30": "29.07670", "2013-03-31": "35.90750", "2012-12-31": "33.38430", "2012-09-30": "28.57470", "2012-06-30": "21.47370", "2012-03-31": "26.39180", "2011-12-31": "22.31900", "2011-09-30": "16.57000", "2011-06-30": "25.50790", "2011-03-31": "34.21340", "2010-12-31": "25.34240", "2010-09-30": "29.40350", "2010-06-30": "27.01040", "2010-03-31": "33.77270", "2009-12-31": "32.98110", "2009-09-30": "26.57910", "2009-06-30": "26.25650", "2009-03-31": "30.81450", "2008-12-31": "34.72920", "2008-09-30": "23.61740", "2008-06-30": "23.99330", "2008-03-31": "31.93860", "2007-12-31": "28.59070", "2007-09-30": "27.38600", "2007-06-30": "26.25890", "2007-03-31": "34.31100", "2006-12-31": "83.57710", "2006-09-30": "25.90170", "2006-06-30": "24.44880", "2006-03-31": "33.42830", "2005-12-31": "85.32400", "2005-09-30": "25.35670", "2005-06-30": "24.61100", "2005-03-31": "34.28060"}, "EBIT Margin": {"2020-09-30": "30.91660", "2020-06-30": "29.39000", "2020-03-31": "35.02330", "2019-12-31": "31.50320", "2019-09-30": "33.80480", "2019-06-30": "29.76010", "2019-03-31": "36.01640", "2018-12-31": "32.25580", "2018-09-30": "33.40720", "2018-06-30": "30.85550", "2018-03-31": "36.18660", "2017-12-31": "32.66160", "2017-09-30": "32.91460", "2017-06-30": "30.95900", "2017-03-31": "37.35290", "2016-12-31": "30.49730", "2016-09-30": "32.08100", "2016-06-30": "31.47690", "2016-03-31": "37.51900", "2015-12-31": "31.45780", "2015-09-30": "31.94860", "2015-06-30": "31.14750", "2015-03-31": "36.34550", "2014-12-31": "32.69880", "2014-09-30": "30.78620", "2014-06-30": "31.03400", "2014-03-31": "35.60500", "2013-12-31": "31.99930", "2013-09-30": "31.48760", "2013-06-30": "29.07670", "2013-03-31": "35.90750", "2012-12-31": "33.38430", "2012-09-30": "28.57470", "2012-06-30": "21.47370", "2012-03-31": "26.39180", "2011-12-31": "22.31900", "2011-09-30": "16.57000", "2011-06-30": "25.50790", "2011-03-31": "34.21340", "2010-12-31": "25.34240", "2010-09-30": "29.40350", "2010-06-30": "27.01040", "2010-03-31": "33.77270", "2009-12-31": "32.98110", "2009-09-30": "26.57910", "2009-06-30": "26.25650", "2009-03-31": "30.81450", "2008-12-31": "34.72920", "2008-09-30": "23.61740", "2008-06-30": "23.99330", "2008-03-31": "31.93860", "2007-12-31": "28.59070", "2007-09-30": "27.38600", "2007-06-30": "26.25890", "2007-03-31": "34.31100", "2006-12-31": "-16.42290", "2006-09-30": "25.90170", "2006-06-30": "24.44880", "2006-03-31": "33.42830", "2005-12-31": "-14.67600", "2005-09-30": "25.35670", "2005-06-30": "24.61100", "2005-03-31": "34.28060"}, "EBITDA Margin": {"2020-09-30": "", "2020-06-30": "", "2020-03-31": "", "2019-12-31": "", "2019-09-30": "", "2019-06-30": "", "2019-03-31": "", "2018-12-31": "", "2018-09-30": "", "2018-06-30": "", "2018-03-31": "", "2017-12-31": "", "2017-09-30": "", "2017-06-30": "", "2017-03-31": "", "2016-12-31": "", "2016-09-30": "", "2016-06-30": "", "2016-03-31": "", "2015-12-31": "", "2015-09-30": "", "2015-06-30": "", "2015-03-31": "", "2014-12-31": "", "2014-09-30": "", "2014-06-30": "", "2014-03-31": "", "2013-12-31": "", "2013-09-30": "", "2013-06-30": "", "2013-03-31": "", "2012-12-31": "", "2012-09-30": "", "2012-06-30": "", "2012-03-31": "", "2011-12-31": "", "2011-09-30": "", "2011-06-30": "", "2011-03-31": "", "2010-12-31": "", "2010-09-30": "", "2010-06-30": "", "2010-03-31": "", "2009-12-31": "", "2009-09-30": "", "2009-06-30": "", "2009-03-31": "", "2008-12-31": "", "2008-09-30": "", "2008-06-30": "", "2008-03-31": "", "2007-12-31": "", "2007-09-30": "", "2007-06-30": "", "2007-03-31": "", "2006-12-31": "", "2006-09-30": "", "2006-06-30": "", "2006-03-31": "", "2005-12-31": "", "2005-09-30": "", "2005-06-30": "", "2005-03-31": ""}, "Pre-Tax Profit Margin": {"2020-09-30": "18.42200", "2020-06-30": "18.80790", "2020-03-31": "25.21570", "2019-12-31": "21.69620", "2019-09-30": "23.84500", "2019-06-30": "18.46430", "2019-03-31": "46.52240", "2018-12-31": "20.88390", "2018-09-30": "22.93640", "2018-06-30": "19.77360", "2018-03-31": "26.08560", "2017-12-31": "20.47300", "2017-09-30": "22.42280", "2017-06-30": "19.62070", "2017-03-31": "26.64710", "2016-12-31": "19.22660", "2016-09-30": "20.45450", "2016-06-30": "19.42300", "2016-03-31": "25.57790", "2015-12-31": "18.55110", "2015-09-30": "20.03670", "2015-06-30": "17.86080", "2015-03-31": "14.84020", "2014-12-31": "15.17450", "2014-09-30": "15.07930", "2014-06-30": "15.55140", "2014-03-31": "22.30810", "2013-12-31": "16.54020", "2013-09-30": "-3.76180", "2013-06-30": "10.19050", "2013-03-31": "19.82970", "2012-12-31": "13.86630", "2012-09-30": "10.57670", "2012-06-30": "3.23850", "2012-03-31": "9.73740", "2011-12-31": "2.74030", "2011-09-30": "0.66930", "2011-06-30": "8.70310", "2011-03-31": "18.96660", "2010-12-31": "6.74140", "2010-09-30": "12.89690", "2010-06-30": "8.89900", "2010-03-31": "16.42400", "2009-12-31": "6.92570", "2009-09-30": "9.35900", "2009-06-30": "6.05460", "2009-03-31": "16.04710", "2008-12-31": "2.67290", "2008-09-30": "5.08300", "2008-06-30": "6.49390", "2008-03-31": "16.48230", "2007-12-31": "11.22480", "2007-09-30": "7.99650", "2007-06-30": "6.07080", "2007-03-31": "16.15610", "2006-12-31": "-15.88320", "2006-09-30": "7.25700", "2006-06-30": "4.15010", "2006-03-31": "14.49450", "2005-12-31": "-14.26640", "2005-09-30": "2.80700", "2005-06-30": "2.84110", "2005-03-31": "13.22840"}, "Net Profit Margin": {"2020-09-30": "17.74120", "2020-06-30": "18.17740", "2020-03-31": "23.84340", "2019-12-31": "21.24650", "2019-09-30": "23.77230", "2019-06-30": "18.68250", "2019-03-31": "43.73350", "2018-12-31": "20.60660", "2018-09-30": "21.84480", "2018-06-30": "19.18360", "2018-03-31": "24.47800", "2017-12-31": "19.56340", "2017-09-30": "20.08280", "2017-06-30": "17.84720", "2017-03-31": "24.47960", "2016-12-31": "17.27040", "2016-09-30": "18.12750", "2016-06-30": "16.89350", "2016-03-31": "22.97690", "2015-12-31": "17.11220", "2015-09-30": "17.45140", "2015-06-30": "15.77630", "2015-03-31": "13.04380", "2014-12-31": "15.45400", "2014-09-30": "12.82310", "2014-06-30": "13.48130", "2014-03-31": "19.36470", "2013-12-31": "13.38270", "2013-09-30": "15.89220", "2013-06-30": "10.10450", "2013-03-31": "19.05810", "2012-12-31": "15.21430", "2012-09-30": "9.14470", "2012-06-30": "1.22520", "2012-03-31": "6.85690", "2011-12-31": "-0.10590", "2011-09-30": "-1.73920", "2011-06-30": "5.34650", "2011-03-31": "14.02960", "2010-12-31": "4.51260", "2010-09-30": "8.60990", "2010-06-30": "4.84480", "2010-03-31": "11.39930", "2009-12-31": "5.01510", "2009-09-30": "8.65240", "2009-06-30": "2.38960", "2009-03-31": "10.75110", "2008-12-31": "-0.00970", "2008-09-30": "1.29570", "2008-06-30": "4.06450", "2008-03-31": "11.12010", "2007-12-31": "4.66220", "2007-09-30": "9.30020", "2007-06-30": "1.63770", "2007-03-31": "14.45960", "2006-12-31": "-15.88320", "2006-09-30": "3.38560", "2006-06-30": "1.18390", "2006-03-31": "9.62890", "2005-12-31": "-14.26640", "2005-09-30": "1.15830", "2005-06-30": "2.66130", "2005-03-31": "8.90930"}, "Asset Turnover": {"2020-09-30": "0.06690", "2020-06-30": "0.05950", "2020-03-31": "0.06660", "2019-12-31": "0.06230", "2019-09-30": "0.06550", "2019-06-30": "0.06190", "2019-03-31": "0.06460", "2018-12-31": "0.06200", "2018-09-30": "0.06660", "2018-06-30": "0.06500", "2018-03-31": "0.06670", "2017-12-31": "0.06370", "2017-09-30": "0.06850", "2017-06-30": "0.06350", "2017-03-31": "0.06700", "2016-12-31": "0.06150", "2016-09-30": "0.06520", "2016-06-30": "0.06030", "2016-03-31": "0.06450", "2015-12-31": "0.05930", "2015-09-30": "0.06100", "2015-06-30": "0.05840", "2015-03-31": "0.06010", "2014-12-31": "0.05520", "2014-09-30": "0.05820", "2014-06-30": "0.05510", "2014-03-31": "0.05770", "2013-12-31": "0.05320", "2013-09-30": "0.05530", "2013-06-30": "0.05020", "2013-03-31": "0.05360", "2012-12-31": "0.04700", "2012-09-30": "0.05010", "2012-06-30": "0.04810", "2012-03-31": "0.05190", "2011-12-31": "0.04290", "2011-09-30": "0.04980", "2011-06-30": "0.05390", "2011-03-31": "0.06540", "2010-12-31": "0.06210", "2010-09-30": "0.06470", "2010-06-30": "0.05750", "2010-03-31": "0.06060", "2009-12-31": "0.05820", "2009-09-30": "0.05850", "2009-06-30": "0.05460", "2009-03-31": "0.06140", "2008-12-31": "0.06390", "2008-09-30": "0.05430", "2008-06-30": "0.04980", "2008-03-31": "0.05640", "2007-12-31": "0.04910", "2007-09-30": "0.05070", "2007-06-30": "0.04880", "2007-03-31": "0.05470", "2006-12-31": "0.04880", "2006-09-30": "0.05160", "2006-06-30": "0.05000", "2006-03-31": "0.05180", "2005-12-31": "0.05160", "2005-09-30": "0.04760", "2005-06-30": "0.04940", "2005-03-31": "0.05170"}, "Inventory Turnover Ratio": {"2020-09-30": "", "2020-06-30": "", "2020-03-31": "", "2019-12-31": "", "2019-09-30": "", "2019-06-30": "", "2019-03-31": "", "2018-12-31": "", "2018-09-30": "", "2018-06-30": "", "2018-03-31": "", "2017-12-31": "", "2017-09-30": "", "2017-06-30": "", "2017-03-31": "", "2016-12-31": "", "2016-09-30": "", "2016-06-30": "", "2016-03-31": "", "2015-12-31": "", "2015-09-30": "", "2015-06-30": "", "2015-03-31": "", "2014-12-31": "", "2014-09-30": "", "2014-06-30": "", "2014-03-31": "", "2013-12-31": "", "2013-09-30": "", "2013-06-30": "", "2013-03-31": "", "2012-12-31": "", "2012-09-30": "", "2012-06-30": "", "2012-03-31": "", "2011-12-31": "", "2011-09-30": "", "2011-06-30": "", "2011-03-31": "", "2010-12-31": "", "2010-09-30": "", "2010-06-30": "", "2010-03-31": "", "2009-12-31": "", "2009-09-30": "", "2009-06-30": "", "2009-03-31": "", "2008-12-31": "", "2008-09-30": "", "2008-06-30": "", "2008-03-31": "", "2007-12-31": "", "2007-09-30": "", "2007-06-30": "", "2007-03-31": "", "2006-12-31": "", "2006-09-30": "", "2006-06-30": "", "2006-03-31": "", "2005-12-31": "", "2005-09-30": "", "2005-06-30": "", "2005-03-31": ""}, "Receiveable Turnover": {"2020-09-30": "", "2020-06-30": "", "2020-03-31": "", "2019-12-31": "", "2019-09-30": "", "2019-06-30": "", "2019-03-31": "", "2018-12-31": "", "2018-09-30": "", "2018-06-30": "", "2018-03-31": "", "2017-12-31": "", "2017-09-30": "", "2017-06-30": "", "2017-03-31": "", "2016-12-31": "", "2016-09-30": "", "2016-06-30": "", "2016-03-31": "", "2015-12-31": "", "2015-09-30": "", "2015-06-30": "", "2015-03-31": "", "2014-12-31": "", "2014-09-30": "", "2014-06-30": "", "2014-03-31": "", "2013-12-31": "", "2013-09-30": "", "2013-06-30": "", "2013-03-31": "", "2012-12-31": "", "2012-09-30": "", "2012-06-30": "", "2012-03-31": "", "2011-12-31": "", "2011-09-30": "", "2011-06-30": "", "2011-03-31": "", "2010-12-31": "", "2010-09-30": "", "2010-06-30": "", "2010-03-31": "", "2009-12-31": "", "2009-09-30": "", "2009-06-30": "", "2009-03-31": "", "2008-12-31": "", "2008-09-30": "", "2008-06-30": "", "2008-03-31": "", "2007-12-31": "", "2007-09-30": "", "2007-06-30": "", "2007-03-31": "", "2006-12-31": "", "2006-09-30": "", "2006-06-30": "", "2006-03-31": "", "2005-12-31": "", "2005-09-30": "", "2005-06-30": "", "2005-03-31": ""}, "Days Sales In Receivables": {"2020-09-30": "", "2020-06-30": "", "2020-03-31": "", "2019-12-31": "", "2019-09-30": "", "2019-06-30": "", "2019-03-31": "", "2018-12-31": "", "2018-09-30": "", "2018-06-30": "", "2018-03-31": "", "2017-12-31": "", "2017-09-30": "", "2017-06-30": "", "2017-03-31": "", "2016-12-31": "", "2016-09-30": "", "2016-06-30": "", "2016-03-31": "", "2015-12-31": "", "2015-09-30": "", "2015-06-30": "", "2015-03-31": "", "2014-12-31": "", "2014-09-30": "", "2014-06-30": "", "2014-03-31": "", "2013-12-31": "", "2013-09-30": "", "2013-06-30": "", "2013-03-31": "", "2012-12-31": "", "2012-09-30": "", "2012-06-30": "", "2012-03-31": "", "2011-12-31": "", "2011-09-30": "", "2011-06-30": "", "2011-03-31": "", "2010-12-31": "", "2010-09-30": "", "2010-06-30": "", "2010-03-31": "", "2009-12-31": "", "2009-09-30": "", "2009-06-30": "", "2009-03-31": "", "2008-12-31": "", "2008-09-30": "", "2008-06-30": "", "2008-03-31": "", "2007-12-31": "", "2007-09-30": "", "2007-06-30": "", "2007-03-31": "", "2006-12-31": "", "2006-09-30": "", "2006-06-30": "", "2006-03-31": "", "2005-12-31": "", "2005-09-30": "", "2005-06-30": "", "2005-03-31": ""}, "ROE - Return On Equity": {"2020-09-30": "4.11580", "2020-06-30": "3.73670", "2020-03-31": "5.35420", "2019-12-31": "4.39720", "2019-09-30": "5.16570", "2019-06-30": "3.75420", "2019-03-31": "9.58670", "2018-12-31": "4.47310", "2018-09-30": "5.01130", "2018-06-30": "4.46250", "2018-03-31": "5.82820", "2017-12-31": "4.36110", "2017-09-30": "5.40450", "2017-06-30": "4.61590", "2017-03-31": "6.54580", "2016-12-31": "4.48140", "2016-09-30": "4.98230", "2016-06-30": "4.38860", "2016-03-31": "6.50620", "2015-12-31": "4.64270", "2015-09-30": "4.93600", "2015-06-30": "4.35530", "2015-03-31": "3.77400", "2014-12-31": "4.06490", "2014-09-30": "3.60260", "2014-06-30": "3.58040", "2014-03-31": "5.23380", "2013-12-31": "3.48410", "2013-09-30": "-0.80540", "2013-06-30": "2.31920", "2013-03-31": "4.52510", "2012-12-31": "2.71060", "2012-09-30": "2.40590", "2012-06-30": "0.76310", "2012-03-31": "2.22220", "2011-12-31": "0.41490", "2011-09-30": "0.19350", "2011-06-30": "1.91810", "2011-03-31": "9.50260", "2010-12-31": "3.98410", "2010-09-30": "6.55270", "2010-06-30": "4.24430", "2010-03-31": "8.32090", "2009-12-31": "4.48180", "2009-09-30": "4.76500", "2009-06-30": "2.93550", "2009-03-31": "19.12620", "2008-12-31": "4.09730", "2008-09-30": "7.08420", "2008-06-30": "10.93560", "2008-03-31": "24.03380", "2007-12-31": "36.08070", "2007-09-30": "5.81060", "2007-06-30": "2.60060", "2007-03-31": "19.62890", "2006-12-31": "-33.78960", "2006-09-30": "7.56160", "2006-06-30": "2.91720", "2006-03-31": "23.26750", "2005-12-31": "-44.12900", "2005-09-30": "1.71800", "2005-06-30": "4.62140", "2005-03-31": "20.36300"}, "Return On Tangible Equity": {"2020-09-30": "4.11580", "2020-06-30": "3.73670", "2020-03-31": "5.35420", "2019-12-31": "4.39720", "2019-09-30": "5.16570", "2019-06-30": "3.75420", "2019-03-31": "9.58670", "2018-12-31": "4.47310", "2018-09-30": "5.01130", "2018-06-30": "4.46250", "2018-03-31": "5.82820", "2017-12-31": "4.36110", "2017-09-30": "5.40450", "2017-06-30": "4.04430", "2017-03-31": "5.73540", "2016-12-31": "3.91750", "2016-09-30": "4.35110", "2016-06-30": "3.82810", "2016-03-31": "5.63360", "2015-12-31": "4.00600", "2015-09-30": "4.25670", "2015-06-30": "3.75130", "2015-03-31": "3.24920", "2014-12-31": "3.49960", "2014-09-30": "3.10030", "2014-06-30": "3.08060", "2014-03-31": "4.50280", "2013-12-31": "2.99170", "2013-09-30": "-0.69120", "2013-06-30": "1.98300", "2013-03-31": "3.87070", "2012-12-31": "2.31140", "2012-09-30": "1.91530", "2012-06-30": "0.60720", "2012-03-31": "2.22220", "2011-12-31": "0.41490", "2011-09-30": "0.19350", "2011-06-30": "1.91810", "2011-03-31": "9.50260", "2010-12-31": "3.98410", "2010-09-30": "6.55270", "2010-06-30": "4.24430", "2010-03-31": "8.32090", "2009-12-31": "4.48180", "2009-09-30": "4.76500", "2009-06-30": "2.93550", "2009-03-31": "19.12620", "2008-12-31": "4.09730", "2008-09-30": "7.08420", "2008-06-30": "10.93560", "2008-03-31": "24.03380", "2007-12-31": "36.08070", "2007-09-30": "5.81060", "2007-06-30": "2.60060", "2007-03-31": "19.62890", "2006-12-31": "-33.78960", "2006-09-30": "7.56160", "2006-06-30": "2.91720", "2006-03-31": "23.26750", "2005-12-31": "-44.12910", "2005-09-30": "1.71800", "2005-06-30": "4.62140", "2005-03-31": "20.36300"}, "ROA - Return On Assets": {"2020-09-30": "1.25500", "2020-06-30": "1.14460", "2020-03-31": "1.67890", "2019-12-31": "1.40020", "2019-09-30": "1.64780", "2019-06-30": "1.22270", "2019-03-31": "3.00670", "2018-12-31": "1.35970", "2018-09-30": "1.54760", "2018-06-30": "1.32880", "2018-03-31": "1.73920", "2017-12-31": "1.32890", "2017-09-30": "1.55610", "2017-06-30": "1.27570", "2017-03-31": "1.81720", "2016-12-31": "1.21820", "2016-09-30": "1.34730", "2016-06-30": "1.17070", "2016-03-31": "1.67460", "2015-12-31": "1.16950", "2015-09-30": "1.22280", "2015-06-30": "1.06820", "2015-03-31": "0.91710", "2014-12-31": "0.99420", "2014-09-30": "0.87730", "2014-06-30": "0.87570", "2014-03-31": "1.28690", "2013-12-31": "0.84950", "2013-09-30": "-0.19520", "2013-06-30": "0.52880", "2013-03-31": "1.06350", "2012-12-31": "0.62870", "2012-09-30": "0.53720", "2012-06-30": "0.16990", "2012-03-31": "0.50540", "2011-12-31": "0.09480", "2011-09-30": "0.04120", "2011-06-30": "0.49200", "2011-03-31": "1.24010", "2010-12-31": "0.50600", "2010-09-30": "0.83480", "2010-06-30": "0.51190", "2010-03-31": "0.99510", "2009-12-31": "0.52640", "2009-09-30": "0.55810", "2009-06-30": "0.33060", "2009-03-31": "0.98520", "2008-12-31": "0.18850", "2008-09-30": "0.27600", "2008-06-30": "0.44650", "2008-03-31": "0.97350", "2007-12-31": "1.25860", "2007-09-30": "0.19750", "2007-06-30": "0.07910", "2007-03-31": "0.60500", "2006-12-31": "-0.77440", "2006-09-30": "0.17430", "2006-06-30": "0.06060", "2006-03-31": "0.48820", "2005-12-31": "-0.73630", "2005-09-30": "0.03990", "2005-06-30": "0.10830", "2005-03-31": "0.44820"}, "ROI - Return On Investment": {"2020-09-30": "3.96330", "2020-06-30": "3.13870", "2020-03-31": "4.65310", "2019-12-31": "3.45820", "2019-09-30": "4.16050", "2019-06-30": "3.25870", "2019-03-31": "8.27840", "2018-12-31": "3.83490", "2018-09-30": "4.06110", "2018-06-30": "3.78140", "2018-03-31": "4.93850", "2017-12-31": "3.61160", "2017-09-30": "4.51670", "2017-06-30": "3.42310", "2017-03-31": "4.85500", "2016-12-31": "3.30780", "2016-09-30": "3.67030", "2016-06-30": "3.22510", "2016-03-31": "4.70940", "2015-12-31": "3.33650", "2015-09-30": "3.54080", "2015-06-30": "3.11640", "2015-03-31": "2.69810", "2014-12-31": "2.90600", "2014-09-30": "2.57330", "2014-06-30": "2.55630", "2014-03-31": "3.73620", "2013-12-31": "2.47730", "2013-09-30": "-0.57200", "2013-06-30": "1.63480", "2013-03-31": "3.19250", "2012-12-31": "1.90020", "2012-09-30": "1.59090", "2012-06-30": "0.50420", "2012-03-31": "1.77520", "2011-12-31": "0.33180", "2011-09-30": "0.15050", "2011-06-30": "1.91810", "2011-03-31": "9.50260", "2010-12-31": "3.98410", "2010-09-30": "6.55270", "2010-06-30": "4.24430", "2010-03-31": "8.32090", "2009-12-31": "4.48180", "2009-09-30": "4.76500", "2009-06-30": "2.93550", "2009-03-31": "18.89550", "2008-12-31": "2.08370", "2008-09-30": "2.93980", "2008-06-30": "6.27770", "2008-03-31": "12.02090", "2007-12-31": "14.71530", "2007-09-30": "2.41300", "2007-06-30": "1.00650", "2007-03-31": "7.75830", "2006-12-31": "-8.92840", "2006-09-30": "2.18800", "2006-06-30": "0.65370", "2006-03-31": "6.12560", "2005-12-31": "-8.42990", "2005-09-30": "0.34770", "2005-06-30": "1.04900", "2005-03-31": "3.48300"}, "Book Value Per Share": {"2020-09-30": "7.12920", "2020-06-30": "7.17740", "2020-03-31": "7.25200", "2019-12-31": "7.25950", "2019-09-30": "7.24840", "2019-06-30": "7.18140", "2019-03-31": "6.98540", "2018-12-31": "6.63550", "2018-09-30": "6.63260", "2018-06-30": "6.20380", "2018-03-31": "6.20440", "2017-12-31": "6.20900", "2017-09-30": "5.80100", "2017-06-30": "6.31820", "2017-03-31": "6.33190", "2016-12-31": "6.32440", "2016-09-30": "6.29870", "2016-06-30": "6.24840", "2016-03-31": "6.00020", "2015-12-31": "5.89110", "2015-09-30": "5.86730", "2015-06-30": "5.82420", "2015-03-31": "5.81130", "2014-12-31": "5.83590", "2014-09-30": "5.81930", "2014-06-30": "5.81840", "2014-03-31": "5.84900", "2013-12-31": "5.78060", "2013-09-30": "5.75560", "2013-06-30": "5.63210", "2013-03-31": "5.64770", "2012-12-31": "5.55520", "2012-09-30": "5.91800", "2012-06-30": "5.92250", "2012-03-31": "4.80890", "2011-12-31": "4.86440", "2011-09-30": "4.46070", "2011-06-30": "4.07580", "2011-03-31": "2.16160", "2010-12-31": "2.09990", "2010-09-30": "2.14200", "2010-06-30": "2.11610", "2010-03-31": "2.14100", "2009-12-31": "2.09570", "2009-09-30": "2.12010", "2009-06-30": "2.09490", "2009-03-31": "1.05350", "2008-12-31": "0.96040", "2008-09-30": "0.82580", "2008-06-30": "0.84140", "2008-03-31": "0.83630", "2007-12-31": "0.72840", "2007-09-30": "0.71360", "2007-06-30": "0.63930", "2007-03-31": "0.64790", "2006-12-31": "0.49230", "2006-09-30": "0.49750", "2006-06-30": "0.45680", "2006-03-31": "0.45320", "2005-12-31": "0.34620", "2005-09-30": "0.49680", "2005-06-30": "0.48040", "2005-03-31": "0.45280"}, "Operating Cash Flow Per Share": {"2020-09-30": 0.6343, "2020-06-30": 0.5603, "2020-03-31": "0.67970", "2019-12-31": 0.4944, "2019-09-30": 0.5404, "2019-06-30": 0.6055, "2019-03-31": "0.66980", "2018-12-31": 0.4735, "2018-09-30": 0.4894, "2018-06-30": 0.5718, "2018-03-31": "0.64340", "2017-12-31": 0.3978, "2017-09-30": 0.4808, "2017-06-30": 0.5324, "2017-03-31": "0.61190", "2016-12-31": 0.4255, "2016-09-30": 0.4653, "2016-06-30": 0.4596, "2016-03-31": "0.55280", "2015-12-31": 0.3578, "2015-09-30": 0.4191, "2015-06-30": 0.5479, "2015-03-31": "0.59500", "2014-12-31": 0.3139, "2014-09-30": 0.3646, "2014-06-30": 0.3725, "2014-03-31": "0.51030", "2013-12-31": 0.3166, "2013-09-30": 0.3258, "2013-06-30": 0.324, "2013-03-31": "0.43360", "2012-12-31": 0.2621, "2012-09-30": 0.3283, "2012-06-30": 0.3114, "2012-03-31": "0.39930", "2011-12-31": 0.3991, "2011-09-30": 0.0505, "2011-06-30": 0.2326, "2011-03-31": "0.40660", "2010-12-31": 0.202, "2010-09-30": 0.2471, "2010-06-30": 0.3355, "2010-03-31": "0.36490", "2009-12-31": 0.307, "2009-09-30": 0.1593, "2009-06-30": 0.2267, "2009-03-31": "0.44930", "2008-12-31": 0.1381, "2008-09-30": 0.1828, "2008-06-30": 0.2846, "2008-03-31": "0.32940", "2007-12-31": 0.2546, "2007-09-30": 0.2097, "2007-06-30": 0.1989, "2007-03-31": "0.34610", "2006-12-31": 0.1802, "2006-09-30": 0.2305, "2006-06-30": 0.1419, "2006-03-31": "0.26960", "2005-12-31": 0.2097, "2005-09-30": 0.1729, "2005-06-30": 0.21, "2005-03-31": "0.17640"}, "Free Cash Flow Per Share": {"2020-09-30": 0.3396, "2020-06-30": 0.2647, "2020-03-31": "0.41850", "2019-12-31": 0.0884, "2019-09-30": -0.53, "2019-06-30": 0.113, "2019-03-31": "0.73410", "2018-12-31": -0.3474, "2018-09-30": -0.1649, "2018-06-30": 0.0184, "2018-03-31": "0.48520", "2017-12-31": -0.5252, "2017-09-30": 0.2967, "2017-06-30": 0.365, "2017-03-31": "0.48100", "2016-12-31": 0.1406, "2016-09-30": 0.2894, "2016-06-30": -0.093, "2016-03-31": "0.39050", "2015-12-31": 0.2164, "2015-09-30": 0.0503, "2015-06-30": 0.5739, "2015-03-31": "0.44000", "2014-12-31": 0.3951, "2014-09-30": 0.2371, "2014-06-30": 0.2276, "2014-03-31": "0.26820", "2013-12-31": 0.2207, "2013-09-30": 0.4844, "2013-06-30": 0.2208, "2013-03-31": "0.34010", "2012-12-31": 0.0488, "2012-09-30": 0.2043, "2012-06-30": 0.2209, "2012-03-31": "0.32140", "2011-12-31": -1.0758, "2011-09-30": -0.7166, "2011-06-30": -1.8676, "2011-03-31": "0.32980", "2010-12-31": 0.086, "2010-09-30": 0.1644, "2010-06-30": 0.2467, "2010-03-31": "0.31010", "2009-12-31": 0.3048, "2009-09-30": 0.1472, "2009-06-30": 0.2448, "2009-03-31": "0.40800", "2008-12-31": -0.0717, "2008-09-30": 0.1973, "2008-06-30": 0.2848, "2008-03-31": "0.29660", "2007-12-31": -0.0068, "2007-09-30": 0.334, "2007-06-30": 0.0862, "2007-03-31": "0.34200", "2006-12-31": -0.0873, "2006-09-30": 0.2404, "2006-06-30": -0.1004, "2006-03-31": "0.21160", "2005-12-31": 0.1707, "2005-09-30": -0.1755, "2005-06-30": 0.0922, "2005-03-31": "0.12480"}}, "revenue": {"Equity Lifestyle Properties Annual Revenue (Millions of US $)": {"2019": "$1,037", "2018": "$987", "2017": "$925", "2016": "$870", "2015": "$822", "2014": "$777", "2013": "$729", "2012": "$684", "2011": "$577", "2010": "$517", "2009": "$503", "2008": "$464", "2007": "$415", "2006": "$413", "2005": "$386"}, "Equity Lifestyle Properties Quarterly Revenue (Millions of US $)": {"2020-09-30": "$285", "2020-06-30": "$254", "2020-03-31": "$280", "2019-12-31": "$259", "2019-09-30": "$271", "2019-06-30": "$248", "2019-03-31": "$259", "2018-12-31": "$243", "2018-09-30": "$257", "2018-06-30": "$241", "2018-03-31": "$246", "2017-12-31": "$230", "2017-09-30": "$242", "2017-06-30": "$221", "2017-03-31": "$232", "2016-12-31": "$214", "2016-09-30": "$226", "2016-06-30": "$210", "2016-03-31": "$220", "2015-12-31": "$202", "2015-09-30": "$210", "2015-06-30": "$201", "2015-03-31": "$208", "2014-12-31": "$190", "2014-09-30": "$201", "2014-06-30": "$189", "2014-03-31": "$197", "2013-12-31": "$181", "2013-09-30": "$188", "2013-06-30": "$177", "2013-03-31": "$184", "2012-12-31": "$160", "2012-09-30": "$175", "2012-06-30": "$168", "2012-03-31": "$181", "2011-12-31": "$150", "2011-09-30": "$164", "2011-06-30": "$128", "2011-03-31": "$135", "2010-12-31": "$127", "2010-09-30": "$134", "2010-06-30": "$124", "2010-03-31": "$132", "2009-12-31": "$126", "2009-09-30": "$129", "2009-06-30": "$122", "2009-03-31": "$127", "2008-12-31": "$134", "2008-09-30": "$114", "2008-06-30": "$101", "2008-03-31": "$114", "2007-12-31": "$100", "2007-09-30": "$104", "2007-06-30": "$100", "2007-03-31": "$112", "2006-12-31": "$100", "2006-09-30": "$105", "2006-06-30": "$103", "2006-03-31": "$105", "2005-12-31": "$101", "2005-09-30": "$94", "2005-06-30": "$93", "2005-03-31": "$98"}}, "gross-profit": {"Equity Lifestyle Properties Annual Gross Profit (Millions of US $)": {"2019": "$550", "2018": "$520", "2017": "$482", "2016": "$458", "2015": "$432", "2014": "$407", "2013": "$386", "2012": "$365", "2011": "$298", "2010": "$258", "2009": "$250", "2008": "$232", "2007": "$211", "2006": "$199", "2005": "$184"}, "Equity Lifestyle Properties Quarterly Gross Profit (Millions of US $)": {"2020-09-30": "$142", "2020-06-30": "$128", "2020-03-31": "$153", "2019-12-31": "$136", "2019-09-30": "$142", "2019-06-30": "$126", "2019-03-31": "$146", "2018-12-31": "$130", "2018-09-30": "$134", "2018-06-30": "$122", "2018-03-31": "$133", "2017-12-31": "$114", "2017-09-30": "$122", "2017-06-30": "$112", "2017-03-31": "$129", "2016-12-31": "$113", "2016-09-30": "$115", "2016-06-30": "$107", "2016-03-31": "$122", "2015-12-31": "$107", "2015-09-30": "$107", "2015-06-30": "$103", "2015-03-31": "$115", "2014-12-31": "$101", "2014-09-30": "$101", "2014-06-30": "$97", "2014-03-31": "$108", "2013-12-31": "$96", "2013-09-30": "$97", "2013-06-30": "$91", "2013-03-31": "$102", "2012-12-31": "$85", "2012-09-30": "$92", "2012-06-30": "$87", "2012-03-31": "$101", "2011-12-31": "$79", "2011-09-30": "$85", "2011-06-30": "$62", "2011-03-31": "$72", "2010-12-31": "$67", "2010-09-30": "$65", "2010-06-30": "$59", "2010-03-31": "$70", "2009-12-31": "$66", "2009-09-30": "$60", "2009-06-30": "$58", "2009-03-31": "$66", "2008-12-31": "$71", "2008-09-30": "$53", "2008-06-30": "$48", "2008-03-31": "$61", "2007-12-31": "$52", "2007-09-30": "$51", "2007-06-30": "$48", "2007-03-31": "$60", "2006-12-31": "$48", "2006-09-30": "$49", "2006-06-30": "$47", "2006-03-31": "$55", "2005-12-31": "$44", "2005-09-30": "$44", "2005-06-30": "$43", "2005-03-31": "$53"}}, "operating-income": {"Equity Lifestyle Properties Annual Operating Income (Millions of US $)": {"2019": "$340", "2018": "$328", "2017": "$310", "2016": "$287", "2015": "$269", "2014": "$253", "2013": "$234", "2012": "$187", "2011": "$139", "2010": "$150", "2009": "$147", "2008": "$134", "2007": "$122", "2006": "$114", "2005": "$104"}, "Equity Lifestyle Properties Quarterly Operating Income (Millions of US $)": {"2020-09-30": "$88", "2020-06-30": "$75", "2020-03-31": "$98", "2019-12-31": "$81", "2019-09-30": "$92", "2019-06-30": "$74", "2019-03-31": "$93", "2018-12-31": "$79", "2018-09-30": "$86", "2018-06-30": "$74", "2018-03-31": "$89", "2017-12-31": "$75", "2017-09-30": "$80", "2017-06-30": "$69", "2017-03-31": "$87", "2016-12-31": "$65", "2016-09-30": "$73", "2016-06-30": "$66", "2016-03-31": "$83", "2015-12-31": "$63", "2015-09-30": "$67", "2015-06-30": "$63", "2015-03-31": "$76", "2014-12-31": "$62", "2014-09-30": "$62", "2014-06-30": "$59", "2014-03-31": "$70", "2013-12-31": "$58", "2013-09-30": "$59", "2013-06-30": "$51", "2013-03-31": "$66", "2012-12-31": "$53", "2012-09-30": "$50", "2012-06-30": "$36", "2012-03-31": "$48", "2011-12-31": "$34", "2011-09-30": "$27", "2011-06-30": "$33", "2011-03-31": "$46", "2010-12-31": "$32", "2010-09-30": "$39", "2010-06-30": "$33", "2010-03-31": "$45", "2009-12-31": "$42", "2009-09-30": "$34", "2009-06-30": "$32", "2009-03-31": "$39", "2008-12-31": "$46", "2008-09-30": "$27", "2008-06-30": "$24", "2008-03-31": "$37", "2007-12-31": "$29", "2007-09-30": "$28", "2007-06-30": "$26", "2007-03-31": "$38", "2006-12-31": "$84", "2006-09-30": "$27", "2006-06-30": "$25", "2006-03-31": "$35", "2005-12-31": "$86", "2005-09-30": "$24", "2005-06-30": "$23", "2005-03-31": "$34"}}, "ebitda": {"Equity Lifestyle Properties Annual EBITDA (Millions of US $)": {"2019": "$497", "2018": "$468", "2017": "$436", "2016": "$409", "2015": "$386", "2014": "$376", "2013": "$351", "2012": "$343", "2011": "$262", "2010": "$234", "2009": "$227", "2008": "$210", "2007": "$192", "2006": "$181", "2005": "$166"}, "Equity Lifestyle Properties Quarterly EBITDA (Millions of US $)": {"2020-09-30": "$128", "2020-06-30": "$114", "2020-03-31": "$139", "2019-12-31": "$122", "2019-09-30": "$130", "2019-06-30": "$113", "2019-03-31": "$133", "2018-12-31": "$114", "2018-09-30": "$122", "2018-06-30": "$109", "2018-03-31": "$122", "2017-12-31": "$106", "2017-09-30": "$111", "2017-06-30": "$100", "2017-03-31": "$118", "2016-12-31": "$97", "2016-09-30": "$104", "2016-06-30": "$96", "2016-03-31": "$112", "2015-12-31": "$87", "2015-09-30": "$99", "2015-06-30": "$94", "2015-03-31": "$106", "2014-12-31": "$93", "2014-09-30": "$93", "2014-06-30": "$90", "2014-03-31": "$100", "2013-12-31": "$87", "2013-09-30": "$87", "2013-06-30": "$83", "2013-03-31": "$94", "2012-12-31": "$81", "2012-09-30": "$85", "2012-06-30": "$83", "2012-03-31": "$94", "2011-12-31": "$77", "2011-09-30": "$64", "2011-06-30": "$54", "2011-03-31": "$67", "2010-12-31": "$55", "2010-09-30": "$60", "2010-06-30": "$54", "2010-03-31": "$65", "2009-12-31": "$61", "2009-09-30": "$55", "2009-06-30": "$52", "2009-03-31": "$59", "2008-12-31": "$66", "2008-09-30": "$46", "2008-06-30": "$43", "2008-03-31": "$55", "2007-12-31": "$47", "2007-09-30": "$46", "2007-06-30": "$44", "2007-03-31": "$56", "2006-12-31": "$101", "2006-09-30": "$44", "2006-06-30": "$42", "2006-03-31": "$51", "2005-12-31": "$102", "2005-09-30": "$40", "2005-06-30": "$38", "2005-03-31": "$49"}}, "net-income": {"Equity Lifestyle Properties Annual Net Income (Millions of US $)": {"2019": "$279", "2018": "$213", "2017": "$190", "2016": "$164", "2015": "$130", "2014": "$119", "2013": "$107", "2012": "$55", "2011": "$23", "2010": "$38", "2009": "$34", "2008": "$18", "2007": "$32", "2006": "$17", "2005": "$-2"}, "Equity Lifestyle Properties Quarterly Net Income (Millions of US $)": {"2020-09-30": "$51", "2020-06-30": "$46", "2020-03-31": "$67", "2019-12-31": "$55", "2019-09-30": "$64", "2019-06-30": "$46", "2019-03-31": "$113", "2018-12-31": "$50", "2018-09-30": "$56", "2018-06-30": "$46", "2018-03-31": "$60", "2017-12-31": "$45", "2017-09-30": "$49", "2017-06-30": "$39", "2017-03-31": "$57", "2016-12-31": "$37", "2016-09-30": "$41", "2016-06-30": "$35", "2016-03-31": "$51", "2015-12-31": "$35", "2015-09-30": "$37", "2015-06-30": "$32", "2015-03-31": "$27", "2014-12-31": "$29", "2014-09-30": "$26", "2014-06-30": "$25", "2014-03-31": "$38", "2013-12-31": "$24", "2013-09-30": "$30", "2013-06-30": "$18", "2013-03-31": "$35", "2012-12-31": "$24", "2012-09-30": "$16", "2012-06-30": "$2", "2012-03-31": "$12", "2011-12-31": "$-0", "2011-09-30": "$-3", "2011-06-30": "$7", "2011-03-31": "$19", "2010-12-31": "$6", "2010-09-30": "$12", "2010-06-30": "$6", "2010-03-31": "$15", "2009-12-31": "$6", "2009-09-30": "$11", "2009-06-30": "$3", "2009-03-31": "$14", "2008-12-31": "$-0", "2008-09-30": "$1", "2008-06-30": "$4", "2008-03-31": "$13", "2007-12-31": "$5", "2007-09-30": "$10", "2007-06-30": "$2", "2007-03-31": "$16", "2006-12-31": "$-16", "2006-09-30": "$4", "2006-06-30": "$1", "2006-03-31": "$10", "2005-12-31": "$-14", "2005-09-30": "$1", "2005-06-30": "$2", "2005-03-31": "$9"}}, "eps-earnings-per-share-diluted": {"Equity Lifestyle Properties Annual EPS": {"2019": "$1.54", "2018": "$1.19", "2017": "$1.08", "2016": "$0.96", "2015": "$0.77", "2014": "$0.71", "2013": "$0.64", "2012": "$0.33", "2011": "$0.16", "2010": "$0.31", "2009": "$0.31", "2008": "$0.19", "2007": "$0.33", "2006": "$0.17", "2005": "$-0.03"}, "Equity Lifestyle Properties Quarterly EPS": {"2020-09-30": "$0.28", "2020-06-30": "$0.25", "2020-03-31": "$0.37", "2019-12-31": "$0.30", "2019-09-30": "$0.35", "2019-06-30": "$0.26", "2019-03-31": "$0.63", "2018-12-31": "$0.28", "2018-09-30": "$0.31", "2018-06-30": "$0.26", "2018-03-31": "$0.34", "2017-12-31": "$0.25", "2017-09-30": "$0.28", "2017-06-30": "$0.23", "2017-03-31": "$0.33", "2016-12-31": "$0.21", "2016-09-30": "$0.24", "2016-06-30": "$0.21", "2016-03-31": "$0.30", "2015-12-31": "$0.21", "2015-09-30": "$0.22", "2015-06-30": "$0.19", "2015-03-31": "$0.16", "2014-12-31": "$0.17", "2014-09-30": "$0.16", "2014-06-30": "$0.15", "2014-03-31": "$0.23", "2013-12-31": "$0.15", "2013-09-30": "$0.18", "2013-06-30": "$0.11", "2013-03-31": "$0.21", "2012-12-31": "$0.15", "2012-09-30": "$0.10", "2012-06-30": "$0.01", "2012-03-31": "$0.08", "2011-12-31": "$-0.03", "2011-09-30": "$-0.02", "2011-06-30": "$0.05", "2011-03-31": "$0.15", "2010-12-31": "$0.05", "2010-09-30": "$0.09", "2010-06-30": "$0.05", "2010-03-31": "$0.12", "2009-12-31": "$0.05", "2009-09-30": "$0.09", "2009-06-30": "$0.03", "2009-03-31": "$0.14", "2008-12-31": "$0.00", "2008-09-30": "$0.02", "2008-06-30": "$0.04", "2008-03-31": "$0.13", "2007-12-31": "$0.05", "2007-09-30": "$0.10", "2007-06-30": "$0.02", "2007-03-31": "$0.17", "2006-12-31": "$0.02", "2006-09-30": "$0.04", "2006-06-30": "$0.01", "2006-03-31": "$0.11", "2005-12-31": "$-0.16", "2005-09-30": "$0.01", "2005-06-30": "$0.03", "2005-03-31": "$0.09"}}, "shares-outstanding": {"Equity Lifestyle Properties Annual Shares Outstanding (Millions of Shares)": {"2019": "192", "2018": "190", "2017": "187", "2016": "185", "2015": "184", "2014": "183", "2013": "182", "2012": "182", "2011": "161", "2010": "142", "2009": "132", "2008": "122", "2007": "122", "2006": "121", "2005": "117"}, "Equity Lifestyle Properties Quarterly Shares Outstanding (Millions of Shares)": {"2020-09-30": "193", "2020-06-30": "193", "2020-03-31": "193", "2019-12-31": "192", "2019-09-30": "192", "2019-06-30": "192", "2019-03-31": "191", "2018-12-31": "190", "2018-09-30": "191", "2018-06-30": "189", "2018-03-31": "189", "2017-12-31": "187", "2017-09-30": "187", "2017-06-30": "186", "2017-03-31": "186", "2016-12-31": "185", "2016-09-30": "186", "2016-06-30": "185", "2016-03-31": "184", "2015-12-31": "184", "2015-09-30": "184", "2015-06-30": "184", "2015-03-31": "184", "2014-12-31": "183", "2014-09-30": "183", "2014-06-30": "183", "2014-03-31": "183", "2013-12-31": "182", "2013-09-30": "183", "2013-06-30": "182", "2013-03-31": "182", "2012-12-31": "182", "2012-09-30": "182", "2012-06-30": "182", "2012-03-31": "181", "2011-12-31": "161", "2011-09-30": "174", "2011-06-30": "149", "2011-03-31": "142", "2010-12-31": "142", "2010-09-30": "142", "2010-06-30": "142", "2010-03-31": "142", "2009-12-31": "132", "2009-09-30": "141", "2009-06-30": "123", "2009-03-31": "122", "2008-12-31": "122", "2008-09-30": "122", "2008-06-30": "122", "2008-03-31": "122", "2007-12-31": "122", "2007-09-30": "122", "2007-06-30": "122", "2007-03-31": "121", "2006-12-31": "121", "2006-09-30": "121", "2006-06-30": "121", "2006-03-31": "121", "2005-12-31": "117", "2005-09-30": "121", "2005-06-30": "120", "2005-03-31": "120"}}, "total-assets": {"Equity Lifestyle Properties Annual Total Assets (Millions of US $)": {"2019": "$4,151", "2018": "$3,926", "2017": "$3,610", "2016": "$3,479", "2015": "$3,400", "2014": "$3,446", "2013": "$3,392", "2012": "$3,398", "2011": "$3,496", "2010": "$2,048", "2009": "$2,166", "2008": "$2,092", "2007": "$2,034", "2006": "$2,056", "2005": "$1,949"}, "Equity Lifestyle Properties Quarterly Total Assets (Millions of US $)": {"2020-09-30": "$4,260", "2020-06-30": "$4,268", "2020-03-31": "$4,212", "2019-12-31": "$4,151", "2019-09-30": "$4,137", "2019-06-30": "$4,014", "2019-03-31": "$4,009", "2018-12-31": "$3,926", "2018-09-30": "$3,855", "2018-06-30": "$3,700", "2018-03-31": "$3,690", "2017-12-31": "$3,610", "2017-09-30": "$3,526", "2017-06-30": "$3,485", "2017-03-31": "$3,471", "2016-12-31": "$3,479", "2016-09-30": "$3,470", "2016-06-30": "$3,486", "2016-03-31": "$3,415", "2015-12-31": "$3,400", "2015-09-30": "$3,443", "2015-06-30": "$3,448", "2015-03-31": "$3,469", "2014-12-31": "$3,446", "2014-09-30": "$3,451", "2014-06-30": "$3,430", "2014-03-31": "$3,411", "2013-12-31": "$3,392", "2013-09-30": "$3,397", "2013-06-30": "$3,521", "2013-03-31": "$3,427", "2012-12-31": "$3,398", "2012-09-30": "$3,497", "2012-06-30": "$3,499", "2012-03-31": "$3,493", "2011-12-31": "$3,496", "2011-09-30": "$3,293", "2011-06-30": "$2,369", "2011-03-31": "$2,067", "2010-12-31": "$2,048", "2010-09-30": "$2,073", "2010-06-30": "$2,153", "2010-03-31": "$2,181", "2009-12-31": "$2,166", "2009-09-30": "$2,198", "2009-06-30": "$2,226", "2009-03-31": "$2,067", "2008-12-31": "$2,092", "2008-09-30": "$2,106", "2008-06-30": "$2,030", "2008-03-31": "$2,028", "2007-12-31": "$2,034", "2007-09-30": "$2,046", "2007-06-30": "$2,046", "2007-03-31": "$2,044", "2006-12-31": "$2,056", "2006-09-30": "$2,035", "2006-06-30": "$2,058", "2006-03-31": "$2,020", "2005-12-31": "$1,949", "2005-09-30": "$1,979", "2005-06-30": "$1,892", "2005-03-31": "$1,892"}}, "cash-on-hand": {"Equity Lifestyle Properties Annual Cash on Hand (Millions of US $)": {"2019": "$29", "2018": "$69", "2017": "$36", "2016": "$56", "2015": "$80", "2014": "$74", "2013": "$58", "2012": "$37", "2011": "$70", "2010": "$65", "2009": "$145", "2008": "$45", "2007": "$6", "2006": "$2", "2005": "$1"}, "Equity Lifestyle Properties Quarterly Cash on Hand (Millions of US $)": {"2020-09-30": "$114", "2020-06-30": "$120", "2020-03-31": "$97", "2019-12-31": "$29", "2019-09-30": "$42", "2019-06-30": "$90", "2019-03-31": "$144", "2018-12-31": "$69", "2018-09-30": "$112", "2018-06-30": "$46", "2018-03-31": "$74", "2017-12-31": "$36", "2017-09-30": "$77", "2017-06-30": "$68", "2017-03-31": "$73", "2016-12-31": "$56", "2016-09-30": "$69", "2016-06-30": "$75", "2016-03-31": "$97", "2015-12-31": "$80", "2015-09-30": "$89", "2015-06-30": "$85", "2015-03-31": "$103", "2014-12-31": "$74", "2014-09-30": "$109", "2014-06-30": "$85", "2014-03-31": "$56", "2013-12-31": "$58", "2013-09-30": "$52", "2013-06-30": "$178", "2013-03-31": "$82", "2012-12-31": "$37", "2012-09-30": "$148", "2012-06-30": "$135", "2012-03-31": "$103", "2011-12-31": "$70", "2011-09-30": "$213", "2011-06-30": "$85", "2011-03-31": "$92", "2010-12-31": "$65", "2010-09-30": "$81", "2010-06-30": "$152", "2010-03-31": "$172", "2009-12-31": "$145", "2009-09-30": "$160", "2009-06-30": "$174", "2009-03-31": "$17", "2008-12-31": "$45", "2008-09-30": "$53", "2008-06-30": "$11", "2008-03-31": "$3", "2007-12-31": "$6", "2007-09-30": "$4", "2007-06-30": "$1", "2007-03-31": "", "2006-12-31": "$2", "2006-09-30": "", "2006-06-30": "$1", "2006-03-31": "$0", "2005-12-31": "$1", "2005-09-30": "$9", "2005-06-30": "$7", "2005-03-31": "$8"}}, "long-term-debt": {"Equity Lifestyle Properties Annual Long Term Debt (Millions of US $)": {"2019": "$359", "2018": "$199", "2017": "$228", "2016": "$199", "2015": "$199", "2014": "$200", "2013": "$200", "2012": "$200", "2011": "$200", "2010": "$", "2009": "$", "2008": "$93", "2007": "$103", "2006": "$131", "2005": "$138"}, "Equity Lifestyle Properties Quarterly Long Term Debt (Millions of US $)": {"2020-09-30": "$50", "2020-06-30": "$249", "2020-03-31": "$199", "2019-12-31": "$359", "2019-09-30": "$319", "2019-06-30": "$199", "2019-03-31": "$199", "2018-12-31": "$199", "2018-09-30": "$279", "2018-06-30": "$198", "2018-03-31": "$198", "2017-12-31": "$228", "2017-09-30": "$200", "2017-06-30": "$199", "2017-03-31": "$199", "2016-12-31": "$199", "2016-09-30": "$199", "2016-06-30": "$199", "2016-03-31": "$199", "2015-12-31": "$199", "2015-09-30": "$200", "2015-06-30": "$200", "2015-03-31": "$200", "2014-12-31": "$200", "2014-09-30": "$200", "2014-06-30": "$200", "2014-03-31": "$200", "2013-12-31": "$200", "2013-09-30": "$200", "2013-06-30": "$200", "2013-03-31": "$200", "2012-12-31": "$200", "2012-09-30": "$200", "2012-06-30": "$200", "2012-03-31": "$200", "2011-12-31": "$200", "2011-09-30": "$200", "2011-06-30": "", "2011-03-31": "", "2010-12-31": "", "2010-09-30": "", "2010-06-30": "", "2010-03-31": "", "2009-12-31": "", "2009-09-30": "", "2009-06-30": "", "2009-03-31": "$1", "2008-12-31": "$93", "2008-09-30": "$116", "2008-06-30": "$62", "2008-03-31": "$82", "2007-12-31": "$103", "2007-09-30": "$98", "2007-06-30": "$99", "2007-03-31": "$96", "2006-12-31": "$131", "2006-09-30": "$115", "2006-06-30": "$148", "2006-03-31": "$119", "2005-12-31": "$138", "2005-09-30": "$181", "2005-06-30": "$151", "2005-03-31": "$202"}}, "total-liabilities": {"Equity Lifestyle Properties Annual Total Liabilities (Millions of US $)": {"2019": "$2,829", "2018": "$2,732", "2017": "$2,510", "2016": "$2,397", "2015": "$2,408", "2014": "$2,467", "2013": "$2,429", "2012": "$2,474", "2011": "$2,697", "2010": "$1,788", "2009": "$1,912", "2008": "$1,995", "2007": "$1,963", "2006": "$2,009", "2005": "$1,916"}, "Equity Lifestyle Properties Quarterly Total Liabilities (Millions of US $)": {"2020-09-30": "$2,961", "2020-06-30": "$2,961", "2020-03-31": "$2,892", "2019-12-31": "$2,829", "2019-09-30": "$2,818", "2019-06-30": "$2,707", "2019-03-31": "$2,752", "2018-12-31": "$2,732", "2018-09-30": "$2,665", "2018-06-30": "$2,598", "2018-03-31": "$2,589", "2017-12-31": "$2,510", "2017-09-30": "$2,511", "2017-06-30": "$2,386", "2017-03-31": "$2,371", "2016-12-31": "$2,397", "2016-09-30": "$2,396", "2016-06-30": "$2,420", "2016-03-31": "$2,400", "2015-12-31": "$2,408", "2015-09-30": "$2,454", "2015-06-30": "$2,466", "2015-03-31": "$2,490", "2014-12-31": "$2,467", "2014-09-30": "$2,475", "2014-06-30": "$2,455", "2014-03-31": "$2,436", "2013-12-31": "$2,429", "2013-09-30": "$2,438", "2013-06-30": "$2,582", "2013-03-31": "$2,485", "2012-12-31": "$2,474", "2012-09-30": "$2,516", "2012-06-30": "$2,520", "2012-03-31": "$2,698", "2011-12-31": "$2,697", "2011-09-30": "$2,593", "2011-06-30": "$1,761", "2011-03-31": "$1,797", "2010-12-31": "$1,788", "2010-09-30": "$1,809", "2010-06-30": "$1,893", "2010-03-31": "$1,920", "2009-12-31": "$1,912", "2009-09-30": "$1,941", "2009-06-30": "$1,975", "2009-03-31": "$1,961", "2008-12-31": "$1,995", "2008-09-30": "$2,024", "2008-06-30": "$1,947", "2008-03-31": "$1,946", "2007-12-31": "$1,963", "2007-09-30": "$1,977", "2007-06-30": "$1,984", "2007-03-31": "$1,981", "2006-12-31": "$2,009", "2006-09-30": "$1,988", "2006-06-30": "$2,015", "2006-03-31": "$1,978", "2005-12-31": "$1,916", "2005-09-30": "$1,933", "2005-06-30": "$1,848", "2005-03-31": "$1,851"}}, "total-share-holder-equity": {"Equity Lifestyle Properties Annual Share Holder Equity (Millions of US $)": {"2019": "$1,322", "2018": "$1,193", "2017": "$1,100", "2016": "$1,082", "2015": "$993", "2014": "$979", "2013": "$963", "2012": "$924", "2011": "$799", "2010": "$260", "2009": "$254", "2008": "$96", "2007": "$71", "2006": "$47", "2005": "$33"}, "Equity Lifestyle Properties Quarterly Share Holder Equity (Millions of US $)": {"2020-09-30": "$1,299", "2020-06-30": "$1,307", "2020-03-31": "$1,321", "2019-12-31": "$1,322", "2019-09-30": "$1,320", "2019-06-30": "$1,307", "2019-03-31": "$1,257", "2018-12-31": "$1,193", "2018-09-30": "$1,191", "2018-06-30": "$1,102", "2018-03-31": "$1,101", "2017-12-31": "$1,100", "2017-09-30": "$1,015", "2017-06-30": "$1,099", "2017-03-31": "$1,100", "2016-12-31": "$1,082", "2016-09-30": "$1,075", "2016-06-30": "$1,066", "2016-03-31": "$1,015", "2015-12-31": "$993", "2015-09-30": "$989", "2015-06-30": "$982", "2015-03-31": "$979", "2014-12-31": "$979", "2014-09-30": "$977", "2014-06-30": "$975", "2014-03-31": "$975", "2013-12-31": "$963", "2013-09-30": "$960", "2013-06-30": "$939", "2013-03-31": "$941", "2012-12-31": "$924", "2012-09-30": "$981", "2012-06-30": "$979", "2012-03-31": "$794", "2011-12-31": "$799", "2011-09-30": "$700", "2011-06-30": "$608", "2011-03-31": "$270", "2010-12-31": "$260", "2010-09-30": "$264", "2010-06-30": "$260", "2010-03-31": "$261", "2009-12-31": "$254", "2009-09-30": "$257", "2009-06-30": "$251", "2009-03-31": "$106", "2008-12-31": "$96", "2008-09-30": "$82", "2008-06-30": "$83", "2008-03-31": "$82", "2007-12-31": "$71", "2007-09-30": "$70", "2007-06-30": "$62", "2007-03-31": "$63", "2006-12-31": "$47", "2006-09-30": "$47", "2006-06-30": "$43", "2006-03-31": "$42", "2005-12-31": "$33", "2005-09-30": "$46", "2005-06-30": "$44", "2005-03-31": "$42"}}, "profit-margins": {"current": "20.91%"}, "gross margin": {"2020-09-30": "51.86%", "2020-06-30": "52.54%", "2020-03-31": "52.65%", "2019-12-31": "53.04%", "2019-09-30": "53.28%", "2019-06-30": "53.23%", "2019-03-31": "53.20%", "2018-12-31": "52.58%", "2018-09-30": "51.64%", "2018-06-30": "51.20%", "2018-03-31": "51.22%", "2017-12-31": "51.57%", "2017-09-30": "52.37%", "2017-06-30": "52.52%", "2017-03-31": "52.61%", "2016-12-31": "52.53%", "2016-09-30": "52.56%", "2016-06-30": "52.61%", "2016-03-31": "52.70%", "2015-12-31": "52.62%", "2015-09-30": "52.66%", "2015-06-30": "52.50%", "2015-03-31": "52.54%", "2014-12-31": "52.38%", "2014-09-30": "52.34%", "2014-06-30": "52.72%", "2014-03-31": "52.76%", "2013-12-31": "52.88%", "2013-09-30": "52.89%", "2013-06-30": "53.16%", "2013-03-31": "53.28%", "2012-12-31": "53.36%", "2012-09-30": "53.26%", "2012-06-30": "53.09%", "2012-03-31": "52.49%", "2011-12-31": "51.65%", "2011-09-30": "51.62%", "2011-06-30": "50.76%", "2011-03-31": "50.58%", "2010-12-31": "50.48%", "2010-09-30": "50.39%", "2010-06-30": "49.90%", "2010-03-31": "49.90%", "2009-12-31": "49.60%", "2009-09-30": "49.80%", "2009-06-30": "49.90%", "2009-03-31": "50.00%", "2008-12-31": "50.32%", "2008-09-30": "49.88%", "2008-06-30": "50.60%", "2008-03-31": "50.72%", "2007-12-31": "50.72%", "2007-09-30": "49.76%", "2007-06-30": "49.16%", "2007-03-31": "48.57%", "2006-12-31": "48.18%", "2006-09-30": "47.10%", "2006-06-30": "47.15%", "2006-03-31": "47.33%", "2005-12-31": "47.67%"}, "operating margin": {"2020-09-30": "31.73%", "2020-06-30": "32.52%", "2020-03-31": "32.61%", "2019-12-31": "32.79%", "2019-09-30": "33.10%", "2019-06-30": "32.97%", "2019-03-31": "33.20%", "2018-12-31": "33.23%", "2018-09-30": "33.26%", "2018-06-30": "33.16%", "2018-03-31": "33.33%", "2017-12-31": "33.62%", "2017-09-30": "33.11%", "2017-06-30": "32.92%", "2017-03-31": "32.99%", "2016-12-31": "32.99%", "2016-09-30": "33.22%", "2016-06-30": "33.14%", "2016-03-31": "33.13%", "2015-12-31": "32.76%", "2015-09-30": "33.13%", "2015-06-30": "32.88%", "2015-03-31": "32.87%", "2014-12-31": "32.56%", "2014-09-30": "32.42%", "2014-06-30": "32.58%", "2014-03-31": "32.03%", "2013-12-31": "32.05%", "2013-09-30": "32.30%", "2013-06-30": "31.61%", "2013-03-31": "29.84%", "2012-12-31": "27.34%", "2012-09-30": "24.93%", "2012-06-30": "21.87%", "2012-03-31": "22.79%", "2011-12-31": "24.26%", "2011-09-30": "24.91%", "2011-06-30": "28.63%", "2011-03-31": "28.85%", "2010-12-31": "28.82%", "2010-09-30": "30.81%", "2010-06-30": "30.14%", "2010-03-31": "30.06%", "2009-12-31": "29.17%", "2009-09-30": "29.49%", "2009-06-30": "28.97%", "2009-03-31": "28.57%", "2008-12-31": "28.94%", "2008-09-30": "27.27%", "2008-06-30": "28.16%", "2008-03-31": "28.71%", "2007-12-31": "29.09%", "2007-09-30": "42.31%", "2007-06-30": "41.97%", "2007-03-31": "41.43%", "2006-12-31": "41.40%", "2006-09-30": "41.79%", "2006-06-30": "42.18%", "2006-03-31": "42.75%", "2005-12-31": "43.26%"}, "ebitda margin": {"2020-09-30": "46.66%", "2020-06-30": "47.46%", "2020-03-31": "47.64%", "2019-12-31": "48.02%", "2019-09-30": "47.99%", "2019-06-30": "47.86%", "2019-03-31": "47.80%", "2018-12-31": "47.32%", "2018-09-30": "47.13%", "2018-06-30": "46.72%", "2018-03-31": "46.75%", "2017-12-31": "47.03%", "2017-09-30": "46.86%", "2017-06-30": "46.92%", "2017-03-31": "47.05%", "2016-12-31": "47.01%", "2016-09-30": "46.50%", "2016-06-30": "46.79%", "2016-03-31": "47.06%", "2015-12-31": "47.02%", "2015-09-30": "48.45%", "2015-06-30": "48.25%", "2015-03-31": "48.48%", "2014-12-31": "48.39%", "2014-09-30": "48.18%", "2014-06-30": "48.21%", "2014-03-31": "48.05%", "2013-12-31": "48.08%", "2013-09-30": "48.66%", "2013-06-30": "49.28%", "2013-03-31": "49.93%", "2012-12-31": "50.15%", "2012-09-30": "50.30%", "2012-06-30": "47.96%", "2012-03-31": "46.39%", "2011-12-31": "45.41%", "2011-09-30": "43.32%", "2011-06-30": "45.04%", "2011-03-31": "45.38%", "2010-12-31": "45.26%", "2010-09-30": "46.51%", "2010-06-30": "45.99%", "2010-03-31": "45.78%", "2009-12-31": "45.04%", "2009-09-30": "45.31%", "2009-06-30": "44.87%", "2009-03-31": "44.96%", "2008-12-31": "45.36%", "2008-09-30": "44.52%", "2008-06-30": "45.58%", "2008-03-31": "45.93%", "2007-12-31": "46.39%", "2007-09-30": "59.38%", "2007-06-30": "58.75%", "2007-03-31": "57.86%", "2006-12-31": "57.63%", "2006-09-30": "57.73%", "2006-06-30": "58.31%", "2006-03-31": "58.78%", "2005-12-31": "59.33%"}, "pre tax profit margin": {"2020-09-30": "21.15%", "2020-06-30": "22.56%", "2020-03-31": "22.50%", "2019-12-31": "27.77%", "2019-09-30": "27.72%", "2019-06-30": "27.51%", "2019-03-31": "27.90%", "2018-12-31": "22.49%", "2018-09-30": "22.38%", "2018-06-30": "22.21%", "2018-03-31": "22.15%", "2017-12-31": "22.27%", "2017-09-30": "22.00%", "2017-06-30": "21.50%", "2017-03-31": "21.54%", "2016-12-31": "21.15%", "2016-09-30": "20.98%", "2016-06-30": "20.90%", "2016-03-31": "20.53%", "2015-12-31": "17.78%", "2015-09-30": "17.06%", "2015-06-30": "15.75%", "2015-03-31": "15.10%", "2014-12-31": "16.99%", "2014-09-30": "17.32%", "2014-06-30": "12.72%", "2014-03-31": "11.44%", "2013-12-31": "10.55%", "2013-09-30": "9.73%", "2013-06-30": "13.65%", "2013-03-31": "11.94%", "2012-12-31": "9.36%", "2012-09-30": "6.82%", "2012-06-30": "4.22%", "2012-03-31": "5.46%", "2011-12-31": "7.28%", "2011-09-30": "8.48%", "2011-06-30": "12.02%", "2011-03-31": "12.12%", "2010-12-31": "11.41%", "2010-09-30": "11.43%", "2010-06-30": "10.57%", "2010-03-31": "9.82%", "2009-12-31": "9.52%", "2009-09-30": "8.40%", "2009-06-30": "7.44%", "2009-03-31": "7.77%", "2008-12-31": "7.78%", "2008-09-30": "10.02%", "2008-06-30": "10.74%", "2008-03-31": "10.53%", "2007-12-31": "10.34%", "2007-09-30": "3.85%", "2007-06-30": "3.84%", "2007-03-31": "3.33%", "2006-12-31": "2.66%", "2006-09-30": "3.14%", "2006-06-30": "1.99%", "2006-03-31": "1.78%", "2005-12-31": "1.30%"}, "net profit margin": {"2020-09-30": "20.32%", "2020-06-30": "21.80%", "2020-03-31": "21.93%", "2019-12-31": "26.81%", "2019-09-30": "26.74%", "2019-06-30": "26.32%", "2019-03-31": "26.50%", "2018-12-31": "21.48%", "2018-09-30": "21.25%", "2018-06-30": "20.86%", "2018-03-31": "20.55%", "2017-12-31": "20.54%", "2017-09-30": "20.02%", "2017-06-30": "19.48%", "2017-03-31": "19.27%", "2016-12-31": "18.85%", "2016-09-30": "18.88%", "2016-06-30": "18.76%", "2016-03-31": "18.61%", "2015-12-31": "15.96%", "2015-09-30": "15.45%", "2015-06-30": "14.25%", "2015-03-31": "13.58%", "2014-12-31": "15.19%", "2014-09-30": "14.71%", "2014-06-30": "15.50%", "2014-03-31": "14.80%", "2013-12-31": "14.66%", "2013-09-30": "15.09%", "2013-06-30": "13.36%", "2013-03-31": "11.21%", "2012-12-31": "7.89%", "2012-09-30": "4.45%", "2012-06-30": "1.66%", "2012-03-31": "2.57%", "2011-12-31": "3.99%", "2011-09-30": "5.23%", "2011-06-30": "8.40%", "2011-03-31": "8.27%", "2010-12-31": "7.54%", "2010-09-30": "7.56%", "2010-06-30": "7.44%", "2010-03-31": "6.88%", "2009-12-31": "6.75%", "2009-09-30": "5.47%", "2009-06-30": "3.62%", "2009-03-31": "3.99%", "2008-12-31": "3.89%", "2008-09-30": "5.36%", "2008-06-30": "7.64%", "2008-03-31": "7.18%", "2007-12-31": "7.93%", "2007-09-30": "2.88%", "2007-06-30": "1.44%", "2007-03-31": "1.19%", "2006-12-31": "-0.24%", "2006-09-30": "0.24%", "2006-06-30": "-0.50%", "2006-03-31": "-0.25%", "2005-12-31": "-0.52%"}, "pe ratio": {"current": "28.80", "2021-02-05": "52.33", "2020-09-30": "50.80", "2020-06-30": "48.65", "2020-03-31": "44.34", "2019-12-31": "44.81", "2019-09-30": "42.90", "2019-06-30": "39.71", "2019-03-31": "37.09", "2018-12-31": "38.96", "2018-09-30": "39.29", "2018-06-30": "38.36", "2018-03-31": "37.58", "2017-12-31": "38.40", "2017-09-30": "37.90", "2017-06-30": "39.76", "2017-03-31": "35.82", "2016-12-31": "34.17", "2016-09-30": "36.73", "2016-06-30": "38.91", "2016-03-31": "35.93", "2015-12-31": "38.69", "2015-09-30": "35.17", "2015-06-30": "34.13", "2015-03-31": "37.64", "2014-12-31": "31.61", "2014-09-30": "26.95", "2014-06-30": "26.89", "2014-03-31": "26.25", "2013-12-31": "23.93", "2013-09-30": "22.41", "2013-06-30": "29.25", "2013-03-31": "34.02", "2012-12-31": "41.63", "2012-09-30": "74.25", "2012-06-30": "200.08", "2012-03-31": "130.87", "2011-12-31": "72.26", "2011-09-30": "54.34", "2011-06-30": "36.39", "2011-03-31": "33.40", "2010-12-31": "35.30", "2010-09-30": "33.40", "2010-06-30": "29.40", "2010-03-31": "35.14", "2009-12-31": "31.41", "2009-09-30": "31.92", "2009-06-30": "39.57", "2009-03-31": "37.13", "2008-12-31": "38.13", "2008-09-30": "41.83", "2008-06-30": "25.59", "2008-03-31": "31.03", "2007-12-31": "25.54", "2007-09-30": "31.79", "2007-06-30": "40.00", "2007-03-31": "42.16", "2006-12-31": "57.11"}, "price sales": {"2021-02-05": "11.21", "2020-09-30": "10.88", "2020-06-30": "11.17", "2020-03-31": "10.26", "2019-12-31": "12.73", "2019-09-30": "12.17", "2019-06-30": "11.14", "2019-03-31": "10.48", "2018-12-31": "8.95", "2018-09-30": "8.93", "2018-06-30": "8.54", "2018-03-31": "8.24", "2017-12-31": "8.39", "2017-09-30": "8.10", "2017-06-30": "8.30", "2017-03-31": "7.45", "2016-12-31": "7.00", "2016-09-30": "7.55", "2016-06-30": "7.91", "2016-03-31": "7.21", "2015-12-31": "6.66", "2015-09-30": "5.89", "2015-06-30": "5.31", "2015-03-31": "5.59", "2014-12-31": "5.28", "2014-09-30": "4.37", "2014-06-30": "4.59", "2014-03-31": "4.26", "2013-12-31": "3.83", "2013-09-30": "3.69", "2013-06-30": "4.29", "2013-03-31": "4.21", "2012-12-31": "3.67", "2012-09-30": "3.64", "2012-06-30": "3.69", "2012-03-31": "3.77", "2011-12-31": "3.64", "2011-09-30": "3.43", "2011-06-30": "3.39", "2011-03-31": "3.10", "2010-12-31": "3.01", "2010-09-30": "2.86", "2010-06-30": "2.54", "2010-03-31": "2.74", "2009-12-31": "2.48", "2009-09-30": "2.02", "2009-06-30": "1.73", "2009-03-31": "1.83", "2008-12-31": "1.88", "2008-09-30": "2.79", "2008-06-30": "2.36", "2008-03-31": "2.64", "2007-12-31": "2.45", "2007-09-30": "2.76", "2007-06-30": "2.76", "2007-03-31": "2.83", "2006-12-31": "2.88"}, "price book": {"current": "8.81", "2021-02-05": "8.81", "2020-09-30": "8.55", "2020-06-30": "8.61", "2020-03-31": "7.79", "2019-12-31": "9.48", "2019-09-30": "8.97", "2019-06-30": "8.18", "2019-03-31": "7.88", "2018-12-31": "7.02", "2018-09-30": "6.93", "2018-06-30": "7.02", "2018-03-31": "6.66", "2017-12-31": "6.71", "2017-09-30": "6.83", "2017-06-30": "6.32", "2017-03-31": "5.60", "2016-12-31": "5.21", "2016-09-30": "5.57", "2016-06-30": "5.79", "2016-03-31": "5.45", "2015-12-31": "5.06", "2015-09-30": "4.44", "2015-06-30": "3.99", "2015-03-31": "4.14", "2014-12-31": "3.85", "2014-09-30": "3.15", "2014-06-30": "3.26", "2014-03-31": "2.96", "2013-12-31": "2.65", "2013-09-30": "2.49", "2013-06-30": "2.91", "2013-03-31": "2.82", "2012-12-31": "2.49", "2012-09-30": "2.35", "2012-06-30": "2.36", "2012-03-31": "2.93", "2011-12-31": "2.75", "2011-09-30": "2.80", "2011-06-30": "3.04", "2011-03-31": "5.25", "2010-12-31": "5.21", "2010-09-30": "4.95", "2010-06-30": "4.41", "2010-03-31": "4.84", "2009-12-31": "4.61", "2009-09-30": "3.84", "2009-06-30": "3.35", "2009-03-31": "6.78", "2008-12-31": "7.44", "2008-09-30": "11.90", "2008-06-30": "9.66", "2008-03-31": "10.85", "2007-12-31": "11.48", "2007-09-30": "13.25", "2007-06-30": "14.86", "2007-03-31": "15.13", "2006-12-31": "20.01", "2006-09-30": "16.61", "2006-06-30": "17.31", "2006-03-31": "19.77"}, "price fcf": {"2021-02-05": "", "2020-09-30": "$1.11", "2020-06-30": "$0.24", "2020-03-31": "$0.09", "2019-12-31": "$0.41", "2019-09-30": "$-0.03", "2019-06-30": "$0.33", "2019-03-31": "$0.24", "2018-12-31": "$-0.01", "2018-09-30": "$-0.19", "2018-06-30": "$0.28", "2018-03-31": "$0.62", "2017-12-31": "$0.62", "2017-09-30": "$1.28", "2017-06-30": "$1.28", "2017-03-31": "$0.82", "2016-12-31": "$0.73", "2016-09-30": "$0.80", "2016-06-30": "$0.56", "2016-03-31": "$1.23", "2015-12-31": "$1.28", "2015-09-30": "$1.46", "2015-06-30": "$1.65", "2015-03-31": "$1.30", "2014-12-31": "$1.13", "2014-09-30": "$0.95", "2014-06-30": "$1.20", "2014-03-31": "$1.19", "2013-12-31": "$1.27", "2013-09-30": "$1.09", "2013-06-30": "$0.81", "2013-03-31": "$0.81", "2012-12-31": "$0.80", "2012-09-30": "$-0.33", "2012-06-30": "$-1.25", "2012-03-31": "$-3.34", "2011-12-31": "$-3.33", "2011-09-30": "$-2.17", "2011-06-30": "$-1.29", "2011-03-31": "$0.83", "2010-12-31": "$0.81", "2010-09-30": "$1.03", "2010-06-30": "$1.01", "2010-03-31": "$1.01", "2009-12-31": "$1.10", "2009-09-30": "$0.73", "2009-06-30": "$0.78", "2009-03-31": "$0.82", "2008-12-31": "$0.71", "2008-09-30": "$0.77", "2008-06-30": "$0.91", "2008-03-31": "$0.71", "2007-12-31": "$0.76", "2007-09-30": "$0.67", "2007-06-30": "$0.58", "2007-03-31": "$0.39", "2006-12-31": "$0.26"}, "net worth": {"value": "$11.44B"}, "current ratio": {"2020-09-30": "0.06", "2020-06-30": "0.07", "2020-03-31": "0.06", "2019-12-31": "0.03", "2019-09-30": "0.04", "2019-06-30": "0.06", "2019-03-31": "0.08", "2018-12-31": "0.05", "2018-09-30": "0.07", "2018-06-30": "0.04", "2018-03-31": "0.05", "2017-12-31": "0.04", "2017-09-30": "0.06", "2017-06-30": "0.06", "2017-03-31": "0.06", "2016-12-31": "0.05", "2016-09-30": "0.05", "2016-06-30": "0.05", "2016-03-31": "0.07", "2015-12-31": "0.06", "2015-09-30": "0.06", "2015-06-30": "0.06", "2015-03-31": "0.07", "2014-12-31": "0.05", "2014-09-30": "0.07", "2014-06-30": "0.06", "2014-03-31": "0.05", "2013-12-31": "0.05", "2013-09-30": "0.05", "2013-06-30": "0.10", "2013-03-31": "0.06", "2012-12-31": "0.04", "2012-09-30": "0.09", "2012-06-30": "0.09", "2012-03-31": "0.08", "2011-12-31": "0.06", "2011-09-30": "0.14", "2011-06-30": "0.08", "2011-03-31": "0.08", "2010-12-31": "0.06", "2010-09-30": "0.07", "2010-06-30": "0.11", "2010-03-31": "0.13", "2009-12-31": "0.11", "2009-09-30": "0.11", "2009-06-30": "0.12", "2009-03-31": "0.03", "2008-12-31": "0.05", "2008-09-30": "0.05", "2008-06-30": "0.01", "2008-03-31": "0.01", "2007-12-31": "0.01", "2007-09-30": "0.01", "2007-06-30": "0.01", "2007-03-31": "0.01", "2006-12-31": "0.02", "2006-09-30": "0.01", "2006-06-30": "0.02", "2006-03-31": "0.01", "2005-12-31": "0.01", "2005-09-30": "0.02", "2005-06-30": "0.01", "2005-03-31": "0.02"}, "quick ratio": {"2020-09-30": "0.00", "2020-06-30": "0.00", "2020-03-31": "0.00", "2019-12-31": "0.00", "2019-09-30": "0.00", "2019-06-30": "0.00", "2019-03-31": "0.00", "2018-12-31": "0.00", "2018-09-30": "0.00", "2018-06-30": "0.00", "2018-03-31": "0.00", "2017-12-31": "0.00", "2017-09-30": "0.00", "2017-06-30": "0.00", "2017-03-31": "0.00", "2016-12-31": "0.00", "2016-09-30": "0.00", "2016-06-30": "0.00", "2016-03-31": "0.00", "2015-12-31": "0.00", "2015-09-30": "0.00", "2015-06-30": "0.00", "2015-03-31": "0.00", "2014-12-31": "0.00", "2014-09-30": "0.00", "2014-06-30": "0.00", "2014-03-31": "0.00", "2013-12-31": "0.00", "2013-09-30": "0.00", "2013-06-30": "0.00", "2013-03-31": "0.00", "2012-12-31": "0.00", "2012-09-30": "0.00", "2012-06-30": "0.00", "2012-03-31": "0.00", "2011-12-31": "0.00", "2011-09-30": "0.00", "2011-06-30": "0.00", "2011-03-31": "0.00", "2010-12-31": "0.00", "2010-09-30": "0.00", "2010-06-30": "0.00", "2010-03-31": "0.00", "2009-12-31": "0.00", "2009-09-30": "0.00", "2009-06-30": "0.00", "2009-03-31": "0.00", "2008-12-31": "0.00", "2008-09-30": "0.00", "2008-06-30": "0.00", "2008-03-31": "0.00", "2007-12-31": "0.00", "2007-09-30": "0.00", "2007-06-30": "0.00", "2007-03-31": "0.00", "2006-12-31": "0.00", "2006-09-30": "0.00", "2006-06-30": "0.00", "2006-03-31": "0.00", "2005-12-31": "0.00", "2005-09-30": "0.00", "2005-06-30": "0.00", "2005-03-31": "0.00"}, "debt equity ratio": {"current": "0.04", "2020-09-30": "2.28", "2020-06-30": "2.27", "2020-03-31": "2.19", "2019-12-31": "2.14", "2019-09-30": "2.14", "2019-06-30": "2.07", "2019-03-31": "2.19", "2018-12-31": "2.29", "2018-09-30": "2.24", "2018-06-30": "2.36", "2018-03-31": "2.35", "2017-12-31": "2.28", "2017-09-30": "2.47", "2017-06-30": "2.17", "2017-03-31": "2.16", "2016-12-31": "2.22", "2016-09-30": "2.23", "2016-06-30": "2.27", "2016-03-31": "2.36", "2015-12-31": "2.43", "2015-09-30": "2.48", "2015-06-30": "2.51", "2015-03-31": "2.54", "2014-12-31": "2.52", "2014-09-30": "2.53", "2014-06-30": "2.52", "2014-03-31": "2.50", "2013-12-31": "2.52", "2013-09-30": "2.54", "2013-06-30": "2.75", "2013-03-31": "2.64", "2012-12-31": "2.68", "2012-09-30": "2.57", "2012-06-30": "2.57", "2012-03-31": "3.40", "2011-12-31": "3.37", "2011-09-30": "3.70", "2011-06-30": "2.90", "2011-03-31": "6.66", "2010-12-31": "6.87", "2010-09-30": "6.85", "2010-06-30": "7.29", "2010-03-31": "7.36", "2009-12-31": "7.52", "2009-09-30": "7.54", "2009-06-30": "7.88", "2009-03-31": "18.41", "2008-12-31": "20.74", "2008-09-30": "24.66", "2008-06-30": "23.49", "2008-03-31": "23.69", "2007-12-31": "27.67", "2007-09-30": "28.43", "2007-06-30": "31.87", "2007-03-31": "31.45", "2006-12-31": "42.63", "2006-09-30": "42.38", "2006-06-30": "47.15", "2006-03-31": "46.66", "2005-12-31": "58.94", "2005-09-30": "42.09", "2005-06-30": "41.68", "2005-03-31": "44.43"}, "return on equity": {"2020-09-30": "16.69%", "2020-06-30": "17.61%", "2020-03-31": "17.61%", "2019-12-31": "21.36%", "2019-09-30": "21.51%", "2019-06-30": "21.42%", "2019-03-31": "22.35%", "2018-12-31": "18.49%", "2018-09-30": "18.42%", "2018-06-30": "18.53%", "2018-03-31": "17.89%", "2017-12-31": "17.62%", "2017-09-30": "16.95%", "2017-06-30": "15.98%", "2017-03-31": "15.73%", "2016-12-31": "15.48%", "2016-09-30": "15.62%", "2016-06-30": "15.56%", "2016-03-31": "15.58%", "2015-12-31": "13.29%", "2015-09-30": "12.73%", "2015-06-30": "11.64%", "2015-03-31": "10.95%", "2014-12-31": "12.08%", "2014-09-30": "11.62%", "2014-06-30": "12.08%", "2014-03-31": "11.47%", "2013-12-31": "11.25%", "2013-09-30": "11.37%", "2013-06-30": "9.83%", "2013-03-31": "8.05%", "2012-12-31": "5.87%", "2012-09-30": "3.38%", "2012-06-30": "1.34%", "2012-03-31": "2.21%", "2011-12-31": "3.87%", "2011-09-30": "6.31%", "2011-06-30": "12.55%", "2011-03-31": "16.32%", "2010-12-31": "14.93%", "2010-09-30": "15.01%", "2010-06-30": "14.73%", "2010-03-31": "13.69%", "2009-12-31": "15.67%", "2009-09-30": "15.77%", "2009-06-30": "13.46%", "2009-03-31": "20.71%", "2008-12-31": "20.99%", "2008-09-30": "28.93%", "2008-06-30": "41.83%", "2008-03-31": "42.11%", "2007-12-31": "49.62%", "2007-09-30": "19.83%", "2007-06-30": "10.96%", "2007-03-31": "10.00%", "2006-12-31": "-2.23%", "2006-09-30": "2.42%", "2006-06-30": "-4.88%", "2006-03-31": "-2.42%", "2005-12-31": "-4.85%"}, "return on assets": {"2020-09-30": "5.19%", "2020-06-30": "5.53%", "2020-03-31": "5.62%", "2019-12-31": "6.82%", "2019-09-30": "6.79%", "2019-06-30": "6.71%", "2019-03-31": "6.84%", "2018-12-31": "5.59%", "2018-09-30": "5.57%", "2018-06-30": "5.51%", "2018-03-31": "5.39%", "2017-12-31": "5.39%", "2017-09-30": "5.21%", "2017-06-30": "5.01%", "2017-03-31": "4.89%", "2016-12-31": "4.74%", "2016-09-30": "4.71%", "2016-06-30": "4.60%", "2016-03-31": "4.52%", "2015-12-31": "3.81%", "2015-09-30": "3.62%", "2015-06-30": "3.30%", "2015-03-31": "3.10%", "2014-12-31": "3.44%", "2014-09-30": "3.30%", "2014-06-30": "3.43%", "2014-03-31": "3.21%", "2013-12-31": "3.12%", "2013-09-30": "3.11%", "2013-06-30": "2.69%", "2013-03-31": "2.23%", "2012-12-31": "1.56%", "2012-09-30": "0.86%", "2012-06-30": "0.32%", "2012-03-31": "0.51%", "2011-12-31": "0.82%", "2011-09-30": "1.19%", "2011-06-30": "2.06%", "2011-03-31": "2.06%", "2010-12-31": "1.85%", "2010-09-30": "1.82%", "2010-06-30": "1.75%", "2010-03-31": "1.60%", "2009-12-31": "1.57%", "2009-09-30": "1.30%", "2009-06-30": "0.85%", "2009-03-31": "0.92%", "2008-12-31": "0.87%", "2008-09-30": "1.12%", "2008-06-30": "1.57%", "2008-03-31": "1.47%", "2007-12-31": "1.62%", "2007-09-30": "0.59%", "2007-06-30": "0.29%", "2007-03-31": "0.24%", "2006-12-31": "-0.05%", "2006-09-30": "0.05%", "2006-06-30": "-0.10%", "2006-03-31": "-0.05%", "2005-12-31": "-0.10%"}, "return on investments": {"2020-09-30": "22.40%", "2020-06-30": "21.64%", "2020-03-31": "21.75%", "2019-12-31": "21.65%", "2019-09-30": "22.56%", "2019-06-30": "22.81%", "2019-03-31": "23.64%", "2018-12-31": "24.02%", "2018-09-30": "24.01%", "2018-06-30": "24.73%", "2018-03-31": "24.35%", "2017-12-31": "24.20%", "2017-09-30": "23.64%", "2017-06-30": "22.82%", "2017-03-31": "22.74%", "2016-12-31": "22.80%", "2016-09-30": "23.05%", "2016-06-30": "22.96%", "2016-03-31": "23.11%", "2015-12-31": "22.69%", "2015-09-30": "22.67%", "2015-06-30": "22.30%", "2015-03-31": "22.00%", "2014-12-31": "21.50%", "2014-09-30": "21.24%", "2014-06-30": "21.06%", "2014-03-31": "20.53%", "2013-12-31": "20.33%", "2013-09-30": "20.07%", "2013-06-30": "19.19%", "2013-03-31": "17.73%", "2012-12-31": "16.70%", "2012-09-30": "15.44%", "2012-06-30": "14.24%", "2012-03-31": "19.63%", "2011-12-31": "29.49%", "2011-09-30": "61.33%", "2011-06-30": "inf%", "2011-03-31": "inf%", "2010-12-31": "inf%", "2010-09-30": "inf%", "2010-06-30": "inf%", "2010-03-31": "inf%", "2009-12-31": "544.44%", "2009-09-30": "203.37%", "2009-06-30": "116.36%", "2009-03-31": "85.13%", "2008-12-31": "77.12%", "2008-09-30": "68.82%", "2008-06-30": "72.73%", "2008-03-31": "72.07%", "2007-12-31": "73.22%", "2007-09-30": "105.86%", "2007-06-30": "106.06%", "2007-03-31": "100.87%", "2006-12-31": "98.84%", "2006-09-30": "101.17%", "2006-06-30": "90.79%", "2006-03-31": "89.24%", "2005-12-31": "80.00%"}, "return on tangible equity": {"2020-09-30": "16.69%", "2020-06-30": "17.61%", "2020-03-31": "17.61%", "2019-12-31": "21.36%", "2019-09-30": "21.51%", "2019-06-30": "21.42%", "2019-03-31": "22.35%", "2018-12-31": "18.49%", "2018-09-30": "18.42%", "2018-06-30": "18.53%", "2018-03-31": "17.89%", "2017-12-31": "17.62%", "2017-09-30": "16.95%", "2017-06-30": "15.98%", "2017-03-31": "15.73%", "2016-12-31": "15.48%", "2016-09-30": "15.62%", "2016-06-30": "15.56%", "2016-03-31": "15.58%", "2015-12-31": "13.29%", "2015-09-30": "12.73%", "2015-06-30": "11.64%", "2015-03-31": "10.95%", "2014-12-31": "12.08%", "2014-09-30": "11.62%", "2014-06-30": "12.08%", "2014-03-31": "11.47%", "2013-12-31": "11.25%", "2013-09-30": "11.37%", "2013-06-30": "9.83%", "2013-03-31": "8.05%", "2012-12-31": "5.87%", "2012-09-30": "3.38%", "2012-06-30": "1.34%", "2012-03-31": "2.21%", "2011-12-31": "3.87%", "2011-09-30": "6.31%", "2011-06-30": "12.55%", "2011-03-31": "16.32%", "2010-12-31": "14.93%", "2010-09-30": "15.01%", "2010-06-30": "14.73%", "2010-03-31": "13.69%", "2009-12-31": "15.67%", "2009-09-30": "15.77%", "2009-06-30": "13.46%", "2009-03-31": "20.71%", "2008-12-31": "20.99%", "2008-09-30": "28.93%", "2008-06-30": "41.83%", "2008-03-31": "42.11%", "2007-12-31": "49.62%", "2007-09-30": "19.83%", "2007-06-30": "10.96%", "2007-03-31": "10.00%", "2006-12-31": "-2.23%", "2006-09-30": "2.42%", "2006-06-30": "-4.88%", "2006-03-31": "-2.42%", "2005-12-31": "-4.85%"}, "dividend yield history": {"last payout": "$1.37", "last yield": "2.18%"}}