{"ticker": "ERIE", "price": {"title": "Erie Indemnity Historical Annual Stock Price Data", "value": 257.53, "historical": {"2021": {"Average Stock Price": "247.3208", "Year Open": "245.6000", "Year High": "259.2900", "Year Low": "235.9700", "Year Close": "257.5300", "Annual % Change": "4.86%"}, "2020": {"Average Stock Price": "195.4263", "Year Open": "165.1400", "Year High": "251.0000", "Year Low": "135.2700", "Year Close": "245.6000", "Annual % Change": "47.95%"}, "2019": {"Average Stock Price": "193.0856", "Year Open": "130.2000", "Year High": "268.7000", "Year Low": "130.2000", "Year Close": "166.0000", "Annual % Change": "24.52%"}, "2018": {"Average Stock Price": "121.5630", "Year Open": "119.3300", "Year High": "137.2900", "Year Low": "110.8900", "Year Close": "133.3100", "Annual % Change": "9.41%"}, "2017": {"Average Stock Price": "120.1181", "Year Open": "111.9300", "Year High": "128.7000", "Year Low": "110.3400", "Year Close": "121.8400", "Annual % Change": "8.35%"}, "2016": {"Average Stock Price": "98.7863", "Year Open": "94.3500", "Year High": "114.6000", "Year Low": "89.9200", "Year Close": "112.4500", "Annual % Change": "17.58%"}, "2015": {"Average Stock Price": "86.3143", "Year Open": "89.3400", "Year High": "100.5600", "Year Low": "79.7900", "Year Close": "95.6400", "Annual % Change": "5.37%"}, "2014": {"Average Stock Price": "76.2543", "Year Open": "72.3300", "Year High": "93.3500", "Year Low": "66.6300", "Year Close": "90.7700", "Annual % Change": "24.14%"}, "2013": {"Average Stock Price": "74.7405", "Year Open": "69.2800", "Year High": "82.6400", "Year Low": "69.2800", "Year Close": "73.1200", "Annual % Change": "5.63%"}, "2012": {"Average Stock Price": "70.4949", "Year Open": "76.7600", "Year High": "78.9200", "Year Low": "62.2200", "Year Close": "69.2200", "Annual % Change": "-11.44%"}, "2011": {"Average Stock Price": "71.5492", "Year Open": "66.0000", "Year High": "80.3000", "Year Low": "63.0200", "Year Close": "78.1600", "Annual % Change": "19.38%"}, "2010": {"Average Stock Price": "49.3245", "Year Open": "39.3500", "Year High": "65.4700", "Year Low": "38.0300", "Year Close": "65.4700", "Annual % Change": "67.79%"}, "2009": {"Average Stock Price": "35.9275", "Year Open": "37.8000", "Year High": "40.1800", "Year Low": "28.5700", "Year Close": "39.0200", "Annual % Change": "3.69%"}, "2008": {"Average Stock Price": "45.9259", "Year Open": "51.0600", "Year High": "56.0400", "Year Low": "31.5200", "Year Close": "37.6300", "Annual % Change": "-27.48%"}, "2007": {"Average Stock Price": "54.9934", "Year Open": "57.5200", "Year High": "61.3100", "Year Low": "50.9400", "Year Close": "51.8900", "Annual % Change": "-10.50%"}, "2006": {"Average Stock Price": "52.1704", "Year Open": "53.1100", "Year High": "58.1900", "Year Low": "48.5800", "Year Close": "57.9800", "Annual % Change": "8.98%"}, "2005": {"Average Stock Price": "52.6655", "Year Open": "52.1400", "Year High": "54.8300", "Year Low": "50.1500", "Year Close": "53.2000", "Annual % Change": "1.20%"}, "2004": {"Average Stock Price": "47.9696", "Year Open": "41.7500", "Year High": "53.0000", "Year Low": "41.7500", "Year Close": "52.5700", "Annual % Change": "24.04%"}, "2003": {"Average Stock Price": "39.1692", "Year Open": "36.5800", "Year High": "43.2400", "Year Low": "34.1000", "Year Close": "42.3800", "Annual % Change": "16.88%"}, "2002": {"Average Stock Price": "40.7205", "Year Open": "37.6500", "Year High": "45.4900", "Year Low": "35.9000", "Year Close": "36.2600", "Annual % Change": "-5.79%"}, "2001": {"Average Stock Price": "33.5523", "Year Open": "30.0000", "Year High": "40.6300", "Year Low": "26.5000", "Year Close": "38.4900", "Annual % Change": "29.12%"}, "2000": {"Average Stock Price": "29.3453", "Year Open": "30.9400", "Year High": "32.5000", "Year Low": "24.0000", "Year Close": "29.8100", "Annual % Change": "-7.94%"}, "1999": {"Average Stock Price": "28.9076", "Year Open": "32.6300", "Year High": "33.5000", "Year Low": "26.3800", "Year Close": "32.3800", "Annual % Change": "3.62%"}, "1998": {"Average Stock Price": "28.7839", "Year Open": "29.7500", "Year High": "33.3800", "Year Low": "22.7500", "Year Close": "31.2500", "Annual % Change": "5.93%"}, "1997": {"Average Stock Price": "31.1168", "Year Open": "30.0000", "Year High": "39.8800", "Year Low": "26.2500", "Year Close": "29.5000", "Annual % Change": "-4.84%"}, "1996": {"Average Stock Price": "32.0374", "Year Open": "19.3333", "Year High": "45.0000", "Year Low": "19.3333", "Year Close": "31.0000", "Annual % Change": "52.46%"}}}, "market cap": {"value": "$11.9B"}, "income statement": {"Revenue": {"2019-12-31": "2477.29800", "2018-12-31": "2382.21200", "2017-12-31": "1691.77400", "2016-12-31": "1596.63100", "2015-12-31": "1505.50800", "2014-12-31": "1407.11900", "2013-12-31": "1334.60900", "2012-12-31": "5512.00000", "2011-12-31": "4824.00000", "2010-12-31": "4890.00000", "2009-12-31": "4255.00000", "2008-12-31": "2651.00000", "2007-12-31": "1132.29100", "2006-12-31": "1133.98200", "2005-12-31": "1124.95000"}, "Cost Of Goods Sold": {"2019-12-31": "2119.95900", "2018-12-31": "2037.86900", "2017-12-31": "1401.52200", "2016-12-31": "1303.11400", "2015-12-31": "847.88000", "2014-12-31": "783.01700", "2013-12-31": "710.05800", "2012-12-31": "4613.00000", "2011-12-31": "4466.00000", "2010-12-31": "3869.00000", "2009-12-31": "3731.00000", "2008-12-31": "3490.00000", "2007-12-31": "174.81200", "2006-12-31": "191.67800", "2005-12-31": "190.49400"}, "Gross Profit": {"2019-12-31": "357.33910", "2018-12-31": "344.34290", "2017-12-31": "290.25210", "2016-12-31": "293.51700", "2015-12-31": "657.62810", "2014-12-31": "624.10200", "2013-12-31": "624.55100", "2012-12-31": "899.00000", "2011-12-31": "358.00000", "2010-12-31": "1021.00000", "2009-12-31": "524.00000", "2008-12-31": "-839.00000", "2007-12-31": "957.47900", "2006-12-31": "942.30410", "2005-12-31": "934.45590"}, "Research And Development Expenses": {"2019-12-31": "", "2018-12-31": "", "2017-12-31": "", "2016-12-31": "", "2015-12-31": "", "2014-12-31": "", "2013-12-31": "", "2012-12-31": "", "2011-12-31": "", "2010-12-31": "", "2009-12-31": "", "2008-12-31": "", "2007-12-31": "", "2006-12-31": "", "2005-12-31": ""}, "SG&A Expenses": {"2019-12-31": "", "2018-12-31": "", "2017-12-31": "", "2016-12-31": "", "2015-12-31": "226.71300", "2014-12-31": "206.69000", "2013-12-31": "207.55900", "2012-12-31": "", "2011-12-31": "", "2010-12-31": "", "2009-12-31": "", "2008-12-31": "", "2007-12-31": "", "2006-12-31": "", "2005-12-31": ""}, "Other Operating Income Or Expenses": {"2019-12-31": "", "2018-12-31": "", "2017-12-31": "", "2016-12-31": "", "2015-12-31": "-198.37400", "2014-12-31": "-194.56500", "2013-12-31": "-170.37800", "2012-12-31": "", "2011-12-31": "", "2010-12-31": "", "2009-12-31": "", "2008-12-31": "", "2007-12-31": "-755.64200", "2006-12-31": "-742.52600", "2005-12-31": "-710.23700"}, "Operating Expenses": {"2019-12-31": "2119.95900", "2018-12-31": "2037.86900", "2017-12-31": "1401.52200", "2016-12-31": "1303.11400", "2015-12-31": "1272.96700", "2014-12-31": "1184.27200", "2013-12-31": "1087.99500", "2012-12-31": "4613.00000", "2011-12-31": "4466.00000", "2010-12-31": "3891.00000", "2009-12-31": "3731.00000", "2008-12-31": "3490.00000", "2007-12-31": "930.45400", "2006-12-31": "934.20400", "2005-12-31": "900.73100"}, "Operating Income": {"2019-12-31": "357.33910", "2018-12-31": "344.34290", "2017-12-31": "290.25210", "2016-12-31": "293.51700", "2015-12-31": "232.54100", "2014-12-31": "222.84700", "2013-12-31": "246.61400", "2012-12-31": "899.00000", "2011-12-31": "358.00000", "2010-12-31": "999.00000", "2009-12-31": "524.00000", "2008-12-31": "-839.00000", "2007-12-31": "201.83700", "2006-12-31": "199.77810", "2005-12-31": "224.21890"}, "Total Non-Operating Income/Expense": {"2019-12-31": "39.36600", "2018-12-31": "26.97700", "2017-12-31": "25.44300", "2016-12-31": "26.57400", "2015-12-31": "33.70800", "2014-12-31": "28.41700", "2013-12-31": "", "2012-12-31": "", "2011-12-31": "", "2010-12-31": "", "2009-12-31": "", "2008-12-31": "", "2007-12-31": "107.33100", "2006-12-31": "99.02100", "2005-12-31": "115.23700"}, "Pre-Tax Income": {"2019-12-31": "396.70500", "2018-12-31": "371.32000", "2017-12-31": "315.69500", "2016-12-31": "320.09100", "2015-12-31": "266.24900", "2014-12-31": "251.26400", "2013-12-31": "246.61400", "2012-12-31": "899.00000", "2011-12-31": "358.00000", "2010-12-31": "999.00000", "2009-12-31": "524.00000", "2008-12-31": "-839.00000", "2007-12-31": "309.16800", "2006-12-31": "298.79900", "2005-12-31": "339.45600"}, "Income Taxes": {"2019-12-31": "79.88400", "2018-12-31": "83.09600", "2017-12-31": "118.69600", "2016-12-31": "109.72500", "2015-12-31": "91.57100", "2014-12-31": "83.75900", "2013-12-31": "84.00300", "2012-12-31": "280.00000", "2011-12-31": "90.00000", "2010-12-31": "339.00000", "2009-12-31": "78.00000", "2008-12-31": "-223.00000", "2007-12-31": "99.13700", "2006-12-31": "99.05500", "2005-12-31": "111.73300"}, "Income After Taxes": {"2019-12-31": "316.82100", "2018-12-31": "288.22400", "2017-12-31": "196.99900", "2016-12-31": "210.36600", "2015-12-31": "174.67800", "2014-12-31": "167.50500", "2013-12-31": "162.61100", "2012-12-31": "619.00000", "2011-12-31": "268.00000", "2010-12-31": "660.00000", "2009-12-31": "446.00000", "2008-12-31": "-616.00000", "2007-12-31": "210.03100", "2006-12-31": "199.74400", "2005-12-31": "227.72300"}, "Other Income": {"2019-12-31": "", "2018-12-31": "", "2017-12-31": "", "2016-12-31": "", "2015-12-31": "", "2014-12-31": "", "2013-12-31": "", "2012-12-31": "", "2011-12-31": "", "2010-12-31": "", "2009-12-31": "", "2008-12-31": "", "2007-12-31": "", "2006-12-31": "", "2005-12-31": ""}, "Income From Continuous Operations": {"2019-12-31": "316.82100", "2018-12-31": "288.22400", "2017-12-31": "196.99900", "2016-12-31": "210.36600", "2015-12-31": "174.67800", "2014-12-31": "167.50500", "2013-12-31": "162.61100", "2012-12-31": "619.00000", "2011-12-31": "268.00000", "2010-12-31": "660.00000", "2009-12-31": "446.00000", "2008-12-31": "-616.00000", "2007-12-31": "212.94500", "2006-12-31": "204.02500", "2005-12-31": "231.10400"}, "Income From Discontinued Operations": {"2019-12-31": "", "2018-12-31": "", "2017-12-31": "", "2016-12-31": "", "2015-12-31": "", "2014-12-31": "", "2013-12-31": "", "2012-12-31": "", "2011-12-31": "", "2010-12-31": "", "2009-12-31": "", "2008-12-31": "", "2007-12-31": "", "2006-12-31": "", "2005-12-31": ""}, "Net Income": {"2019-12-31": "316.82100", "2018-12-31": "288.22400", "2017-12-31": "196.99900", "2016-12-31": "210.36600", "2015-12-31": "174.67800", "2014-12-31": "167.50500", "2013-12-31": "162.61100", "2012-12-31": "160.00000", "2011-12-31": "169.00000", "2010-12-31": "162.00000", "2009-12-31": "108.00000", "2008-12-31": "69.00000", "2007-12-31": "212.94500", "2006-12-31": "204.02500", "2005-12-31": "231.10400"}, "EBITDA": {"2019-12-31": "389.31410", "2018-12-31": "363.31190", "2017-12-31": "312.12110", "2016-12-31": "316.04800", "2015-12-31": "257.16200", "2014-12-31": "245.72800", "2013-12-31": "268.47600", "2012-12-31": "1659.00000", "2011-12-31": "1068.00000", "2010-12-31": "1694.00000", "2009-12-31": "1145.00000", "2008-12-31": "-224.00000", "2007-12-31": "235.13000", "2006-12-31": "238.47410", "2005-12-31": "263.81590"}, "EBIT": {"2019-12-31": "357.33910", "2018-12-31": "344.34290", "2017-12-31": "290.25210", "2016-12-31": "293.51700", "2015-12-31": "232.54100", "2014-12-31": "222.84700", "2013-12-31": "246.61400", "2012-12-31": "899.00000", "2011-12-31": "358.00000", "2010-12-31": "999.00000", "2009-12-31": "524.00000", "2008-12-31": "-839.00000", "2007-12-31": "201.83700", "2006-12-31": "199.77810", "2005-12-31": "224.21890"}, "Basic Shares Outstanding": {"2019-12-31": "46.19200", "2018-12-31": "46.19200", "2017-12-31": "46.19000", "2016-12-31": "46.19150", "2015-12-31": "46.18950", "2014-12-31": "46.25050", "2013-12-31": "46.66350", "2012-12-31": "47.36040", "2011-12-31": "48.87750", "2010-12-31": "50.70860", "2009-12-31": "51.25360", "2008-12-31": "51.82760", "2007-12-31": "55.93060", "2006-12-31": "58.83070", "2005-12-31": "62.39580"}, "Shares Outstanding": {"2019-12-31": "52.32300", "2018-12-31": "52.31800", "2017-12-31": "52.34000", "2016-12-31": "52.43750", "2015-12-31": "52.50150", "2014-12-31": "52.61850", "2013-12-31": "52.85850", "2012-12-31": "53.55040", "2011-12-31": "55.05950", "2010-12-31": "56.88750", "2009-12-31": "57.43160", "2008-12-31": "58.00660", "2007-12-31": "62.09960", "2006-12-31": "65.25970", "2005-12-31": "69.29680"}, "Basic EPS": {"2019-12-31": "6.86000", "2018-12-31": "6.24000", "2017-12-31": "4.26000", "2016-12-31": "4.55000", "2015-12-31": "3.78000", "2014-12-31": "3.62000", "2013-12-31": "3.48000", "2012-12-31": "3.38000", "2011-12-31": "3.45000", "2010-12-31": "3.19000", "2009-12-31": "2.11000", "2008-12-31": "1.33000", "2007-12-31": "3.81000", "2006-12-31": "3.47000", "2005-12-31": "3.70000"}, "EPS - Earnings Per Share": {"2019-12-31": "6.06000", "2018-12-31": "5.51000", "2017-12-31": "3.76000", "2016-12-31": "4.01000", "2015-12-31": "3.33000", "2014-12-31": "3.18000", "2013-12-31": "3.08000", "2012-12-31": "2.99000", "2011-12-31": "3.08000", "2010-12-31": "2.85000", "2009-12-31": "1.88000", "2008-12-31": "1.19000", "2007-12-31": "3.43000", "2006-12-31": "3.13000", "2005-12-31": "3.33000"}}, "income statement, quarterly": {"Revenue": {"2020-09-30": "653.48100", "2020-06-30": "657.01900", "2020-03-31": "616.73700", "2019-12-31": "596.74020", "2019-09-30": "638.74200", "2019-06-30": "647.71000", "2019-03-31": "594.10600", "2018-12-31": "576.46800", "2018-09-30": "612.12600", "2018-06-30": "621.45800", "2018-03-31": "572.16000", "2017-12-31": "401.40200", "2017-09-30": "442.49200", "2017-06-30": "448.56400", "2017-03-31": "399.31600", "2016-12-31": "379.61290", "2016-09-30": "418.40600", "2016-06-30": "423.88400", "2016-03-31": "374.72800", "2015-12-31": "360.62400", "2015-09-30": "396.63700", "2015-06-30": "417.36500", "2015-03-31": "357.37000", "2014-12-31": "339.59800", "2014-09-30": "1426.00000", "2014-06-30": "1598.00000", "2014-03-31": "1511.00000", "2013-12-31": "1697.00000", "2013-09-30": "1577.00000", "2013-06-30": "1426.00000", "2013-03-31": "1571.00000", "2012-12-31": "1372.00000", "2012-09-30": "1460.00000", "2012-06-30": "1160.00000", "2012-03-31": "1520.00000", "2011-12-31": "1418.00000", "2011-09-30": "796.00000", "2011-06-30": "1245.00000", "2011-03-31": "1365.00000", "2010-12-31": "1401.00000", "2010-09-30": "1357.00000", "2010-06-30": "916.00000", "2010-03-31": "1216.00000", "2009-12-31": "272.23300", "2009-09-30": "1286.00000", "2009-06-30": "1149.00000", "2009-03-31": "695.00000", "2008-12-31": "265.29500", "2008-09-30": "294.51700", "2008-06-30": "301.13000", "2008-03-31": "276.28800", "2007-12-31": "243.50310", "2007-09-30": "291.45100", "2007-06-30": "321.92500", "2007-03-31": "275.41200", "2006-12-31": "214.92810", "2006-09-30": "291.81500", "2006-06-30": "325.59300", "2006-03-31": "301.64600", "2005-12-31": "168.90990", "2005-09-30": "312.10300", "2005-06-30": "345.69000", "2005-03-31": "298.24700"}, "Cost Of Goods Sold": {"2020-09-30": "557.25600", "2020-06-30": "565.83000", "2020-03-31": "531.04600", "2019-12-31": "528.04000", "2019-09-30": "532.83500", "2019-06-30": "551.10000", "2019-03-31": "507.98400", "2018-12-31": "501.71000", "2018-09-30": "515.43100", "2018-06-30": "526.13500", "2018-03-31": "494.59300", "2017-12-31": "342.77710", "2017-09-30": "361.25300", "2017-06-30": "365.11600", "2017-03-31": "332.37600", "2016-12-31": "626.15110", "2016-09-30": "232.45500", "2016-06-30": "235.79400", "2016-03-31": "208.71400", "2015-12-31": "206.69100", "2015-09-30": "223.74100", "2015-06-30": "223.73100", "2015-03-31": "193.71700", "2014-12-31": "195.49900", "2014-09-30": "1276.00000", "2014-06-30": "1451.00000", "2014-03-31": "1355.00000", "2013-12-31": "1227.00000", "2013-09-30": "1179.00000", "2013-06-30": "1163.00000", "2013-03-31": "1135.00000", "2012-12-31": "1207.00000", "2012-09-30": "1190.00000", "2012-06-30": "1230.00000", "2012-03-31": "986.00000", "2011-12-31": "993.00000", "2011-09-30": "1101.00000", "2011-06-30": "1419.00000", "2011-03-31": "953.00000", "2010-12-31": "962.00000", "2010-09-30": "952.00000", "2010-06-30": "967.00000", "2010-03-31": "988.00000", "2009-12-31": "46.58700", "2009-09-30": "930.00000", "2009-06-30": "891.00000", "2009-03-31": "1035.00000", "2008-12-31": "45.02500", "2008-09-30": "49.49600", "2008-06-30": "46.10400", "2008-03-31": "45.75900", "2007-12-31": "45.24300", "2007-09-30": "43.85600", "2007-06-30": "41.48400", "2007-03-31": "44.22900", "2006-12-31": "51.51200", "2006-09-30": "44.89800", "2006-06-30": "50.71400", "2006-03-31": "44.55400", "2005-12-31": "50.20000", "2005-09-30": "49.63200", "2005-06-30": "46.14100", "2005-03-31": "44.52100"}, "Gross Profit": {"2020-09-30": "96.22500", "2020-06-30": "91.18900", "2020-03-31": "85.69100", "2019-12-31": "68.70010", "2019-09-30": "105.90700", "2019-06-30": "96.61010", "2019-03-31": "86.12200", "2018-12-31": "74.75800", "2018-09-30": "96.69500", "2018-06-30": "95.32300", "2018-03-31": "77.56700", "2017-12-31": "58.62490", "2017-09-30": "81.23900", "2017-06-30": "83.44800", "2017-03-31": "66.94000", "2016-12-31": "-246.53810", "2016-09-30": "185.95100", "2016-06-30": "188.09000", "2016-03-31": "166.01400", "2015-12-31": "153.93300", "2015-09-30": "172.89600", "2015-06-30": "193.63400", "2015-03-31": "163.65300", "2014-12-31": "144.09900", "2014-09-30": "150.00000", "2014-06-30": "147.00000", "2014-03-31": "156.00000", "2013-12-31": "470.00000", "2013-09-30": "398.00000", "2013-06-30": "263.00000", "2013-03-31": "436.00000", "2012-12-31": "165.00000", "2012-09-30": "270.00000", "2012-06-30": "-70.00000", "2012-03-31": "534.00000", "2011-12-31": "425.00000", "2011-09-30": "-305.00000", "2011-06-30": "-174.00000", "2011-03-31": "412.00000", "2010-12-31": "439.00000", "2010-09-30": "405.00000", "2010-06-30": "-51.00000", "2010-03-31": "228.00000", "2009-12-31": "225.64600", "2009-09-30": "356.00000", "2009-06-30": "258.00000", "2009-03-31": "-340.00000", "2008-12-31": "220.27000", "2008-09-30": "245.02100", "2008-06-30": "255.02600", "2008-03-31": "230.52900", "2007-12-31": "198.26010", "2007-09-30": "247.59500", "2007-06-30": "280.44100", "2007-03-31": "231.18300", "2006-12-31": "163.41610", "2006-09-30": "246.91700", "2006-06-30": "274.87900", "2006-03-31": "257.09200", "2005-12-31": "118.70990", "2005-09-30": "262.47100", "2005-06-30": "299.54900", "2005-03-31": "253.72600"}, "Research And Development Expenses": {"2020-09-30": "", "2020-06-30": "", "2020-03-31": "", "2019-12-31": "", "2019-09-30": "", "2019-06-30": "", "2019-03-31": "", "2018-12-31": "", "2018-09-30": "", "2018-06-30": "", "2018-03-31": "", "2017-12-31": "", "2017-09-30": "", "2017-06-30": "", "2017-03-31": "", "2016-12-31": "", "2016-09-30": "", "2016-06-30": "", "2016-03-31": "", "2015-12-31": "", "2015-09-30": "", "2015-06-30": "", "2015-03-31": "", "2014-12-31": "", "2014-09-30": "", "2014-06-30": "", "2014-03-31": "", "2013-12-31": "", "2013-09-30": "", "2013-06-30": "", "2013-03-31": "", "2012-12-31": "", "2012-09-30": "", "2012-06-30": "", "2012-03-31": "", "2011-12-31": "", "2011-09-30": "", "2011-06-30": "", "2011-03-31": "", "2010-12-31": "", "2010-09-30": "", "2010-06-30": "", "2010-03-31": "", "2009-12-31": "", "2009-09-30": "", "2009-06-30": "", "2009-03-31": "", "2008-12-31": "", "2008-09-30": "", "2008-06-30": "", "2008-03-31": "", "2007-12-31": "", "2007-09-30": "", "2007-06-30": "", "2007-03-31": "", "2006-12-31": "", "2006-09-30": "", "2006-06-30": "", "2006-03-31": "", "2005-12-31": "", "2005-09-30": "", "2005-06-30": "", "2005-03-31": ""}, "SG&A Expenses": {"2020-09-30": "", "2020-06-30": "", "2020-03-31": "", "2019-12-31": "", "2019-09-30": "", "2019-06-30": "", "2019-03-31": "", "2018-12-31": "", "2018-09-30": "", "2018-06-30": "", "2018-03-31": "", "2017-12-31": "", "2017-09-30": "", "2017-06-30": "", "2017-03-31": "", "2016-12-31": "", "2016-09-30": "53.26500", "2016-06-30": "55.02500", "2016-03-31": "53.28900", "2015-12-31": "55.99800", "2015-09-30": "58.34200", "2015-06-30": "57.35400", "2015-03-31": "55.01900", "2014-12-31": "53.41700", "2014-09-30": "", "2014-06-30": "", "2014-03-31": "", "2013-12-31": "", "2013-09-30": "", "2013-06-30": "", "2013-03-31": "", "2012-12-31": "", "2012-09-30": "", "2012-06-30": "", "2012-03-31": "", "2011-12-31": "", "2011-09-30": "", "2011-06-30": "", "2011-03-31": "", "2010-12-31": "", "2010-09-30": "", "2010-06-30": "", "2010-03-31": "", "2009-12-31": "", "2009-09-30": "", "2009-06-30": "", "2009-03-31": "", "2008-12-31": "", "2008-09-30": "", "2008-06-30": "", "2008-03-31": "", "2007-12-31": "", "2007-09-30": "", "2007-06-30": "", "2007-03-31": "", "2006-12-31": "", "2006-09-30": "", "2006-06-30": "", "2006-03-31": "", "2005-12-31": "", "2005-09-30": "", "2005-06-30": "", "2005-03-31": ""}, "Other Operating Income Or Expenses": {"2020-09-30": "", "2020-06-30": "", "2020-03-31": "", "2019-12-31": "", "2019-09-30": "", "2019-06-30": "", "2019-03-31": "", "2018-12-31": "", "2018-09-30": "", "2018-06-30": "", "2018-03-31": "", "2017-12-31": "", "2017-09-30": "", "2017-06-30": "", "2017-03-31": "-0.40900", "2016-12-31": "", "2016-09-30": "-50.43100", "2016-06-30": "-47.30600", "2016-03-31": "-45.06000", "2015-12-31": "-51.85200", "2015-09-30": "-46.26500", "2015-06-30": "-50.59200", "2015-03-31": "-49.66500", "2014-12-31": "-52.92700", "2014-09-30": "", "2014-06-30": "", "2014-03-31": "", "2013-12-31": "", "2013-09-30": "", "2013-06-30": "", "2013-03-31": "", "2012-12-31": "", "2012-09-30": "", "2012-06-30": "", "2012-03-31": "", "2011-12-31": "", "2011-09-30": "", "2011-06-30": "", "2011-03-31": "", "2010-12-31": "", "2010-09-30": "", "2010-06-30": "", "2010-03-31": "", "2009-12-31": "-187.01900", "2009-09-30": "", "2009-06-30": "", "2009-03-31": "", "2008-12-31": "-187.25800", "2008-09-30": "-195.29700", "2008-06-30": "-201.33800", "2008-03-31": "-181.11900", "2007-12-31": "-178.87400", "2007-09-30": "-200.91300", "2007-06-30": "-195.96900", "2007-03-31": "-179.88600", "2006-12-31": "-179.89700", "2006-09-30": "-189.53600", "2006-06-30": "-189.93900", "2006-03-31": "-183.15400", "2005-12-31": "-171.00900", "2005-09-30": "-184.05600", "2005-06-30": "-187.23200", "2005-03-31": "-167.94000"}, "Operating Expenses": {"2020-09-30": "557.25600", "2020-06-30": "565.83000", "2020-03-31": "531.04600", "2019-12-31": "528.04000", "2019-09-30": "532.83500", "2019-06-30": "551.10000", "2019-03-31": "507.98400", "2018-12-31": "501.71000", "2018-09-30": "515.43100", "2018-06-30": "526.13500", "2018-03-31": "494.59300", "2017-12-31": "342.36810", "2017-09-30": "361.25300", "2017-06-30": "365.11600", "2017-03-31": "332.78500", "2016-12-31": "321.77500", "2016-09-30": "336.15100", "2016-06-30": "338.12500", "2016-03-31": "307.06300", "2015-12-31": "314.54100", "2015-09-30": "328.34800", "2015-06-30": "331.67700", "2015-03-31": "298.40100", "2014-12-31": "301.84300", "2014-09-30": "1276.00000", "2014-06-30": "1451.00000", "2014-03-31": "1355.00000", "2013-12-31": "1227.00000", "2013-09-30": "1179.00000", "2013-06-30": "1163.00000", "2013-03-31": "1135.00000", "2012-12-31": "1207.00000", "2012-09-30": "1190.00000", "2012-06-30": "1230.00000", "2012-03-31": "986.00000", "2011-12-31": "993.00000", "2011-09-30": "1101.00000", "2011-06-30": "1419.00000", "2011-03-31": "953.00000", "2010-12-31": "984.00000", "2010-09-30": "952.00000", "2010-06-30": "967.00000", "2010-03-31": "988.00000", "2009-12-31": "233.60600", "2009-09-30": "930.00000", "2009-06-30": "891.00000", "2009-03-31": "1035.00000", "2008-12-31": "232.28300", "2008-09-30": "244.79300", "2008-06-30": "247.44200", "2008-03-31": "226.87800", "2007-12-31": "224.11710", "2007-09-30": "244.76900", "2007-06-30": "237.45300", "2007-03-31": "224.11500", "2006-12-31": "231.40900", "2006-09-30": "234.43400", "2006-06-30": "240.65300", "2006-03-31": "227.70800", "2005-12-31": "221.20900", "2005-09-30": "233.68800", "2005-06-30": "233.37300", "2005-03-31": "212.46100"}, "Operating Income": {"2020-09-30": "96.22500", "2020-06-30": "91.18900", "2020-03-31": "85.69100", "2019-12-31": "68.70010", "2019-09-30": "105.90700", "2019-06-30": "96.61010", "2019-03-31": "86.12200", "2018-12-31": "74.75800", "2018-09-30": "96.69500", "2018-06-30": "95.32300", "2018-03-31": "77.56700", "2017-12-31": "59.03390", "2017-09-30": "81.23900", "2017-06-30": "83.44800", "2017-03-31": "66.53100", "2016-12-31": "57.83790", "2016-09-30": "82.25500", "2016-06-30": "85.75900", "2016-03-31": "67.66500", "2015-12-31": "46.08300", "2015-09-30": "68.28900", "2015-06-30": "85.68800", "2015-03-31": "58.96900", "2014-12-31": "37.75500", "2014-09-30": "150.00000", "2014-06-30": "147.00000", "2014-03-31": "156.00000", "2013-12-31": "470.00000", "2013-09-30": "398.00000", "2013-06-30": "263.00000", "2013-03-31": "436.00000", "2012-12-31": "165.00000", "2012-09-30": "270.00000", "2012-06-30": "-70.00000", "2012-03-31": "534.00000", "2011-12-31": "425.00000", "2011-09-30": "-305.00000", "2011-06-30": "-174.00000", "2011-03-31": "412.00000", "2010-12-31": "417.00000", "2010-09-30": "405.00000", "2010-06-30": "-51.00000", "2010-03-31": "228.00000", "2009-12-31": "38.62700", "2009-09-30": "356.00000", "2009-06-30": "258.00000", "2009-03-31": "-340.00000", "2008-12-31": "33.01200", "2008-09-30": "49.72400", "2008-06-30": "53.68800", "2008-03-31": "49.41000", "2007-12-31": "19.38600", "2007-09-30": "46.68200", "2007-06-30": "84.47200", "2007-03-31": "51.29700", "2006-12-31": "-16.48090", "2006-09-30": "57.38100", "2006-06-30": "84.94000", "2006-03-31": "73.93800", "2005-12-31": "-52.29910", "2005-09-30": "78.41500", "2005-06-30": "112.31700", "2005-03-31": "85.78600"}, "Total Non-Operating Income/Expense": {"2020-09-30": "15.47100", "2020-06-30": "11.29300", "2020-03-31": "-9.56400", "2019-12-31": "6.95000", "2019-09-30": "13.59500", "2019-06-30": "9.42800", "2019-03-31": "9.39300", "2018-12-31": "7.88400", "2018-09-30": "7.77600", "2018-06-30": "5.66300", "2018-03-31": "5.65400", "2017-12-31": "5.60700", "2017-09-30": "7.62600", "2017-06-30": "5.78700", "2017-03-31": "6.42300", "2016-12-31": "12.28500", "2016-09-30": "4.32600", "2016-06-30": "7.40400", "2016-03-31": "2.55900", "2015-12-31": "26.48800", "2015-09-30": "7.22000", "2015-06-30": "", "2015-03-31": "", "2014-12-31": "", "2014-09-30": "", "2014-06-30": "", "2014-03-31": "", "2013-12-31": "", "2013-09-30": "", "2013-06-30": "", "2013-03-31": "", "2012-12-31": "", "2012-09-30": "", "2012-06-30": "", "2012-03-31": "", "2011-12-31": "", "2011-09-30": "", "2011-06-30": "", "2011-03-31": "", "2010-12-31": "", "2010-09-30": "", "2010-06-30": "", "2010-03-31": "", "2009-12-31": "1.31000", "2009-09-30": "", "2009-06-30": "", "2009-03-31": "", "2008-12-31": "-36.59300", "2008-09-30": "-30.08100", "2008-06-30": "8.47500", "2008-03-31": "-4.92900", "2007-12-31": "32.74500", "2007-09-30": "29.84000", "2007-06-30": "16.36000", "2007-03-31": "28.38600", "2006-12-31": "76.83000", "2006-09-30": "22.19100", "2006-06-30": "", "2006-03-31": "", "2005-12-31": "", "2005-09-30": "", "2005-06-30": "", "2005-03-31": ""}, "Pre-Tax Income": {"2020-09-30": "111.69600", "2020-06-30": "102.48200", "2020-03-31": "76.12700", "2019-12-31": "75.65000", "2019-09-30": "119.50200", "2019-06-30": "106.03800", "2019-03-31": "95.51500", "2018-12-31": "82.64200", "2018-09-30": "104.47100", "2018-06-30": "100.98600", "2018-03-31": "83.22100", "2017-12-31": "64.64100", "2017-09-30": "88.86500", "2017-06-30": "89.23500", "2017-03-31": "72.95400", "2016-12-31": "70.12300", "2016-09-30": "86.58100", "2016-06-30": "93.16300", "2016-03-31": "70.22400", "2015-12-31": "46.08300", "2015-09-30": "75.50900", "2015-06-30": "85.68800", "2015-03-31": "58.96900", "2014-12-31": "37.75500", "2014-09-30": "150.00000", "2014-06-30": "147.00000", "2014-03-31": "156.00000", "2013-12-31": "470.00000", "2013-09-30": "398.00000", "2013-06-30": "263.00000", "2013-03-31": "436.00000", "2012-12-31": "165.00000", "2012-09-30": "270.00000", "2012-06-30": "-70.00000", "2012-03-31": "534.00000", "2011-12-31": "425.00000", "2011-09-30": "-305.00000", "2011-06-30": "-174.00000", "2011-03-31": "412.00000", "2010-12-31": "417.00000", "2010-09-30": "405.00000", "2010-06-30": "-51.00000", "2010-03-31": "228.00000", "2009-12-31": "39.93700", "2009-09-30": "356.00000", "2009-06-30": "258.00000", "2009-03-31": "-340.00000", "2008-12-31": "-3.58100", "2008-09-30": "19.64300", "2008-06-30": "62.16300", "2008-03-31": "44.48100", "2007-12-31": "52.13100", "2007-09-30": "76.52200", "2007-06-30": "100.83200", "2007-03-31": "79.68300", "2006-12-31": "60.34900", "2006-09-30": "79.57200", "2006-06-30": "84.94000", "2006-03-31": "73.93800", "2005-12-31": "62.93800", "2005-09-30": "78.41500", "2005-06-30": "112.31700", "2005-03-31": "85.78600"}, "Income Taxes": {"2020-09-30": "22.48000", "2020-06-30": "20.50500", "2020-03-31": "16.80100", "2019-12-31": "16.06300", "2019-09-30": "25.33300", "2019-06-30": "18.28400", "2019-03-31": "20.20400", "2018-12-31": "20.32800", "2018-09-30": "24.02500", "2018-06-30": "21.28000", "2018-03-31": "17.46300", "2017-12-31": "32.58800", "2017-09-30": "30.32200", "2017-06-30": "30.70800", "2017-03-31": "25.07800", "2016-12-31": "24.33700", "2016-09-30": "29.20500", "2016-06-30": "31.85400", "2016-03-31": "24.32900", "2015-12-31": "15.95000", "2015-09-30": "25.94700", "2015-06-30": "29.53800", "2015-03-31": "20.13600", "2014-12-31": "12.45900", "2014-09-30": "42.00000", "2014-06-30": "44.00000", "2014-03-31": "47.00000", "2013-12-31": "156.00000", "2013-09-30": "131.00000", "2013-06-30": "86.00000", "2013-03-31": "146.00000", "2012-12-31": "46.00000", "2012-09-30": "86.00000", "2012-06-30": "-32.00000", "2012-03-31": "180.00000", "2011-12-31": "144.00000", "2011-09-30": "-125.00000", "2011-06-30": "-67.00000", "2011-03-31": "138.00000", "2010-12-31": "163.00000", "2010-09-30": "130.00000", "2010-06-30": "-20.00000", "2010-03-31": "66.00000", "2009-12-31": "14.87000", "2009-09-30": "104.00000", "2009-06-30": "-13.00000", "2009-03-31": "-89.00000", "2008-12-31": "-0.68500", "2008-09-30": "6.01100", "2008-06-30": "20.28800", "2008-03-31": "14.25100", "2007-12-31": "19.37100", "2007-09-30": "23.66900", "2007-06-30": "31.50500", "2007-03-31": "24.59200", "2006-12-31": "16.54200", "2006-09-30": "27.42100", "2006-06-30": "30.01500", "2006-03-31": "25.07700", "2005-12-31": "19.49300", "2005-09-30": "25.93000", "2005-06-30": "37.58100", "2005-03-31": "28.72900"}, "Income After Taxes": {"2020-09-30": "89.21600", "2020-06-30": "81.97700", "2020-03-31": "59.32600", "2019-12-31": "59.58700", "2019-09-30": "94.16900", "2019-06-30": "87.75400", "2019-03-31": "75.31100", "2018-12-31": "62.31400", "2018-09-30": "80.44600", "2018-06-30": "79.70600", "2018-03-31": "65.75800", "2017-12-31": "32.05300", "2017-09-30": "58.54300", "2017-06-30": "58.52700", "2017-03-31": "47.87600", "2016-12-31": "45.78600", "2016-09-30": "57.37600", "2016-06-30": "61.30900", "2016-03-31": "45.89500", "2015-12-31": "30.13300", "2015-09-30": "49.56200", "2015-06-30": "56.15000", "2015-03-31": "38.83300", "2014-12-31": "25.29600", "2014-09-30": "108.00000", "2014-06-30": "103.00000", "2014-03-31": "109.00000", "2013-12-31": "314.00000", "2013-09-30": "267.00000", "2013-06-30": "177.00000", "2013-03-31": "290.00000", "2012-12-31": "119.00000", "2012-09-30": "184.00000", "2012-06-30": "-38.00000", "2012-03-31": "354.00000", "2011-12-31": "281.00000", "2011-09-30": "-180.00000", "2011-06-30": "-107.00000", "2011-03-31": "274.00000", "2010-12-31": "254.00000", "2010-09-30": "275.00000", "2010-06-30": "-31.00000", "2010-03-31": "162.00000", "2009-12-31": "25.06700", "2009-09-30": "252.00000", "2009-06-30": "271.00000", "2009-03-31": "-251.00000", "2008-12-31": "-2.89600", "2008-09-30": "13.63200", "2008-06-30": "41.87500", "2008-03-31": "30.23000", "2007-12-31": "32.76000", "2007-09-30": "52.85300", "2007-06-30": "69.32700", "2007-03-31": "55.09100", "2006-12-31": "43.80700", "2006-09-30": "52.15100", "2006-06-30": "54.92500", "2006-03-31": "48.86100", "2005-12-31": "43.44500", "2005-09-30": "52.48500", "2005-06-30": "74.73600", "2005-03-31": "57.05700"}, "Other Income": {"2020-09-30": "", "2020-06-30": "", "2020-03-31": "", "2019-12-31": "", "2019-09-30": "", "2019-06-30": "", "2019-03-31": "", "2018-12-31": "", "2018-09-30": "", "2018-06-30": "", "2018-03-31": "", "2017-12-31": "", "2017-09-30": "", "2017-06-30": "", "2017-03-31": "", "2016-12-31": "", "2016-09-30": "", "2016-06-30": "", "2016-03-31": "", "2015-12-31": "", "2015-09-30": "", "2015-06-30": "", "2015-03-31": "", "2014-12-31": "", "2014-09-30": "", "2014-06-30": "", "2014-03-31": "", "2013-12-31": "", "2013-09-30": "", "2013-06-30": "", "2013-03-31": "", "2012-12-31": "", "2012-09-30": "", "2012-06-30": "", "2012-03-31": "", "2011-12-31": "", "2011-09-30": "", "2011-06-30": "", "2011-03-31": "", "2010-12-31": "", "2010-09-30": "", "2010-06-30": "", "2010-03-31": "", "2009-12-31": "", "2009-09-30": "", "2009-06-30": "", "2009-03-31": "", "2008-12-31": "", "2008-09-30": "", "2008-06-30": "", "2008-03-31": "", "2007-12-31": "", "2007-09-30": "", "2007-06-30": "", "2007-03-31": "", "2006-12-31": "", "2006-09-30": "", "2006-06-30": "", "2006-03-31": "", "2005-12-31": "", "2005-09-30": "", "2005-06-30": "", "2005-03-31": ""}, "Income From Continuous Operations": {"2020-09-30": "89.21600", "2020-06-30": "81.97700", "2020-03-31": "59.32600", "2019-12-31": "59.58700", "2019-09-30": "94.16900", "2019-06-30": "87.75400", "2019-03-31": "75.31100", "2018-12-31": "62.31400", "2018-09-30": "80.44600", "2018-06-30": "79.70600", "2018-03-31": "65.75800", "2017-12-31": "32.05300", "2017-09-30": "58.54300", "2017-06-30": "58.52700", "2017-03-31": "47.87600", "2016-12-31": "45.78600", "2016-09-30": "57.37600", "2016-06-30": "61.30900", "2016-03-31": "45.89500", "2015-12-31": "30.13300", "2015-09-30": "49.56200", "2015-06-30": "56.15000", "2015-03-31": "38.83300", "2014-12-31": "25.29600", "2014-09-30": "108.00000", "2014-06-30": "103.00000", "2014-03-31": "109.00000", "2013-12-31": "314.00000", "2013-09-30": "267.00000", "2013-06-30": "177.00000", "2013-03-31": "290.00000", "2012-12-31": "119.00000", "2012-09-30": "184.00000", "2012-06-30": "-38.00000", "2012-03-31": "354.00000", "2011-12-31": "281.00000", "2011-09-30": "-180.00000", "2011-06-30": "-107.00000", "2011-03-31": "274.00000", "2010-12-31": "254.00000", "2010-09-30": "275.00000", "2010-06-30": "-31.00000", "2010-03-31": "162.00000", "2009-12-31": "24.94100", "2009-09-30": "252.00000", "2009-06-30": "271.00000", "2009-03-31": "-251.00000", "2008-12-31": "-6.30200", "2008-09-30": "4.24800", "2008-06-30": "41.31500", "2008-03-31": "29.97700", "2007-12-31": "32.60200", "2007-09-30": "53.49600", "2007-06-30": "70.48600", "2007-03-31": "56.36100", "2006-12-31": "45.51900", "2006-09-30": "52.78500", "2006-06-30": "56.25500", "2006-03-31": "49.46600", "2005-12-31": "44.16000", "2005-09-30": "53.00500", "2005-06-30": "76.16800", "2005-03-31": "57.77100"}, "Income From Discontinued Operations": {"2020-09-30": "", "2020-06-30": "", "2020-03-31": "", "2019-12-31": "", "2019-09-30": "", "2019-06-30": "", "2019-03-31": "", "2018-12-31": "", "2018-09-30": "", "2018-06-30": "", "2018-03-31": "", "2017-12-31": "", "2017-09-30": "", "2017-06-30": "", "2017-03-31": "", "2016-12-31": "", "2016-09-30": "", "2016-06-30": "", "2016-03-31": "", "2015-12-31": "", "2015-09-30": "", "2015-06-30": "", "2015-03-31": "", "2014-12-31": "", "2014-09-30": "", "2014-06-30": "", "2014-03-31": "", "2013-12-31": "", "2013-09-30": "", "2013-06-30": "", "2013-03-31": "", "2012-12-31": "", "2012-09-30": "", "2012-06-30": "", "2012-03-31": "", "2011-12-31": "", "2011-09-30": "", "2011-06-30": "", "2011-03-31": "", "2010-12-31": "", "2010-09-30": "", "2010-06-30": "", "2010-03-31": "", "2009-12-31": "", "2009-09-30": "", "2009-06-30": "", "2009-03-31": "", "2008-12-31": "", "2008-09-30": "", "2008-06-30": "", "2008-03-31": "", "2007-12-31": "", "2007-09-30": "", "2007-06-30": "", "2007-03-31": "", "2006-12-31": "", "2006-09-30": "", "2006-06-30": "", "2006-03-31": "", "2005-12-31": "", "2005-09-30": "", "2005-06-30": "", "2005-03-31": ""}, "Net Income": {"2020-09-30": "89.21600", "2020-06-30": "81.97700", "2020-03-31": "59.32600", "2019-12-31": "59.58700", "2019-09-30": "94.16900", "2019-06-30": "87.75400", "2019-03-31": "75.31100", "2018-12-31": "62.31400", "2018-09-30": "80.44600", "2018-06-30": "79.70600", "2018-03-31": "65.75800", "2017-12-31": "32.05300", "2017-09-30": "58.54300", "2017-06-30": "58.52700", "2017-03-31": "47.87600", "2016-12-31": "45.78600", "2016-09-30": "57.37600", "2016-06-30": "61.30900", "2016-03-31": "45.89500", "2015-12-31": "30.13300", "2015-09-30": "49.56200", "2015-06-30": "56.15000", "2015-03-31": "38.83300", "2014-12-31": "25.29600", "2014-09-30": "47.00000", "2014-06-30": "49.00000", "2014-03-31": "46.00000", "2013-12-31": "36.00000", "2013-09-30": "46.00000", "2013-06-30": "44.00000", "2013-03-31": "37.00000", "2012-12-31": "30.00000", "2012-09-30": "51.00000", "2012-06-30": "43.00000", "2012-03-31": "36.00000", "2011-12-31": "26.00000", "2011-09-30": "47.00000", "2011-06-30": "52.00000", "2011-03-31": "44.00000", "2010-12-31": "12.00000", "2010-09-30": "54.00000", "2010-06-30": "49.00000", "2010-03-31": "47.00000", "2009-12-31": "24.94100", "2009-09-30": "40.00000", "2009-06-30": "33.00000", "2009-03-31": "11.00000", "2008-12-31": "-6.30200", "2008-09-30": "4.24800", "2008-06-30": "41.31500", "2008-03-31": "29.97700", "2007-12-31": "32.60200", "2007-09-30": "53.49600", "2007-06-30": "70.48600", "2007-03-31": "56.36100", "2006-12-31": "45.51900", "2006-09-30": "52.78500", "2006-06-30": "56.25500", "2006-03-31": "49.46600", "2005-12-31": "44.16000", "2005-09-30": "53.00500", "2005-06-30": "76.16800", "2005-03-31": "57.77100"}, "EBITDA": {"2020-09-30": "96.22500", "2020-06-30": "91.18900", "2020-03-31": "85.69100", "2019-12-31": "68.70010", "2019-09-30": "105.90700", "2019-06-30": "96.61010", "2019-03-31": "86.12200", "2018-12-31": "74.75800", "2018-09-30": "96.69500", "2018-06-30": "95.32300", "2018-03-31": "77.56700", "2017-12-31": "59.03390", "2017-09-30": "81.23900", "2017-06-30": "83.44800", "2017-03-31": "66.53100", "2016-12-31": "57.83790", "2016-09-30": "82.25500", "2016-06-30": "85.75900", "2016-03-31": "67.66500", "2015-12-31": "46.08300", "2015-09-30": "68.28900", "2015-06-30": "85.68800", "2015-03-31": "58.96900", "2014-12-31": "37.75500", "2014-09-30": "150.00000", "2014-06-30": "147.00000", "2014-03-31": "156.00000", "2013-12-31": "470.00000", "2013-09-30": "398.00000", "2013-06-30": "263.00000", "2013-03-31": "436.00000", "2012-12-31": "165.00000", "2012-09-30": "270.00000", "2012-06-30": "-70.00000", "2012-03-31": "534.00000", "2011-12-31": "425.00000", "2011-09-30": "-305.00000", "2011-06-30": "-174.00000", "2011-03-31": "412.00000", "2010-12-31": "417.00000", "2010-09-30": "405.00000", "2010-06-30": "-51.00000", "2010-03-31": "228.00000", "2009-12-31": "38.62700", "2009-09-30": "356.00000", "2009-06-30": "258.00000", "2009-03-31": "-198.00000", "2008-12-31": "33.01200", "2008-09-30": "49.72400", "2008-06-30": "53.68800", "2008-03-31": "49.41000", "2007-12-31": "28.73700", "2007-09-30": "52.19700", "2007-06-30": "94.45200", "2007-03-31": "59.74400", "2006-12-31": "-6.81690", "2006-09-30": "67.06000", "2006-06-30": "94.55800", "2006-03-31": "83.67300", "2005-12-31": "-42.57810", "2005-09-30": "88.43900", "2005-06-30": "122.31300", "2005-03-31": "95.64200"}, "EBIT": {"2020-09-30": "96.22500", "2020-06-30": "91.18900", "2020-03-31": "85.69100", "2019-12-31": "68.70010", "2019-09-30": "105.90700", "2019-06-30": "96.61010", "2019-03-31": "86.12200", "2018-12-31": "74.75800", "2018-09-30": "96.69500", "2018-06-30": "95.32300", "2018-03-31": "77.56700", "2017-12-31": "59.03410", "2017-09-30": "81.23900", "2017-06-30": "83.44800", "2017-03-31": "66.53100", "2016-12-31": "57.83800", "2016-09-30": "82.25500", "2016-06-30": "85.75900", "2016-03-31": "67.66500", "2015-12-31": "46.08300", "2015-09-30": "68.28900", "2015-06-30": "85.68800", "2015-03-31": "58.96900", "2014-12-31": "37.75500", "2014-09-30": "150.00000", "2014-06-30": "147.00000", "2014-03-31": "156.00000", "2013-12-31": "470.00000", "2013-09-30": "398.00000", "2013-06-30": "263.00000", "2013-03-31": "436.00000", "2012-12-31": "165.00000", "2012-09-30": "270.00000", "2012-06-30": "-70.00000", "2012-03-31": "534.00000", "2011-12-31": "425.00000", "2011-09-30": "-305.00000", "2011-06-30": "-174.00000", "2011-03-31": "412.00000", "2010-12-31": "417.00000", "2010-09-30": "405.00000", "2010-06-30": "-51.00000", "2010-03-31": "228.00000", "2009-12-31": "38.62700", "2009-09-30": "356.00000", "2009-06-30": "258.00000", "2009-03-31": "-340.00000", "2008-12-31": "33.01200", "2008-09-30": "49.72400", "2008-06-30": "53.68800", "2008-03-31": "49.41000", "2007-12-31": "19.38600", "2007-09-30": "46.68200", "2007-06-30": "84.47200", "2007-03-31": "51.29700", "2006-12-31": "-16.48090", "2006-09-30": "57.38100", "2006-06-30": "84.94000", "2006-03-31": "73.93800", "2005-12-31": "-52.29910", "2005-09-30": "78.41500", "2005-06-30": "112.31700", "2005-03-31": "85.78600"}, "Basic Shares Outstanding": {"2020-09-30": "46.19200", "2020-06-30": "46.19100", "2020-03-31": "46.19100", "2019-12-31": "46.19200", "2019-09-30": "46.19200", "2019-06-30": "46.19200", "2019-03-31": "46.19100", "2018-12-31": "46.19200", "2018-09-30": "46.19200", "2018-06-30": "46.19200", "2018-03-31": "46.19100", "2017-12-31": "46.19000", "2017-09-30": "46.19200", "2017-06-30": "46.18400", "2017-03-31": "46.19200", "2016-12-31": "46.19150", "2016-09-30": "46.19200", "2016-06-30": "46.19150", "2016-03-31": "46.19200", "2015-12-31": "46.18250", "2015-09-30": "46.19200", "2015-06-30": "46.19200", "2015-03-31": "46.19200", "2014-12-31": "46.19150", "2014-09-30": "46.19200", "2014-06-30": "46.21700", "2014-03-31": "46.40500", "2013-12-31": "46.52250", "2013-09-30": "46.66000", "2013-06-30": "46.69600", "2013-03-31": "46.77800", "2012-12-31": "47.36040", "2012-09-30": "47.19200", "2012-06-30": "47.49450", "2012-03-31": "47.75300", "2011-12-31": "48.87750", "2011-09-30": "48.50590", "2011-06-30": "49.25250", "2011-03-31": "49.79160", "2010-12-31": "50.70860", "2010-09-30": "50.50250", "2010-06-30": "51.01550", "2010-03-31": "51.18860", "2009-12-31": "51.24650", "2009-09-30": "51.25550", "2009-06-30": "51.24360", "2009-03-31": "51.27260", "2008-12-31": "51.35160", "2008-09-30": "51.37960", "2008-06-30": "51.75760", "2008-03-31": "52.83060", "2007-12-31": "55.93060", "2007-09-30": "55.18660", "2007-06-30": "57.33960", "2007-03-31": "57.69360", "2006-12-31": "58.83070", "2006-09-30": "57.87660", "2006-06-30": "59.06670", "2006-03-31": "60.63280", "2005-12-31": "62.39580", "2005-09-30": "62.41780", "2005-06-30": "62.62180", "2005-03-31": "62.92990"}, "Shares Outstanding": {"2020-09-30": "52.31300", "2020-06-30": "52.30600", "2020-03-31": "52.32700", "2019-12-31": "52.32300", "2019-09-30": "52.32800", "2019-06-30": "52.31800", "2019-03-31": "52.31500", "2018-12-31": "52.31800", "2018-09-30": "52.32000", "2018-06-30": "52.31600", "2018-03-31": "52.31400", "2017-12-31": "52.34000", "2017-09-30": "52.32000", "2017-06-30": "52.30200", "2017-03-31": "52.41200", "2016-12-31": "52.43750", "2016-09-30": "52.41400", "2016-06-30": "52.39550", "2016-03-31": "52.52700", "2015-12-31": "52.50950", "2015-09-30": "52.60500", "2015-06-30": "52.56600", "2015-03-31": "52.63800", "2014-12-31": "52.60350", "2014-09-30": "52.39000", "2014-06-30": "52.41400", "2014-03-31": "52.60100", "2013-12-31": "52.71780", "2013-09-30": "52.85000", "2013-06-30": "52.88900", "2013-03-31": "52.96300", "2012-12-31": "53.55040", "2012-09-30": "53.37800", "2012-06-30": "53.68160", "2012-03-31": "53.93300", "2011-12-31": "55.05950", "2011-09-30": "54.68760", "2011-06-30": "55.43950", "2011-03-31": "55.97160", "2010-12-31": "56.88750", "2010-09-30": "56.68060", "2010-06-30": "57.20060", "2010-03-31": "57.36060", "2009-12-31": "57.37350", "2009-09-30": "57.38650", "2009-06-30": "57.39260", "2009-03-31": "57.41160", "2008-12-31": "51.37260", "2008-09-30": "57.53660", "2008-06-30": "57.90060", "2008-03-31": "58.96760", "2007-12-31": "62.09960", "2007-09-30": "61.37260", "2007-06-30": "63.55860", "2007-03-31": "63.90860", "2006-12-31": "65.25970", "2006-09-30": "64.13160", "2006-06-30": "65.55670", "2006-03-31": "67.50780", "2005-12-31": "69.29680", "2005-09-30": "69.32290", "2005-06-30": "69.52790", "2005-03-31": "69.84890"}, "Basic EPS": {"2020-09-30": "1.93000", "2020-06-30": "1.77000", "2020-03-31": "1.28000", "2019-12-31": "1.29000", "2019-09-30": "2.04000", "2019-06-30": "1.90000", "2019-03-31": "1.63000", "2018-12-31": "1.35000", "2018-09-30": "1.74000", "2018-06-30": "1.73000", "2018-03-31": "1.42000", "2017-12-31": "0.68000", "2017-09-30": "1.27000", "2017-06-30": "1.27000", "2017-03-31": "1.04000", "2016-12-31": "0.98600", "2016-09-30": "1.24000", "2016-06-30": "1.33000", "2016-03-31": "0.99400", "2015-12-31": "0.65000", "2015-09-30": "1.07300", "2015-06-30": "1.21600", "2015-03-31": "0.84100", "2014-12-31": "0.55000", "2014-09-30": "1.02000", "2014-06-30": "1.06000", "2014-03-31": "0.99100", "2013-12-31": "0.77000", "2013-09-30": "0.99000", "2013-06-30": "0.94000", "2013-03-31": "0.79100", "2012-12-31": "0.65000", "2012-09-30": "1.08000", "2012-06-30": "0.90000", "2012-03-31": "0.75000", "2011-12-31": "0.54000", "2011-09-30": "0.97000", "2011-06-30": "1.06000", "2011-03-31": "0.88000", "2010-12-31": "0.24000", "2010-09-30": "1.07000", "2010-06-30": "0.96000", "2010-03-31": "0.92000", "2009-12-31": "0.49000", "2009-09-30": "0.78000", "2009-06-30": "0.64000", "2009-03-31": "0.21000", "2008-12-31": "-0.12000", "2008-09-30": "0.08000", "2008-06-30": "0.80000", "2008-03-31": "0.57000", "2007-12-31": "0.63000", "2007-09-30": "0.97000", "2007-06-30": "1.23000", "2007-03-31": "0.98000", "2006-12-31": "0.79000", "2006-09-30": "0.91000", "2006-06-30": "0.95000", "2006-03-31": "0.82000", "2005-12-31": "0.71000", "2005-09-30": "0.85000", "2005-06-30": "1.22000", "2005-03-31": "0.92000"}, "EPS - Earnings Per Share": {"2020-09-30": "1.71000", "2020-06-30": "1.57000", "2020-03-31": "1.13000", "2019-12-31": "1.14000", "2019-09-30": "1.80000", "2019-06-30": "1.68000", "2019-03-31": "1.44000", "2018-12-31": "1.19000", "2018-09-30": "1.54000", "2018-06-30": "1.52000", "2018-03-31": "1.26000", "2017-12-31": "0.61000", "2017-09-30": "1.12000", "2017-06-30": "1.12000", "2017-03-31": "0.91000", "2016-12-31": "0.87600", "2016-09-30": "1.09000", "2016-06-30": "1.17000", "2016-03-31": "0.87400", "2015-12-31": "0.57000", "2015-09-30": "0.94200", "2015-06-30": "1.06800", "2015-03-31": "0.73800", "2014-12-31": "0.48000", "2014-09-30": "0.89700", "2014-06-30": "0.93000", "2014-03-31": "0.87500", "2013-12-31": "0.68000", "2013-09-30": "0.87000", "2013-06-30": "0.83000", "2013-03-31": "0.70000", "2012-12-31": "0.56000", "2012-09-30": "0.96000", "2012-06-30": "0.80000", "2012-03-31": "0.67000", "2011-12-31": "0.48000", "2011-09-30": "0.87000", "2011-06-30": "0.94000", "2011-03-31": "0.79000", "2010-12-31": "0.22000", "2010-09-30": "0.95000", "2010-06-30": "0.86000", "2010-03-31": "0.82000", "2009-12-31": "0.43000", "2009-09-30": "0.70000", "2009-06-30": "0.57000", "2009-03-31": "0.19000", "2008-12-31": "-0.12000", "2008-09-30": "0.07000", "2008-06-30": "0.71000", "2008-03-31": "0.51000", "2007-12-31": "0.57000", "2007-09-30": "0.87000", "2007-06-30": "1.11000", "2007-03-31": "0.88000", "2006-12-31": "0.72000", "2006-09-30": "0.82000", "2006-06-30": "0.86000", "2006-03-31": "0.73000", "2005-12-31": "0.64000", "2005-09-30": "0.76000", "2005-06-30": "1.10000", "2005-03-31": "0.83000"}}, "balance sheet": {"Cash On Hand": {"2019-12-31": "336.73900", "2018-12-31": "266.41700", "2017-12-31": "215.72100", "2016-12-31": "189.07200", "2015-12-31": "182.88900", "2014-12-31": "91.74700", "2013-12-31": "452.00000", "2012-12-31": "400.00000", "2011-12-31": "185.00000", "2010-12-31": "430.00000", "2009-12-31": "234.00000", "2008-12-31": "61.07300", "2007-12-31": "31.07000", "2006-12-31": "60.24100", "2005-12-31": "31.66600"}, "Receivables": {"2019-12-31": "469.09800", "2018-12-31": "458.03500", "2017-12-31": "473.22800", "2016-12-31": "408.80000", "2015-12-31": "385.00200", "2014-12-31": "371.66800", "2013-12-31": "1339.00000", "2012-12-31": "1230.00000", "2011-12-31": "1142.00000", "2010-12-31": "1143.00000", "2009-12-31": "1121.00000", "2008-12-31": "1275.19900", "2007-12-31": "1314.69200", "2006-12-31": "1383.08000", "2005-12-31": "1336.23000"}, "Inventory": {"2019-12-31": "", "2018-12-31": "", "2017-12-31": "", "2016-12-31": "", "2015-12-31": "", "2014-12-31": "", "2013-12-31": "", "2012-12-31": "", "2011-12-31": "", "2010-12-31": "", "2009-12-31": "", "2008-12-31": "", "2007-12-31": "", "2006-12-31": "", "2005-12-31": ""}, "Pre-Paid Expenses": {"2019-12-31": "", "2018-12-31": "", "2017-12-31": "", "2016-12-31": "", "2015-12-31": "", "2014-12-31": "", "2013-12-31": "", "2012-12-31": "", "2011-12-31": "", "2010-12-31": "", "2009-12-31": "", "2008-12-31": "", "2007-12-31": "", "2006-12-31": "", "2005-12-31": ""}, "Other Current Assets": {"2019-12-31": "", "2018-12-31": "", "2017-12-31": "", "2016-12-31": "", "2015-12-31": "", "2014-12-31": "", "2013-12-31": "", "2012-12-31": "", "2011-12-31": "", "2010-12-31": "", "2009-12-31": "", "2008-12-31": "", "2007-12-31": "", "2006-12-31": "", "2005-12-31": ""}, "Total Current Assets": {"2019-12-31": "805.83700", "2018-12-31": "724.45200", "2017-12-31": "688.94900", "2016-12-31": "597.87200", "2015-12-31": "567.89100", "2014-12-31": "463.41500", "2013-12-31": "1791.00000", "2012-12-31": "1630.00000", "2011-12-31": "1327.00000", "2010-12-31": "1573.00000", "2009-12-31": "1355.00000", "2008-12-31": "1336.27200", "2007-12-31": "1345.76200", "2006-12-31": "1443.32100", "2005-12-31": "1367.89600"}, "Property, Plant, And Equipment": {"2019-12-31": "221.37900", "2018-12-31": "130.83200", "2017-12-31": "83.14900", "2016-12-31": "69.14200", "2015-12-31": "59.08700", "2014-12-31": "62.99100", "2013-12-31": "", "2012-12-31": "", "2011-12-31": "", "2010-12-31": "", "2009-12-31": "", "2008-12-31": "", "2007-12-31": "", "2006-12-31": "", "2005-12-31": ""}, "Long-Term Investments": {"2019-12-31": "830.04200", "2018-12-31": "800.46000", "2017-12-31": "810.68800", "2016-12-31": "777.78700", "2015-12-31": "693.96700", "2014-12-31": "707.92500", "2013-12-31": "13866.00000", "2012-12-31": "12814.00000", "2011-12-31": "12074.00000", "2010-12-31": "11815.00000", "2009-12-31": "10940.00000", "2008-12-31": "960.85900", "2007-12-31": "1228.44800", "2006-12-31": "1334.43100", "2005-12-31": "1409.71900"}, "Goodwill And Intangible Assets": {"2019-12-31": "", "2018-12-31": "", "2017-12-31": "", "2016-12-31": "", "2015-12-31": "", "2014-12-31": "", "2013-12-31": "", "2012-12-31": "", "2011-12-31": "", "2010-12-31": "", "2009-12-31": "", "2008-12-31": "", "2007-12-31": "", "2006-12-31": "", "2005-12-31": ""}, "Other Long-Term Assets": {"2019-12-31": "141.79600", "2018-12-31": "98.48200", "2017-12-31": "63.68300", "2016-12-31": "50.26500", "2015-12-31": "45.66500", "2014-12-31": "47.54600", "2013-12-31": "451.00000", "2012-12-31": "456.00000", "2011-12-31": "441.00000", "2010-12-31": "489.00000", "2009-12-31": "409.00000", "2008-12-31": "226.84900", "2007-12-31": "288.28400", "2006-12-31": "245.41200", "2005-12-31": "307.21000"}, "Total Long-Term Assets": {"2019-12-31": "1210.40300", "2018-12-31": "1053.87500", "2017-12-31": "976.91000", "2016-12-31": "951.08290", "2015-12-31": "839.40500", "2014-12-31": "855.78310", "2013-12-31": "14885.00000", "2012-12-31": "13811.00000", "2011-12-31": "13021.00000", "2010-12-31": "12771.00000", "2009-12-31": "11932.00000", "2008-12-31": "1277.11400", "2007-12-31": "1532.86100", "2006-12-31": "1596.04000", "2005-12-31": "1733.36500"}, "Total Assets": {"2019-12-31": "2016.24000", "2018-12-31": "1778.32700", "2017-12-31": "1665.85900", "2016-12-31": "1548.95500", "2015-12-31": "1407.29600", "2014-12-31": "1319.19800", "2013-12-31": "16676.00000", "2012-12-31": "15441.00000", "2011-12-31": "14348.00000", "2010-12-31": "14344.00000", "2009-12-31": "13287.00000", "2008-12-31": "2613.38600", "2007-12-31": "2878.62300", "2006-12-31": "3039.36100", "2005-12-31": "3101.26100"}, "Total Current Liabilities": {"2019-12-31": "399.89900", "2018-12-31": "354.73400", "2017-12-31": "332.65700", "2016-12-31": "298.71200", "2015-12-31": "284.07400", "2014-12-31": "265.32200", "2013-12-31": "8103.00000", "2012-12-31": "7671.00000", "2011-12-31": "7348.00000", "2010-12-31": "7269.00000", "2009-12-31": "7119.00000", "2008-12-31": "1566.99200", "2007-12-31": "1611.32400", "2006-12-31": "1665.65200", "2005-12-31": "1639.01200"}, "Long Term Debt": {"2019-12-31": "95.84200", "2018-12-31": "97.86000", "2017-12-31": "74.72800", "2016-12-31": "24.76600", "2015-12-31": "", "2014-12-31": "", "2013-12-31": "", "2012-12-31": "", "2011-12-31": "", "2010-12-31": "", "2009-12-31": "", "2008-12-31": "", "2007-12-31": "", "2006-12-31": "", "2005-12-31": ""}, "Other Non-Current Liabilities": {"2019-12-31": "387.24600", "2018-12-31": "352.06100", "2017-12-31": "401.13000", "2016-12-31": "408.56700", "2015-12-31": "353.71900", "2014-12-31": "350.74200", "2013-12-31": "573.00000", "2012-12-31": "614.00000", "2011-12-31": "560.00000", "2010-12-31": "458.00000", "2009-12-31": "443.00000", "2008-12-31": "254.51900", "2007-12-31": "201.42200", "2006-12-31": "203.51800", "2005-12-31": "177.10900"}, "Total Long Term Liabilities": {"2019-12-31": "483.08800", "2018-12-31": "449.92100", "2017-12-31": "475.85800", "2016-12-31": "433.33300", "2015-12-31": "353.71900", "2014-12-31": "350.74200", "2013-12-31": "1023.00000", "2012-12-31": "979.00000", "2011-12-31": "707.00000", "2010-12-31": "741.00000", "2009-12-31": "443.00000", "2008-12-31": "254.51900", "2007-12-31": "216.02000", "2006-12-31": "211.86100", "2005-12-31": "183.64700"}, "Total Liabilities": {"2019-12-31": "882.98700", "2018-12-31": "804.65500", "2017-12-31": "808.51500", "2016-12-31": "732.04500", "2015-12-31": "637.79300", "2014-12-31": "616.06400", "2013-12-31": "9126.00000", "2012-12-31": "8650.00000", "2011-12-31": "8055.00000", "2010-12-31": "8010.00000", "2009-12-31": "7562.00000", "2008-12-31": "1821.51100", "2007-12-31": "1827.34400", "2006-12-31": "1877.51300", "2005-12-31": "1822.65900"}, "Common Stock Net": {"2019-12-31": "2.17000", "2018-12-31": "2.17000", "2017-12-31": "2.17000", "2016-12-31": "2.17000", "2015-12-31": "2.17000", "2014-12-31": "2.17000", "2013-12-31": "2.00000", "2012-12-31": "2.00000", "2011-12-31": "2.00000", "2010-12-31": "2.00000", "2009-12-31": "2.00000", "2008-12-31": "2.17000", "2007-12-31": "2.17000", "2006-12-31": "2.17000", "2005-12-31": "2.17000"}, "Retained Earnings (Accumulated Deficit)": {"2019-12-31": "2377.55800", "2018-12-31": "2231.41700", "2017-12-31": "2140.85300", "2016-12-31": "2065.91100", "2015-12-31": "1993.97600", "2014-12-31": "1948.43800", "2013-12-31": "1902.00000", "2012-12-31": "1852.00000", "2011-12-31": "1894.00000", "2010-12-31": "1827.00000", "2009-12-31": "1743.00000", "2008-12-31": "1717.49900", "2007-12-31": "1740.17400", "2006-12-31": "1618.65600", "2005-12-31": "1501.79800"}, "Comprehensive Income": {"2019-12-31": "-116.86800", "2018-12-31": "-130.28400", "2017-12-31": "-156.05900", "2016-12-31": "-121.38100", "2015-12-31": "-96.86400", "2014-12-31": "-117.70100", "2013-12-31": "-59.00000", "2012-12-31": "-133.00000", "2011-12-31": "-105.00000", "2010-12-31": "-53.00000", "2009-12-31": "-43.00000", "2008-12-31": "-135.85400", "2007-12-31": "10.04800", "2006-12-31": "5.42200", "2005-12-31": "21.68100"}, "Other Share Holders Equity": {"2019-12-31": "", "2018-12-31": "", "2017-12-31": "", "2016-12-31": "", "2015-12-31": "", "2014-12-31": "", "2013-12-31": "", "2012-12-31": "", "2011-12-31": "", "2010-12-31": "", "2009-12-31": "6.00000", "2008-12-31": "11.19100", "2007-12-31": "", "2006-12-31": "", "2005-12-31": ""}, "Share Holder Equity": {"2019-12-31": "1133.25300", "2018-12-31": "973.67200", "2017-12-31": "857.34400", "2016-12-31": "816.91000", "2015-12-31": "769.50300", "2014-12-31": "703.13400", "2013-12-31": "7550.00000", "2012-12-31": "6791.00000", "2011-12-31": "6293.00000", "2010-12-31": "6334.00000", "2009-12-31": "5725.00000", "2008-12-31": "791.87500", "2007-12-31": "1051.27900", "2006-12-31": "1161.84800", "2005-12-31": "1278.60200"}, "Total Liabilities And Share Holders Equity": {"2019-12-31": "2016.24000", "2018-12-31": "1778.32700", "2017-12-31": "1665.85900", "2016-12-31": "1548.95500", "2015-12-31": "1407.29600", "2014-12-31": "1319.19800", "2013-12-31": "16676.00000", "2012-12-31": "15441.00000", "2011-12-31": "14348.00000", "2010-12-31": "14344.00000", "2009-12-31": "13287.00000", "2008-12-31": "2613.38600", "2007-12-31": "2878.62300", "2006-12-31": "3039.36100", "2005-12-31": "3101.26100"}}, "balance sheet, quarterly": {"Cash On Hand": {"2020-09-30": "216.35500", "2020-06-30": "257.73800", "2020-03-31": "228.64600", "2019-12-31": "336.73900", "2019-09-30": "344.87200", "2019-06-30": "338.26200", "2019-03-31": "312.04500", "2018-12-31": "266.41700", "2018-09-30": "244.68800", "2018-06-30": "198.41200", "2018-03-31": "119.62700", "2017-12-31": "215.72100", "2017-09-30": "184.62800", "2017-06-30": "144.70900", "2017-03-31": "110.41800", "2016-12-31": "189.07200", "2016-09-30": "139.81300", "2016-06-30": "124.11100", "2016-03-31": "105.28200", "2015-12-31": "182.88900", "2015-09-30": "618.00000", "2015-06-30": "421.00000", "2015-03-31": "420.00000", "2014-12-31": "91.74700", "2014-09-30": "379.00000", "2014-06-30": "300.00000", "2014-03-31": "379.00000", "2013-12-31": "452.00000", "2013-09-30": "535.00000", "2013-06-30": "365.00000", "2013-03-31": "388.00000", "2012-12-31": "400.00000", "2012-09-30": "404.00000", "2012-06-30": "240.00000", "2012-03-31": "199.00000", "2011-12-31": "185.00000", "2011-09-30": "76.00000", "2011-06-30": "109.00000", "2011-03-31": "211.00000", "2010-12-31": "430.00000", "2010-09-30": "312.00000", "2010-06-30": "223.00000", "2010-03-31": "202.00000", "2009-12-31": "234.00000", "2009-09-30": "36.87200", "2009-06-30": "26.41700", "2009-03-31": "77.58800", "2008-12-31": "61.07300", "2008-09-30": "18.15800", "2008-06-30": "16.20100", "2008-03-31": "31.20100", "2007-12-31": "31.07000", "2007-09-30": "32.15700", "2007-06-30": "27.29200", "2007-03-31": "10.57800", "2006-12-31": "60.24100", "2006-09-30": "37.64400", "2006-06-30": "15.71100", "2006-03-31": "7.13200", "2005-12-31": "31.66600", "2005-09-30": "42.73500", "2005-06-30": "33.27100", "2005-03-31": "53.30700"}, "Receivables": {"2020-09-30": "505.15700", "2020-06-30": "506.69000", "2020-03-31": "482.23800", "2019-12-31": "469.09800", "2019-09-30": "504.06000", "2019-06-30": "491.11000", "2019-03-31": "456.13500", "2018-12-31": "458.03500", "2018-09-30": "488.62000", "2018-06-30": "470.21100", "2018-03-31": "455.05900", "2017-12-31": "473.22800", "2017-09-30": "453.50000", "2017-06-30": "436.42200", "2017-03-31": "417.31900", "2016-12-31": "408.80000", "2016-09-30": "424.97500", "2016-06-30": "412.27300", "2016-03-31": "377.45100", "2015-12-31": "385.00200", "2015-09-30": "1579.00000", "2015-06-30": "1546.00000", "2015-03-31": "1466.00000", "2014-12-31": "371.66800", "2014-09-30": "1488.00000", "2014-06-30": "1455.00000", "2014-03-31": "1369.00000", "2013-12-31": "1339.00000", "2013-09-30": "1377.00000", "2013-06-30": "1365.00000", "2013-03-31": "1282.00000", "2012-12-31": "1230.00000", "2012-09-30": "1265.00000", "2012-06-30": "1241.00000", "2012-03-31": "1167.00000", "2011-12-31": "1142.00000", "2011-09-30": "1232.00000", "2011-06-30": "1215.00000", "2011-03-31": "1158.00000", "2010-12-31": "1143.00000", "2010-09-30": "1197.00000", "2010-06-30": "1178.00000", "2010-03-31": "1137.00000", "2009-12-31": "1121.00000", "2009-09-30": "1315.15000", "2009-06-30": "1296.98000", "2009-03-31": "1196.45900", "2008-12-31": "1275.19900", "2008-09-30": "1330.81700", "2008-06-30": "1322.46400", "2008-03-31": "1324.48900", "2007-12-31": "1314.69200", "2007-09-30": "1320.20200", "2007-06-30": "1335.98400", "2007-03-31": "1313.75000", "2006-12-31": "1383.08000", "2006-09-30": "1355.86600", "2006-06-30": "1337.63900", "2006-03-31": "1313.12600", "2005-12-31": "1336.23000", "2005-09-30": "1323.42200", "2005-06-30": "1324.36700", "2005-03-31": "1265.76000"}, "Inventory": {"2020-09-30": "", "2020-06-30": "", "2020-03-31": "", "2019-12-31": "", "2019-09-30": "", "2019-06-30": "", "2019-03-31": "", "2018-12-31": "", "2018-09-30": "", "2018-06-30": "", "2018-03-31": "", "2017-12-31": "", "2017-09-30": "", "2017-06-30": "", "2017-03-31": "", "2016-12-31": "", "2016-09-30": "", "2016-06-30": "", "2016-03-31": "", "2015-12-31": "", "2015-09-30": "", "2015-06-30": "", "2015-03-31": "", "2014-12-31": "", "2014-09-30": "", "2014-06-30": "", "2014-03-31": "", "2013-12-31": "", "2013-09-30": "", "2013-06-30": "", "2013-03-31": "", "2012-12-31": "", "2012-09-30": "", "2012-06-30": "", "2012-03-31": "", "2011-12-31": "", "2011-09-30": "", "2011-06-30": "", "2011-03-31": "", "2010-12-31": "", "2010-09-30": "", "2010-06-30": "", "2010-03-31": "", "2009-12-31": "", "2009-09-30": "", "2009-06-30": "", "2009-03-31": "", "2008-12-31": "", "2008-09-30": "", "2008-06-30": "", "2008-03-31": "", "2007-12-31": "", "2007-09-30": "", "2007-06-30": "", "2007-03-31": "", "2006-12-31": "", "2006-09-30": "", "2006-06-30": "", "2006-03-31": "", "2005-12-31": "", "2005-09-30": "", "2005-06-30": "", "2005-03-31": ""}, "Pre-Paid Expenses": {"2020-09-30": "", "2020-06-30": "", "2020-03-31": "", "2019-12-31": "", "2019-09-30": "", "2019-06-30": "", "2019-03-31": "", "2018-12-31": "", "2018-09-30": "", "2018-06-30": "", "2018-03-31": "", "2017-12-31": "", "2017-09-30": "", "2017-06-30": "", "2017-03-31": "", "2016-12-31": "", "2016-09-30": "", "2016-06-30": "", "2016-03-31": "", "2015-12-31": "", "2015-09-30": "", "2015-06-30": "", "2015-03-31": "", "2014-12-31": "", "2014-09-30": "", "2014-06-30": "", "2014-03-31": "", "2013-12-31": "", "2013-09-30": "", "2013-06-30": "", "2013-03-31": "", "2012-12-31": "", "2012-09-30": "", "2012-06-30": "", "2012-03-31": "", "2011-12-31": "", "2011-09-30": "", "2011-06-30": "", "2011-03-31": "", "2010-12-31": "", "2010-09-30": "", "2010-06-30": "", "2010-03-31": "", "2009-12-31": "", "2009-09-30": "", "2009-06-30": "", "2009-03-31": "", "2008-12-31": "", "2008-09-30": "", "2008-06-30": "", "2008-03-31": "", "2007-12-31": "", "2007-09-30": "", "2007-06-30": "", "2007-03-31": "", "2006-12-31": "", "2006-09-30": "", "2006-06-30": "", "2006-03-31": "", "2005-12-31": "", "2005-09-30": "", "2005-06-30": "", "2005-03-31": ""}, "Other Current Assets": {"2020-09-30": "", "2020-06-30": "", "2020-03-31": "", "2019-12-31": "", "2019-09-30": "", "2019-06-30": "", "2019-03-31": "", "2018-12-31": "", "2018-09-30": "", "2018-06-30": "", "2018-03-31": "", "2017-12-31": "", "2017-09-30": "", "2017-06-30": "", "2017-03-31": "", "2016-12-31": "", "2016-09-30": "", "2016-06-30": "", "2016-03-31": "", "2015-12-31": "", "2015-09-30": "", "2015-06-30": "", "2015-03-31": "", "2014-12-31": "", "2014-09-30": "", "2014-06-30": "", "2014-03-31": "", "2013-12-31": "", "2013-09-30": "", "2013-06-30": "", "2013-03-31": "", "2012-12-31": "", "2012-09-30": "", "2012-06-30": "", "2012-03-31": "", "2011-12-31": "", "2011-09-30": "", "2011-06-30": "", "2011-03-31": "", "2010-12-31": "", "2010-09-30": "", "2010-06-30": "", "2010-03-31": "", "2009-12-31": "", "2009-09-30": "", "2009-06-30": "", "2009-03-31": "", "2008-12-31": "", "2008-09-30": "", "2008-06-30": "", "2008-03-31": "", "2007-12-31": "", "2007-09-30": "", "2007-06-30": "", "2007-03-31": "", "2006-12-31": "", "2006-09-30": "", "2006-06-30": "", "2006-03-31": "", "2005-12-31": "", "2005-09-30": "", "2005-06-30": "", "2005-03-31": ""}, "Total Current Assets": {"2020-09-30": "721.51200", "2020-06-30": "764.42800", "2020-03-31": "710.88400", "2019-12-31": "805.83700", "2019-09-30": "848.93200", "2019-06-30": "829.37190", "2019-03-31": "768.18010", "2018-12-31": "724.45200", "2018-09-30": "733.30800", "2018-06-30": "668.62300", "2018-03-31": "574.68600", "2017-12-31": "688.94900", "2017-09-30": "638.12800", "2017-06-30": "581.13100", "2017-03-31": "527.73700", "2016-12-31": "597.87200", "2016-09-30": "564.78800", "2016-06-30": "536.38400", "2016-03-31": "482.73300", "2015-12-31": "567.89100", "2015-09-30": "2197.00000", "2015-06-30": "1967.00000", "2015-03-31": "1886.00000", "2014-12-31": "463.41500", "2014-09-30": "1867.00000", "2014-06-30": "1755.00000", "2014-03-31": "1748.00000", "2013-12-31": "1791.00000", "2013-09-30": "1912.00000", "2013-06-30": "1730.00000", "2013-03-31": "1670.00000", "2012-12-31": "1630.00000", "2012-09-30": "1669.00000", "2012-06-30": "1481.00000", "2012-03-31": "1366.00000", "2011-12-31": "1327.00000", "2011-09-30": "1308.00000", "2011-06-30": "1324.00000", "2011-03-31": "1369.00000", "2010-12-31": "1573.00000", "2010-09-30": "1509.00000", "2010-06-30": "1401.00000", "2010-03-31": "1339.00000", "2009-12-31": "1355.00000", "2009-09-30": "1352.02200", "2009-06-30": "1323.39700", "2009-03-31": "1274.04700", "2008-12-31": "1336.27200", "2008-09-30": "1348.97500", "2008-06-30": "1338.66500", "2008-03-31": "1355.69000", "2007-12-31": "1345.76200", "2007-09-30": "1352.35900", "2007-06-30": "1363.27600", "2007-03-31": "1324.32800", "2006-12-31": "1443.32100", "2006-09-30": "1393.51000", "2006-06-30": "1353.35000", "2006-03-31": "1320.25800", "2005-12-31": "1367.89600", "2005-09-30": "1366.15700", "2005-06-30": "1357.63800", "2005-03-31": "1319.06700"}, "Property, Plant, And Equipment": {"2020-09-30": "254.90800", "2020-06-30": "246.57200", "2020-03-31": "238.29600", "2019-12-31": "221.37900", "2019-09-30": "194.17000", "2019-06-30": "173.05500", "2019-03-31": "144.65200", "2018-12-31": "130.83200", "2018-09-30": "121.68400", "2018-06-30": "94.65100", "2018-03-31": "88.44800", "2017-12-31": "83.14900", "2017-09-30": "75.37000", "2017-06-30": "71.11900", "2017-03-31": "68.68500", "2016-12-31": "69.14200", "2016-09-30": "58.31100", "2016-06-30": "58.98600", "2016-03-31": "58.91800", "2015-12-31": "59.08700", "2015-09-30": "", "2015-06-30": "", "2015-03-31": "", "2014-12-31": "62.99100", "2014-09-30": "", "2014-06-30": "", "2014-03-31": "", "2013-12-31": "", "2013-09-30": "", "2013-06-30": "", "2013-03-31": "", "2012-12-31": "", "2012-09-30": "", "2012-06-30": "", "2012-03-31": "", "2011-12-31": "", "2011-09-30": "", "2011-06-30": "", "2011-03-31": "", "2010-12-31": "", "2010-09-30": "", "2010-06-30": "", "2010-03-31": "", "2009-12-31": "", "2009-09-30": "", "2009-06-30": "", "2009-03-31": "", "2008-12-31": "", "2008-09-30": "", "2008-06-30": "", "2008-03-31": "", "2007-12-31": "", "2007-09-30": "", "2007-06-30": "", "2007-03-31": "", "2006-12-31": "", "2006-09-30": "", "2006-06-30": "", "2006-03-31": "", "2005-12-31": "", "2005-09-30": "13.09200", "2005-06-30": "13.14600", "2005-03-31": "13.20900"}, "Long-Term Investments": {"2020-09-30": "1076.80700", "2020-06-30": "959.59600", "2020-03-31": "897.69300", "2019-12-31": "891.02000", "2019-09-30": "773.12300", "2019-06-30": "736.26200", "2019-03-31": "721.58700", "2018-12-31": "800.46000", "2018-09-30": "760.29800", "2018-06-30": "764.21400", "2018-03-31": "792.92600", "2017-12-31": "810.68800", "2017-09-30": "805.15200", "2017-06-30": "804.78600", "2017-03-31": "780.83000", "2016-12-31": "777.78700", "2016-09-30": "776.58500", "2016-06-30": "730.89900", "2016-03-31": "706.91200", "2015-12-31": "693.96700", "2015-09-30": "14650.00000", "2015-06-30": "14881.00000", "2015-03-31": "14950.00000", "2014-12-31": "707.92500", "2014-09-30": "14626.00000", "2014-06-30": "14608.00000", "2014-03-31": "14140.00000", "2013-12-31": "13866.00000", "2013-09-30": "13420.00000", "2013-06-30": "13102.00000", "2013-03-31": "13158.00000", "2012-12-31": "12814.00000", "2012-09-30": "12791.00000", "2012-06-30": "12530.00000", "2012-03-31": "12560.00000", "2011-12-31": "12074.00000", "2011-09-30": "12002.00000", "2011-06-30": "12488.00000", "2011-03-31": "12277.00000", "2010-12-31": "11815.00000", "2010-09-30": "11711.00000", "2010-06-30": "11157.00000", "2010-03-31": "11180.00000", "2009-12-31": "10940.00000", "2009-09-30": "987.06300", "2009-06-30": "948.62600", "2009-03-31": "932.53900", "2008-12-31": "960.85900", "2008-09-30": "1063.13900", "2008-06-30": "1143.36300", "2008-03-31": "1183.20500", "2007-12-31": "1228.44800", "2007-09-30": "1218.06100", "2007-06-30": "1368.38100", "2007-03-31": "1357.37900", "2006-12-31": "1334.43100", "2006-09-30": "1282.89800", "2006-06-30": "1247.66500", "2006-03-31": "1363.47700", "2005-12-31": "1409.71900", "2005-09-30": "1400.78500", "2005-06-30": "1374.13800", "2005-03-31": "1342.75300"}, "Goodwill And Intangible Assets": {"2020-09-30": "", "2020-06-30": "", "2020-03-31": "", "2019-12-31": "", "2019-09-30": "", "2019-06-30": "", "2019-03-31": "", "2018-12-31": "", "2018-09-30": "", "2018-06-30": "", "2018-03-31": "", "2017-12-31": "", "2017-09-30": "", "2017-06-30": "", "2017-03-31": "", "2016-12-31": "", "2016-09-30": "", "2016-06-30": "", "2016-03-31": "", "2015-12-31": "", "2015-09-30": "", "2015-06-30": "", "2015-03-31": "", "2014-12-31": "", "2014-09-30": "", "2014-06-30": "", "2014-03-31": "", "2013-12-31": "", "2013-09-30": "", "2013-06-30": "", "2013-03-31": "", "2012-12-31": "", "2012-09-30": "", "2012-06-30": "", "2012-03-31": "", "2011-12-31": "", "2011-09-30": "", "2011-06-30": "", "2011-03-31": "", "2010-12-31": "", "2010-09-30": "", "2010-06-30": "", "2010-03-31": "", "2009-12-31": "", "2009-09-30": "", "2009-06-30": "", "2009-03-31": "", "2008-12-31": "", "2008-09-30": "", "2008-06-30": "", "2008-03-31": "", "2007-12-31": "", "2007-09-30": "", "2007-06-30": "", "2007-03-31": "", "2006-12-31": "", "2006-09-30": "", "2006-06-30": "", "2006-03-31": "", "2005-12-31": "", "2005-09-30": "", "2005-06-30": "", "2005-03-31": ""}, "Other Long-Term Assets": {"2020-09-30": "84.49700", "2020-06-30": "93.37000", "2020-03-31": "91.33900", "2019-12-31": "80.81800", "2019-09-30": "142.85000", "2019-06-30": "131.86800", "2019-03-31": "142.85700", "2018-12-31": "98.48200", "2018-09-30": "106.55300", "2018-06-30": "93.26000", "2018-03-31": "88.36100", "2017-12-31": "63.68300", "2017-09-30": "65.22100", "2017-06-30": "58.37800", "2017-03-31": "60.28900", "2016-12-31": "50.26500", "2016-09-30": "49.17000", "2016-06-30": "52.77700", "2016-03-31": "56.81100", "2015-12-31": "45.66500", "2015-09-30": "561.00000", "2015-06-30": "542.00000", "2015-03-31": "528.00000", "2014-12-31": "47.54600", "2014-09-30": "480.00000", "2014-06-30": "517.00000", "2014-03-31": "485.00000", "2013-12-31": "451.00000", "2013-09-30": "436.00000", "2013-06-30": "451.00000", "2013-03-31": "414.00000", "2012-12-31": "456.00000", "2012-09-30": "563.00000", "2012-06-30": "510.00000", "2012-03-31": "406.00000", "2011-12-31": "441.00000", "2011-09-30": "458.00000", "2011-06-30": "427.00000", "2011-03-31": "438.00000", "2010-12-31": "489.00000", "2010-09-30": "454.00000", "2010-06-30": "438.00000", "2010-03-31": "420.00000", "2009-12-31": "409.00000", "2009-09-30": "287.85300", "2009-06-30": "268.34900", "2009-03-31": "234.18000", "2008-12-31": "226.84900", "2008-09-30": "291.10500", "2008-06-30": "305.96600", "2008-03-31": "296.14200", "2007-12-31": "288.28400", "2007-09-30": "287.87300", "2007-06-30": "273.53600", "2007-03-31": "282.68200", "2006-12-31": "245.41200", "2006-09-30": "300.13300", "2006-06-30": "292.21500", "2006-03-31": "306.39100", "2005-12-31": "307.21000", "2005-09-30": "317.85700", "2005-06-30": "313.20600", "2005-03-31": "284.67200"}, "Total Long-Term Assets": {"2020-09-30": "1437.83000", "2020-06-30": "1318.43300", "2020-03-31": "1246.60900", "2019-12-31": "1210.40300", "2019-09-30": "1125.64800", "2019-06-30": "1060.27500", "2019-03-31": "1031.27600", "2018-12-31": "1053.87500", "2018-09-30": "1026.19500", "2018-06-30": "983.65200", "2018-03-31": "998.79000", "2017-12-31": "976.91000", "2017-09-30": "993.30100", "2017-06-30": "986.09400", "2017-03-31": "962.29900", "2016-12-31": "951.08290", "2016-09-30": "920.22690", "2016-06-30": "878.44200", "2016-03-31": "857.89090", "2015-12-31": "839.40500", "2015-09-30": "15918.00000", "2015-06-30": "16102.00000", "2015-03-31": "16107.00000", "2014-12-31": "855.78310", "2014-09-30": "15711.00000", "2014-06-30": "15705.00000", "2014-03-31": "15183.00000", "2013-12-31": "14885.00000", "2013-09-30": "14472.00000", "2013-06-30": "14149.00000", "2013-03-31": "14121.00000", "2012-12-31": "13811.00000", "2012-09-30": "13875.00000", "2012-06-30": "13561.00000", "2012-03-31": "13466.00000", "2011-12-31": "13021.00000", "2011-09-30": "12955.00000", "2011-06-30": "13399.00000", "2011-03-31": "13184.00000", "2010-12-31": "12771.00000", "2010-09-30": "12649.00000", "2010-06-30": "12169.00000", "2010-03-31": "12111.00000", "2009-12-31": "11932.00000", "2009-09-30": "1357.45800", "2009-06-30": "1312.33100", "2009-03-31": "1268.38700", "2008-12-31": "1277.11400", "2008-09-30": "1385.95100", "2008-06-30": "1466.08700", "2008-03-31": "1495.26600", "2007-12-31": "1532.86100", "2007-09-30": "1522.86900", "2007-06-30": "1658.53400", "2007-03-31": "1656.01700", "2006-12-31": "1596.04000", "2006-09-30": "1599.88600", "2006-06-30": "1556.49700", "2006-03-31": "1685.95700", "2005-12-31": "1733.36500", "2005-09-30": "1749.24900", "2005-06-30": "1717.97000", "2005-03-31": "1657.53800"}, "Total Assets": {"2020-09-30": "2159.34200", "2020-06-30": "2082.86100", "2020-03-31": "1957.49300", "2019-12-31": "2016.24000", "2019-09-30": "1974.58000", "2019-06-30": "1889.64700", "2019-03-31": "1799.45600", "2018-12-31": "1778.32700", "2018-09-30": "1759.50300", "2018-06-30": "1652.27500", "2018-03-31": "1573.47600", "2017-12-31": "1665.85900", "2017-09-30": "1631.42900", "2017-06-30": "1567.22500", "2017-03-31": "1490.03600", "2016-12-31": "1548.95500", "2016-09-30": "1485.01500", "2016-06-30": "1414.82600", "2016-03-31": "1340.62400", "2015-12-31": "1407.29600", "2015-09-30": "18115.00000", "2015-06-30": "18069.00000", "2015-03-31": "17993.00000", "2014-12-31": "1319.19800", "2014-09-30": "17578.00000", "2014-06-30": "17460.00000", "2014-03-31": "16931.00000", "2013-12-31": "16676.00000", "2013-09-30": "16384.00000", "2013-06-30": "15879.00000", "2013-03-31": "15791.00000", "2012-12-31": "15441.00000", "2012-09-30": "15544.00000", "2012-06-30": "15042.00000", "2012-03-31": "14832.00000", "2011-12-31": "14348.00000", "2011-09-30": "14263.00000", "2011-06-30": "14723.00000", "2011-03-31": "14553.00000", "2010-12-31": "14344.00000", "2010-09-30": "14158.00000", "2010-06-30": "13570.00000", "2010-03-31": "13450.00000", "2009-12-31": "13287.00000", "2009-09-30": "2709.48000", "2009-06-30": "2635.72800", "2009-03-31": "2542.43400", "2008-12-31": "2613.38600", "2008-09-30": "2734.92600", "2008-06-30": "2804.75200", "2008-03-31": "2850.95600", "2007-12-31": "2878.62300", "2007-09-30": "2875.22800", "2007-06-30": "3021.81000", "2007-03-31": "2980.34500", "2006-12-31": "3039.36100", "2006-09-30": "2993.39600", "2006-06-30": "2909.84700", "2006-03-31": "3006.21500", "2005-12-31": "3101.26100", "2005-09-30": "3115.40600", "2005-06-30": "3075.60800", "2005-03-31": "2976.60500"}, "Total Current Liabilities": {"2020-09-30": "425.69000", "2020-06-30": "422.17900", "2020-03-31": "402.36300", "2019-12-31": "399.89900", "2019-09-30": "406.34400", "2019-06-30": "394.11100", "2019-03-31": "378.07200", "2018-12-31": "354.73400", "2018-09-30": "371.61400", "2018-06-30": "351.39200", "2018-03-31": "336.63700", "2017-12-31": "332.65700", "2017-09-30": "335.38700", "2017-06-30": "319.74900", "2017-03-31": "300.80700", "2016-12-31": "298.71200", "2016-09-30": "312.77100", "2016-06-30": "308.05900", "2016-03-31": "282.14900", "2015-12-31": "284.07400", "2015-09-30": "8880.00000", "2015-06-30": "8807.00000", "2015-03-31": "8638.00000", "2014-12-31": "265.32200", "2014-09-30": "8630.00000", "2014-06-30": "8541.00000", "2014-03-31": "8238.00000", "2013-12-31": "8103.00000", "2013-09-30": "8120.00000", "2013-06-30": "7960.00000", "2013-03-31": "7753.00000", "2012-12-31": "7671.00000", "2012-09-30": "7739.00000", "2012-06-30": "7650.00000", "2012-03-31": "7336.00000", "2011-12-31": "7348.00000", "2011-09-30": "7594.00000", "2011-06-30": "7624.00000", "2011-03-31": "7267.00000", "2010-12-31": "7269.00000", "2010-09-30": "7371.00000", "2010-06-30": "7289.00000", "2010-03-31": "7155.00000", "2009-12-31": "7119.00000", "2009-09-30": "1625.78300", "2009-06-30": "1607.67400", "2009-03-31": "1578.25800", "2008-12-31": "1566.99200", "2008-09-30": "1661.67200", "2008-06-30": "1698.85600", "2008-03-31": "1705.08200", "2007-12-31": "1611.32400", "2007-09-30": "1637.24300", "2007-06-30": "1651.02400", "2007-03-31": "1640.81200", "2006-12-31": "1665.65200", "2006-09-30": "1713.20600", "2006-06-30": "1680.69900", "2006-03-31": "1631.23700", "2005-12-31": "1639.01200", "2005-09-30": "1720.31800", "2005-06-30": "1664.82900", "2005-03-31": "1616.21200"}, "Long Term Debt": {"2020-09-30": "94.33700", "2020-06-30": "94.84900", "2020-03-31": "95.34200", "2019-12-31": "95.84200", "2019-09-30": "96.34600", "2019-06-30": "96.86000", "2019-03-31": "97.38200", "2018-12-31": "97.86000", "2018-09-30": "98.33200", "2018-06-30": "98.80000", "2018-03-31": "74.72600", "2017-12-31": "74.72800", "2017-09-30": "49.73400", "2017-06-30": "49.74200", "2017-03-31": "24.75300", "2016-12-31": "24.76600", "2016-09-30": "", "2016-06-30": "", "2016-03-31": "", "2015-12-31": "", "2015-09-30": "", "2015-06-30": "", "2015-03-31": "", "2014-12-31": "", "2014-09-30": "", "2014-06-30": "", "2014-03-31": "", "2013-12-31": "", "2013-09-30": "", "2013-06-30": "", "2013-03-31": "", "2012-12-31": "", "2012-09-30": "", "2012-06-30": "", "2012-03-31": "", "2011-12-31": "", "2011-09-30": "", "2011-06-30": "", "2011-03-31": "", "2010-12-31": "", "2010-09-30": "", "2010-06-30": "", "2010-03-31": "", "2009-12-31": "", "2009-09-30": "", "2009-06-30": "", "2009-03-31": "", "2008-12-31": "", "2008-09-30": "", "2008-06-30": "", "2008-03-31": "", "2007-12-31": "", "2007-09-30": "", "2007-06-30": "", "2007-03-31": "", "2006-12-31": "", "2006-09-30": "", "2006-06-30": "", "2006-03-31": "", "2005-12-31": "", "2005-09-30": "", "2005-06-30": "", "2005-03-31": ""}, "Other Non-Current Liabilities": {"2020-09-30": "392.09800", "2020-06-30": "356.25300", "2020-03-31": "324.75600", "2019-12-31": "387.24600", "2019-09-30": "352.61900", "2019-06-30": "335.22200", "2019-03-31": "298.25200", "2018-12-31": "352.06100", "2018-09-30": "359.22400", "2018-06-30": "312.96200", "2018-03-31": "321.95800", "2017-12-31": "401.13000", "2017-09-30": "365.82700", "2017-06-30": "342.43200", "2017-03-31": "315.14000", "2016-12-31": "408.56700", "2016-09-30": "328.50200", "2016-06-30": "289.61300", "2016-03-31": "265.06700", "2015-12-31": "353.71900", "2015-09-30": "827.00000", "2015-06-30": "687.00000", "2015-03-31": "724.00000", "2014-12-31": "350.74200", "2014-09-30": "647.00000", "2014-06-30": "541.00000", "2014-03-31": "511.00000", "2013-12-31": "573.00000", "2013-09-30": "697.00000", "2013-06-30": "639.00000", "2013-03-31": "611.00000", "2012-12-31": "614.00000", "2012-09-30": "595.00000", "2012-06-30": "560.00000", "2012-03-31": "541.00000", "2011-12-31": "560.00000", "2011-09-30": "468.00000", "2011-06-30": "466.00000", "2011-03-31": "412.00000", "2010-12-31": "458.00000", "2010-09-30": "458.00000", "2010-06-30": "412.00000", "2010-03-31": "384.00000", "2009-12-31": "443.00000", "2009-09-30": "205.35400", "2009-06-30": "198.93800", "2009-03-31": "187.22800", "2008-12-31": "254.51900", "2008-09-30": "139.01900", "2008-06-30": "126.21700", "2008-03-31": "124.31700", "2007-12-31": "201.42200", "2007-09-30": "177.80600", "2007-06-30": "144.28900", "2007-03-31": "132.90000", "2006-12-31": "203.51800", "2006-09-30": "99.98300", "2006-06-30": "100.08200", "2006-03-31": "101.23700", "2005-12-31": "177.10900", "2005-09-30": "75.58300", "2005-06-30": "83.01000", "2005-03-31": "56.31100"}, "Total Long Term Liabilities": {"2020-09-30": "486.43500", "2020-06-30": "466.54300", "2020-03-31": "438.13800", "2019-12-31": "483.08800", "2019-09-30": "448.96500", "2019-06-30": "432.08200", "2019-03-31": "407.58000", "2018-12-31": "449.92100", "2018-09-30": "466.86600", "2018-06-30": "420.69500", "2018-03-31": "396.68400", "2017-12-31": "475.85800", "2017-09-30": "420.89200", "2017-06-30": "394.26200", "2017-03-31": "359.37100", "2016-12-31": "433.33300", "2016-09-30": "333.31500", "2016-06-30": "291.57300", "2016-03-31": "273.60800", "2015-12-31": "353.71900", "2015-09-30": "1110.00000", "2015-06-30": "1100.00000", "2015-03-31": "1218.00000", "2014-12-31": "350.74200", "2014-09-30": "1112.00000", "2014-06-30": "1098.00000", "2014-03-31": "1003.00000", "2013-12-31": "1023.00000", "2013-09-30": "1065.00000", "2013-06-30": "951.00000", "2013-03-31": "1021.00000", "2012-12-31": "979.00000", "2012-09-30": "962.00000", "2012-06-30": "795.00000", "2012-03-31": "820.00000", "2011-12-31": "707.00000", "2011-09-30": "571.00000", "2011-06-30": "717.00000", "2011-03-31": "735.00000", "2010-12-31": "741.00000", "2010-09-30": "561.00000", "2010-06-30": "412.00000", "2010-03-31": "384.00000", "2009-12-31": "443.00000", "2009-09-30": "205.58200", "2009-06-30": "198.93800", "2009-03-31": "187.22800", "2008-12-31": "254.51900", "2008-09-30": "139.47100", "2008-06-30": "134.36200", "2008-03-31": "149.91400", "2007-12-31": "216.02000", "2007-09-30": "191.74400", "2007-06-30": "166.79400", "2007-03-31": "158.31000", "2006-12-31": "211.86100", "2006-09-30": "122.18300", "2006-06-30": "105.60100", "2006-03-31": "116.10900", "2005-12-31": "183.64700", "2005-09-30": "82.80900", "2005-06-30": "99.64300", "2005-03-31": "91.20300"}, "Total Liabilities": {"2020-09-30": "912.12500", "2020-06-30": "888.72200", "2020-03-31": "840.50100", "2019-12-31": "882.98700", "2019-09-30": "855.30900", "2019-06-30": "826.19300", "2019-03-31": "785.65200", "2018-12-31": "804.65500", "2018-09-30": "838.48000", "2018-06-30": "772.08700", "2018-03-31": "733.32100", "2017-12-31": "808.51500", "2017-09-30": "756.27900", "2017-06-30": "714.01100", "2017-03-31": "660.17800", "2016-12-31": "732.04500", "2016-09-30": "646.08600", "2016-06-30": "599.63200", "2016-03-31": "555.75700", "2015-12-31": "637.79300", "2015-09-30": "9990.00000", "2015-06-30": "9907.00000", "2015-03-31": "9856.00000", "2014-12-31": "616.06400", "2014-09-30": "9742.00000", "2014-06-30": "9639.00000", "2014-03-31": "9241.00000", "2013-12-31": "9126.00000", "2013-09-30": "9185.00000", "2013-06-30": "8911.00000", "2013-03-31": "8774.00000", "2012-12-31": "8650.00000", "2012-09-30": "8701.00000", "2012-06-30": "8445.00000", "2012-03-31": "8156.00000", "2011-12-31": "8055.00000", "2011-09-30": "8165.00000", "2011-06-30": "8341.00000", "2011-03-31": "8002.00000", "2010-12-31": "8010.00000", "2010-09-30": "7932.00000", "2010-06-30": "7701.00000", "2010-03-31": "7539.00000", "2009-12-31": "7562.00000", "2009-09-30": "1831.36500", "2009-06-30": "1806.61200", "2009-03-31": "1765.48600", "2008-12-31": "1821.51100", "2008-09-30": "1801.14300", "2008-06-30": "1833.21800", "2008-03-31": "1854.99600", "2007-12-31": "1827.34400", "2007-09-30": "1828.98700", "2007-06-30": "1817.81800", "2007-03-31": "1799.12200", "2006-12-31": "1877.51300", "2006-09-30": "1835.38900", "2006-06-30": "1786.30000", "2006-03-31": "1747.34600", "2005-12-31": "1822.65900", "2005-09-30": "1803.12700", "2005-06-30": "1764.47200", "2005-03-31": "1707.41500"}, "Common Stock Net": {"2020-09-30": "2.17000", "2020-06-30": "2.17000", "2020-03-31": "2.17000", "2019-12-31": "2.17000", "2019-09-30": "2.17000", "2019-06-30": "2.17000", "2019-03-31": "2.17000", "2018-12-31": "2.17000", "2018-09-30": "2.17000", "2018-06-30": "2.17000", "2018-03-31": "2.17000", "2017-12-31": "2.17000", "2017-09-30": "2.17000", "2017-06-30": "2.17000", "2017-03-31": "2.17000", "2016-12-31": "2.17000", "2016-09-30": "2.17000", "2016-06-30": "2.17000", "2016-03-31": "2.17000", "2015-12-31": "2.17000", "2015-09-30": "2.00000", "2015-06-30": "2.00000", "2015-03-31": "2.00000", "2014-12-31": "2.17000", "2014-09-30": "2.00000", "2014-06-30": "2.00000", "2014-03-31": "2.00000", "2013-12-31": "2.00000", "2013-09-30": "2.00000", "2013-06-30": "2.00000", "2013-03-31": "2.00000", "2012-12-31": "2.00000", "2012-09-30": "2.00000", "2012-06-30": "2.00000", "2012-03-31": "2.00000", "2011-12-31": "2.00000", "2011-09-30": "2.00000", "2011-06-30": "2.00000", "2011-03-31": "2.00000", "2010-12-31": "2.00000", "2010-09-30": "2.00000", "2010-06-30": "2.00000", "2010-03-31": "2.00000", "2009-12-31": "2.00000", "2009-09-30": "2.17000", "2009-06-30": "2.17000", "2009-03-31": "2.17000", "2008-12-31": "2.17000", "2008-09-30": "2.17000", "2008-06-30": "2.17000", "2008-03-31": "2.17000", "2007-12-31": "2.17000", "2007-09-30": "2.17000", "2007-06-30": "2.17000", "2007-03-31": "2.17000", "2006-12-31": "2.17000", "2006-09-30": "2.17000", "2006-06-30": "2.17000", "2006-03-31": "2.17000", "2005-12-31": "2.17000", "2005-09-30": "2.17000", "2005-06-30": "2.17000", "2005-03-31": "2.17000"}, "Retained Earnings (Accumulated Deficit)": {"2020-09-30": "2472.18100", "2020-06-30": "2427.90500", "2020-03-31": "2390.86900", "2019-12-31": "2377.55800", "2019-09-30": "2362.91100", "2019-06-30": "2310.65500", "2019-03-31": "2264.81500", "2018-12-31": "2231.41700", "2018-09-30": "2211.01300", "2018-06-30": "2169.68600", "2018-03-31": "2129.10000", "2017-12-31": "2140.85300", "2017-09-30": "2121.53500", "2017-06-30": "2099.43200", "2017-03-31": "2077.34600", "2016-12-31": "2065.91100", "2016-09-30": "2056.56700", "2016-06-30": "2033.18700", "2016-03-31": "2005.87500", "2015-12-31": "1993.97600", "2015-09-30": "1999.00000", "2015-06-30": "1980.00000", "2015-03-31": "1956.00000", "2014-12-31": "1948.43800", "2014-09-30": "1955.00000", "2014-06-30": "1938.00000", "2014-03-31": "1918.00000", "2013-12-31": "1902.00000", "2013-09-30": "1896.00000", "2013-06-30": "1878.00000", "2013-03-31": "1861.00000", "2012-12-31": "1852.00000", "2012-09-30": "1945.00000", "2012-06-30": "1920.00000", "2012-03-31": "1904.00000", "2011-12-31": "1894.00000", "2011-09-30": "1894.00000", "2011-06-30": "1872.00000", "2011-03-31": "1846.00000", "2010-12-31": "1827.00000", "2010-09-30": "1825.00000", "2010-06-30": "1796.00000", "2010-03-31": "1772.00000", "2009-12-31": "1743.00000", "2009-09-30": "1742.53700", "2009-06-30": "1726.09200", "2009-03-31": "1716.58800", "2008-12-31": "1717.49900", "2008-09-30": "1747.05000", "2008-06-30": "1765.57600", "2008-03-31": "1758.23500", "2007-12-31": "1740.17400", "2007-09-30": "1731.21000", "2007-06-30": "1699.33000", "2007-03-31": "1651.86500", "2006-12-31": "1618.65600", "2006-09-30": "1596.40200", "2006-06-30": "1564.54400", "2006-03-31": "1529.35300", "2005-12-31": "1501.79800", "2005-09-30": "1479.80800", "2005-06-30": "1447.13300", "2005-03-31": "1391.42200"}, "Comprehensive Income": {"2020-09-30": "-97.53100", "2020-06-30": "-106.33300", "2020-03-31": "-146.44400", "2019-12-31": "-116.86800", "2019-09-30": "-116.20300", "2019-06-30": "-119.76400", "2019-03-31": "-123.57400", "2018-12-31": "-130.28400", "2018-09-30": "-162.52900", "2018-06-30": "-162.03700", "2018-03-31": "-161.48600", "2017-12-31": "-156.05900", "2017-09-30": "-118.93500", "2017-06-30": "-118.76800", "2017-03-31": "-119.86000", "2016-12-31": "-121.38100", "2016-09-30": "-90.01800", "2016-06-30": "-90.37300", "2016-03-31": "-93.39900", "2015-12-31": "-96.86400", "2015-09-30": "-121.00000", "2015-06-30": "-120.00000", "2015-03-31": "-118.00000", "2014-12-31": "-117.70100", "2014-09-30": "-56.00000", "2014-06-30": "-55.00000", "2014-03-31": "-56.00000", "2013-12-31": "-59.00000", "2013-09-30": "-140.00000", "2013-06-30": "-138.00000", "2013-03-31": "-134.00000", "2012-12-31": "-133.00000", "2012-09-30": "-101.00000", "2012-06-30": "-103.00000", "2012-03-31": "-103.00000", "2011-12-31": "-105.00000", "2011-09-30": "-64.00000", "2011-06-30": "-63.00000", "2011-03-31": "-63.00000", "2010-12-31": "-53.00000", "2010-09-30": "-17.00000", "2010-06-30": "-32.00000", "2010-03-31": "-37.00000", "2009-12-31": "-43.00000", "2009-09-30": "-68.91100", "2009-06-30": "-101.46500", "2009-03-31": "-137.43700", "2008-12-31": "-135.85400", "2008-09-30": "-26.85600", "2008-06-30": "-8.54300", "2008-03-31": "-2.45300", "2007-12-31": "10.04800", "2007-09-30": "-2.91200", "2007-06-30": "-1.35900", "2007-03-31": "6.66000", "2006-12-31": "5.42200", "2006-09-30": "22.93100", "2006-06-30": "3.87600", "2006-03-31": "15.08800", "2005-12-31": "21.68100", "2005-09-30": "25.34100", "2005-06-30": "36.09600", "2005-03-31": "38.29500"}, "Other Share Holders Equity": {"2020-09-30": "", "2020-06-30": "", "2020-03-31": "", "2019-12-31": "", "2019-09-30": "", "2019-06-30": "", "2019-03-31": "", "2018-12-31": "", "2018-09-30": "", "2018-06-30": "", "2018-03-31": "", "2017-12-31": "", "2017-09-30": "", "2017-06-30": "", "2017-03-31": "", "2016-12-31": "", "2016-09-30": "", "2016-06-30": "", "2016-03-31": "", "2015-12-31": "", "2015-09-30": "", "2015-06-30": "", "2015-03-31": "", "2014-12-31": "", "2014-09-30": "", "2014-06-30": "", "2014-03-31": "", "2013-12-31": "", "2013-09-30": "", "2013-06-30": "", "2013-03-31": "", "2012-12-31": "", "2012-09-30": "", "2012-06-30": "", "2012-03-31": "", "2011-12-31": "", "2011-09-30": "", "2011-06-30": "", "2011-03-31": "", "2010-12-31": "", "2010-09-30": "", "2010-06-30": "", "2010-03-31": "", "2009-12-31": "6.00000", "2009-09-30": "6.69200", "2009-06-30": "6.69200", "2009-03-31": "0.00000", "2008-12-31": "11.19100", "2008-09-30": "11.19100", "2008-06-30": "11.19100", "2008-03-31": "", "2007-12-31": "", "2007-09-30": "", "2007-06-30": "", "2007-03-31": "", "2006-12-31": "", "2006-09-30": "", "2006-06-30": "", "2006-03-31": "", "2005-12-31": "", "2005-09-30": "", "2005-06-30": "", "2005-03-31": ""}, "Share Holder Equity": {"2020-09-30": "1247.21700", "2020-06-30": "1194.13900", "2020-03-31": "1116.99200", "2019-12-31": "1133.25300", "2019-09-30": "1119.27100", "2019-06-30": "1063.45400", "2019-03-31": "1013.80400", "2018-12-31": "973.67200", "2018-09-30": "921.02300", "2018-06-30": "880.18800", "2018-03-31": "840.15500", "2017-12-31": "857.34400", "2017-09-30": "875.15000", "2017-06-30": "853.21400", "2017-03-31": "829.85800", "2016-12-31": "816.91000", "2016-09-30": "838.92900", "2016-06-30": "815.19400", "2016-03-31": "784.86700", "2015-12-31": "769.50300", "2015-09-30": "8125.00000", "2015-06-30": "8162.00000", "2015-03-31": "8137.00000", "2014-12-31": "703.13400", "2014-09-30": "7836.00000", "2014-06-30": "7821.00000", "2014-03-31": "7690.00000", "2013-12-31": "7550.00000", "2013-09-30": "7199.00000", "2013-06-30": "6968.00000", "2013-03-31": "7017.00000", "2012-12-31": "6791.00000", "2012-09-30": "6843.00000", "2012-06-30": "6597.00000", "2012-03-31": "6676.00000", "2011-12-31": "6293.00000", "2011-09-30": "6098.00000", "2011-06-30": "6382.00000", "2011-03-31": "6551.00000", "2010-12-31": "6334.00000", "2010-09-30": "6226.00000", "2010-06-30": "5869.00000", "2010-03-31": "5911.00000", "2009-12-31": "5725.00000", "2009-09-30": "878.11500", "2009-06-30": "829.11600", "2009-03-31": "776.94800", "2008-12-31": "791.87500", "2008-09-30": "933.78300", "2008-06-30": "971.53400", "2008-03-31": "995.96000", "2007-12-31": "1051.27900", "2007-09-30": "1046.24100", "2007-06-30": "1203.99200", "2007-03-31": "1181.22300", "2006-12-31": "1161.84800", "2006-09-30": "1158.00700", "2006-06-30": "1123.54700", "2006-03-31": "1258.86900", "2005-12-31": "1278.60200", "2005-09-30": "1312.27900", "2005-06-30": "1311.13600", "2005-03-31": "1269.19000"}, "Total Liabilities And Share Holders Equity": {"2020-09-30": "2159.34200", "2020-06-30": "2082.86100", "2020-03-31": "1957.49300", "2019-12-31": "2016.24000", "2019-09-30": "1974.58000", "2019-06-30": "1889.64700", "2019-03-31": "1799.45600", "2018-12-31": "1778.32700", "2018-09-30": "1759.50300", "2018-06-30": "1652.27500", "2018-03-31": "1573.47600", "2017-12-31": "1665.85900", "2017-09-30": "1631.42900", "2017-06-30": "1567.22500", "2017-03-31": "1490.03600", "2016-12-31": "1548.95500", "2016-09-30": "1485.01500", "2016-06-30": "1414.82600", "2016-03-31": "1340.62400", "2015-12-31": "1407.29600", "2015-09-30": "18115.00000", "2015-06-30": "18069.00000", "2015-03-31": "17993.00000", "2014-12-31": "1319.19800", "2014-09-30": "17578.00000", "2014-06-30": "17460.00000", "2014-03-31": "16931.00000", "2013-12-31": "16676.00000", "2013-09-30": "16384.00000", "2013-06-30": "15879.00000", "2013-03-31": "15791.00000", "2012-12-31": "15441.00000", "2012-09-30": "15544.00000", "2012-06-30": "15042.00000", "2012-03-31": "14832.00000", "2011-12-31": "14348.00000", "2011-09-30": "14263.00000", "2011-06-30": "14723.00000", "2011-03-31": "14553.00000", "2010-12-31": "14344.00000", "2010-09-30": "14158.00000", "2010-06-30": "13570.00000", "2010-03-31": "13450.00000", "2009-12-31": "13287.00000", "2009-09-30": "2709.48000", "2009-06-30": "2635.72800", "2009-03-31": "2542.43400", "2008-12-31": "2613.38600", "2008-09-30": "2734.92600", "2008-06-30": "2804.75200", "2008-03-31": "2850.95600", "2007-12-31": "2878.62300", "2007-09-30": "2875.22800", "2007-06-30": "3021.81000", "2007-03-31": "2980.34500", "2006-12-31": "3039.36100", "2006-09-30": "2993.39600", "2006-06-30": "2909.84700", "2006-03-31": "3006.21500", "2005-12-31": "3101.26100", "2005-09-30": "3115.40600", "2005-06-30": "3075.60800", "2005-03-31": "2976.60500"}}, "cash flow statement": {"Net Income/Loss": {"2019-12-31": "316.82100", "2018-12-31": "288.22400", "2017-12-31": "196.99900", "2016-12-31": "210.36600", "2015-12-31": "174.67800", "2014-12-31": "167.50500", "2013-12-31": "162.61100", "2012-12-31": "619.00000", "2011-12-31": "268.00000", "2010-12-31": "660.00000", "2009-12-31": "446.00000", "2008-12-31": "-616.00000", "2007-12-31": "212.94500", "2006-12-31": "204.02500", "2005-12-31": "231.10400"}, "Total Depreciation And Amortization - Cash Flow": {"2019-12-31": "31.97500", "2018-12-31": "18.96900", "2017-12-31": "21.86900", "2016-12-31": "22.53100", "2015-12-31": "24.62100", "2014-12-31": "22.88100", "2013-12-31": "21.86200", "2012-12-31": "760.00000", "2011-12-31": "710.00000", "2010-12-31": "695.00000", "2009-12-31": "621.00000", "2008-12-31": "615.00000", "2007-12-31": "33.29300", "2006-12-31": "38.69600", "2005-12-31": "39.59700"}, "Other Non-Cash Items": {"2019-12-31": "-2.75400", "2018-12-31": "3.29500", "2017-12-31": "35.59900", "2016-12-31": "6.05200", "2015-12-31": "-17.91500", "2014-12-31": "6.29000", "2013-12-31": "-27.25300", "2012-12-31": "-265.00000", "2011-12-31": "-78.00000", "2010-12-31": "36.00000", "2009-12-31": "180.00000", "2008-12-31": "1714.00000", "2007-12-31": "-57.61900", "2006-12-31": "-28.81600", "2005-12-31": "-49.97300"}, "Total Non-Cash Items": {"2019-12-31": "29.22100", "2018-12-31": "22.26400", "2017-12-31": "57.46800", "2016-12-31": "28.58300", "2015-12-31": "6.70600", "2014-12-31": "29.17100", "2013-12-31": "-5.39100", "2012-12-31": "495.00000", "2011-12-31": "632.00000", "2010-12-31": "731.00000", "2009-12-31": "801.00000", "2008-12-31": "2329.00000", "2007-12-31": "-24.32600", "2006-12-31": "9.88000", "2005-12-31": "-10.37600"}, "Change In Accounts Receivable": {"2019-12-31": "-19.50500", "2018-12-31": "-30.80400", "2017-12-31": "-39.78800", "2016-12-31": "-30.48500", "2015-12-31": "-12.83500", "2014-12-31": "-34.77800", "2013-12-31": "-19.65500", "2012-12-31": "-166.00000", "2011-12-31": "91.00000", "2010-12-31": "-158.00000", "2009-12-31": "209.00000", "2008-12-31": "-222.00000", "2007-12-31": "73.67300", "2006-12-31": "", "2005-12-31": "-42.62100"}, "Change In Inventories": {"2019-12-31": "", "2018-12-31": "", "2017-12-31": "", "2016-12-31": "", "2015-12-31": "", "2014-12-31": "", "2013-12-31": "", "2012-12-31": "", "2011-12-31": "", "2010-12-31": "", "2009-12-31": "", "2008-12-31": "", "2007-12-31": "", "2006-12-31": "", "2005-12-31": ""}, "Change In Accounts Payable": {"2019-12-31": "10.18400", "2018-12-31": "7.01200", "2017-12-31": "41.98800", "2016-12-31": "33.33500", "2015-12-31": "27.82800", "2014-12-31": "33.72600", "2013-12-31": "31.80800", "2012-12-31": "179.00000", "2011-12-31": "183.00000", "2010-12-31": "135.00000", "2009-12-31": "35.00000", "2008-12-31": "-9.00000", "2007-12-31": "3.24300", "2006-12-31": "-8.10700", "2005-12-31": "11.53900"}, "Change In Assets/Liabilities": {"2019-12-31": "20.10600", "2018-12-31": "-44.84900", "2017-12-31": "-34.90100", "2016-12-31": "5.85000", "2015-12-31": "21.50000", "2014-12-31": "-1.19000", "2013-12-31": "45.82300", "2012-12-31": "-550.00000", "2011-12-31": "-814.00000", "2010-12-31": "-647.00000", "2009-12-31": "-602.00000", "2008-12-31": "-762.00000", "2007-12-31": "-11.76900", "2006-12-31": "64.64300", "2005-12-31": "103.63000"}, "Total Change In Assets/Liabilities": {"2019-12-31": "18.48500", "2018-12-31": "-46.90300", "2017-12-31": "-57.34100", "2016-12-31": "15.38700", "2015-12-31": "35.99400", "2014-12-31": "-10.66300", "2013-12-31": "60.78800", "2012-12-31": "-537.00000", "2011-12-31": "-540.00000", "2010-12-31": "-670.00000", "2009-12-31": "-358.00000", "2008-12-31": "-993.00000", "2007-12-31": "65.14700", "2006-12-31": "56.53600", "2005-12-31": "72.54800"}, "Cash Flow From Operating Activities": {"2019-12-31": "364.52700", "2018-12-31": "263.58500", "2017-12-31": "197.12600", "2016-12-31": "254.33600", "2015-12-31": "217.37800", "2014-12-31": "186.01300", "2013-12-31": "218.00800", "2012-12-31": "577.00000", "2011-12-31": "360.00000", "2010-12-31": "721.00000", "2009-12-31": "889.00000", "2008-12-31": "720.00000", "2007-12-31": "253.76600", "2006-12-31": "270.44100", "2005-12-31": "293.27600"}, "Net Change In Property, Plant, And Equipment": {"2019-12-31": "-101.26200", "2018-12-31": "-50.28300", "2017-12-31": "-28.92700", "2016-12-31": "-25.20800", "2015-12-31": "-12.55600", "2014-12-31": "-19.47300", "2013-12-31": "", "2012-12-31": "-33.00000", "2011-12-31": "-11.00000", "2010-12-31": "-33.00000", "2009-12-31": "-14.00000", "2008-12-31": "-9.00000", "2007-12-31": "0.10000", "2006-12-31": "-4.93800", "2005-12-31": "-2.00300"}, "Net Change In Intangible Assets": {"2019-12-31": "", "2018-12-31": "", "2017-12-31": "", "2016-12-31": "", "2015-12-31": "", "2014-12-31": "", "2013-12-31": "", "2012-12-31": "", "2011-12-31": "", "2010-12-31": "", "2009-12-31": "", "2008-12-31": "", "2007-12-31": "", "2006-12-31": "", "2005-12-31": ""}, "Net Acquisitions/Divestitures": {"2019-12-31": "", "2018-12-31": "", "2017-12-31": "", "2016-12-31": "", "2015-12-31": "26.73500", "2014-12-31": "28.61300", "2013-12-31": "29.05400", "2012-12-31": "201.00000", "2011-12-31": "", "2010-12-31": "142.00000", "2009-12-31": "15.00000", "2008-12-31": "40.00000", "2007-12-31": "", "2006-12-31": "", "2005-12-31": ""}, "Net Change In Short-term Investments": {"2019-12-31": "", "2018-12-31": "", "2017-12-31": "", "2016-12-31": "", "2015-12-31": "", "2014-12-31": "", "2013-12-31": "", "2012-12-31": "", "2011-12-31": "", "2010-12-31": "", "2009-12-31": "", "2008-12-31": "", "2007-12-31": "", "2006-12-31": "", "2005-12-31": ""}, "Net Change In Long-Term Investments": {"2019-12-31": "-13.68200", "2018-12-31": "-19.95700", "2017-12-31": "-41.52600", "2016-12-31": "-113.32200", "2015-12-31": "-14.24500", "2014-12-31": "-15.83200", "2013-12-31": "-96.80900", "2012-12-31": "-254.00000", "2011-12-31": "-362.00000", "2010-12-31": "-517.00000", "2009-12-31": "-890.00000", "2008-12-31": "-450.00000", "2007-12-31": "53.53600", "2006-12-31": "67.87800", "2005-12-31": "-145.71500"}, "Net Change In Investments - Total": {"2019-12-31": "-13.68200", "2018-12-31": "-19.95700", "2017-12-31": "-41.52600", "2016-12-31": "-113.32200", "2015-12-31": "-14.24500", "2014-12-31": "-15.83200", "2013-12-31": "-96.80900", "2012-12-31": "-254.00000", "2011-12-31": "-362.00000", "2010-12-31": "-517.00000", "2009-12-31": "-890.00000", "2008-12-31": "-450.00000", "2007-12-31": "53.53600", "2006-12-31": "67.87800", "2005-12-31": "-145.71500"}, "Investing Activities - Other": {"2019-12-31": "-9.69000", "2018-12-31": "-11.15800", "2017-12-31": "-4.21000", "2016-12-31": "1.58600", "2015-12-31": "0.68800", "2014-12-31": "1.59500", "2013-12-31": "2.52300", "2012-12-31": "1.00000", "2011-12-31": "-2.00000", "2010-12-31": "3.00000", "2009-12-31": "-1.00000", "2008-12-31": "-6.00000", "2007-12-31": "-8.80500", "2006-12-31": "-1.36400", "2005-12-31": "1.94200"}, "Cash Flow From Investing Activities": {"2019-12-31": "-124.63400", "2018-12-31": "-81.39800", "2017-12-31": "-74.66300", "2016-12-31": "-136.94400", "2015-12-31": "0.62200", "2014-12-31": "-5.09700", "2013-12-31": "-65.23200", "2012-12-31": "-85.00000", "2011-12-31": "-375.00000", "2010-12-31": "-405.00000", "2009-12-31": "-890.00000", "2008-12-31": "-425.00000", "2007-12-31": "44.83100", "2006-12-31": "61.57600", "2005-12-31": "-145.77600"}, "Net Long-Term Debt": {"2019-12-31": "-1.92000", "2018-12-31": "24.98300", "2017-12-31": "49.95100", "2016-12-31": "24.77600", "2015-12-31": "", "2014-12-31": "", "2013-12-31": "", "2012-12-31": "", "2011-12-31": "", "2010-12-31": "", "2009-12-31": "285.00000", "2008-12-31": "-361.00000", "2007-12-31": "", "2006-12-31": "", "2005-12-31": ""}, "Net Current Debt": {"2019-12-31": "", "2018-12-31": "", "2017-12-31": "", "2016-12-31": "", "2015-12-31": "", "2014-12-31": "", "2013-12-31": "", "2012-12-31": "", "2011-12-31": "", "2010-12-31": "", "2009-12-31": "-285.00000", "2008-12-31": "361.00000", "2007-12-31": "", "2006-12-31": "", "2005-12-31": ""}, "Debt Issuance/Retirement Net - Total": {"2019-12-31": "-1.92000", "2018-12-31": "24.98300", "2017-12-31": "49.95100", "2016-12-31": "24.77600", "2015-12-31": "", "2014-12-31": "", "2013-12-31": "", "2012-12-31": "", "2011-12-31": "", "2010-12-31": "", "2009-12-31": "", "2008-12-31": "", "2007-12-31": "", "2006-12-31": "", "2005-12-31": ""}, "Net Common Equity Issued/Repurchased": {"2019-12-31": "", "2018-12-31": "", "2017-12-31": "", "2016-12-31": "", "2015-12-31": "", "2014-12-31": "-19.69200", "2013-12-31": "-31.72100", "2012-12-31": "-70.00000", "2011-12-31": "-155.00000", "2010-12-31": "-57.00000", "2009-12-31": "-3.00000", "2008-12-31": "-102.00000", "2007-12-31": "-236.71300", "2006-12-31": "-217.35300", "2005-12-31": "-98.96600"}, "Net Total Equity Issued/Repurchased": {"2019-12-31": "", "2018-12-31": "", "2017-12-31": "", "2016-12-31": "", "2015-12-31": "", "2014-12-31": "-19.69200", "2013-12-31": "-31.72100", "2012-12-31": "-70.00000", "2011-12-31": "-155.00000", "2010-12-31": "-57.00000", "2009-12-31": "-3.00000", "2008-12-31": "-102.00000", "2007-12-31": "-236.71300", "2006-12-31": "-217.35300", "2005-12-31": "-98.96600"}, "Total Common And Preferred Stock Dividends Paid": {"2019-12-31": "-167.65100", "2018-12-31": "-156.47400", "2017-12-31": "-145.76500", "2016-12-31": "-135.98500", "2015-12-31": "-126.85800", "2014-12-31": "-118.52600", "2013-12-31": "-83.61800", "2012-12-31": "-229.00000", "2011-12-31": "-102.00000", "2010-12-31": "-98.00000", "2009-12-31": "-93.00000", "2008-12-31": "-92.00000", "2007-12-31": "-91.05500", "2006-12-31": "-86.08900", "2005-12-31": "-81.92900"}, "Financial Activities - Other": {"2019-12-31": "", "2018-12-31": "", "2017-12-31": "", "2016-12-31": "", "2015-12-31": "", "2014-12-31": "", "2013-12-31": "", "2012-12-31": "22.00000", "2011-12-31": "27.00000", "2010-12-31": "35.00000", "2009-12-31": "54.00000", "2008-12-31": "53.00000", "2007-12-31": "", "2006-12-31": "", "2005-12-31": "15.00000"}, "Cash Flow From Financial Activities": {"2019-12-31": "-169.57100", "2018-12-31": "-131.49100", "2017-12-31": "-95.81400", "2016-12-31": "-111.20900", "2015-12-31": "-126.85800", "2014-12-31": "-138.21800", "2013-12-31": "-115.33900", "2012-12-31": "-277.00000", "2011-12-31": "-230.00000", "2010-12-31": "-120.00000", "2009-12-31": "-42.00000", "2008-12-31": "-141.00000", "2007-12-31": "-327.76800", "2006-12-31": "-303.44200", "2005-12-31": "-165.89500"}, "Net Cash Flow": {"2019-12-31": "70.32200", "2018-12-31": "50.69600", "2017-12-31": "26.64900", "2016-12-31": "6.18300", "2015-12-31": "91.14200", "2014-12-31": "42.69800", "2013-12-31": "37.43700", "2012-12-31": "215.00000", "2011-12-31": "-245.00000", "2010-12-31": "196.00000", "2009-12-31": "-43.00000", "2008-12-31": "154.00000", "2007-12-31": "-29.17100", "2006-12-31": "28.57500", "2005-12-31": "-18.39500"}, "Stock-Based Compensation": {"2019-12-31": "-1.54100", "2018-12-31": "-3.88600", "2017-12-31": "-2.68100", "2016-12-31": "-4.56100", "2015-12-31": "-1.52600", "2014-12-31": "6.14900", "2013-12-31": "", "2012-12-31": "2.00000", "2011-12-31": "4.00000", "2010-12-31": "7.00000", "2009-12-31": "0.00000", "2008-12-31": "-10.00000", "2007-12-31": "-6.21300", "2006-12-31": "5.25200", "2005-12-31": "4.63100"}, "Common Stock Dividends Paid": {"2019-12-31": "-167.65100", "2018-12-31": "-156.47400", "2017-12-31": "-145.76500", "2016-12-31": "-135.98500", "2015-12-31": "-126.85800", "2014-12-31": "-118.52600", "2013-12-31": "-83.61800", "2012-12-31": "-229.00000", "2011-12-31": "-102.00000", "2010-12-31": "-98.00000", "2009-12-31": "-93.00000", "2008-12-31": "-92.00000", "2007-12-31": "-91.05500", "2006-12-31": "-86.08900", "2005-12-31": "-81.92900"}}, "cash flow statement, quarterly": {"Net Income/Loss": {"2020-09-30": 0, "2020-06-30": 0, "2020-03-31": "0.00000", "2019-12-31": 316.821, "2019-09-30": 0, "2019-06-30": 0, "2019-03-31": "0.00000", "2018-12-31": 288.224, "2018-09-30": 0, "2018-06-30": 0, "2018-03-31": "0.00000", "2017-12-31": 196.999, "2017-09-30": 0, "2017-06-30": 0, "2017-03-31": "0.00000", "2016-12-31": 210.366, "2016-09-30": 0, "2016-06-30": 0, "2016-03-31": "0.00000", "2015-12-31": 174.678, "2015-09-30": 0, "2015-06-30": 0, "2015-03-31": "0.00000", "2014-12-31": 167.505, "2014-09-30": 0, "2014-06-30": 0, "2014-03-31": "0.00000", "2013-12-31": 162.611, "2013-09-30": 0, "2013-06-30": 0, "2013-03-31": "0.00000", "2012-12-31": 619, "2012-09-30": 0, "2012-06-30": 0, "2012-03-31": "0.00000", "2011-12-31": 268, "2011-09-30": 0, "2011-06-30": 0, "2011-03-31": "0.00000", "2010-12-31": 660, "2010-09-30": 0, "2010-06-30": 0, "2010-03-31": "0.00000", "2009-12-31": 446, "2009-09-30": 0, "2009-06-30": 251, "2009-03-31": "-251.00000", "2008-12-31": -616, "2008-09-30": 0, "2008-06-30": 0, "2008-03-31": "0.00000", "2007-12-31": 32.601, "2007-09-30": 53.497, "2007-06-30": 70.486, "2007-03-31": "56.36100", "2006-12-31": 45.519, "2006-09-30": 52.785, "2006-06-30": 56.255, "2006-03-31": "49.46600", "2005-12-31": 44.16, "2005-09-30": 53.005, "2005-06-30": 76.168, "2005-03-31": "57.77100"}, "Total Depreciation And Amortization - Cash Flow": {"2020-09-30": 0, "2020-06-30": 0, "2020-03-31": "", "2019-12-31": 31.975, "2019-09-30": 0, "2019-06-30": 0, "2019-03-31": "", "2018-12-31": 18.969, "2018-09-30": 0, "2018-06-30": 0, "2018-03-31": "", "2017-12-31": 21.869, "2017-09-30": 0, "2017-06-30": 0, "2017-03-31": "", "2016-12-31": 22.531, "2016-09-30": 0, "2016-06-30": 0, "2016-03-31": "", "2015-12-31": 24.621, "2015-09-30": 0, "2015-06-30": 0, "2015-03-31": "", "2014-12-31": 22.881, "2014-09-30": 0, "2014-06-30": 0, "2014-03-31": "", "2013-12-31": 21.862, "2013-09-30": 0, "2013-06-30": 0, "2013-03-31": "", "2012-12-31": 760, "2012-09-30": 0, "2012-06-30": 0, "2012-03-31": "", "2011-12-31": 710, "2011-09-30": 0, "2011-06-30": 0, "2011-03-31": "", "2010-12-31": 695, "2010-09-30": 0, "2010-06-30": 0, "2010-03-31": "", "2009-12-31": 621, "2009-09-30": 0, "2009-06-30": -142, "2009-03-31": "142.00000", "2008-12-31": 615, "2008-09-30": 0, "2008-06-30": 0, "2008-03-31": "", "2007-12-31": 9.351, "2007-09-30": 5.515, "2007-06-30": 9.98, "2007-03-31": "8.44700", "2006-12-31": 9.664, "2006-09-30": 9.679, "2006-06-30": 9.618, "2006-03-31": "9.73500", "2005-12-31": 9.721, "2005-09-30": 10.024, "2005-06-30": 9.996, "2005-03-31": "9.85600"}, "Other Non-Cash Items": {"2020-09-30": 0, "2020-06-30": 0, "2020-03-31": "", "2019-12-31": -2.754, "2019-09-30": 0, "2019-06-30": 0, "2019-03-31": "", "2018-12-31": 3.295, "2018-09-30": 0, "2018-06-30": 0, "2018-03-31": "", "2017-12-31": 35.599, "2017-09-30": 0, "2017-06-30": 0, "2017-03-31": "", "2016-12-31": 6.052, "2016-09-30": 0, "2016-06-30": 0, "2016-03-31": "", "2015-12-31": -17.915, "2015-09-30": 0, "2015-06-30": 0, "2015-03-31": "", "2014-12-31": 6.29, "2014-09-30": 0, "2014-06-30": 0, "2014-03-31": "", "2013-12-31": -27.253, "2013-09-30": 0, "2013-06-30": 0, "2013-03-31": "", "2012-12-31": -265, "2012-09-30": 0, "2012-06-30": 0, "2012-03-31": "", "2011-12-31": -78, "2011-09-30": 0, "2011-06-30": 0, "2011-03-31": "", "2010-12-31": 36, "2010-09-30": 0, "2010-06-30": 0, "2010-03-31": "", "2009-12-31": 180, "2009-09-30": 0, "2009-06-30": -346, "2009-03-31": "346.00000", "2008-12-31": 1714, "2008-09-30": 0, "2008-06-30": 0, "2008-03-31": "", "2007-12-31": -2.312, "2007-09-30": -18.604, "2007-06-30": -25.464, "2007-03-31": "-11.23900", "2006-12-31": -13.395, "2006-09-30": -7.529, "2006-06-30": -2.604, "2006-03-31": "-5.28800", "2005-12-31": -3.192, "2005-09-30": -14.152, "2005-06-30": -24.425, "2005-03-31": "-8.20400"}, "Total Non-Cash Items": {"2020-09-30": 0, "2020-06-30": 0, "2020-03-31": "", "2019-12-31": 29.221, "2019-09-30": 0, "2019-06-30": 0, "2019-03-31": "", "2018-12-31": 22.264, "2018-09-30": 0, "2018-06-30": 0, "2018-03-31": "", "2017-12-31": 57.468, "2017-09-30": 0, "2017-06-30": 0, "2017-03-31": "", "2016-12-31": 28.583, "2016-09-30": 0, "2016-06-30": 0, "2016-03-31": "", "2015-12-31": 6.706, "2015-09-30": 0, "2015-06-30": 0, "2015-03-31": "", "2014-12-31": 29.171, "2014-09-30": 0, "2014-06-30": 0, "2014-03-31": "", "2013-12-31": -5.391, "2013-09-30": 0, "2013-06-30": 0, "2013-03-31": "", "2012-12-31": 495, "2012-09-30": 0, "2012-06-30": 0, "2012-03-31": "", "2011-12-31": 632, "2011-09-30": 0, "2011-06-30": 0, "2011-03-31": "", "2010-12-31": 731, "2010-09-30": 0, "2010-06-30": 0, "2010-03-31": "", "2009-12-31": 801, "2009-09-30": 0, "2009-06-30": -488, "2009-03-31": "488.00000", "2008-12-31": 2329, "2008-09-30": 0, "2008-06-30": 0, "2008-03-31": "", "2007-12-31": 7.039, "2007-09-30": -13.089, "2007-06-30": -15.484, "2007-03-31": "-2.79200", "2006-12-31": -3.731, "2006-09-30": 2.15, "2006-06-30": 7.014, "2006-03-31": "4.44700", "2005-12-31": 6.529, "2005-09-30": -4.128, "2005-06-30": -14.429, "2005-03-31": "1.65200"}, "Change In Accounts Receivable": {"2020-09-30": 0, "2020-06-30": 0, "2020-03-31": "", "2019-12-31": -19.505, "2019-09-30": 0, "2019-06-30": 0, "2019-03-31": "", "2018-12-31": -30.804, "2018-09-30": 0, "2018-06-30": 0, "2018-03-31": "", "2017-12-31": -39.788, "2017-09-30": 0, "2017-06-30": 0, "2017-03-31": "", "2016-12-31": -30.485, "2016-09-30": 0, "2016-06-30": 0, "2016-03-31": "", "2015-12-31": -12.835, "2015-09-30": 0, "2015-06-30": 0, "2015-03-31": "", "2014-12-31": -34.778, "2014-09-30": 0, "2014-06-30": 0, "2014-03-31": "", "2013-12-31": -19.655, "2013-09-30": 0, "2013-06-30": 0, "2013-03-31": "", "2012-12-31": -166, "2012-09-30": 0, "2012-06-30": 0, "2012-03-31": "", "2011-12-31": 91, "2011-09-30": 0, "2011-06-30": 0, "2011-03-31": "", "2010-12-31": -158, "2010-09-30": 0, "2010-06-30": 0, "2010-03-31": "", "2009-12-31": 209, "2009-09-30": 0, "2009-06-30": -236, "2009-03-31": "236.00000", "2008-12-31": -222, "2008-09-30": 0, "2008-06-30": 0, "2008-03-31": "", "2007-12-31": 28.6, "2007-09-30": 7.887, "2007-06-30": -5.586, "2007-03-31": "42.77200", "2006-12-31": 14.345, "2006-09-30": -24.002, "2006-06-30": 3.897, "2006-03-31": "5.76000", "2005-12-31": 3.611, "2005-09-30": -21.21, "2005-06-30": -49.256, "2005-03-31": "24.23400"}, "Change In Inventories": {"2020-09-30": 0, "2020-06-30": 0, "2020-03-31": "", "2019-12-31": 0, "2019-09-30": 0, "2019-06-30": 0, "2019-03-31": "", "2018-12-31": 0, "2018-09-30": 0, "2018-06-30": 0, "2018-03-31": "", "2017-12-31": 0, "2017-09-30": 0, "2017-06-30": 0, "2017-03-31": "", "2016-12-31": 0, "2016-09-30": 0, "2016-06-30": 0, "2016-03-31": "", "2015-12-31": 0, "2015-09-30": 0, "2015-06-30": 0, "2015-03-31": "", "2014-12-31": 0, "2014-09-30": 0, "2014-06-30": 0, "2014-03-31": "", "2013-12-31": 0, "2013-09-30": 0, "2013-06-30": 0, "2013-03-31": "", "2012-12-31": 0, "2012-09-30": 0, "2012-06-30": 0, "2012-03-31": "", "2011-12-31": 0, "2011-09-30": 0, "2011-06-30": 0, "2011-03-31": "", "2010-12-31": 0, "2010-09-30": 0, "2010-06-30": 0, "2010-03-31": "", "2009-12-31": 0, "2009-09-30": 0, "2009-06-30": 0, "2009-03-31": "", "2008-12-31": 0, "2008-09-30": 0, "2008-06-30": 0, "2008-03-31": "", "2007-12-31": 0, "2007-09-30": 0, "2007-06-30": 0, "2007-03-31": "", "2006-12-31": 0, "2006-09-30": 0, "2006-06-30": 0, "2006-03-31": "", "2005-12-31": 0, "2005-09-30": 0, "2005-06-30": 0, "2005-03-31": ""}, "Change In Accounts Payable": {"2020-09-30": 0, "2020-06-30": 0, "2020-03-31": "", "2019-12-31": 10.184, "2019-09-30": 0, "2019-06-30": 0, "2019-03-31": "", "2018-12-31": 7.012, "2018-09-30": 0, "2018-06-30": 0, "2018-03-31": "", "2017-12-31": 41.988, "2017-09-30": 0, "2017-06-30": 0, "2017-03-31": "", "2016-12-31": 33.335, "2016-09-30": 0, "2016-06-30": 0, "2016-03-31": "", "2015-12-31": 27.828, "2015-09-30": 0, "2015-06-30": 0, "2015-03-31": "", "2014-12-31": 33.726, "2014-09-30": 0, "2014-06-30": 0, "2014-03-31": "", "2013-12-31": 31.808, "2013-09-30": 0, "2013-06-30": 0, "2013-03-31": "", "2012-12-31": 179, "2012-09-30": 0, "2012-06-30": 0, "2012-03-31": "", "2011-12-31": 183, "2011-09-30": 0, "2011-06-30": 0, "2011-03-31": "", "2010-12-31": 135, "2010-09-30": 0, "2010-06-30": 0, "2010-03-31": "", "2009-12-31": 35, "2009-09-30": 0, "2009-06-30": 161, "2009-03-31": "-161.00000", "2008-12-31": -9, "2008-09-30": 0, "2008-06-30": 0, "2008-03-31": "", "2007-12-31": -10.637, "2007-09-30": 42.433, "2007-06-30": 24.005, "2007-03-31": "-52.55800", "2006-12-31": -13.657, "2006-09-30": 32.324, "2006-06-30": 2.202, "2006-03-31": "-28.97600", "2005-12-31": -18.137, "2005-09-30": 19.217, "2005-06-30": 28.521, "2005-03-31": "-18.06200"}, "Change In Assets/Liabilities": {"2020-09-30": 0, "2020-06-30": 0, "2020-03-31": "", "2019-12-31": 20.106, "2019-09-30": 0, "2019-06-30": 0, "2019-03-31": "", "2018-12-31": -44.849, "2018-09-30": 0, "2018-06-30": 0, "2018-03-31": "", "2017-12-31": -34.901, "2017-09-30": 0, "2017-06-30": 0, "2017-03-31": "", "2016-12-31": 5.85, "2016-09-30": 0, "2016-06-30": 0, "2016-03-31": "", "2015-12-31": 21.5, "2015-09-30": 0, "2015-06-30": 0, "2015-03-31": "", "2014-12-31": -1.19, "2014-09-30": 0, "2014-06-30": 0, "2014-03-31": "", "2013-12-31": 45.823, "2013-09-30": 0, "2013-06-30": 0, "2013-03-31": "", "2012-12-31": -550, "2012-09-30": 0, "2012-06-30": 0, "2012-03-31": "", "2011-12-31": -814, "2011-09-30": 0, "2011-06-30": 0, "2011-03-31": "", "2010-12-31": -647, "2010-09-30": 0, "2010-06-30": 0, "2010-03-31": "", "2009-12-31": -602, "2009-09-30": 0, "2009-06-30": 74, "2009-03-31": "-74.00000", "2008-12-31": -762, "2008-09-30": 0, "2008-06-30": 0, "2008-03-31": "", "2007-12-31": 16.715, "2007-09-30": -5.57, "2007-06-30": 4.89, "2007-03-31": "-27.80400", "2006-12-31": 63.37, "2006-09-30": 6.19, "2006-06-30": 19.275, "2006-03-31": "-24.19200", "2005-12-31": 27.472, "2005-09-30": 53.007, "2005-06-30": 24.644, "2005-03-31": "-1.49300"}, "Total Change In Assets/Liabilities": {"2020-09-30": 0, "2020-06-30": 0, "2020-03-31": "", "2019-12-31": 18.485, "2019-09-30": 0, "2019-06-30": 0, "2019-03-31": "", "2018-12-31": -46.903, "2018-09-30": 0, "2018-06-30": 0, "2018-03-31": "", "2017-12-31": -57.341, "2017-09-30": 0, "2017-06-30": 0, "2017-03-31": "", "2016-12-31": 15.387, "2016-09-30": 0, "2016-06-30": 0, "2016-03-31": "", "2015-12-31": 35.994, "2015-09-30": 0, "2015-06-30": 0, "2015-03-31": "", "2014-12-31": -10.663, "2014-09-30": 0, "2014-06-30": 0, "2014-03-31": "", "2013-12-31": 60.788, "2013-09-30": 0, "2013-06-30": 0, "2013-03-31": "", "2012-12-31": -537, "2012-09-30": 0, "2012-06-30": 0, "2012-03-31": "", "2011-12-31": -540, "2011-09-30": 0, "2011-06-30": 0, "2011-03-31": "", "2010-12-31": -670, "2010-09-30": 0, "2010-06-30": 0, "2010-03-31": "", "2009-12-31": -358, "2009-09-30": 0, "2009-06-30": -1, "2009-03-31": "1.00000", "2008-12-31": -993, "2008-09-30": 0, "2008-06-30": 0, "2008-03-31": "", "2007-12-31": 34.678, "2007-09-30": 44.75, "2007-06-30": 23.309, "2007-03-31": "-37.59000", "2006-12-31": 64.058, "2006-09-30": 14.512, "2006-06-30": 25.374, "2006-03-31": "-47.40800", "2005-12-31": 12.946, "2005-09-30": 51.014, "2005-06-30": 3.909, "2005-03-31": "4.67900"}, "Cash Flow From Operating Activities": {"2020-09-30": 107.196, "2020-06-30": 107.205, "2020-03-31": "20.07700", "2019-12-31": 126.661, "2019-09-30": 123.45, "2019-06-30": 90.176, "2019-03-31": "24.24000", "2018-12-31": 89.271, "2018-09-30": 132.721, "2018-06-30": 81.823, "2018-03-31": "-40.23000", "2017-12-31": 76.792, "2017-09-30": 80.843, "2017-06-30": 74.613, "2017-03-31": "-35.12200", "2016-12-31": 98.785, "2016-09-30": 105.069, "2016-06-30": 72.244, "2016-03-31": "-21.76200", "2015-12-31": 86.383, "2015-09-30": 89.117, "2015-06-30": 57.129, "2015-03-31": "-15.25100", "2014-12-31": -362.987, "2014-09-30": 304, "2014-06-30": 191, "2014-03-31": "54.00000", "2013-12-31": -470.992, "2013-09-30": 359, "2013-06-30": 203, "2013-03-31": "127.00000", "2012-12-31": 212, "2012-09-30": 174, "2012-06-30": 119, "2012-03-31": "72.00000", "2011-12-31": 135, "2011-09-30": 25, "2011-06-30": 108, "2011-03-31": "92.00000", "2010-12-31": 256, "2010-09-30": 253, "2010-06-30": 185, "2010-03-31": "27.00000", "2009-12-31": 176, "2009-09-30": 242, "2009-06-30": 233, "2009-03-31": "238.00000", "2008-12-31": 640.16, "2008-09-30": 65.348, "2008-06-30": 28.245, "2008-03-31": "-13.75300", "2007-12-31": 74.318, "2007-09-30": 85.158, "2007-06-30": 78.311, "2007-03-31": "15.97900", "2006-12-31": 105.846, "2006-09-30": 69.447, "2006-06-30": 88.643, "2006-03-31": "6.50500", "2005-12-31": 63.635, "2005-09-30": 99.891, "2005-06-30": 65.648, "2005-03-31": "64.10200"}, "Net Change In Property, Plant, And Equipment": {"2020-09-30": -14.863, "2020-06-30": -16.34, "2020-03-31": "-21.08600", "2019-12-31": -32.899, "2019-09-30": -34.103, "2019-06-30": -16.849, "2019-03-31": "-17.41100", "2018-12-31": -1.616, "2018-09-30": -30.546, "2018-06-30": -9.43, "2018-03-31": "-8.69100", "2017-12-31": -10.891, "2017-09-30": -8.064, "2017-06-30": -6.421, "2017-03-31": "-3.55100", "2016-12-31": -14.793, "2016-09-30": -10.415, "2016-06-30": 3.496, "2016-03-31": "-3.49600", "2015-12-31": -5.38, "2015-09-30": -1.91, "2015-06-30": -2.838, "2015-03-31": "-2.42800", "2014-12-31": 9.527, "2014-09-30": -12, "2014-06-30": -11, "2014-03-31": "-6.00000", "2013-12-31": 24, "2013-09-30": -5, "2013-06-30": -13, "2013-03-31": "-6.00000", "2012-12-31": -6, "2012-09-30": -7, "2012-06-30": -13, "2012-03-31": "-7.00000", "2011-12-31": -6, "2011-09-30": -8, "2011-06-30": -4, "2011-03-31": "7.00000", "2010-12-31": -6, "2010-09-30": -6, "2010-06-30": -12, "2010-03-31": "-9.00000", "2009-12-31": -4, "2009-09-30": -2, "2009-06-30": -5, "2009-03-31": "-3.00000", "2008-12-31": -0.449, "2008-09-30": -3.088, "2008-06-30": -1.858, "2008-03-31": "-3.60500", "2007-12-31": 0, "2007-09-30": 2.529, "2007-06-30": -1.676, "2007-03-31": "-0.75300", "2006-12-31": -0.79, "2006-09-30": -1.827, "2006-06-30": -0.342, "2006-03-31": "-1.97900", "2005-12-31": -0.493, "2005-09-30": -0.605, "2005-06-30": -0.604, "2005-03-31": "-0.30100"}, "Net Change In Intangible Assets": {"2020-09-30": 0, "2020-06-30": 0, "2020-03-31": "", "2019-12-31": 0, "2019-09-30": 0, "2019-06-30": 0, "2019-03-31": "", "2018-12-31": 0, "2018-09-30": 0, "2018-06-30": 0, "2018-03-31": "", "2017-12-31": 0, "2017-09-30": 0, "2017-06-30": 0, "2017-03-31": "", "2016-12-31": 0, "2016-09-30": 0, "2016-06-30": 0, "2016-03-31": "", "2015-12-31": 0, "2015-09-30": 0, "2015-06-30": 0, "2015-03-31": "", "2014-12-31": 0, "2014-09-30": 0, "2014-06-30": 0, "2014-03-31": "", "2013-12-31": 0, "2013-09-30": 0, "2013-06-30": 0, "2013-03-31": "", "2012-12-31": 0, "2012-09-30": 0, "2012-06-30": 0, "2012-03-31": "", "2011-12-31": 0, "2011-09-30": 0, "2011-06-30": 0, "2011-03-31": "", "2010-12-31": 0, "2010-09-30": 0, "2010-06-30": 0, "2010-03-31": "", "2009-12-31": 0, "2009-09-30": 0, "2009-06-30": 0, "2009-03-31": "", "2008-12-31": 0, "2008-09-30": 0, "2008-06-30": 0, "2008-03-31": "", "2007-12-31": 0, "2007-09-30": 0, "2007-06-30": 0, "2007-03-31": "", "2006-12-31": 0, "2006-09-30": 0, "2006-06-30": 0, "2006-03-31": "", "2005-12-31": 0, "2005-09-30": 0, "2005-06-30": 0, "2005-03-31": ""}, "Net Acquisitions/Divestitures": {"2020-09-30": 0, "2020-06-30": 0, "2020-03-31": "", "2019-12-31": 0, "2019-09-30": 0, "2019-06-30": 0, "2019-03-31": "", "2018-12-31": -2.829, "2018-09-30": 2.829, "2018-06-30": 0, "2018-03-31": "", "2017-12-31": 0, "2017-09-30": 0, "2017-06-30": 0, "2017-03-31": "", "2016-12-31": 0, "2016-09-30": -11.246, "2016-06-30": 11.246, "2016-03-31": "", "2015-12-31": 26.735, "2015-09-30": 0, "2015-06-30": 0, "2015-03-31": "", "2014-12-31": 28.613, "2014-09-30": 0, "2014-06-30": 0, "2014-03-31": "", "2013-12-31": -95.946, "2013-09-30": 39, "2013-06-30": 86, "2013-03-31": "", "2012-12-31": 60, "2012-09-30": 29, "2012-06-30": 112, "2012-03-31": "", "2011-12-31": -82, "2011-09-30": 25, "2011-06-30": 57, "2011-03-31": "", "2010-12-31": 102, "2010-09-30": 25, "2010-06-30": 15, "2010-03-31": "", "2009-12-31": 7, "2009-09-30": 2, "2009-06-30": 6, "2009-03-31": "", "2008-12-31": 40, "2008-09-30": -19.932, "2008-06-30": 18.694, "2008-03-31": "1.23800", "2007-12-31": 0, "2007-09-30": 0, "2007-06-30": 0, "2007-03-31": "", "2006-12-31": 0, "2006-09-30": 0, "2006-06-30": 0, "2006-03-31": "", "2005-12-31": 0, "2005-09-30": 0, "2005-06-30": 0, "2005-03-31": ""}, "Net Change In Short-term Investments": {"2020-09-30": 0, "2020-06-30": 0, "2020-03-31": "", "2019-12-31": 0, "2019-09-30": 0, "2019-06-30": 0, "2019-03-31": "", "2018-12-31": 0, "2018-09-30": 0, "2018-06-30": 0, "2018-03-31": "", "2017-12-31": 0, "2017-09-30": 0, "2017-06-30": 0, "2017-03-31": "", "2016-12-31": 0, "2016-09-30": 0, "2016-06-30": 0, "2016-03-31": "", "2015-12-31": 0, "2015-09-30": 0, "2015-06-30": 0, "2015-03-31": "", "2014-12-31": 0, "2014-09-30": 0, "2014-06-30": 0, "2014-03-31": "", "2013-12-31": 0, "2013-09-30": 0, "2013-06-30": 0, "2013-03-31": "", "2012-12-31": 0, "2012-09-30": 0, "2012-06-30": 0, "2012-03-31": "", "2011-12-31": 0, "2011-09-30": 0, "2011-06-30": 0, "2011-03-31": "", "2010-12-31": 0, "2010-09-30": 0, "2010-06-30": 0, "2010-03-31": "", "2009-12-31": 0, "2009-09-30": 0, "2009-06-30": 0, "2009-03-31": "", "2008-12-31": 0, "2008-09-30": 0, "2008-06-30": 0, "2008-03-31": "", "2007-12-31": 0, "2007-09-30": 0, "2007-06-30": 0, "2007-03-31": "", "2006-12-31": 0, "2006-09-30": 0, "2006-06-30": 0, "2006-03-31": "", "2005-12-31": 0, "2005-09-30": 0, "2005-06-30": 0, "2005-03-31": ""}, "Net Change In Long-Term Investments": {"2020-09-30": -88.883, "2020-06-30": -17.458, "2020-03-31": "-61.80300", "2019-12-31": -60.458, "2019-09-30": -32.655, "2019-06-30": -5.658, "2019-03-31": "85.08900", "2018-12-31": -50.091, "2018-09-30": -3.668, "2018-06-30": 23.976, "2018-03-31": "9.82600", "2017-12-31": -23.332, "2017-09-30": 4.697, "2017-06-30": -20.748, "2017-03-31": "-2.14300", "2016-12-31": -25.477, "2016-09-30": -33.562, "2016-06-30": -34.922, "2016-03-31": "-19.36100", "2015-12-31": -15.264, "2015-09-30": -10.815, "2015-06-30": -4.063, "2015-03-31": "15.89700", "2014-12-31": 489.168, "2014-09-30": -189, "2014-06-30": -227, "2014-03-31": "-89.00000", "2013-12-31": 503.191, "2013-09-30": -197, "2013-06-30": -275, "2013-03-31": "-128.00000", "2012-12-31": -107, "2012-09-30": 3, "2012-06-30": -135, "2012-03-31": "-15.00000", "2011-12-31": 109, "2011-09-30": -13, "2011-06-30": -196, "2011-03-31": "-262.00000", "2010-12-31": -201, "2010-09-30": -141, "2010-06-30": -135, "2010-03-31": "-40.00000", "2009-12-31": -302, "2009-09-30": -213, "2009-06-30": -330, "2009-03-31": "-45.00000", "2008-12-31": -506.91, "2008-09-30": 31.808, "2008-06-30": 24.202, "2008-03-31": "0.90000", "2007-12-31": -33.74, "2007-09-30": 133.258, "2007-06-30": -19.661, "2007-03-31": "-26.32100", "2006-12-31": -60.514, "2006-09-30": -8.168, "2006-06-30": 101.414, "2006-03-31": "35.14600", "2005-12-31": -17.252, "2005-09-30": -49.034, "2005-06-30": -43.049, "2005-03-31": "-36.38000"}, "Net Change In Investments - Total": {"2020-09-30": -88.883, "2020-06-30": -17.458, "2020-03-31": "-61.80300", "2019-12-31": -60.458, "2019-09-30": -32.655, "2019-06-30": -5.658, "2019-03-31": "85.08900", "2018-12-31": -50.091, "2018-09-30": -3.668, "2018-06-30": 23.976, "2018-03-31": "9.82600", "2017-12-31": -23.332, "2017-09-30": 4.697, "2017-06-30": -20.748, "2017-03-31": "-2.14300", "2016-12-31": -25.477, "2016-09-30": -33.562, "2016-06-30": -34.922, "2016-03-31": "-19.36100", "2015-12-31": -15.264, "2015-09-30": -10.815, "2015-06-30": -4.063, "2015-03-31": "15.89700", "2014-12-31": 489.168, "2014-09-30": -189, "2014-06-30": -227, "2014-03-31": "-89.00000", "2013-12-31": 503.191, "2013-09-30": -197, "2013-06-30": -275, "2013-03-31": "-128.00000", "2012-12-31": -107, "2012-09-30": 3, "2012-06-30": -135, "2012-03-31": "-15.00000", "2011-12-31": 109, "2011-09-30": -13, "2011-06-30": -196, "2011-03-31": "-262.00000", "2010-12-31": -201, "2010-09-30": -141, "2010-06-30": -135, "2010-03-31": "-40.00000", "2009-12-31": -302, "2009-09-30": -213, "2009-06-30": -330, "2009-03-31": "-45.00000", "2008-12-31": -506.91, "2008-09-30": 31.808, "2008-06-30": 24.202, "2008-03-31": "0.90000", "2007-12-31": -33.74, "2007-09-30": 133.258, "2007-06-30": -19.661, "2007-03-31": "-26.32100", "2006-12-31": -60.514, "2006-09-30": -8.168, "2006-06-30": 101.414, "2006-03-31": "35.14600", "2005-12-31": -17.252, "2005-09-30": -49.034, "2005-06-30": -43.049, "2005-03-31": "-36.38000"}, "Investing Activities - Other": {"2020-09-30": 0.598, "2020-06-30": 1.124, "2020-03-31": "0.14000", "2019-12-31": 0.964, "2019-09-30": -7.698, "2019-06-30": 0.964, "2019-03-31": "-3.92000", "2018-12-31": 26.113, "2018-09-30": -15.937, "2018-06-30": -3.46, "2018-03-31": "-17.87400", "2017-12-31": -0.025, "2017-09-30": -1.102, "2017-06-30": -1.696, "2017-03-31": "-1.38700", "2016-12-31": -0.036, "2016-09-30": -0.148, "2016-06-30": 0.762, "2016-03-31": "1.00800", "2015-12-31": -0.008, "2015-09-30": 0.88, "2015-06-30": 0.46, "2015-03-31": "-0.64400", "2014-12-31": 0.595, "2014-09-30": 0, "2014-06-30": 1, "2014-03-31": "", "2013-12-31": 1.523, "2013-09-30": 0, "2013-06-30": 0, "2013-03-31": "1.00000", "2012-12-31": 2, "2012-09-30": -2, "2012-06-30": 1, "2012-03-31": "", "2011-12-31": -1, "2011-09-30": -2, "2011-06-30": 0, "2011-03-31": "1.00000", "2010-12-31": 1, "2010-09-30": 1, "2010-06-30": 1, "2010-03-31": "", "2009-12-31": 0, "2009-09-30": 1, "2009-06-30": -1, "2009-03-31": "-1.00000", "2008-12-31": -3.076, "2008-09-30": -0.14, "2008-06-30": -1.735, "2008-03-31": "-1.04900", "2007-12-31": -3.162, "2007-09-30": -4.981, "2007-06-30": -0.431, "2007-03-31": "-0.23100", "2006-12-31": -0.097, "2006-09-30": -0.003, "2006-06-30": 0.075, "2006-03-31": "-1.33900", "2005-12-31": 0.379, "2005-09-30": 0.446, "2005-06-30": 0.192, "2005-03-31": "0.92500"}, "Cash Flow From Investing Activities": {"2020-09-30": -103.148, "2020-06-30": -32.674, "2020-03-31": "-82.74900", "2019-12-31": -92.393, "2019-09-30": -74.456, "2019-06-30": -21.543, "2019-03-31": "63.75800", "2018-12-31": -28.423, "2018-09-30": -47.322, "2018-06-30": 11.086, "2018-03-31": "-16.73900", "2017-12-31": -34.248, "2017-09-30": -4.469, "2017-06-30": -28.865, "2017-03-31": "-7.08100", "2016-12-31": -40.306, "2016-09-30": -55.371, "2016-06-30": -19.418, "2016-03-31": "-21.84900", "2015-12-31": 6.083, "2015-09-30": -11.845, "2015-06-30": -6.441, "2015-03-31": "12.82500", "2014-12-31": 527.903, "2014-09-30": -201, "2014-06-30": -237, "2014-03-31": "-95.00000", "2013-12-31": 432.768, "2013-09-30": -163, "2013-06-30": -202, "2013-03-31": "-133.00000", "2012-12-31": -51, "2012-09-30": 23, "2012-06-30": -35, "2012-03-31": "-22.00000", "2011-12-31": 20, "2011-09-30": 2, "2011-06-30": -143, "2011-03-31": "-254.00000", "2010-12-31": -104, "2010-09-30": -121, "2010-06-30": -131, "2010-03-31": "-49.00000", "2009-12-31": -299, "2009-09-30": -212, "2009-06-30": -330, "2009-03-31": "-49.00000", "2008-12-31": -470.435, "2008-09-30": 8.648, "2008-06-30": 39.303, "2008-03-31": "-2.51600", "2007-12-31": -36.902, "2007-09-30": 130.806, "2007-06-30": -21.768, "2007-03-31": "-27.30500", "2006-12-31": -61.401, "2006-09-30": -9.998, "2006-06-30": 101.147, "2006-03-31": "31.82800", "2005-12-31": -17.366, "2005-09-30": -49.193, "2005-06-30": -43.461, "2005-03-31": "-35.75600"}, "Net Long-Term Debt": {"2020-09-30": -0.491, "2020-06-30": -0.498, "2020-03-31": "-0.48100", "2019-12-31": -0.487, "2019-09-30": -0.471, "2019-06-30": -0.502, "2019-03-31": "-0.46000", "2018-12-31": 0, "2018-09-30": -0.003, "2018-06-30": 24.995, "2018-03-31": "-0.00900", "2017-12-31": 24.99, "2017-09-30": -0.014, "2017-06-30": 24.985, "2017-03-31": "-0.01000", "2016-12-31": 24.776, "2016-09-30": 0, "2016-06-30": 0, "2016-03-31": "", "2015-12-31": 0, "2015-09-30": 0, "2015-06-30": 0, "2015-03-31": "", "2014-12-31": 0, "2014-09-30": 0, "2014-06-30": 0, "2014-03-31": "", "2013-12-31": 0, "2013-09-30": 0, "2013-06-30": 0, "2013-03-31": "", "2012-12-31": 0, "2012-09-30": 0, "2012-06-30": 0, "2012-03-31": "", "2011-12-31": 0, "2011-09-30": 0, "2011-06-30": 0, "2011-03-31": "", "2010-12-31": 0, "2010-09-30": 0, "2010-06-30": 0, "2010-03-31": "", "2009-12-31": 285, "2009-09-30": 0, "2009-06-30": 19, "2009-03-31": "-19.00000", "2008-12-31": -361, "2008-09-30": 0, "2008-06-30": 0, "2008-03-31": "", "2007-12-31": -6.336, "2007-09-30": 5.489, "2007-06-30": -2.874, "2007-03-31": "3.72100", "2006-12-31": 6.896, "2006-09-30": -1.455, "2006-06-30": -1.356, "2006-03-31": "-4.08500", "2005-12-31": -26.866, "2005-09-30": -8.684, "2005-06-30": 25.422, "2005-03-31": "10.12800"}, "Net Current Debt": {"2020-09-30": 0, "2020-06-30": 0, "2020-03-31": "", "2019-12-31": 0, "2019-09-30": 0, "2019-06-30": 0, "2019-03-31": "", "2018-12-31": 0, "2018-09-30": 0, "2018-06-30": 0, "2018-03-31": "", "2017-12-31": 0, "2017-09-30": 0, "2017-06-30": 0, "2017-03-31": "", "2016-12-31": 0, "2016-09-30": 0, "2016-06-30": 0, "2016-03-31": "", "2015-12-31": 0, "2015-09-30": 0, "2015-06-30": 0, "2015-03-31": "", "2014-12-31": 0, "2014-09-30": 0, "2014-06-30": 0, "2014-03-31": "", "2013-12-31": 0, "2013-09-30": 0, "2013-06-30": 0, "2013-03-31": "", "2012-12-31": 0, "2012-09-30": 0, "2012-06-30": 0, "2012-03-31": "", "2011-12-31": 0, "2011-09-30": 0, "2011-06-30": 0, "2011-03-31": "", "2010-12-31": 0, "2010-09-30": 0, "2010-06-30": 0, "2010-03-31": "", "2009-12-31": -285, "2009-09-30": 0, "2009-06-30": -19, "2009-03-31": "19.00000", "2008-12-31": 331, "2008-09-30": -45, "2008-06-30": 0, "2008-03-31": "75.00000", "2007-12-31": 6.336, "2007-09-30": -5.489, "2007-06-30": 2.874, "2007-03-31": "-3.72100", "2006-12-31": -6.896, "2006-09-30": 1.455, "2006-06-30": 1.356, "2006-03-31": "4.08500", "2005-12-31": 26.866, "2005-09-30": 8.684, "2005-06-30": -25.422, "2005-03-31": "-10.12800"}, "Debt Issuance/Retirement Net - Total": {"2020-09-30": -0.491, "2020-06-30": -0.498, "2020-03-31": "-0.48100", "2019-12-31": -0.487, "2019-09-30": -0.471, "2019-06-30": -0.502, "2019-03-31": "-0.46000", "2018-12-31": 0, "2018-09-30": -0.003, "2018-06-30": 24.995, "2018-03-31": "-0.00900", "2017-12-31": 24.99, "2017-09-30": -0.014, "2017-06-30": 24.985, "2017-03-31": "-0.01000", "2016-12-31": 24.776, "2016-09-30": 0, "2016-06-30": 0, "2016-03-31": "", "2015-12-31": 0, "2015-09-30": 0, "2015-06-30": 0, "2015-03-31": "", "2014-12-31": 0, "2014-09-30": 0, "2014-06-30": 0, "2014-03-31": "", "2013-12-31": 0, "2013-09-30": 0, "2013-06-30": 0, "2013-03-31": "", "2012-12-31": 0, "2012-09-30": 0, "2012-06-30": 0, "2012-03-31": "", "2011-12-31": 0, "2011-09-30": 0, "2011-06-30": 0, "2011-03-31": "", "2010-12-31": 0, "2010-09-30": 0, "2010-06-30": 0, "2010-03-31": "", "2009-12-31": 0, "2009-09-30": 0, "2009-06-30": 0, "2009-03-31": "", "2008-12-31": -30, "2008-09-30": -45, "2008-06-30": 0, "2008-03-31": "75.00000", "2007-12-31": 0, "2007-09-30": 0, "2007-06-30": 0, "2007-03-31": "", "2006-12-31": 0, "2006-09-30": 0, "2006-06-30": 0, "2006-03-31": "", "2005-12-31": 0, "2005-09-30": 0, "2005-06-30": 0, "2005-03-31": ""}, "Net Common Equity Issued/Repurchased": {"2020-09-30": 0, "2020-06-30": 0, "2020-03-31": "", "2019-12-31": 0, "2019-09-30": 0, "2019-06-30": 0, "2019-03-31": "", "2018-12-31": 0, "2018-09-30": 0, "2018-06-30": 0, "2018-03-31": "", "2017-12-31": 0, "2017-09-30": 0, "2017-06-30": 0, "2017-03-31": "", "2016-12-31": 0, "2016-09-30": 0, "2016-06-30": 0, "2016-03-31": "", "2015-12-31": 0, "2015-09-30": 0, "2015-06-30": 0, "2015-03-31": "", "2014-12-31": 0.308, "2014-09-30": 0, "2014-06-30": -10, "2014-03-31": "-10.00000", "2013-12-31": -9.721, "2013-09-30": -5, "2013-06-30": -2, "2013-03-31": "-15.00000", "2012-12-31": -15, "2012-09-30": -11, "2012-06-30": -26, "2012-03-31": "-18.00000", "2011-12-31": -23, "2011-09-30": -42, "2011-06-30": -54, "2011-03-31": "-36.00000", "2010-12-31": -13, "2010-09-30": -27, "2010-06-30": -14, "2010-03-31": "-3.00000", "2009-12-31": -2, "2009-09-30": 0, "2009-06-30": 0, "2009-03-31": "-1.00000", "2008-12-31": -3.341, "2008-09-30": -4.256, "2008-06-30": -59.441, "2008-03-31": "-34.96200", "2007-12-31": -16.886, "2007-09-30": -188.078, "2007-06-30": -16.677, "2007-03-31": "-15.07200", "2006-12-31": -0.903, "2006-09-30": -16.454, "2006-06-30": -159.301, "2006-03-31": "-40.69500", "2005-12-31": -52.007, "2005-09-30": -20.777, "2005-06-30": -11.566, "2005-03-31": "-14.61600"}, "Net Total Equity Issued/Repurchased": {"2020-09-30": 0, "2020-06-30": 0, "2020-03-31": "", "2019-12-31": 0, "2019-09-30": 0, "2019-06-30": 0, "2019-03-31": "", "2018-12-31": 0, "2018-09-30": 0, "2018-06-30": 0, "2018-03-31": "", "2017-12-31": 0, "2017-09-30": 0, "2017-06-30": 0, "2017-03-31": "", "2016-12-31": 0, "2016-09-30": 0, "2016-06-30": 0, "2016-03-31": "", "2015-12-31": 0, "2015-09-30": 0, "2015-06-30": 0, "2015-03-31": "", "2014-12-31": 0.308, "2014-09-30": 0, "2014-06-30": -10, "2014-03-31": "-10.00000", "2013-12-31": -9.721, "2013-09-30": -5, "2013-06-30": -2, "2013-03-31": "-15.00000", "2012-12-31": -15, "2012-09-30": -11, "2012-06-30": -26, "2012-03-31": "-18.00000", "2011-12-31": -23, "2011-09-30": -42, "2011-06-30": -54, "2011-03-31": "-36.00000", "2010-12-31": -13, "2010-09-30": -27, "2010-06-30": -14, "2010-03-31": "-3.00000", "2009-12-31": -2, "2009-09-30": 0, "2009-06-30": 0, "2009-03-31": "-1.00000", "2008-12-31": -3.341, "2008-09-30": -4.256, "2008-06-30": -59.441, "2008-03-31": "-34.96200", "2007-12-31": -16.886, "2007-09-30": -188.078, "2007-06-30": -16.677, "2007-03-31": "-15.07200", "2006-12-31": -0.903, "2006-09-30": -16.454, "2006-06-30": -159.301, "2006-03-31": "-40.69500", "2005-12-31": -52.007, "2005-09-30": -20.777, "2005-06-30": -11.566, "2005-03-31": "-14.61600"}, "Total Common And Preferred Stock Dividends Paid": {"2020-09-30": -44.94, "2020-06-30": -44.941, "2020-03-31": "-44.94000", "2019-12-31": -41.914, "2019-09-30": -41.913, "2019-06-30": -41.914, "2019-03-31": "-41.91000", "2018-12-31": -39.119, "2018-09-30": -39.12, "2018-06-30": -39.119, "2018-03-31": "-39.11600", "2017-12-31": -36.441, "2017-09-30": -36.441, "2017-06-30": -36.442, "2017-03-31": "-36.44100", "2016-12-31": -33.996, "2016-09-30": -33.996, "2016-06-30": -33.997, "2016-03-31": "-33.99600", "2015-12-31": -31.715, "2015-09-30": -31.714, "2015-06-30": -31.715, "2015-03-31": "-31.71400", "2014-12-31": -29.526, "2014-09-30": -30, "2014-06-30": -29, "2014-03-31": "-30.00000", "2013-12-31": -27.618, "2013-09-30": -28, "2013-06-30": -28, "2013-03-31": "", "2012-12-31": -149, "2012-09-30": -27, "2012-06-30": -26, "2012-03-31": "-27.00000", "2011-12-31": -25, "2011-09-30": -25, "2011-06-30": -26, "2011-03-31": "-26.00000", "2010-12-31": -24, "2010-09-30": -24, "2010-06-30": -25, "2010-03-31": "-25.00000", "2009-12-31": -23, "2009-09-30": -24, "2009-06-30": -23, "2009-03-31": "-23.00000", "2008-12-31": -22.472, "2008-09-30": -22.783, "2008-06-30": -23.107, "2008-03-31": "-23.63800", "2007-12-31": -21.617, "2007-09-30": -23.021, "2007-06-30": -23.152, "2007-03-31": "-23.26500", "2006-12-31": -20.945, "2006-09-30": -21.062, "2006-06-30": -21.91, "2006-03-31": "-22.17200", "2005-12-31": -20.331, "2005-09-30": -20.457, "2005-06-30": -20.529, "2005-03-31": "-20.61200"}, "Financial Activities - Other": {"2020-09-30": 0, "2020-06-30": 0, "2020-03-31": "", "2019-12-31": 0, "2019-09-30": 0, "2019-06-30": 0, "2019-03-31": "", "2018-12-31": 0, "2018-09-30": 0, "2018-06-30": 0, "2018-03-31": "", "2017-12-31": 0, "2017-09-30": 0, "2017-06-30": 0, "2017-03-31": "", "2016-12-31": 0, "2016-09-30": 0, "2016-06-30": 0, "2016-03-31": "", "2015-12-31": 0, "2015-09-30": 0, "2015-06-30": 0, "2015-03-31": "", "2014-12-31": -20, "2014-09-30": 6, "2014-06-30": 6, "2014-03-31": "8.00000", "2013-12-31": -22, "2013-09-30": 7, "2013-06-30": 6, "2013-03-31": "9.00000", "2012-12-31": -1, "2012-09-30": 5, "2012-06-30": 9, "2012-03-31": "9.00000", "2011-12-31": 2, "2011-09-30": 7, "2011-06-30": 13, "2011-03-31": "5.00000", "2010-12-31": 3, "2010-09-30": 8, "2010-06-30": 6, "2010-03-31": "18.00000", "2009-12-31": 27, "2009-09-30": 31, "2009-06-30": -20, "2009-03-31": "16.00000", "2008-12-31": 53, "2008-09-30": 0, "2008-06-30": 0, "2008-03-31": "", "2007-12-31": 0, "2007-09-30": 0, "2007-06-30": 0, "2007-03-31": "", "2006-12-31": 0, "2006-09-30": 0, "2006-06-30": 0, "2006-03-31": "", "2005-12-31": 15, "2005-09-30": 0, "2005-06-30": 0, "2005-03-31": ""}, "Cash Flow From Financial Activities": {"2020-09-30": -45.431, "2020-06-30": -45.439, "2020-03-31": "-45.42100", "2019-12-31": -42.401, "2019-09-30": -42.384, "2019-06-30": -42.416, "2019-03-31": "-42.37000", "2018-12-31": -39.119, "2018-09-30": -39.123, "2018-06-30": -14.124, "2018-03-31": "-39.12500", "2017-12-31": -11.451, "2017-09-30": -36.455, "2017-06-30": -11.457, "2017-03-31": "-36.45100", "2016-12-31": -9.22, "2016-09-30": -33.996, "2016-06-30": -33.997, "2016-03-31": "-33.99600", "2015-12-31": -31.715, "2015-09-30": -31.714, "2015-06-30": -31.715, "2015-03-31": "-31.71400", "2014-12-31": -49.218, "2014-09-30": -24, "2014-06-30": -33, "2014-03-31": "-32.00000", "2013-12-31": -59.339, "2013-09-30": -26, "2013-06-30": -24, "2013-03-31": "-6.00000", "2012-12-31": -165, "2012-09-30": -33, "2012-06-30": -43, "2012-03-31": "-36.00000", "2011-12-31": -46, "2011-09-30": -60, "2011-06-30": -67, "2011-03-31": "-57.00000", "2010-12-31": -34, "2010-09-30": -43, "2010-06-30": -33, "2010-03-31": "-10.00000", "2009-12-31": 2, "2009-09-30": 7, "2009-06-30": -43, "2009-03-31": "-8.00000", "2008-12-31": -2.813, "2008-09-30": -72.039, "2008-06-30": -82.548, "2008-03-31": "16.40000", "2007-12-31": -38.503, "2007-09-30": -211.099, "2007-06-30": -39.829, "2007-03-31": "-38.33700", "2006-12-31": -21.848, "2006-09-30": -37.516, "2006-06-30": -181.211, "2006-03-31": "-62.86700", "2005-12-31": -57.338, "2005-09-30": -41.234, "2005-06-30": -32.095, "2005-03-31": "-35.22800"}, "Net Cash Flow": {"2020-09-30": -41.383, "2020-06-30": 29.092, "2020-03-31": "-108.09300", "2019-12-31": -8.133, "2019-09-30": 6.61, "2019-06-30": 26.217, "2019-03-31": "45.62800", "2018-12-31": 21.729, "2018-09-30": 46.276, "2018-06-30": 78.785, "2018-03-31": "-96.09400", "2017-12-31": 31.093, "2017-09-30": 39.919, "2017-06-30": 34.291, "2017-03-31": "-78.65400", "2016-12-31": 49.259, "2016-09-30": 15.702, "2016-06-30": 18.829, "2016-03-31": "-77.60700", "2015-12-31": 60.751, "2015-09-30": 45.558, "2015-06-30": 18.973, "2015-03-31": "-34.14000", "2014-12-31": 115.698, "2014-09-30": 79, "2014-06-30": -79, "2014-03-31": "-73.00000", "2013-12-31": -97.563, "2013-09-30": 170, "2013-06-30": -23, "2013-03-31": "-12.00000", "2012-12-31": -4, "2012-09-30": 164, "2012-06-30": 41, "2012-03-31": "14.00000", "2011-12-31": 109, "2011-09-30": -33, "2011-06-30": -102, "2011-03-31": "-219.00000", "2010-12-31": 118, "2010-09-30": 89, "2010-06-30": 21, "2010-03-31": "-32.00000", "2009-12-31": -121, "2009-09-30": 37, "2009-06-30": -140, "2009-03-31": "181.00000", "2008-12-31": 166.912, "2008-09-30": 1.957, "2008-06-30": -15, "2008-03-31": "0.13100", "2007-12-31": -1.087, "2007-09-30": 4.865, "2007-06-30": 16.714, "2007-03-31": "-49.66300", "2006-12-31": 22.597, "2006-09-30": 21.933, "2006-06-30": 8.579, "2006-03-31": "-24.53400", "2005-12-31": -11.069, "2005-09-30": 9.464, "2005-06-30": -9.908, "2005-03-31": "-6.88200"}, "Stock-Based Compensation": {"2020-09-30": 0, "2020-06-30": 0, "2020-03-31": "", "2019-12-31": -1.541, "2019-09-30": 0, "2019-06-30": 0, "2019-03-31": "", "2018-12-31": -3.886, "2018-09-30": 0, "2018-06-30": 0, "2018-03-31": "", "2017-12-31": -2.681, "2017-09-30": 0, "2017-06-30": 0, "2017-03-31": "", "2016-12-31": -4.561, "2016-09-30": 0, "2016-06-30": 0, "2016-03-31": "", "2015-12-31": -1.526, "2015-09-30": 0, "2015-06-30": 0, "2015-03-31": "", "2014-12-31": 6.149, "2014-09-30": 0, "2014-06-30": 0, "2014-03-31": "", "2013-12-31": 0, "2013-09-30": 0, "2013-06-30": 0, "2013-03-31": "", "2012-12-31": 2, "2012-09-30": 0, "2012-06-30": 0, "2012-03-31": "", "2011-12-31": 4, "2011-09-30": 0, "2011-06-30": 0, "2011-03-31": "", "2010-12-31": 7, "2010-09-30": 0, "2010-06-30": 0, "2010-03-31": "", "2009-12-31": 0, "2009-09-30": 0, "2009-06-30": 3, "2009-03-31": "-3.00000", "2008-12-31": -10, "2008-09-30": 0, "2008-06-30": 0, "2008-03-31": "", "2007-12-31": 2.011, "2007-09-30": 3.536, "2007-06-30": -5.859, "2007-03-31": "-5.90100", "2006-12-31": 6.24, "2006-09-30": -6.222, "2006-06-30": 5.075, "2006-03-31": "0.15900", "2005-12-31": 2.609, "2005-09-30": 1.231, "2005-06-30": 1.114, "2005-03-31": "-0.32300"}, "Common Stock Dividends Paid": {"2020-09-30": -44.94, "2020-06-30": -44.941, "2020-03-31": "-44.94000", "2019-12-31": -41.914, "2019-09-30": -41.913, "2019-06-30": -41.914, "2019-03-31": "-41.91000", "2018-12-31": -39.119, "2018-09-30": -39.12, "2018-06-30": -39.119, "2018-03-31": "-39.11600", "2017-12-31": -36.441, "2017-09-30": -36.441, "2017-06-30": -36.442, "2017-03-31": "-36.44100", "2016-12-31": -33.996, "2016-09-30": -33.996, "2016-06-30": -33.997, "2016-03-31": "-33.99600", "2015-12-31": -31.715, "2015-09-30": -31.714, "2015-06-30": -31.715, "2015-03-31": "-31.71400", "2014-12-31": -29.526, "2014-09-30": -30, "2014-06-30": -29, "2014-03-31": "-30.00000", "2013-12-31": -27.618, "2013-09-30": -28, "2013-06-30": -28, "2013-03-31": "0.00000", "2012-12-31": -149, "2012-09-30": -27, "2012-06-30": -26, "2012-03-31": "-27.00000", "2011-12-31": -25, "2011-09-30": -25, "2011-06-30": -26, "2011-03-31": "-26.00000", "2010-12-31": -24, "2010-09-30": -24, "2010-06-30": -25, "2010-03-31": "-25.00000", "2009-12-31": -23, "2009-09-30": -24, "2009-06-30": -23, "2009-03-31": "-23.00000", "2008-12-31": -22.472, "2008-09-30": -22.783, "2008-06-30": -23.107, "2008-03-31": "-23.63800", "2007-12-31": -21.617, "2007-09-30": -23.021, "2007-06-30": -23.152, "2007-03-31": "-23.26500", "2006-12-31": -20.945, "2006-09-30": -21.062, "2006-06-30": -21.91, "2006-03-31": "-22.17200", "2005-12-31": -20.331, "2005-09-30": -20.457, "2005-06-30": -20.529, "2005-03-31": "-20.61200"}}, "financial ratios": {"Current Ratio": {"2019-12-31": "", "2018-12-31": "", "2017-12-31": "", "2016-12-31": "", "2015-12-31": "", "2014-12-31": "", "2013-12-31": "", "2012-12-31": "", "2011-12-31": "", "2010-12-31": "", "2009-12-31": "", "2008-12-31": "", "2007-12-31": "", "2006-12-31": "", "2005-12-31": ""}, "Long-term Debt / Capital": {"2019-12-31": "0.07800", "2018-12-31": "0.09130", "2017-12-31": "0.08020", "2016-12-31": "0.02940", "2015-12-31": "", "2014-12-31": "", "2013-12-31": "", "2012-12-31": "", "2011-12-31": "", "2010-12-31": "", "2009-12-31": "", "2008-12-31": "", "2007-12-31": "", "2006-12-31": "", "2005-12-31": ""}, "Debt/Equity Ratio": {"2019-12-31": "0.08630", "2018-12-31": "0.10240", "2017-12-31": "0.08720", "2016-12-31": "0.03030", "2015-12-31": "", "2014-12-31": "", "2013-12-31": "", "2012-12-31": "", "2011-12-31": "", "2010-12-31": "", "2009-12-31": "", "2008-12-31": "", "2007-12-31": "", "2006-12-31": "", "2005-12-31": ""}, "Gross Margin": {"2019-12-31": "", "2018-12-31": "", "2017-12-31": "", "2016-12-31": "", "2015-12-31": "", "2014-12-31": "", "2013-12-31": "", "2012-12-31": "", "2011-12-31": "", "2010-12-31": "", "2009-12-31": "", "2008-12-31": "", "2007-12-31": "", "2006-12-31": "", "2005-12-31": ""}, "Operating Margin": {"2019-12-31": "14.42460", "2018-12-31": "14.45480", "2017-12-31": "17.15670", "2016-12-31": "18.38350", "2015-12-31": "15.44600", "2014-12-31": "15.83710", "2013-12-31": "18.47840", "2012-12-31": "16.30990", "2011-12-31": "7.42120", "2010-12-31": "20.42950", "2009-12-31": "12.31490", "2008-12-31": "-31.64840", "2007-12-31": "17.82550", "2006-12-31": "17.61740", "2005-12-31": "19.93150"}, "EBIT Margin": {"2019-12-31": "14.42460", "2018-12-31": "14.45480", "2017-12-31": "17.15670", "2016-12-31": "18.38350", "2015-12-31": "15.44600", "2014-12-31": "15.83710", "2013-12-31": "18.47840", "2012-12-31": "16.30990", "2011-12-31": "7.42120", "2010-12-31": "20.42950", "2009-12-31": "12.31490", "2008-12-31": "-31.64840", "2007-12-31": "17.82550", "2006-12-31": "17.61740", "2005-12-31": "19.93150"}, "EBITDA Margin": {"2019-12-31": "15.71530", "2018-12-31": "15.25100", "2017-12-31": "18.44930", "2016-12-31": "19.79470", "2015-12-31": "17.08140", "2014-12-31": "17.46320", "2013-12-31": "20.11650", "2012-12-31": "30.09800", "2011-12-31": "22.13930", "2010-12-31": "34.64210", "2009-12-31": "26.90950", "2008-12-31": "-8.44960", "2007-12-31": "20.76590", "2006-12-31": "21.02980", "2005-12-31": "23.45140"}, "Pre-Tax Profit Margin": {"2019-12-31": "16.01360", "2018-12-31": "15.58720", "2017-12-31": "18.66060", "2016-12-31": "20.04790", "2015-12-31": "17.68500", "2014-12-31": "17.85660", "2013-12-31": "18.47840", "2012-12-31": "16.30990", "2011-12-31": "7.42120", "2010-12-31": "20.42950", "2009-12-31": "12.31490", "2008-12-31": "-31.64840", "2007-12-31": "27.30460", "2006-12-31": "26.34950", "2005-12-31": "30.17520"}, "Net Profit Margin": {"2019-12-31": "12.78900", "2018-12-31": "12.09900", "2017-12-31": "11.64450", "2016-12-31": "13.17560", "2015-12-31": "11.60260", "2014-12-31": "11.90410", "2013-12-31": "12.18420", "2012-12-31": "2.90280", "2011-12-31": "3.50330", "2010-12-31": "3.31290", "2009-12-31": "2.53820", "2008-12-31": "2.60280", "2007-12-31": "18.80660", "2006-12-31": "17.99190", "2005-12-31": "20.54350"}, "Asset Turnover": {"2019-12-31": "1.22870", "2018-12-31": "1.33960", "2017-12-31": "1.01560", "2016-12-31": "1.03080", "2015-12-31": "1.06980", "2014-12-31": "1.06660", "2013-12-31": "0.08000", "2012-12-31": "0.35700", "2011-12-31": "0.33620", "2010-12-31": "0.34090", "2009-12-31": "0.32020", "2008-12-31": "1.01440", "2007-12-31": "0.39330", "2006-12-31": "0.37310", "2005-12-31": "0.36270"}, "Inventory Turnover Ratio": {"2019-12-31": "", "2018-12-31": "", "2017-12-31": "", "2016-12-31": "", "2015-12-31": "", "2014-12-31": "", "2013-12-31": "", "2012-12-31": "", "2011-12-31": "", "2010-12-31": "", "2009-12-31": "", "2008-12-31": "", "2007-12-31": "", "2006-12-31": "", "2005-12-31": ""}, "Receiveable Turnover": {"2019-12-31": "", "2018-12-31": "", "2017-12-31": "", "2016-12-31": "", "2015-12-31": "", "2014-12-31": "", "2013-12-31": "", "2012-12-31": "", "2011-12-31": "", "2010-12-31": "", "2009-12-31": "", "2008-12-31": "", "2007-12-31": "", "2006-12-31": "", "2005-12-31": ""}, "Days Sales In Receivables": {"2019-12-31": "", "2018-12-31": "", "2017-12-31": "", "2016-12-31": "", "2015-12-31": "", "2014-12-31": "", "2013-12-31": "", "2012-12-31": "", "2011-12-31": "", "2010-12-31": "", "2009-12-31": "", "2008-12-31": "", "2007-12-31": "", "2006-12-31": "", "2005-12-31": ""}, "ROE - Return On Equity": {"2019-12-31": "27.95680", "2018-12-31": "29.60180", "2017-12-31": "22.97780", "2016-12-31": "25.75140", "2015-12-31": "22.70010", "2014-12-31": "23.82260", "2013-12-31": "2.15380", "2012-12-31": "9.11500", "2011-12-31": "4.25870", "2010-12-31": "10.42000", "2009-12-31": "7.79040", "2008-12-31": "-77.79010", "2007-12-31": "20.25580", "2006-12-31": "17.56040", "2005-12-31": "18.07470"}, "Return On Tangible Equity": {"2019-12-31": "27.95680", "2018-12-31": "29.60180", "2017-12-31": "22.97780", "2016-12-31": "25.75140", "2015-12-31": "22.70010", "2014-12-31": "23.82260", "2013-12-31": "2.15380", "2012-12-31": "9.11500", "2011-12-31": "4.25870", "2010-12-31": "10.42000", "2009-12-31": "7.79040", "2008-12-31": "-77.79010", "2007-12-31": "20.25580", "2006-12-31": "17.56040", "2005-12-31": "18.07470"}, "ROA - Return On Assets": {"2019-12-31": "15.71350", "2018-12-31": "16.20760", "2017-12-31": "11.82570", "2016-12-31": "13.58120", "2015-12-31": "12.41230", "2014-12-31": "12.69750", "2013-12-31": "0.97510", "2012-12-31": "4.00880", "2011-12-31": "1.86790", "2010-12-31": "4.60120", "2009-12-31": "3.35670", "2008-12-31": "-23.57100", "2007-12-31": "7.39750", "2006-12-31": "6.71280", "2005-12-31": "7.45190"}, "ROI - Return On Investment": {"2019-12-31": "25.77680", "2018-12-31": "26.89830", "2017-12-31": "21.13560", "2016-12-31": "24.99370", "2015-12-31": "22.70010", "2014-12-31": "23.82260", "2013-12-31": "2.15380", "2012-12-31": "9.11500", "2011-12-31": "4.25870", "2010-12-31": "10.42000", "2009-12-31": "7.79040", "2008-12-31": "-77.79010", "2007-12-31": "20.25580", "2006-12-31": "17.56040", "2005-12-31": "18.07470"}, "Book Value Per Share": {"2019-12-31": "24.53350", "2018-12-31": "21.07880", "2017-12-31": "18.56040", "2016-12-31": "17.68510", "2015-12-31": "16.65900", "2014-12-31": "15.22210", "2013-12-31": "162.49300", "2012-12-31": "144.81120", "2011-12-31": "131.47520", "2010-12-31": "126.53440", "2009-12-31": "111.80430", "2008-12-31": "15.44050", "2007-12-31": "19.70840", "2006-12-31": "20.10860", "2005-12-31": "20.90390"}, "Operating Cash Flow Per Share": {"2019-12-31": 1.9288, "2018-12-31": 1.2718, "2017-12-31": -1.084, "2016-12-31": 0.7099, "2015-12-31": 0.6053, "2014-12-31": -0.5893, "2013-12-31": -6.6505, "2012-12-31": 4.2365, "2011-12-31": -6.1357, "2010-12-31": -2.8052, "2009-12-31": 3.0669, "2008-12-31": 8.326, "2007-12-31": -0.0577, "2006-12-31": -0.0881, "2005-12-31": 4.2322}, "Free Cash Flow Per Share": {"2019-12-31": 0.9545, "2018-12-31": 0.8634, "2017-12-31": -1.1559, "2016-12-31": 0.4682, "2015-12-31": 0.7363, "2014-12-31": -0.9594, "2013-12-31": -6.0343, "2012-12-31": 3.8201, "2011-12-31": -5.7554, "2010-12-31": -3.1415, "2009-12-31": 2.9783, "2008-12-31": 8.1692, "2007-12-31": 0.0196, "2006-12-31": -0.1349, "2005-12-31": 4.2033}}, "financial ratios, quarterly": {"Current Ratio": {"2020-09-30": "", "2020-06-30": "", "2020-03-31": "", "2019-12-31": "", "2019-09-30": "", "2019-06-30": "", "2019-03-31": "", "2018-12-31": "", "2018-09-30": "", "2018-06-30": "", "2018-03-31": "", "2017-12-31": "", "2017-09-30": "", "2017-06-30": "", "2017-03-31": "", "2016-12-31": "", "2016-09-30": "", "2016-06-30": "", "2016-03-31": "", "2015-12-31": "", "2015-09-30": "", "2015-06-30": "", "2015-03-31": "", "2014-12-31": "", "2014-09-30": "", "2014-06-30": "", "2014-03-31": "", "2013-12-31": "", "2013-09-30": "", "2013-06-30": "", "2013-03-31": "", "2012-12-31": "", "2012-09-30": "", "2012-06-30": "", "2012-03-31": "", "2011-12-31": "", "2011-09-30": "", "2011-06-30": "", "2011-03-31": "", "2010-12-31": "", "2010-09-30": "", "2010-06-30": "", "2010-03-31": "", "2009-12-31": "", "2009-09-30": "", "2009-06-30": "", "2009-03-31": "", "2008-12-31": "", "2008-09-30": "", "2008-06-30": "", "2008-03-31": "", "2007-12-31": "", "2007-09-30": "", "2007-06-30": "", "2007-03-31": "", "2006-12-31": "", "2006-09-30": "", "2006-06-30": "", "2006-03-31": "", "2005-12-31": "", "2005-09-30": "", "2005-06-30": "", "2005-03-31": ""}, "Long-term Debt / Capital": {"2020-09-30": "0.07030", "2020-06-30": "0.07360", "2020-03-31": "0.07860", "2019-12-31": "0.07800", "2019-09-30": "0.07930", "2019-06-30": "0.08350", "2019-03-31": "0.08760", "2018-12-31": "0.09130", "2018-09-30": "0.09650", "2018-06-30": "0.10090", "2018-03-31": "0.08170", "2017-12-31": "0.08020", "2017-09-30": "0.05380", "2017-06-30": "0.05510", "2017-03-31": "0.02900", "2016-12-31": "0.02940", "2016-09-30": "", "2016-06-30": "", "2016-03-31": "", "2015-12-31": "", "2015-09-30": "", "2015-06-30": "", "2015-03-31": "", "2014-12-31": "", "2014-09-30": "", "2014-06-30": "", "2014-03-31": "", "2013-12-31": "", "2013-09-30": "", "2013-06-30": "", "2013-03-31": "", "2012-12-31": "", "2012-09-30": "", "2012-06-30": "", "2012-03-31": "", "2011-12-31": "", "2011-09-30": "", "2011-06-30": "", "2011-03-31": "", "2010-12-31": "", "2010-09-30": "", "2010-06-30": "", "2010-03-31": "", "2009-12-31": "", "2009-09-30": "", "2009-06-30": "", "2009-03-31": "", "2008-12-31": "", "2008-09-30": "", "2008-06-30": "", "2008-03-31": "", "2007-12-31": "", "2007-09-30": "", "2007-06-30": "", "2007-03-31": "", "2006-12-31": "", "2006-09-30": "", "2006-06-30": "", "2006-03-31": "", "2005-12-31": "", "2005-09-30": "", "2005-06-30": "", "2005-03-31": ""}, "Debt/Equity Ratio": {"2020-09-30": "0.07730", "2020-06-30": "0.08110", "2020-03-31": "0.08710", "2019-12-31": "0.08630", "2019-09-30": "0.08780", "2019-06-30": "0.09290", "2019-03-31": "0.09790", "2018-12-31": "0.10240", "2018-09-30": "0.10830", "2018-06-30": "0.11330", "2018-03-31": "0.08890", "2017-12-31": "0.08720", "2017-09-30": "0.05680", "2017-06-30": "0.05830", "2017-03-31": "0.02980", "2016-12-31": "0.03030", "2016-09-30": "", "2016-06-30": "", "2016-03-31": "", "2015-12-31": "", "2015-09-30": "", "2015-06-30": "", "2015-03-31": "", "2014-12-31": "", "2014-09-30": "", "2014-06-30": "", "2014-03-31": "", "2013-12-31": "", "2013-09-30": "", "2013-06-30": "", "2013-03-31": "", "2012-12-31": "", "2012-09-30": "", "2012-06-30": "", "2012-03-31": "", "2011-12-31": "", "2011-09-30": "", "2011-06-30": "", "2011-03-31": "", "2010-12-31": "", "2010-09-30": "", "2010-06-30": "", "2010-03-31": "", "2009-12-31": "", "2009-09-30": "", "2009-06-30": "", "2009-03-31": "", "2008-12-31": "", "2008-09-30": "0.03210", "2008-06-30": "0.07720", "2008-03-31": "0.07530", "2007-12-31": "", "2007-09-30": "", "2007-06-30": "", "2007-03-31": "", "2006-12-31": "", "2006-09-30": "", "2006-06-30": "", "2006-03-31": "", "2005-12-31": "", "2005-09-30": "", "2005-06-30": "", "2005-03-31": ""}, "Gross Margin": {"2020-09-30": "", "2020-06-30": "", "2020-03-31": "", "2019-12-31": "", "2019-09-30": "", "2019-06-30": "", "2019-03-31": "", "2018-12-31": "", "2018-09-30": "", "2018-06-30": "", "2018-03-31": "", "2017-12-31": "", "2017-09-30": "", "2017-06-30": "", "2017-03-31": "", "2016-12-31": "", "2016-09-30": "", "2016-06-30": "", "2016-03-31": "", "2015-12-31": "", "2015-09-30": "", "2015-06-30": "", "2015-03-31": "", "2014-12-31": "", "2014-09-30": "", "2014-06-30": "", "2014-03-31": "", "2013-12-31": "", "2013-09-30": "", "2013-06-30": "", "2013-03-31": "", "2012-12-31": "", "2012-09-30": "", "2012-06-30": "", "2012-03-31": "", "2011-12-31": "", "2011-09-30": "", "2011-06-30": "", "2011-03-31": "", "2010-12-31": "", "2010-09-30": "", "2010-06-30": "", "2010-03-31": "", "2009-12-31": "", "2009-09-30": "", "2009-06-30": "", "2009-03-31": "", "2008-12-31": "", "2008-09-30": "", "2008-06-30": "", "2008-03-31": "", "2007-12-31": "", "2007-09-30": "", "2007-06-30": "", "2007-03-31": "", "2006-12-31": "", "2006-09-30": "", "2006-06-30": "", "2006-03-31": "", "2005-12-31": "", "2005-09-30": "", "2005-06-30": "", "2005-03-31": ""}, "Operating Margin": {"2020-09-30": "14.72500", "2020-06-30": "13.87920", "2020-03-31": "13.89430", "2019-12-31": "11.51260", "2019-09-30": "16.58060", "2019-06-30": "14.91560", "2019-03-31": "14.49610", "2018-12-31": "12.96830", "2018-09-30": "15.79660", "2018-06-30": "15.33860", "2018-03-31": "13.55690", "2017-12-31": "14.70690", "2017-09-30": "18.35940", "2017-06-30": "18.60340", "2017-03-31": "16.66120", "2016-12-31": "15.23600", "2016-09-30": "19.65910", "2016-06-30": "20.23170", "2016-03-31": "18.05710", "2015-12-31": "12.77870", "2015-09-30": "17.21700", "2015-06-30": "20.53070", "2015-03-31": "16.50080", "2014-12-31": "11.11760", "2014-09-30": "10.51890", "2014-06-30": "9.19900", "2014-03-31": "10.32430", "2013-12-31": "27.69590", "2013-09-30": "25.23780", "2013-06-30": "18.44320", "2013-03-31": "27.75300", "2012-12-31": "12.02620", "2012-09-30": "18.49320", "2012-06-30": "-6.03450", "2012-03-31": "35.13160", "2011-12-31": "29.97180", "2011-09-30": "-38.31660", "2011-06-30": "-13.97590", "2011-03-31": "30.18320", "2010-12-31": "29.76450", "2010-09-30": "29.84530", "2010-06-30": "-5.56770", "2010-03-31": "18.75000", "2009-12-31": "14.18900", "2009-09-30": "27.68270", "2009-06-30": "22.45430", "2009-03-31": "-48.92090", "2008-12-31": "12.44350", "2008-09-30": "16.88320", "2008-06-30": "17.82890", "2008-03-31": "17.88350", "2007-12-31": "7.96130", "2007-09-30": "16.01710", "2007-06-30": "26.23970", "2007-03-31": "18.62550", "2006-12-31": "-7.66810", "2006-09-30": "19.66350", "2006-06-30": "26.08780", "2006-03-31": "24.51150", "2005-12-31": "-30.96270", "2005-09-30": "25.12470", "2005-06-30": "32.49070", "2005-03-31": "28.76340"}, "EBIT Margin": {"2020-09-30": "14.72500", "2020-06-30": "13.87920", "2020-03-31": "13.89430", "2019-12-31": "11.51260", "2019-09-30": "16.58060", "2019-06-30": "14.91560", "2019-03-31": "14.49610", "2018-12-31": "12.96830", "2018-09-30": "15.79660", "2018-06-30": "15.33860", "2018-03-31": "13.55690", "2017-12-31": "14.70700", "2017-09-30": "18.35940", "2017-06-30": "18.60340", "2017-03-31": "16.66120", "2016-12-31": "15.23600", "2016-09-30": "19.65910", "2016-06-30": "20.23170", "2016-03-31": "18.05710", "2015-12-31": "12.77870", "2015-09-30": "17.21700", "2015-06-30": "20.53070", "2015-03-31": "16.50080", "2014-12-31": "11.11760", "2014-09-30": "10.51890", "2014-06-30": "9.19900", "2014-03-31": "10.32430", "2013-12-31": "27.69590", "2013-09-30": "25.23780", "2013-06-30": "18.44320", "2013-03-31": "27.75300", "2012-12-31": "12.02620", "2012-09-30": "18.49320", "2012-06-30": "-6.03450", "2012-03-31": "35.13160", "2011-12-31": "29.97180", "2011-09-30": "-38.31660", "2011-06-30": "-13.97590", "2011-03-31": "30.18320", "2010-12-31": "29.76450", "2010-09-30": "29.84530", "2010-06-30": "-5.56770", "2010-03-31": "18.75000", "2009-12-31": "14.18900", "2009-09-30": "27.68270", "2009-06-30": "22.45430", "2009-03-31": "-48.92090", "2008-12-31": "12.44350", "2008-09-30": "16.88320", "2008-06-30": "17.82890", "2008-03-31": "17.88350", "2007-12-31": "7.96130", "2007-09-30": "16.01710", "2007-06-30": "26.23970", "2007-03-31": "18.62550", "2006-12-31": "-7.66810", "2006-09-30": "19.66350", "2006-06-30": "26.08780", "2006-03-31": "24.51150", "2005-12-31": "-30.96270", "2005-09-30": "25.12470", "2005-06-30": "32.49070", "2005-03-31": "28.76340"}, "EBITDA Margin": {"2020-09-30": "", "2020-06-30": "", "2020-03-31": "", "2019-12-31": "", "2019-09-30": "", "2019-06-30": "", "2019-03-31": "", "2018-12-31": "", "2018-09-30": "", "2018-06-30": "", "2018-03-31": "", "2017-12-31": "", "2017-09-30": "", "2017-06-30": "", "2017-03-31": "", "2016-12-31": "", "2016-09-30": "", "2016-06-30": "", "2016-03-31": "", "2015-12-31": "", "2015-09-30": "", "2015-06-30": "", "2015-03-31": "", "2014-12-31": "", "2014-09-30": "", "2014-06-30": "", "2014-03-31": "", "2013-12-31": "", "2013-09-30": "", "2013-06-30": "", "2013-03-31": "", "2012-12-31": "", "2012-09-30": "", "2012-06-30": "", "2012-03-31": "", "2011-12-31": "", "2011-09-30": "", "2011-06-30": "", "2011-03-31": "", "2010-12-31": "", "2010-09-30": "", "2010-06-30": "", "2010-03-31": "", "2009-12-31": "", "2009-09-30": "", "2009-06-30": "", "2009-03-31": "", "2008-12-31": "", "2008-09-30": "", "2008-06-30": "", "2008-03-31": "", "2007-12-31": "", "2007-09-30": "", "2007-06-30": "", "2007-03-31": "", "2006-12-31": "", "2006-09-30": "", "2006-06-30": "", "2006-03-31": "", "2005-12-31": "", "2005-09-30": "", "2005-06-30": "", "2005-03-31": ""}, "Pre-Tax Profit Margin": {"2020-09-30": "17.09250", "2020-06-30": "15.59800", "2020-03-31": "12.34350", "2019-12-31": "12.67720", "2019-09-30": "18.70900", "2019-06-30": "16.37120", "2019-03-31": "16.07710", "2018-12-31": "14.33590", "2018-09-30": "17.06690", "2018-06-30": "16.24990", "2018-03-31": "14.54510", "2017-12-31": "16.10380", "2017-09-30": "20.08290", "2017-06-30": "19.89350", "2017-03-31": "18.26970", "2016-12-31": "18.47220", "2016-09-30": "20.69310", "2016-06-30": "21.97840", "2016-03-31": "18.74000", "2015-12-31": "12.77870", "2015-09-30": "19.03730", "2015-06-30": "20.53070", "2015-03-31": "16.50080", "2014-12-31": "11.11760", "2014-09-30": "10.51890", "2014-06-30": "9.19900", "2014-03-31": "10.32430", "2013-12-31": "27.69590", "2013-09-30": "25.23780", "2013-06-30": "18.44320", "2013-03-31": "27.75300", "2012-12-31": "12.02620", "2012-09-30": "18.49320", "2012-06-30": "-6.03450", "2012-03-31": "35.13160", "2011-12-31": "29.97180", "2011-09-30": "-38.31660", "2011-06-30": "-13.97590", "2011-03-31": "30.18320", "2010-12-31": "29.76450", "2010-09-30": "29.84530", "2010-06-30": "-5.56770", "2010-03-31": "18.75000", "2009-12-31": "14.67020", "2009-09-30": "27.68270", "2009-06-30": "22.45430", "2009-03-31": "-48.92090", "2008-12-31": "-1.34980", "2008-09-30": "6.66960", "2008-06-30": "20.64320", "2008-03-31": "16.09950", "2007-12-31": "21.40880", "2007-09-30": "26.25550", "2007-06-30": "31.32160", "2007-03-31": "28.93230", "2006-12-31": "28.07870", "2006-09-30": "27.26800", "2006-06-30": "26.08780", "2006-03-31": "24.51150", "2005-12-31": "37.26130", "2005-09-30": "25.12470", "2005-06-30": "32.49070", "2005-03-31": "28.76340"}, "Net Profit Margin": {"2020-09-30": "13.65240", "2020-06-30": "12.47710", "2020-03-31": "9.61930", "2019-12-31": "9.98540", "2019-09-30": "14.74290", "2019-06-30": "13.54840", "2019-03-31": "12.67640", "2018-12-31": "10.80960", "2018-09-30": "13.14210", "2018-06-30": "12.82570", "2018-03-31": "11.49290", "2017-12-31": "7.98530", "2017-09-30": "13.23030", "2017-06-30": "13.04760", "2017-03-31": "11.98950", "2016-12-31": "12.06120", "2016-09-30": "13.71300", "2016-06-30": "14.46360", "2016-03-31": "12.24760", "2015-12-31": "8.35580", "2015-09-30": "12.49560", "2015-06-30": "13.45350", "2015-03-31": "10.86630", "2014-12-31": "7.44880", "2014-09-30": "3.29590", "2014-06-30": "3.06630", "2014-03-31": "3.04430", "2013-12-31": "2.12140", "2013-09-30": "2.91690", "2013-06-30": "3.08560", "2013-03-31": "2.35520", "2012-12-31": "2.18660", "2012-09-30": "3.49320", "2012-06-30": "3.70690", "2012-03-31": "2.36840", "2011-12-31": "1.83360", "2011-09-30": "5.90450", "2011-06-30": "4.17670", "2011-03-31": "3.22340", "2010-12-31": "0.85650", "2010-09-30": "3.97940", "2010-06-30": "5.34930", "2010-03-31": "3.86510", "2009-12-31": "9.16160", "2009-09-30": "3.11040", "2009-06-30": "2.87210", "2009-03-31": "1.58270", "2008-12-31": "-2.37550", "2008-09-30": "1.44240", "2008-06-30": "13.72000", "2008-03-31": "10.84990", "2007-12-31": "13.38880", "2007-09-30": "18.35510", "2007-06-30": "21.89520", "2007-03-31": "20.46430", "2006-12-31": "21.17870", "2006-09-30": "18.08850", "2006-06-30": "17.27770", "2006-03-31": "16.39870", "2005-12-31": "26.14410", "2005-09-30": "16.98320", "2005-06-30": "22.03360", "2005-03-31": "19.37020"}, "Asset Turnover": {"2020-09-30": "0.30260", "2020-06-30": "0.31540", "2020-03-31": "0.31510", "2019-12-31": "0.29600", "2019-09-30": "0.32350", "2019-06-30": "0.34280", "2019-03-31": "0.33020", "2018-12-31": "0.32420", "2018-09-30": "0.34790", "2018-06-30": "0.37610", "2018-03-31": "0.36360", "2017-12-31": "0.24100", "2017-09-30": "0.27120", "2017-06-30": "0.28620", "2017-03-31": "0.26800", "2016-12-31": "0.24510", "2016-09-30": "0.28180", "2016-06-30": "0.29960", "2016-03-31": "0.27950", "2015-12-31": "0.25630", "2015-09-30": "0.02190", "2015-06-30": "0.02310", "2015-03-31": "0.01990", "2014-12-31": "0.25740", "2014-09-30": "0.08110", "2014-06-30": "0.09150", "2014-03-31": "0.08920", "2013-12-31": "0.10180", "2013-09-30": "0.09630", "2013-06-30": "0.08980", "2013-03-31": "0.09950", "2012-12-31": "0.08890", "2012-09-30": "0.09390", "2012-06-30": "0.07710", "2012-03-31": "0.10250", "2011-12-31": "0.09880", "2011-09-30": "0.05580", "2011-06-30": "0.08460", "2011-03-31": "0.09380", "2010-12-31": "0.09770", "2010-09-30": "0.09580", "2010-06-30": "0.06750", "2010-03-31": "0.09040", "2009-12-31": "0.02050", "2009-09-30": "0.47460", "2009-06-30": "0.43590", "2009-03-31": "0.27340", "2008-12-31": "0.10150", "2008-09-30": "0.10770", "2008-06-30": "0.10740", "2008-03-31": "0.09690", "2007-12-31": "0.08460", "2007-09-30": "0.10140", "2007-06-30": "0.10650", "2007-03-31": "0.09240", "2006-12-31": "0.07070", "2006-09-30": "0.09750", "2006-06-30": "0.11190", "2006-03-31": "0.10030", "2005-12-31": "0.05450", "2005-09-30": "0.10020", "2005-06-30": "0.11240", "2005-03-31": "0.10020"}, "Inventory Turnover Ratio": {"2020-09-30": "", "2020-06-30": "", "2020-03-31": "", "2019-12-31": "", "2019-09-30": "", "2019-06-30": "", "2019-03-31": "", "2018-12-31": "", "2018-09-30": "", "2018-06-30": "", "2018-03-31": "", "2017-12-31": "", "2017-09-30": "", "2017-06-30": "", "2017-03-31": "", "2016-12-31": "", "2016-09-30": "", "2016-06-30": "", "2016-03-31": "", "2015-12-31": "", "2015-09-30": "", "2015-06-30": "", "2015-03-31": "", "2014-12-31": "", "2014-09-30": "", "2014-06-30": "", "2014-03-31": "", "2013-12-31": "", "2013-09-30": "", "2013-06-30": "", "2013-03-31": "", "2012-12-31": "", "2012-09-30": "", "2012-06-30": "", "2012-03-31": "", "2011-12-31": "", "2011-09-30": "", "2011-06-30": "", "2011-03-31": "", "2010-12-31": "", "2010-09-30": "", "2010-06-30": "", "2010-03-31": "", "2009-12-31": "", "2009-09-30": "", "2009-06-30": "", "2009-03-31": "", "2008-12-31": "", "2008-09-30": "", "2008-06-30": "", "2008-03-31": "", "2007-12-31": "", "2007-09-30": "", "2007-06-30": "", "2007-03-31": "", "2006-12-31": "", "2006-09-30": "", "2006-06-30": "", "2006-03-31": "", "2005-12-31": "", "2005-09-30": "", "2005-06-30": "", "2005-03-31": ""}, "Receiveable Turnover": {"2020-09-30": "", "2020-06-30": "", "2020-03-31": "", "2019-12-31": "", "2019-09-30": "", "2019-06-30": "", "2019-03-31": "", "2018-12-31": "", "2018-09-30": "", "2018-06-30": "", "2018-03-31": "", "2017-12-31": "", "2017-09-30": "", "2017-06-30": "", "2017-03-31": "", "2016-12-31": "", "2016-09-30": "", "2016-06-30": "", "2016-03-31": "", "2015-12-31": "", "2015-09-30": "", "2015-06-30": "", "2015-03-31": "", "2014-12-31": "", "2014-09-30": "", "2014-06-30": "", "2014-03-31": "", "2013-12-31": "", "2013-09-30": "", "2013-06-30": "", "2013-03-31": "", "2012-12-31": "", "2012-09-30": "", "2012-06-30": "", "2012-03-31": "", "2011-12-31": "", "2011-09-30": "", "2011-06-30": "", "2011-03-31": "", "2010-12-31": "", "2010-09-30": "", "2010-06-30": "", "2010-03-31": "", "2009-12-31": "", "2009-09-30": "", "2009-06-30": "", "2009-03-31": "", "2008-12-31": "", "2008-09-30": "", "2008-06-30": "", "2008-03-31": "", "2007-12-31": "", "2007-09-30": "", "2007-06-30": "", "2007-03-31": "", "2006-12-31": "", "2006-09-30": "", "2006-06-30": "", "2006-03-31": "", "2005-12-31": "", "2005-09-30": "", "2005-06-30": "", "2005-03-31": ""}, "Days Sales In Receivables": {"2020-09-30": "", "2020-06-30": "", "2020-03-31": "", "2019-12-31": "", "2019-09-30": "", "2019-06-30": "", "2019-03-31": "", "2018-12-31": "", "2018-09-30": "", "2018-06-30": "", "2018-03-31": "", "2017-12-31": "", "2017-09-30": "", "2017-06-30": "", "2017-03-31": "", "2016-12-31": "", "2016-09-30": "", "2016-06-30": "", "2016-03-31": "", "2015-12-31": "", "2015-09-30": "", "2015-06-30": "", "2015-03-31": "", "2014-12-31": "", "2014-09-30": "", "2014-06-30": "", "2014-03-31": "", "2013-12-31": "", "2013-09-30": "", "2013-06-30": "", "2013-03-31": "", "2012-12-31": "", "2012-09-30": "", "2012-06-30": "", "2012-03-31": "", "2011-12-31": "", "2011-09-30": "", "2011-06-30": "", "2011-03-31": "", "2010-12-31": "", "2010-09-30": "", "2010-06-30": "", "2010-03-31": "", "2009-12-31": "", "2009-09-30": "", "2009-06-30": "", "2009-03-31": "", "2008-12-31": "", "2008-09-30": "", "2008-06-30": "", "2008-03-31": "", "2007-12-31": "", "2007-09-30": "", "2007-06-30": "", "2007-03-31": "", "2006-12-31": "", "2006-09-30": "", "2006-06-30": "", "2006-03-31": "", "2005-12-31": "", "2005-09-30": "", "2005-06-30": "", "2005-03-31": ""}, "ROE - Return On Equity": {"2020-09-30": "7.15320", "2020-06-30": "6.86490", "2020-03-31": "5.31120", "2019-12-31": "5.25800", "2019-09-30": "8.41340", "2019-06-30": "8.25180", "2019-03-31": "7.42860", "2018-12-31": "6.39990", "2018-09-30": "8.73440", "2018-06-30": "9.05560", "2018-03-31": "7.82690", "2017-12-31": "3.73860", "2017-09-30": "6.68950", "2017-06-30": "6.85960", "2017-03-31": "5.76920", "2016-12-31": "5.60480", "2016-09-30": "6.83920", "2016-06-30": "7.52080", "2016-03-31": "5.84750", "2015-12-31": "3.91590", "2015-09-30": "0.61000", "2015-06-30": "0.68790", "2015-03-31": "0.47720", "2014-12-31": "3.59760", "2014-09-30": "1.37830", "2014-06-30": "1.31700", "2014-03-31": "1.41740", "2013-12-31": "4.15890", "2013-09-30": "3.70880", "2013-06-30": "2.54020", "2013-03-31": "4.13280", "2012-12-31": "1.75230", "2012-09-30": "2.68890", "2012-06-30": "-0.57600", "2012-03-31": "5.30260", "2011-12-31": "4.46530", "2011-09-30": "-2.95180", "2011-06-30": "-1.67660", "2011-03-31": "4.18260", "2010-12-31": "4.01010", "2010-09-30": "4.41700", "2010-06-30": "-0.52820", "2010-03-31": "2.74070", "2009-12-31": "0.43570", "2009-09-30": "28.69780", "2009-06-30": "32.68540", "2009-03-31": "-32.30590", "2008-12-31": "-0.79580", "2008-09-30": "0.45490", "2008-06-30": "4.25260", "2008-03-31": "3.00990", "2007-12-31": "3.10120", "2007-09-30": "5.11320", "2007-06-30": "5.85440", "2007-03-31": "4.77140", "2006-12-31": "3.91780", "2006-09-30": "4.55830", "2006-06-30": "5.00690", "2006-03-31": "3.92940", "2005-12-31": "3.45380", "2005-09-30": "4.03920", "2005-06-30": "5.80930", "2005-03-31": "4.55180"}, "Return On Tangible Equity": {"2020-09-30": "7.15320", "2020-06-30": "6.86490", "2020-03-31": "5.31120", "2019-12-31": "5.25800", "2019-09-30": "8.41340", "2019-06-30": "8.25180", "2019-03-31": "7.42860", "2018-12-31": "6.39990", "2018-09-30": "8.73440", "2018-06-30": "9.05560", "2018-03-31": "7.82690", "2017-12-31": "3.73860", "2017-09-30": "6.68950", "2017-06-30": "6.85960", "2017-03-31": "5.76920", "2016-12-31": "5.60480", "2016-09-30": "6.83920", "2016-06-30": "7.52080", "2016-03-31": "5.84750", "2015-12-31": "3.91590", "2015-09-30": "0.61000", "2015-06-30": "0.68790", "2015-03-31": "0.47720", "2014-12-31": "3.59760", "2014-09-30": "1.37830", "2014-06-30": "1.31700", "2014-03-31": "1.41740", "2013-12-31": "4.15890", "2013-09-30": "3.70880", "2013-06-30": "2.54020", "2013-03-31": "4.13280", "2012-12-31": "1.75230", "2012-09-30": "2.68890", "2012-06-30": "-0.57600", "2012-03-31": "5.30260", "2011-12-31": "4.46530", "2011-09-30": "-2.95180", "2011-06-30": "-1.67660", "2011-03-31": "4.18260", "2010-12-31": "4.01010", "2010-09-30": "4.41700", "2010-06-30": "-0.52820", "2010-03-31": "2.74070", "2009-12-31": "0.43570", "2009-09-30": "28.69780", "2009-06-30": "32.68540", "2009-03-31": "-32.30590", "2008-12-31": "-0.79580", "2008-09-30": "0.45490", "2008-06-30": "4.25260", "2008-03-31": "3.00990", "2007-12-31": "3.10120", "2007-09-30": "5.11320", "2007-06-30": "5.85440", "2007-03-31": "4.77140", "2006-12-31": "3.91780", "2006-09-30": "4.55830", "2006-06-30": "5.00690", "2006-03-31": "3.92940", "2005-12-31": "3.45380", "2005-09-30": "4.03920", "2005-06-30": "5.80930", "2005-03-31": "4.55180"}, "ROA - Return On Assets": {"2020-09-30": "4.13160", "2020-06-30": "3.93580", "2020-03-31": "3.03070", "2019-12-31": "2.95540", "2019-09-30": "4.76910", "2019-06-30": "4.64390", "2019-03-31": "4.18520", "2018-12-31": "3.50410", "2018-09-30": "4.57210", "2018-06-30": "4.82400", "2018-03-31": "4.17920", "2017-12-31": "1.92410", "2017-09-30": "3.58840", "2017-06-30": "3.73440", "2017-03-31": "3.21310", "2016-12-31": "2.95590", "2016-09-30": "3.86370", "2016-06-30": "4.33330", "2016-03-31": "3.42340", "2015-12-31": "2.14120", "2015-09-30": "0.27360", "2015-06-30": "0.31080", "2015-03-31": "0.21580", "2014-12-31": "1.91750", "2014-09-30": "0.61440", "2014-06-30": "0.58990", "2014-03-31": "0.64380", "2013-12-31": "1.88290", "2013-09-30": "1.62960", "2013-06-30": "1.11470", "2013-03-31": "1.83650", "2012-12-31": "0.77070", "2012-09-30": "1.18370", "2012-06-30": "-0.25260", "2012-03-31": "2.38670", "2011-12-31": "1.95850", "2011-09-30": "-1.26200", "2011-06-30": "-0.72680", "2011-03-31": "1.88280", "2010-12-31": "1.77080", "2010-09-30": "1.94240", "2010-06-30": "-0.22840", "2010-03-31": "1.20450", "2009-12-31": "0.18770", "2009-09-30": "9.30070", "2009-06-30": "10.28180", "2009-03-31": "-9.87240", "2008-12-31": "-0.24110", "2008-09-30": "0.15530", "2008-06-30": "1.47300", "2008-03-31": "1.05150", "2007-12-31": "1.13260", "2007-09-30": "1.86060", "2007-06-30": "2.33260", "2007-03-31": "1.89110", "2006-12-31": "1.49770", "2006-09-30": "1.76340", "2006-06-30": "1.93330", "2006-03-31": "1.64550", "2005-12-31": "1.42390", "2005-09-30": "1.70140", "2005-06-30": "2.47650", "2005-03-31": "1.94080"}, "ROI - Return On Investment": {"2020-09-30": "6.65020", "2020-06-30": "6.35980", "2020-03-31": "4.89350", "2019-12-31": "4.84800", "2019-09-30": "7.74660", "2019-06-30": "7.56300", "2019-03-31": "6.77750", "2018-12-31": "5.81540", "2018-09-30": "7.89190", "2018-06-30": "8.14170", "2018-03-31": "7.18760", "2017-12-31": "3.43890", "2017-09-30": "6.32980", "2017-06-30": "6.48170", "2017-03-31": "5.60210", "2016-12-31": "5.43990", "2016-09-30": "6.83920", "2016-06-30": "7.52080", "2016-03-31": "5.84750", "2015-12-31": "3.91590", "2015-09-30": "0.61000", "2015-06-30": "0.68790", "2015-03-31": "0.47720", "2014-12-31": "3.59760", "2014-09-30": "1.37830", "2014-06-30": "1.31700", "2014-03-31": "1.41740", "2013-12-31": "4.15890", "2013-09-30": "3.70880", "2013-06-30": "2.54020", "2013-03-31": "4.13280", "2012-12-31": "1.75230", "2012-09-30": "2.68890", "2012-06-30": "-0.57600", "2012-03-31": "5.30260", "2011-12-31": "4.46530", "2011-09-30": "-2.95180", "2011-06-30": "-1.67660", "2011-03-31": "4.18260", "2010-12-31": "4.01010", "2010-09-30": "4.41700", "2010-06-30": "-0.52820", "2010-03-31": "2.74070", "2009-12-31": "0.43570", "2009-09-30": "28.69780", "2009-06-30": "32.68540", "2009-03-31": "-32.30590", "2008-12-31": "-0.79580", "2008-09-30": "0.45490", "2008-06-30": "4.25260", "2008-03-31": "3.00990", "2007-12-31": "3.10120", "2007-09-30": "5.11320", "2007-06-30": "5.85440", "2007-03-31": "4.77140", "2006-12-31": "3.91780", "2006-09-30": "4.55830", "2006-06-30": "5.00690", "2006-03-31": "3.92940", "2005-12-31": "3.45380", "2005-09-30": "4.03920", "2005-06-30": "5.80930", "2005-03-31": "4.55180"}, "Book Value Per Share": {"2020-09-30": "27.00070", "2020-06-30": "25.85160", "2020-03-31": "24.18150", "2019-12-31": "24.53350", "2019-09-30": "24.23080", "2019-06-30": "23.02250", "2019-03-31": "21.94760", "2018-12-31": "21.07880", "2018-09-30": "19.93900", "2018-06-30": "19.05500", "2018-03-31": "18.18830", "2017-12-31": "18.56040", "2017-09-30": "18.94590", "2017-06-30": "18.47120", "2017-03-31": "17.96560", "2016-12-31": "17.68510", "2016-09-30": "18.16180", "2016-06-30": "17.64800", "2016-03-31": "16.99140", "2015-12-31": "16.65900", "2015-09-30": "175.89630", "2015-06-30": "176.69920", "2015-03-31": "176.15610", "2014-12-31": "15.22210", "2014-09-30": "169.63980", "2014-06-30": "169.31500", "2014-03-31": "166.06920", "2013-12-31": "162.49300", "2013-09-30": "154.46510", "2013-06-30": "149.27630", "2013-03-31": "150.23770", "2012-12-31": "144.81120", "2012-09-30": "145.20790", "2012-06-30": "139.51110", "2012-03-31": "140.12980", "2011-12-31": "131.47520", "2011-09-30": "126.59190", "2011-06-30": "130.89520", "2011-03-31": "132.26980", "2010-12-31": "126.53440", "2010-09-30": "123.88680", "2010-06-30": "115.61670", "2010-03-31": "115.60600", "2009-12-31": "111.80430", "2009-09-30": "17.13210", "2009-06-30": "16.17990", "2009-03-31": "15.16190", "2008-12-31": "15.44050", "2008-09-30": "18.17420", "2008-06-30": "18.90160", "2008-03-31": "19.10290", "2007-12-31": "19.70840", "2007-09-30": "19.49670", "2007-06-30": "21.05340", "2007-03-31": "20.54420", "2006-12-31": "20.10860", "2006-09-30": "20.03590", "2006-06-30": "19.32970", "2006-03-31": "20.84470", "2005-12-31": "20.90390", "2005-09-30": "21.12260", "2005-06-30": "20.97090", "2005-03-31": "20.22810"}, "Operating Cash Flow Per Share": {"2020-09-30": 2.0488, "2020-06-30": 2.0497, "2020-03-31": "0.38370", "2019-12-31": 2.4212, "2019-09-30": 2.3588, "2019-06-30": 1.7236, "2019-03-31": "0.46330", "2018-12-31": 1.7064, "2018-09-30": 2.5367, "2018-06-30": 1.564, "2018-03-31": "-0.76900", "2017-12-31": 1.4663, "2017-09-30": 1.5449, "2017-06-30": 1.4252, "2017-03-31": "-0.67010", "2016-12-31": 1.8826, "2016-09-30": 2.0042, "2016-06-30": 1.3778, "2016-03-31": "-0.41430", "2015-12-31": 1.6496, "2015-09-30": 1.6935, "2015-06-30": 1.0864, "2015-03-31": "-0.28970", "2014-12-31": -6.943, "2014-09-30": 5.8048, "2014-06-30": 3.6477, "2014-03-31": "1.02660", "2013-12-31": -8.9015, "2013-09-30": 6.7974, "2013-06-30": 3.8416, "2013-03-31": "2.39790", "2012-12-31": 3.9369, "2012-09-30": 3.28, "2012-06-30": 2.223, "2012-03-31": "1.33500", "2011-12-31": 2.4241, "2011-09-30": 0.5068, "2011-06-30": 1.9638, "2011-03-31": "1.64370", "2010-12-31": 4.4702, "2010-09-30": 4.4976, "2010-06-30": 3.2356, "2010-03-31": "0.47070", "2009-12-31": 3.0705, "2009-09-30": 4.2179, "2009-06-30": 4.0611, "2009-03-31": "4.14550", "2008-12-31": 12.6277, "2008-09-30": 1.1373, "2008-06-30": 0.4835, "2008-03-31": "-0.23320", "2007-12-31": 1.1625, "2007-09-30": 1.4404, "2007-06-30": 1.2335, "2007-03-31": "0.25000", "2006-12-31": 1.5776, "2006-09-30": 1.1151, "2006-06-30": 1.355, "2006-03-31": "0.09640", "2005-12-31": 0.9196, "2005-09-30": 1.4464, "2005-06-30": 0.9485, "2005-03-31": "0.91770"}, "Free Cash Flow Per Share": {"2020-09-30": 1.7648, "2020-06-30": 1.7372, "2020-03-31": "-0.01930", "2019-12-31": 1.7923, "2019-09-30": 1.7071, "2019-06-30": 1.4016, "2019-03-31": "0.13050", "2018-12-31": 1.6755, "2018-09-30": 1.9528, "2018-06-30": 1.3838, "2018-03-31": "-0.93510", "2017-12-31": 1.2584, "2017-09-30": 1.3908, "2017-06-30": 1.3023, "2017-03-31": "-0.73790", "2016-12-31": 1.6005, "2016-09-30": 1.8055, "2016-06-30": 1.4444, "2016-03-31": "-0.48090", "2015-12-31": 1.5469, "2015-09-30": 1.6573, "2015-06-30": 1.0324, "2015-03-31": "-0.33590", "2014-12-31": -6.7597, "2014-09-30": 5.5756, "2014-06-30": 3.4375, "2014-03-31": "0.91250", "2013-12-31": -8.4474, "2013-09-30": 6.7026, "2013-06-30": 3.5956, "2013-03-31": "2.28460", "2012-12-31": 3.8265, "2012-09-30": 3.1467, "2012-06-30": 1.9803, "2012-03-31": "1.20520", "2011-12-31": 2.3157, "2011-09-30": 0.3613, "2011-06-30": 1.8928, "2011-03-31": "1.76880", "2010-12-31": 4.3665, "2010-09-30": 4.3884, "2010-06-30": 3.0253, "2010-03-31": "0.31380", "2009-12-31": 3.0006, "2009-09-30": 4.1831, "2009-06-30": 3.9739, "2009-03-31": "4.09330", "2008-12-31": 12.6011, "2008-09-30": 1.0831, "2008-06-30": 0.4503, "2008-03-31": "-0.29440", "2007-12-31": 1.1625, "2007-09-30": 1.4802, "2007-06-30": 1.2071, "2007-03-31": "0.23820", "2006-12-31": 1.5666, "2006-09-30": 1.0858, "2006-06-30": 1.349, "2006-03-31": "0.06700", "2005-12-31": 0.9125, "2005-09-30": 1.4377, "2005-06-30": 0.9397, "2005-03-31": "0.91340"}}, "revenue": {"Erie Indemnity Annual Revenue (Millions of US $)": {"2019": "$2,477", "2018": "$2,382", "2017": "$1,692", "2016": "$1,597", "2015": "$1,506", "2014": "$1,407", "2013": "$1,335", "2012": "$5,512", "2011": "$4,824", "2010": "$4,890", "2009": "$4,255", "2008": "$2,651", "2007": "$1,132", "2006": "$1,134", "2005": "$1,125"}, "Erie Indemnity Quarterly Revenue (Millions of US $)": {"2020-09-30": "$653", "2020-06-30": "$657", "2020-03-31": "$617", "2019-12-31": "$597", "2019-09-30": "$639", "2019-06-30": "$648", "2019-03-31": "$594", "2018-12-31": "$576", "2018-09-30": "$612", "2018-06-30": "$621", "2018-03-31": "$572", "2017-12-31": "$401", "2017-09-30": "$442", "2017-06-30": "$449", "2017-03-31": "$399", "2016-12-31": "$380", "2016-09-30": "$418", "2016-06-30": "$424", "2016-03-31": "$375", "2015-12-31": "$361", "2015-09-30": "$397", "2015-06-30": "$417", "2015-03-31": "$357", "2014-12-31": "$340", "2014-09-30": "$1,426", "2014-06-30": "$1,598", "2014-03-31": "$1,511", "2013-12-31": "$1,697", "2013-09-30": "$1,577", "2013-06-30": "$1,426", "2013-03-31": "$1,571", "2012-12-31": "$1,372", "2012-09-30": "$1,460", "2012-06-30": "$1,160", "2012-03-31": "$1,520", "2011-12-31": "$1,418", "2011-09-30": "$796", "2011-06-30": "$1,245", "2011-03-31": "$1,365", "2010-12-31": "$1,401", "2010-09-30": "$1,357", "2010-06-30": "$916", "2010-03-31": "$1,216", "2009-12-31": "$272", "2009-09-30": "$1,286", "2009-06-30": "$1,149", "2009-03-31": "$695", "2008-12-31": "$265", "2008-09-30": "$295", "2008-06-30": "$301", "2008-03-31": "$276", "2007-12-31": "$244", "2007-09-30": "$291", "2007-06-30": "$322", "2007-03-31": "$275", "2006-12-31": "$215", "2006-09-30": "$292", "2006-06-30": "$326", "2006-03-31": "$302", "2005-12-31": "$169", "2005-09-30": "$312", "2005-06-30": "$346", "2005-03-31": "$298"}}, "gross-profit": {"Erie Indemnity Annual Gross Profit (Millions of US $)": {"2019": "$357", "2018": "$344", "2017": "$290", "2016": "$294", "2015": "$658", "2014": "$624", "2013": "$625", "2012": "$899", "2011": "$358", "2010": "$1,021", "2009": "$524", "2008": "$-839", "2007": "$957", "2006": "$942", "2005": "$934"}, "Erie Indemnity Quarterly Gross Profit (Millions of US $)": {"2020-09-30": "$96", "2020-06-30": "$91", "2020-03-31": "$86", "2019-12-31": "$69", "2019-09-30": "$106", "2019-06-30": "$97", "2019-03-31": "$86", "2018-12-31": "$75", "2018-09-30": "$97", "2018-06-30": "$95", "2018-03-31": "$78", "2017-12-31": "$59", "2017-09-30": "$81", "2017-06-30": "$83", "2017-03-31": "$67", "2016-12-31": "$-247", "2016-09-30": "$186", "2016-06-30": "$188", "2016-03-31": "$166", "2015-12-31": "$154", "2015-09-30": "$173", "2015-06-30": "$194", "2015-03-31": "$164", "2014-12-31": "$144", "2014-09-30": "$150", "2014-06-30": "$147", "2014-03-31": "$156", "2013-12-31": "$470", "2013-09-30": "$398", "2013-06-30": "$263", "2013-03-31": "$436", "2012-12-31": "$165", "2012-09-30": "$270", "2012-06-30": "$-70", "2012-03-31": "$534", "2011-12-31": "$425", "2011-09-30": "$-305", "2011-06-30": "$-174", "2011-03-31": "$412", "2010-12-31": "$439", "2010-09-30": "$405", "2010-06-30": "$-51", "2010-03-31": "$228", "2009-12-31": "$226", "2009-09-30": "$356", "2009-06-30": "$258", "2009-03-31": "$-340", "2008-12-31": "$220", "2008-09-30": "$245", "2008-06-30": "$255", "2008-03-31": "$231", "2007-12-31": "$198", "2007-09-30": "$248", "2007-06-30": "$280", "2007-03-31": "$231", "2006-12-31": "$163", "2006-09-30": "$247", "2006-06-30": "$275", "2006-03-31": "$257", "2005-12-31": "$119", "2005-09-30": "$262", "2005-06-30": "$300", "2005-03-31": "$254"}}, "operating-income": {"Erie Indemnity Annual Operating Income (Millions of US $)": {"2019": "$357", "2018": "$344", "2017": "$290", "2016": "$294", "2015": "$233", "2014": "$223", "2013": "$247", "2012": "$899", "2011": "$358", "2010": "$999", "2009": "$524", "2008": "$-839", "2007": "$202", "2006": "$200", "2005": "$224"}, "Erie Indemnity Quarterly Operating Income (Millions of US $)": {"2020-09-30": "$96", "2020-06-30": "$91", "2020-03-31": "$86", "2019-12-31": "$69", "2019-09-30": "$106", "2019-06-30": "$97", "2019-03-31": "$86", "2018-12-31": "$75", "2018-09-30": "$97", "2018-06-30": "$95", "2018-03-31": "$78", "2017-12-31": "$59", "2017-09-30": "$81", "2017-06-30": "$83", "2017-03-31": "$67", "2016-12-31": "$58", "2016-09-30": "$82", "2016-06-30": "$86", "2016-03-31": "$68", "2015-12-31": "$46", "2015-09-30": "$68", "2015-06-30": "$86", "2015-03-31": "$59", "2014-12-31": "$38", "2014-09-30": "$150", "2014-06-30": "$147", "2014-03-31": "$156", "2013-12-31": "$470", "2013-09-30": "$398", "2013-06-30": "$263", "2013-03-31": "$436", "2012-12-31": "$165", "2012-09-30": "$270", "2012-06-30": "$-70", "2012-03-31": "$534", "2011-12-31": "$425", "2011-09-30": "$-305", "2011-06-30": "$-174", "2011-03-31": "$412", "2010-12-31": "$417", "2010-09-30": "$405", "2010-06-30": "$-51", "2010-03-31": "$228", "2009-12-31": "$39", "2009-09-30": "$356", "2009-06-30": "$258", "2009-03-31": "$-340", "2008-12-31": "$33", "2008-09-30": "$50", "2008-06-30": "$54", "2008-03-31": "$49", "2007-12-31": "$19", "2007-09-30": "$47", "2007-06-30": "$84", "2007-03-31": "$51", "2006-12-31": "$-16", "2006-09-30": "$57", "2006-06-30": "$85", "2006-03-31": "$74", "2005-12-31": "$-52", "2005-09-30": "$78", "2005-06-30": "$112", "2005-03-31": "$86"}}, "ebitda": {"Erie Indemnity Annual EBITDA (Millions of US $)": {"2019": "$389", "2018": "$363", "2017": "$312", "2016": "$316", "2015": "$257", "2014": "$246", "2013": "$268", "2012": "$1,659", "2011": "$1,068", "2010": "$1,694", "2009": "$1,145", "2008": "$-224", "2007": "$235", "2006": "$238", "2005": "$264"}, "Erie Indemnity Quarterly EBITDA (Millions of US $)": {"2020-09-30": "$96", "2020-06-30": "$91", "2020-03-31": "$86", "2019-12-31": "$69", "2019-09-30": "$106", "2019-06-30": "$97", "2019-03-31": "$86", "2018-12-31": "$75", "2018-09-30": "$97", "2018-06-30": "$95", "2018-03-31": "$78", "2017-12-31": "$59", "2017-09-30": "$81", "2017-06-30": "$83", "2017-03-31": "$67", "2016-12-31": "$58", "2016-09-30": "$82", "2016-06-30": "$86", "2016-03-31": "$68", "2015-12-31": "$46", "2015-09-30": "$68", "2015-06-30": "$86", "2015-03-31": "$59", "2014-12-31": "$38", "2014-09-30": "$150", "2014-06-30": "$147", "2014-03-31": "$156", "2013-12-31": "$470", "2013-09-30": "$398", "2013-06-30": "$263", "2013-03-31": "$436", "2012-12-31": "$165", "2012-09-30": "$270", "2012-06-30": "$-70", "2012-03-31": "$534", "2011-12-31": "$425", "2011-09-30": "$-305", "2011-06-30": "$-174", "2011-03-31": "$412", "2010-12-31": "$417", "2010-09-30": "$405", "2010-06-30": "$-51", "2010-03-31": "$228", "2009-12-31": "$39", "2009-09-30": "$356", "2009-06-30": "$258", "2009-03-31": "$-198", "2008-12-31": "$33", "2008-09-30": "$50", "2008-06-30": "$54", "2008-03-31": "$49", "2007-12-31": "$29", "2007-09-30": "$52", "2007-06-30": "$94", "2007-03-31": "$60", "2006-12-31": "$-7", "2006-09-30": "$67", "2006-06-30": "$95", "2006-03-31": "$84", "2005-12-31": "$-43", "2005-09-30": "$88", "2005-06-30": "$122", "2005-03-31": "$96"}}, "net-income": {"Erie Indemnity Annual Net Income (Millions of US $)": {"2019": "$317", "2018": "$288", "2017": "$197", "2016": "$210", "2015": "$175", "2014": "$168", "2013": "$163", "2012": "$160", "2011": "$169", "2010": "$162", "2009": "$108", "2008": "$69", "2007": "$213", "2006": "$204", "2005": "$231"}, "Erie Indemnity Quarterly Net Income (Millions of US $)": {"2020-09-30": "$89", "2020-06-30": "$82", "2020-03-31": "$59", "2019-12-31": "$60", "2019-09-30": "$94", "2019-06-30": "$88", "2019-03-31": "$75", "2018-12-31": "$62", "2018-09-30": "$80", "2018-06-30": "$80", "2018-03-31": "$66", "2017-12-31": "$32", "2017-09-30": "$59", "2017-06-30": "$59", "2017-03-31": "$48", "2016-12-31": "$46", "2016-09-30": "$57", "2016-06-30": "$61", "2016-03-31": "$46", "2015-12-31": "$30", "2015-09-30": "$50", "2015-06-30": "$56", "2015-03-31": "$39", "2014-12-31": "$25", "2014-09-30": "$47", "2014-06-30": "$49", "2014-03-31": "$46", "2013-12-31": "$36", "2013-09-30": "$46", "2013-06-30": "$44", "2013-03-31": "$37", "2012-12-31": "$30", "2012-09-30": "$51", "2012-06-30": "$43", "2012-03-31": "$36", "2011-12-31": "$26", "2011-09-30": "$47", "2011-06-30": "$52", "2011-03-31": "$44", "2010-12-31": "$12", "2010-09-30": "$54", "2010-06-30": "$49", "2010-03-31": "$47", "2009-12-31": "$25", "2009-09-30": "$40", "2009-06-30": "$33", "2009-03-31": "$11", "2008-12-31": "$-6", "2008-09-30": "$4", "2008-06-30": "$41", "2008-03-31": "$30", "2007-12-31": "$33", "2007-09-30": "$53", "2007-06-30": "$70", "2007-03-31": "$56", "2006-12-31": "$46", "2006-09-30": "$53", "2006-06-30": "$56", "2006-03-31": "$49", "2005-12-31": "$44", "2005-09-30": "$53", "2005-06-30": "$76", "2005-03-31": "$58"}}, "eps-earnings-per-share-diluted": {"Erie Indemnity Annual EPS": {"2019": "$6.06", "2018": "$5.51", "2017": "$3.76", "2016": "$4.01", "2015": "$3.33", "2014": "$3.18", "2013": "$3.08", "2012": "$2.99", "2011": "$3.08", "2010": "$2.85", "2009": "$1.88", "2008": "$1.19", "2007": "$3.43", "2006": "$3.13", "2005": "$3.33"}, "Erie Indemnity Quarterly EPS": {"2020-09-30": "$1.71", "2020-06-30": "$1.57", "2020-03-31": "$1.13", "2019-12-31": "$1.14", "2019-09-30": "$1.80", "2019-06-30": "$1.68", "2019-03-31": "$1.44", "2018-12-31": "$1.19", "2018-09-30": "$1.54", "2018-06-30": "$1.52", "2018-03-31": "$1.26", "2017-12-31": "$0.61", "2017-09-30": "$1.12", "2017-06-30": "$1.12", "2017-03-31": "$0.91", "2016-12-31": "$0.88", "2016-09-30": "$1.09", "2016-06-30": "$1.17", "2016-03-31": "$0.87", "2015-12-31": "$0.57", "2015-09-30": "$0.94", "2015-06-30": "$1.07", "2015-03-31": "$0.74", "2014-12-31": "$0.48", "2014-09-30": "$0.90", "2014-06-30": "$0.93", "2014-03-31": "$0.88", "2013-12-31": "$0.68", "2013-09-30": "$0.87", "2013-06-30": "$0.83", "2013-03-31": "$0.70", "2012-12-31": "$0.56", "2012-09-30": "$0.96", "2012-06-30": "$0.80", "2012-03-31": "$0.67", "2011-12-31": "$0.48", "2011-09-30": "$0.87", "2011-06-30": "$0.94", "2011-03-31": "$0.79", "2010-12-31": "$0.22", "2010-09-30": "$0.95", "2010-06-30": "$0.86", "2010-03-31": "$0.82", "2009-12-31": "$0.43", "2009-09-30": "$0.70", "2009-06-30": "$0.57", "2009-03-31": "$0.19", "2008-12-31": "$-0.12", "2008-09-30": "$0.07", "2008-06-30": "$0.71", "2008-03-31": "$0.51", "2007-12-31": "$0.57", "2007-09-30": "$0.87", "2007-06-30": "$1.11", "2007-03-31": "$0.88", "2006-12-31": "$0.72", "2006-09-30": "$0.82", "2006-06-30": "$0.86", "2006-03-31": "$0.73", "2005-12-31": "$0.64", "2005-09-30": "$0.76", "2005-06-30": "$1.10", "2005-03-31": "$0.83"}}, "shares-outstanding": {"Erie Indemnity Annual Shares Outstanding (Millions of Shares)": {"2019": "52", "2018": "52", "2017": "52", "2016": "52", "2015": "53", "2014": "53", "2013": "53", "2012": "54", "2011": "55", "2010": "57", "2009": "57", "2008": "58", "2007": "62", "2006": "65", "2005": "69"}, "Erie Indemnity Quarterly Shares Outstanding (Millions of Shares)": {"2020-09-30": "52", "2020-06-30": "52", "2020-03-31": "52", "2019-12-31": "52", "2019-09-30": "52", "2019-06-30": "52", "2019-03-31": "52", "2018-12-31": "52", "2018-09-30": "52", "2018-06-30": "52", "2018-03-31": "52", "2017-12-31": "52", "2017-09-30": "52", "2017-06-30": "52", "2017-03-31": "52", "2016-12-31": "52", "2016-09-30": "52", "2016-06-30": "52", "2016-03-31": "53", "2015-12-31": "53", "2015-09-30": "53", "2015-06-30": "53", "2015-03-31": "53", "2014-12-31": "53", "2014-09-30": "52", "2014-06-30": "52", "2014-03-31": "53", "2013-12-31": "53", "2013-09-30": "53", "2013-06-30": "53", "2013-03-31": "53", "2012-12-31": "54", "2012-09-30": "53", "2012-06-30": "54", "2012-03-31": "54", "2011-12-31": "55", "2011-09-30": "55", "2011-06-30": "55", "2011-03-31": "56", "2010-12-31": "57", "2010-09-30": "57", "2010-06-30": "57", "2010-03-31": "57", "2009-12-31": "57", "2009-09-30": "57", "2009-06-30": "57", "2009-03-31": "57", "2008-12-31": "51", "2008-09-30": "58", "2008-06-30": "58", "2008-03-31": "59", "2007-12-31": "62", "2007-09-30": "61", "2007-06-30": "64", "2007-03-31": "64", "2006-12-31": "65", "2006-09-30": "64", "2006-06-30": "66", "2006-03-31": "68", "2005-12-31": "69", "2005-09-30": "69", "2005-06-30": "70", "2005-03-31": "70"}}, "total-assets": {"Erie Indemnity Annual Total Assets (Millions of US $)": {"2019": "$2,016", "2018": "$1,778", "2017": "$1,666", "2016": "$1,549", "2015": "$1,407", "2014": "$1,319", "2013": "$16,676", "2012": "$15,441", "2011": "$14,348", "2010": "$14,344", "2009": "$13,287", "2008": "$2,613", "2007": "$2,879", "2006": "$3,039", "2005": "$3,101"}, "Erie Indemnity Quarterly Total Assets (Millions of US $)": {"2020-09-30": "$2,159", "2020-06-30": "$2,083", "2020-03-31": "$1,957", "2019-12-31": "$2,016", "2019-09-30": "$1,975", "2019-06-30": "$1,890", "2019-03-31": "$1,799", "2018-12-31": "$1,778", "2018-09-30": "$1,760", "2018-06-30": "$1,652", "2018-03-31": "$1,573", "2017-12-31": "$1,666", "2017-09-30": "$1,631", "2017-06-30": "$1,567", "2017-03-31": "$1,490", "2016-12-31": "$1,549", "2016-09-30": "$1,485", "2016-06-30": "$1,415", "2016-03-31": "$1,341", "2015-12-31": "$1,407", "2015-09-30": "$18,115", "2015-06-30": "$18,069", "2015-03-31": "$17,993", "2014-12-31": "$1,319", "2014-09-30": "$17,578", "2014-06-30": "$17,460", "2014-03-31": "$16,931", "2013-12-31": "$16,676", "2013-09-30": "$16,384", "2013-06-30": "$15,879", "2013-03-31": "$15,791", "2012-12-31": "$15,441", "2012-09-30": "$15,544", "2012-06-30": "$15,042", "2012-03-31": "$14,832", "2011-12-31": "$14,348", "2011-09-30": "$14,263", "2011-06-30": "$14,723", "2011-03-31": "$14,553", "2010-12-31": "$14,344", "2010-09-30": "$14,158", "2010-06-30": "$13,570", "2010-03-31": "$13,450", "2009-12-31": "$13,287", "2009-09-30": "$2,709", "2009-06-30": "$2,636", "2009-03-31": "$2,542", "2008-12-31": "$2,613", "2008-09-30": "$2,735", "2008-06-30": "$2,805", "2008-03-31": "$2,851", "2007-12-31": "$2,879", "2007-09-30": "$2,875", "2007-06-30": "$3,022", "2007-03-31": "$2,980", "2006-12-31": "$3,039", "2006-09-30": "$2,993", "2006-06-30": "$2,910", "2006-03-31": "$3,006", "2005-12-31": "$3,101", "2005-09-30": "$3,115", "2005-06-30": "$3,076", "2005-03-31": "$2,977"}}, "cash-on-hand": {"Erie Indemnity Annual Cash on Hand (Millions of US $)": {"2019": "$337", "2018": "$266", "2017": "$216", "2016": "$189", "2015": "$183", "2014": "$92", "2013": "$452", "2012": "$400", "2011": "$185", "2010": "$430", "2009": "$234", "2008": "$61", "2007": "$31", "2006": "$60", "2005": "$32"}, "Erie Indemnity Quarterly Cash on Hand (Millions of US $)": {"2020-09-30": "$216", "2020-06-30": "$258", "2020-03-31": "$229", "2019-12-31": "$337", "2019-09-30": "$345", "2019-06-30": "$338", "2019-03-31": "$312", "2018-12-31": "$266", "2018-09-30": "$245", "2018-06-30": "$198", "2018-03-31": "$120", "2017-12-31": "$216", "2017-09-30": "$185", "2017-06-30": "$145", "2017-03-31": "$110", "2016-12-31": "$189", "2016-09-30": "$140", "2016-06-30": "$124", "2016-03-31": "$105", "2015-12-31": "$183", "2015-09-30": "$618", "2015-06-30": "$421", "2015-03-31": "$420", "2014-12-31": "$92", "2014-09-30": "$379", "2014-06-30": "$300", "2014-03-31": "$379", "2013-12-31": "$452", "2013-09-30": "$535", "2013-06-30": "$365", "2013-03-31": "$388", "2012-12-31": "$400", "2012-09-30": "$404", "2012-06-30": "$240", "2012-03-31": "$199", "2011-12-31": "$185", "2011-09-30": "$76", "2011-06-30": "$109", "2011-03-31": "$211", "2010-12-31": "$430", "2010-09-30": "$312", "2010-06-30": "$223", "2010-03-31": "$202", "2009-12-31": "$234", "2009-09-30": "$37", "2009-06-30": "$26", "2009-03-31": "$78", "2008-12-31": "$61", "2008-09-30": "$18", "2008-06-30": "$16", "2008-03-31": "$31", "2007-12-31": "$31", "2007-09-30": "$32", "2007-06-30": "$27", "2007-03-31": "$11", "2006-12-31": "$60", "2006-09-30": "$38", "2006-06-30": "$16", "2006-03-31": "$7", "2005-12-31": "$32", "2005-09-30": "$43", "2005-06-30": "$33", "2005-03-31": "$53"}}, "long-term-debt": {"Erie Indemnity Annual Long Term Debt (Millions of US $)": {"2019": "$96", "2018": "$98", "2017": "$75", "2016": "$25", "2015": "$", "2014": "$", "2013": "$", "2012": "$", "2011": "$", "2010": "$", "2009": "$", "2008": "$", "2007": "$", "2006": "$", "2005": "$"}, "Erie Indemnity Quarterly Long Term Debt (Millions of US $)": {"2020-09-30": "$94", "2020-06-30": "$95", "2020-03-31": "$95", "2019-12-31": "$96", "2019-09-30": "$96", "2019-06-30": "$97", "2019-03-31": "$97", "2018-12-31": "$98", "2018-09-30": "$98", "2018-06-30": "$99", "2018-03-31": "$75", "2017-12-31": "$75", "2017-09-30": "$50", "2017-06-30": "$50", "2017-03-31": "$25", "2016-12-31": "$25", "2016-09-30": "", "2016-06-30": "", "2016-03-31": "", "2015-12-31": "", "2015-09-30": "", "2015-06-30": "", "2015-03-31": "", "2014-12-31": "", "2014-09-30": "", "2014-06-30": "", "2014-03-31": "", "2013-12-31": "", "2013-09-30": "", "2013-06-30": "", "2013-03-31": "", "2012-12-31": "", "2012-09-30": "", "2012-06-30": "", "2012-03-31": "", "2011-12-31": "", "2011-09-30": "", "2011-06-30": "", "2011-03-31": "", "2010-12-31": "", "2010-09-30": "", "2010-06-30": "", "2010-03-31": "", "2009-12-31": "", "2009-09-30": "", "2009-06-30": "", "2009-03-31": "", "2008-12-31": "", "2008-09-30": "", "2008-06-30": "", "2008-03-31": "", "2007-12-31": "", "2007-09-30": "", "2007-06-30": "", "2007-03-31": "", "2006-12-31": "", "2006-09-30": "", "2006-06-30": "", "2006-03-31": "", "2005-12-31": "", "2005-09-30": "", "2005-06-30": "", "2005-03-31": ""}}, "total-liabilities": {"Erie Indemnity Annual Total Liabilities (Millions of US $)": {"2019": "$883", "2018": "$805", "2017": "$809", "2016": "$732", "2015": "$638", "2014": "$616", "2013": "$9,126", "2012": "$8,650", "2011": "$8,055", "2010": "$8,010", "2009": "$7,562", "2008": "$1,822", "2007": "$1,827", "2006": "$1,878", "2005": "$1,823"}, "Erie Indemnity Quarterly Total Liabilities (Millions of US $)": {"2020-09-30": "$912", "2020-06-30": "$889", "2020-03-31": "$841", "2019-12-31": "$883", "2019-09-30": "$855", "2019-06-30": "$826", "2019-03-31": "$786", "2018-12-31": "$805", "2018-09-30": "$838", "2018-06-30": "$772", "2018-03-31": "$733", "2017-12-31": "$809", "2017-09-30": "$756", "2017-06-30": "$714", "2017-03-31": "$660", "2016-12-31": "$732", "2016-09-30": "$646", "2016-06-30": "$600", "2016-03-31": "$556", "2015-12-31": "$638", "2015-09-30": "$9,990", "2015-06-30": "$9,907", "2015-03-31": "$9,856", "2014-12-31": "$616", "2014-09-30": "$9,742", "2014-06-30": "$9,639", "2014-03-31": "$9,241", "2013-12-31": "$9,126", "2013-09-30": "$9,185", "2013-06-30": "$8,911", "2013-03-31": "$8,774", "2012-12-31": "$8,650", "2012-09-30": "$8,701", "2012-06-30": "$8,445", "2012-03-31": "$8,156", "2011-12-31": "$8,055", "2011-09-30": "$8,165", "2011-06-30": "$8,341", "2011-03-31": "$8,002", "2010-12-31": "$8,010", "2010-09-30": "$7,932", "2010-06-30": "$7,701", "2010-03-31": "$7,539", "2009-12-31": "$7,562", "2009-09-30": "$1,831", "2009-06-30": "$1,807", "2009-03-31": "$1,765", "2008-12-31": "$1,822", "2008-09-30": "$1,801", "2008-06-30": "$1,833", "2008-03-31": "$1,855", "2007-12-31": "$1,827", "2007-09-30": "$1,829", "2007-06-30": "$1,818", "2007-03-31": "$1,799", "2006-12-31": "$1,878", "2006-09-30": "$1,835", "2006-06-30": "$1,786", "2006-03-31": "$1,747", "2005-12-31": "$1,823", "2005-09-30": "$1,803", "2005-06-30": "$1,764", "2005-03-31": "$1,707"}}, "total-share-holder-equity": {"Erie Indemnity Annual Share Holder Equity (Millions of US $)": {"2019": "$1,133", "2018": "$974", "2017": "$857", "2016": "$817", "2015": "$770", "2014": "$703", "2013": "$7,550", "2012": "$6,791", "2011": "$6,293", "2010": "$6,334", "2009": "$5,725", "2008": "$792", "2007": "$1,051", "2006": "$1,162", "2005": "$1,279"}, "Erie Indemnity Quarterly Share Holder Equity (Millions of US $)": {"2020-09-30": "$1,247", "2020-06-30": "$1,194", "2020-03-31": "$1,117", "2019-12-31": "$1,133", "2019-09-30": "$1,119", "2019-06-30": "$1,063", "2019-03-31": "$1,014", "2018-12-31": "$974", "2018-09-30": "$921", "2018-06-30": "$880", "2018-03-31": "$840", "2017-12-31": "$857", "2017-09-30": "$875", "2017-06-30": "$853", "2017-03-31": "$830", "2016-12-31": "$817", "2016-09-30": "$839", "2016-06-30": "$815", "2016-03-31": "$785", "2015-12-31": "$770", "2015-09-30": "$8,125", "2015-06-30": "$8,162", "2015-03-31": "$8,137", "2014-12-31": "$703", "2014-09-30": "$7,836", "2014-06-30": "$7,821", "2014-03-31": "$7,690", "2013-12-31": "$7,550", "2013-09-30": "$7,199", "2013-06-30": "$6,968", "2013-03-31": "$7,017", "2012-12-31": "$6,791", "2012-09-30": "$6,843", "2012-06-30": "$6,597", "2012-03-31": "$6,676", "2011-12-31": "$6,293", "2011-09-30": "$6,098", "2011-06-30": "$6,382", "2011-03-31": "$6,551", "2010-12-31": "$6,334", "2010-09-30": "$6,226", "2010-06-30": "$5,869", "2010-03-31": "$5,911", "2009-12-31": "$5,725", "2009-09-30": "$878", "2009-06-30": "$829", "2009-03-31": "$777", "2008-12-31": "$792", "2008-09-30": "$934", "2008-06-30": "$972", "2008-03-31": "$996", "2007-12-31": "$1,051", "2007-09-30": "$1,046", "2007-06-30": "$1,204", "2007-03-31": "$1,181", "2006-12-31": "$1,162", "2006-09-30": "$1,158", "2006-06-30": "$1,124", "2006-03-31": "$1,259", "2005-12-31": "$1,279", "2005-09-30": "$1,312", "2005-06-30": "$1,311", "2005-03-31": "$1,269"}}, "profit-margins": {"current": "11.49%"}, "gross margin": {"2020-09-30": "13.55%", "2020-06-30": "14.02%", "2020-03-31": "14.31%", "2019-12-31": "14.45%", "2019-09-30": "14.81%", "2019-06-30": "14.61%", "2019-03-31": "14.69%", "2018-12-31": "14.49%", "2018-09-30": "14.91%", "2018-06-30": "15.37%", "2018-03-31": "16.15%", "2017-12-31": "17.15%", "2017-09-30": "-0.96%", "2017-06-30": "5.41%", "2017-03-31": "11.97%", "2016-12-31": "18.35%", "2016-09-30": "43.98%", "2016-06-30": "43.74%", "2016-03-31": "44.32%", "2015-12-31": "44.71%", "2015-09-30": "44.67%", "2015-06-30": "25.67%", "2015-03-31": "16.26%", "2014-12-31": "12.25%", "2014-09-30": "14.81%", "2014-06-30": "18.35%", "2014-03-31": "20.72%", "2013-12-31": "24.99%", "2013-09-30": "21.22%", "2013-06-30": "19.45%", "2013-03-31": "14.40%", "2012-12-31": "16.31%", "2012-09-30": "20.85%", "2012-06-30": "11.93%", "2012-03-31": "9.64%", "2011-12-31": "7.42%", "2011-09-30": "7.74%", "2011-06-30": "20.16%", "2011-03-31": "23.91%", "2010-12-31": "20.88%", "2010-09-30": "21.48%", "2010-06-30": "20.57%", "2010-03-31": "27.22%", "2009-12-31": "14.70%", "2009-09-30": "14.55%", "2009-06-30": "15.93%", "2009-03-31": "24.42%", "2008-12-31": "83.64%", "2008-09-30": "83.24%", "2008-06-30": "83.81%", "2008-03-31": "84.47%", "2007-12-31": "84.54%", "2007-09-30": "83.59%", "2007-06-30": "83.42%", "2007-03-31": "82.67%", "2006-12-31": "83.00%", "2006-09-30": "82.46%", "2006-06-30": "82.33%", "2006-03-31": "83.08%", "2005-12-31": "83.11%"}, "operating margin": {"2020-09-30": "13.55%", "2020-06-30": "14.02%", "2020-03-31": "14.31%", "2019-12-31": "14.45%", "2019-09-30": "14.81%", "2019-06-30": "14.61%", "2019-03-31": "14.69%", "2018-12-31": "14.49%", "2018-09-30": "14.91%", "2018-06-30": "15.37%", "2018-03-31": "16.15%", "2017-12-31": "17.15%", "2017-09-30": "17.31%", "2017-06-30": "17.62%", "2017-03-31": "18.08%", "2016-12-31": "18.41%", "2016-09-30": "17.87%", "2016-06-30": "17.21%", "2016-03-31": "17.29%", "2015-12-31": "16.91%", "2015-09-30": "16.61%", "2015-06-30": "13.11%", "2015-03-31": "10.59%", "2014-12-31": "10.07%", "2014-09-30": "14.81%", "2014-06-30": "18.35%", "2014-03-31": "20.72%", "2013-12-31": "24.99%", "2013-09-30": "21.22%", "2013-06-30": "19.45%", "2013-03-31": "14.40%", "2012-12-31": "16.31%", "2012-09-30": "20.85%", "2012-06-30": "11.93%", "2012-03-31": "9.64%", "2011-12-31": "7.42%", "2011-09-30": "7.28%", "2011-06-30": "19.75%", "2011-03-31": "23.48%", "2010-12-31": "20.43%", "2010-09-30": "16.51%", "2010-06-30": "15.50%", "2010-03-31": "22.46%", "2009-12-31": "9.20%", "2009-09-30": "9.04%", "2009-06-30": "0.04%", "2009-03-31": "-13.05%", "2008-12-31": "16.36%", "2008-09-30": "15.41%", "2008-06-30": "15.20%", "2008-03-31": "17.56%", "2007-12-31": "17.76%", "2007-09-30": "15.05%", "2007-06-30": "15.94%", "2007-03-31": "15.97%", "2006-12-31": "17.62%", "2006-09-30": "15.06%", "2006-06-30": "16.68%", "2006-03-31": "18.78%", "2005-12-31": "19.91%"}, "ebitda margin": {"2020-09-30": "13.55%", "2020-06-30": "14.02%", "2020-03-31": "14.31%", "2019-12-31": "14.45%", "2019-09-30": "14.81%", "2019-06-30": "14.61%", "2019-03-31": "14.69%", "2018-12-31": "14.49%", "2018-09-30": "14.91%", "2018-06-30": "15.37%", "2018-03-31": "16.15%", "2017-12-31": "17.15%", "2017-09-30": "17.31%", "2017-06-30": "17.62%", "2017-03-31": "18.08%", "2016-12-31": "18.41%", "2016-09-30": "17.87%", "2016-06-30": "17.21%", "2016-03-31": "17.29%", "2015-12-31": "16.91%", "2015-09-30": "16.61%", "2015-06-30": "13.11%", "2015-03-31": "10.59%", "2014-12-31": "10.07%", "2014-09-30": "14.81%", "2014-06-30": "18.35%", "2014-03-31": "20.72%", "2013-12-31": "24.99%", "2013-09-30": "21.22%", "2013-06-30": "19.45%", "2013-03-31": "14.40%", "2012-12-31": "16.31%", "2012-09-30": "20.85%", "2012-06-30": "11.93%", "2012-03-31": "9.64%", "2011-12-31": "7.42%", "2011-09-30": "7.28%", "2011-06-30": "19.75%", "2011-03-31": "23.48%", "2010-12-31": "20.43%", "2010-09-30": "16.51%", "2010-06-30": "15.50%", "2010-03-31": "22.46%", "2009-12-31": "13.37%", "2009-09-30": "13.23%", "2009-06-30": "5.95%", "2009-03-31": "-3.92%", "2008-12-31": "16.36%", "2008-09-30": "16.31%", "2008-06-30": "16.55%", "2008-03-31": "19.77%", "2007-12-31": "20.76%", "2007-09-30": "18.04%", "2007-06-30": "19.38%", "2007-03-31": "19.40%", "2006-12-31": "21.06%", "2006-09-30": "18.64%", "2006-06-30": "20.20%", "2006-03-31": "22.23%", "2005-12-31": "23.38%"}, "pre tax profit margin": {"2020-09-30": "14.50%", "2020-06-30": "14.90%", "2020-03-31": "15.11%", "2019-12-31": "16.06%", "2019-09-30": "16.48%", "2019-06-30": "16.01%", "2019-03-31": "15.98%", "2018-12-31": "15.58%", "2018-09-30": "16.00%", "2018-06-30": "16.60%", "2018-03-31": "17.49%", "2017-12-31": "18.69%", "2017-09-30": "19.22%", "2017-06-30": "19.38%", "2017-03-31": "19.93%", "2016-12-31": "20.04%", "2016-09-30": "18.76%", "2016-06-30": "18.30%", "2016-03-31": "17.94%", "2015-12-31": "17.43%", "2015-09-30": "17.14%", "2015-06-30": "13.11%", "2015-03-31": "10.59%", "2014-12-31": "10.07%", "2014-09-30": "14.81%", "2014-06-30": "18.35%", "2014-03-31": "20.72%", "2013-12-31": "24.99%", "2013-09-30": "21.22%", "2013-06-30": "19.45%", "2013-03-31": "14.40%", "2012-12-31": "16.31%", "2012-09-30": "20.85%", "2012-06-30": "11.93%", "2012-03-31": "9.64%", "2011-12-31": "7.42%", "2011-09-30": "7.28%", "2011-06-30": "19.75%", "2011-03-31": "23.48%", "2010-12-31": "20.43%", "2010-09-30": "16.54%", "2010-06-30": "15.53%", "2010-03-31": "22.48%", "2009-12-31": "9.23%", "2009-09-30": "7.95%", "2009-06-30": "-2.75%", "2009-03-31": "-16.84%", "2008-12-31": "10.73%", "2008-09-30": "15.95%", "2008-06-30": "21.13%", "2008-03-31": "24.18%", "2007-12-31": "27.39%", "2007-09-30": "28.83%", "2007-06-30": "29.08%", "2007-03-31": "27.53%", "2006-12-31": "26.34%", "2006-09-30": "27.73%", "2006-06-30": "27.05%", "2006-03-31": "28.96%", "2005-12-31": "30.13%"}, "net profit margin": {"2020-09-30": "11.49%", "2020-06-30": "11.75%", "2020-03-31": "12.04%", "2019-12-31": "12.79%", "2019-09-30": "12.98%", "2019-06-30": "12.55%", "2019-03-31": "12.36%", "2018-12-31": "12.10%", "2018-09-30": "11.70%", "2018-06-30": "11.64%", "2018-03-31": "11.59%", "2017-12-31": "11.71%", "2017-09-30": "12.69%", "2017-06-30": "12.76%", "2017-03-31": "13.08%", "2016-12-31": "13.15%", "2016-09-30": "12.29%", "2016-06-30": "12.01%", "2016-03-31": "11.74%", "2015-12-31": "11.42%", "2015-09-30": "11.25%", "2015-06-30": "6.57%", "2015-03-31": "4.30%", "2014-12-31": "3.43%", "2014-09-30": "2.86%", "2014-06-30": "2.77%", "2014-03-31": "2.77%", "2013-12-31": "2.60%", "2013-09-30": "2.64%", "2013-06-30": "2.78%", "2013-03-31": "2.89%", "2012-12-31": "2.90%", "2012-09-30": "2.81%", "2012-06-30": "3.11%", "2012-03-31": "3.23%", "2011-12-31": "3.50%", "2011-09-30": "3.22%", "2011-06-30": "3.02%", "2011-03-31": "3.16%", "2010-12-31": "3.31%", "2010-09-30": "4.65%", "2010-06-30": "4.36%", "2010-03-31": "3.70%", "2009-12-31": "3.20%", "2009-09-30": "2.30%", "2009-06-30": "1.75%", "2009-03-31": "3.21%", "2008-12-31": "6.07%", "2008-09-30": "9.68%", "2008-06-30": "14.12%", "2008-03-31": "16.42%", "2007-12-31": "18.73%", "2007-09-30": "20.40%", "2007-06-30": "20.38%", "2007-03-31": "19.04%", "2006-12-31": "17.97%", "2006-09-30": "18.55%", "2006-06-30": "18.21%", "2006-03-31": "19.66%", "2005-12-31": "20.53%"}, "pe ratio": {"current": "46.40", "2021-02-05": "46.40", "2020-09-30": "37.26", "2020-06-30": "33.29", "2020-03-31": "25.08", "2019-12-31": "26.49", "2019-09-30": "29.24", "2019-06-30": "41.69", "2019-03-31": "29.93", "2018-12-31": "22.93", "2018-09-30": "24.35", "2018-06-30": "24.30", "2018-03-31": "26.56", "2017-12-31": "29.86", "2017-09-30": "27.45", "2017-06-30": "28.52", "2017-03-31": "27.45", "2016-12-31": "25.24", "2016-09-30": "24.58", "2016-06-30": "24.75", "2016-03-31": "23.66", "2015-12-31": "25.28", "2015-09-30": "22.18", "2015-06-30": "22.04", "2015-03-31": "24.24", "2014-12-31": "23.93", "2014-09-30": "18.87", "2014-06-30": "18.58", "2014-03-31": "17.60", "2013-12-31": "19.41", "2013-09-30": "19.79", "2013-06-30": "20.97", "2013-03-31": "19.98", "2012-12-31": "18.43", "2012-09-30": "16.74", "2012-06-30": "19.10", "2012-03-31": "19.67", "2011-12-31": "18.88", "2011-09-30": "18.71", "2011-06-30": "18.01", "2011-03-31": "18.49", "2010-12-31": "16.66", "2010-09-30": "13.17", "2010-06-30": "11.52", "2010-03-31": "12.04", "2009-12-31": "14.54", "2009-09-30": "19.26", "2009-06-30": "34.01", "2009-03-31": "26.80", "2008-12-31": "21.43", "2008-09-30": "14.98", "2008-06-30": "11.29", "2008-03-31": "10.78", "2007-12-31": "9.66", "2007-09-30": "10.80", "2007-06-30": "9.61", "2007-03-31": "10.03", "2006-12-31": "11.47"}, "price sales": {"2021-02-05": "5.34", "2020-09-30": "4.29", "2020-06-30": "3.91", "2020-03-31": "3.02", "2019-12-31": "3.39", "2019-09-30": "3.80", "2019-06-30": "5.25", "2019-03-31": "3.71", "2018-12-31": "2.77", "2018-09-30": "2.85", "2018-06-30": "2.81", "2018-03-31": "3.06", "2017-12-31": "3.47", "2017-09-30": "3.46", "2017-06-30": "3.62", "2017-03-31": "3.59", "2016-12-31": "3.32", "2016-09-30": "3.02", "2016-06-30": "2.97", "2016-03-31": "2.77", "2015-12-31": "2.88", "2015-09-30": "2.49", "2015-06-30": "1.45", "2015-03-31": "1.05", "2014-12-31": "0.82", "2014-09-30": "0.54", "2014-06-30": "0.51", "2014-03-31": "0.49", "2013-12-31": "0.50", "2013-09-30": "0.52", "2013-06-30": "0.58", "2013-03-31": "0.58", "2012-12-31": "0.54", "2012-09-30": "0.48", "2012-06-30": "0.60", "2012-03-31": "0.64", "2011-12-31": "0.67", "2011-09-30": "0.61", "2011-06-30": "0.54", "2011-03-31": "0.58", "2010-12-31": "0.55", "2010-09-30": "0.61", "2010-06-30": "0.50", "2010-03-31": "0.44", "2009-12-31": "0.46", "2009-09-30": "0.43", "2009-06-30": "0.57", "2009-03-31": "0.83", "2008-12-31": "1.24", "2008-09-30": "1.46", "2008-06-30": "1.61", "2008-03-31": "1.78", "2007-12-31": "1.83", "2007-09-30": "2.21", "2007-06-30": "1.97", "2007-03-31": "1.92", "2006-12-31": "2.07"}, "price book": {"current": "9.54", "2021-02-05": "9.54", "2020-09-30": "7.66", "2020-06-30": "7.26", "2020-03-31": "5.96", "2019-12-31": "6.54", "2019-09-30": "7.37", "2019-06-30": "10.59", "2019-03-31": "7.76", "2018-12-31": "5.99", "2018-09-30": "6.02", "2018-06-30": "5.75", "2018-03-31": "6.00", "2017-12-31": "6.05", "2017-09-30": "5.83", "2017-06-30": "6.16", "2017-03-31": "6.17", "2016-12-31": "5.71", "2016-09-30": "5.01", "2016-06-30": "4.98", "2016-03-31": "4.80", "2015-12-31": "5.04", "2015-09-30": "0.41", "2015-06-30": "0.40", "2015-03-31": "0.42", "2014-12-31": "5.03", "2014-09-30": "0.38", "2014-06-30": "0.37", "2014-03-31": "0.35", "2013-12-31": "0.37", "2013-09-30": "0.38", "2013-06-30": "0.43", "2013-03-31": "0.40", "2012-12-31": "0.38", "2012-09-30": "0.34", "2012-06-30": "0.39", "2012-03-31": "0.42", "2011-12-31": "0.44", "2011-09-30": "0.42", "2011-06-30": "0.40", "2011-03-31": "0.39", "2010-12-31": "0.37", "2010-09-30": "0.32", "2010-06-30": "0.28", "2010-03-31": "0.26", "2009-12-31": "0.24", "2009-09-30": "1.50", "2009-06-30": "1.49", "2009-03-31": "1.50", "2008-12-31": "1.62", "2008-09-30": "1.52", "2008-06-30": "1.58", "2008-03-31": "1.72", "2007-12-31": "1.67", "2007-09-30": "1.98", "2007-06-30": "1.61", "2007-03-31": "1.60", "2006-12-31": "1.78", "2006-09-30": "1.60", "2006-06-30": "1.64", "2006-03-31": "1.53"}, "price fcf": {"2021-02-05": "", "2020-09-30": "$5.28", "2020-06-30": "$5.22", "2020-03-31": "$4.88", "2019-12-31": "$5.03", "2019-09-30": "$4.91", "2019-06-30": "$5.16", "2019-03-31": "$5.14", "2018-12-31": "$4.08", "2018-09-30": "$3.66", "2018-06-30": "$3.10", "2018-03-31": "$3.02", "2017-12-31": "$3.21", "2017-09-30": "$3.56", "2017-06-30": "$3.97", "2017-03-31": "$4.11", "2016-12-31": "$4.37", "2016-09-30": "$4.32", "2016-06-30": "$4.17", "2016-03-31": "$3.76", "2015-12-31": "$3.90", "2015-09-30": "$-4.41", "2015-06-30": "$-0.49", "2015-03-31": "$1.92", "2014-12-31": "$3.17", "2014-09-30": "$1.48", "2014-06-30": "$2.61", "2014-03-31": "$2.76", "2013-12-31": "$4.14", "2013-09-30": "$16.41", "2013-06-30": "$12.85", "2013-03-31": "$11.24", "2012-12-31": "$10.16", "2012-09-30": "$8.65", "2012-06-30": "$5.86", "2012-03-31": "$5.78", "2011-12-31": "$6.34", "2011-09-30": "$8.39", "2011-06-30": "$12.42", "2011-03-31": "$13.55", "2010-12-31": "$12.09", "2010-09-30": "$10.73", "2010-06-30": "$10.52", "2010-03-31": "$11.47", "2009-12-31": "$15.25", "2009-09-30": "$24.85", "2009-06-30": "$21.75", "2009-03-31": "$18.23", "2008-12-31": "$13.84", "2008-09-30": "$2.40", "2008-06-30": "$2.80", "2008-03-31": "$3.56", "2007-12-31": "$4.09", "2007-09-30": "$4.49", "2007-06-30": "$4.10", "2007-03-31": "$4.24", "2006-12-31": "$4.07"}, "net worth": {"value": "$11.9B"}, "current ratio": {"2020-09-30": "1.70", "2020-06-30": "1.81", "2020-03-31": "1.77", "2019-12-31": "2.02", "2019-09-30": "2.09", "2019-06-30": "2.10", "2019-03-31": "2.03", "2018-12-31": "2.04", "2018-09-30": "1.97", "2018-06-30": "1.90", "2018-03-31": "1.71", "2017-12-31": "2.07", "2017-09-30": "1.90", "2017-06-30": "1.82", "2017-03-31": "1.75", "2016-12-31": "2.00", "2016-09-30": "1.81", "2016-06-30": "1.74", "2016-03-31": "1.71", "2015-12-31": "2.00", "2015-09-30": "0.25", "2015-06-30": "0.22", "2015-03-31": "0.22", "2014-12-31": "1.75", "2014-09-30": "0.22", "2014-06-30": "0.21", "2014-03-31": "0.21", "2013-12-31": "0.22", "2013-09-30": "0.24", "2013-06-30": "0.22", "2013-03-31": "0.22", "2012-12-31": "0.21", "2012-09-30": "0.22", "2012-06-30": "0.19", "2012-03-31": "0.19", "2011-12-31": "0.18", "2011-09-30": "0.17", "2011-06-30": "0.17", "2011-03-31": "0.19", "2010-12-31": "0.22", "2010-09-30": "0.21", "2010-06-30": "0.19", "2010-03-31": "0.19", "2009-12-31": "0.19", "2009-09-30": "0.83", "2009-06-30": "0.82", "2009-03-31": "0.81", "2008-12-31": "0.85", "2008-09-30": "0.81", "2008-06-30": "0.79", "2008-03-31": "0.80", "2007-12-31": "0.84", "2007-09-30": "0.83", "2007-06-30": "0.83", "2007-03-31": "0.81", "2006-12-31": "0.87", "2006-09-30": "0.81", "2006-06-30": "0.81", "2006-03-31": "0.81", "2005-12-31": "0.84", "2005-09-30": "0.79", "2005-06-30": "0.82", "2005-03-31": "0.82"}, "quick ratio": {"2020-09-30": "0.00", "2020-06-30": "0.00", "2020-03-31": "0.00", "2019-12-31": "0.00", "2019-09-30": "0.00", "2019-06-30": "0.00", "2019-03-31": "0.00", "2018-12-31": "0.00", "2018-09-30": "0.00", "2018-06-30": "0.00", "2018-03-31": "0.00", "2017-12-31": "0.00", "2017-09-30": "0.00", "2017-06-30": "0.00", "2017-03-31": "0.00", "2016-12-31": "0.00", "2016-09-30": "0.00", "2016-06-30": "0.00", "2016-03-31": "0.00", "2015-12-31": "0.00", "2015-09-30": "0.00", "2015-06-30": "0.00", "2015-03-31": "0.00", "2014-12-31": "0.00", "2014-09-30": "0.00", "2014-06-30": "0.00", "2014-03-31": "0.00", "2013-12-31": "0.00", "2013-09-30": "0.00", "2013-06-30": "0.00", "2013-03-31": "0.00", "2012-12-31": "0.00", "2012-09-30": "0.00", "2012-06-30": "0.00", "2012-03-31": "0.00", "2011-12-31": "0.00", "2011-09-30": "0.00", "2011-06-30": "0.00", "2011-03-31": "0.00", "2010-12-31": "0.00", "2010-09-30": "0.00", "2010-06-30": "0.00", "2010-03-31": "0.00", "2009-12-31": "0.00", "2009-09-30": "0.00", "2009-06-30": "0.00", "2009-03-31": "0.00", "2008-12-31": "0.00", "2008-09-30": "0.00", "2008-06-30": "0.00", "2008-03-31": "0.00", "2007-12-31": "0.00", "2007-09-30": "0.00", "2007-06-30": "0.00", "2007-03-31": "0.00", "2006-12-31": "0.00", "2006-09-30": "0.00", "2006-06-30": "0.00", "2006-03-31": "0.00", "2005-12-31": "0.00", "2005-09-30": "0.00", "2005-06-30": "0.00", "2005-03-31": "0.00"}, "debt equity ratio": {"current": "0.08", "2020-09-30": "0.73", "2020-06-30": "0.74", "2020-03-31": "0.75", "2019-12-31": "0.78", "2019-09-30": "0.76", "2019-06-30": "0.78", "2019-03-31": "0.78", "2018-12-31": "0.83", "2018-09-30": "0.91", "2018-06-30": "0.88", "2018-03-31": "0.87", "2017-12-31": "0.94", "2017-09-30": "0.86", "2017-06-30": "0.84", "2017-03-31": "0.80", "2016-12-31": "0.90", "2016-09-30": "0.77", "2016-06-30": "0.74", "2016-03-31": "0.71", "2015-12-31": "0.83", "2015-09-30": "1.23", "2015-06-30": "1.21", "2015-03-31": "1.21", "2014-12-31": "0.88", "2014-09-30": "1.24", "2014-06-30": "1.23", "2014-03-31": "1.20", "2013-12-31": "1.21", "2013-09-30": "1.28", "2013-06-30": "1.28", "2013-03-31": "1.25", "2012-12-31": "1.27", "2012-09-30": "1.27", "2012-06-30": "1.28", "2012-03-31": "1.22", "2011-12-31": "1.28", "2011-09-30": "1.34", "2011-06-30": "1.31", "2011-03-31": "1.22", "2010-12-31": "1.27", "2010-09-30": "1.27", "2010-06-30": "1.31", "2010-03-31": "1.28", "2009-12-31": "1.32", "2009-09-30": "2.09", "2009-06-30": "2.18", "2009-03-31": "2.27", "2008-12-31": "2.30", "2008-09-30": "1.93", "2008-06-30": "1.89", "2008-03-31": "1.86", "2007-12-31": "1.74", "2007-09-30": "1.75", "2007-06-30": "1.51", "2007-03-31": "1.52", "2006-12-31": "1.62", "2006-09-30": "1.59", "2006-06-30": "1.59", "2006-03-31": "1.39", "2005-12-31": "1.43", "2005-09-30": "1.37", "2005-06-30": "1.35", "2005-03-31": "1.35"}, "return on equity": {"2020-09-30": "24.73%", "2020-06-30": "25.86%", "2020-03-31": "27.17%", "2019-12-31": "29.29%", "2019-09-30": "30.60%", "2019-06-30": "30.72%", "2019-03-31": "31.35%", "2018-12-31": "31.87%", "2018-09-30": "29.50%", "2018-06-30": "27.46%", "2018-03-31": "25.23%", "2017-12-31": "23.19%", "2017-09-30": "25.13%", "2017-06-30": "25.16%", "2017-03-31": "25.69%", "2016-12-31": "25.80%", "2016-09-30": "24.18%", "2016-06-30": "7.13%", "2016-03-31": "4.08%", "2015-12-31": "2.78%", "2015-09-30": "2.71%", "2015-06-30": "2.69%", "2015-03-31": "2.61%", "2014-12-31": "2.78%", "2014-09-30": "2.30%", "2014-06-30": "2.34%", "2014-03-31": "2.34%", "2013-12-31": "2.27%", "2013-09-30": "2.24%", "2013-06-30": "2.35%", "2013-03-31": "2.36%", "2012-12-31": "2.38%", "2012-09-30": "2.36%", "2012-06-30": "2.37%", "2012-03-31": "2.53%", "2011-12-31": "2.67%", "2011-09-30": "2.44%", "2011-06-30": "2.54%", "2011-03-31": "2.55%", "2010-12-31": "2.66%", "2010-09-30": "2.95%", "2010-06-30": "3.50%", "2010-03-31": "4.35%", "2009-12-31": "5.31%", "2009-09-30": "9.52%", "2009-06-30": "5.04%", "2009-03-31": "5.76%", "2008-12-31": "7.47%", "2008-09-30": "10.93%", "2008-06-30": "15.45%", "2008-03-31": "17.31%", "2007-12-31": "18.92%", "2007-09-30": "19.60%", "2007-06-30": "19.13%", "2007-03-31": "18.25%", "2006-12-31": "17.35%", "2006-09-30": "16.76%", "2006-06-30": "16.24%", "2006-03-31": "17.21%", "2005-12-31": "17.87%"}, "return on assets": {"2020-09-30": "14.12%", "2020-06-30": "14.69%", "2020-03-31": "15.36%", "2019-12-31": "16.51%", "2019-09-30": "17.15%", "2019-06-30": "16.88%", "2019-03-31": "17.00%", "2018-12-31": "17.03%", "2018-09-30": "15.52%", "2018-06-30": "14.54%", "2018-03-31": "13.42%", "2017-12-31": "12.46%", "2017-09-30": "13.60%", "2017-06-30": "13.79%", "2017-03-31": "14.28%", "2016-12-31": "14.51%", "2016-09-30": "13.74%", "2016-06-30": "3.36%", "2016-03-31": "1.87%", "2015-12-31": "1.26%", "2015-09-30": "1.23%", "2015-06-30": "1.22%", "2015-03-31": "1.18%", "2014-12-31": "1.25%", "2014-09-30": "1.04%", "2014-06-30": "1.05%", "2014-03-31": "1.04%", "2013-12-31": "1.01%", "2013-09-30": "0.99%", "2013-06-30": "1.03%", "2013-03-31": "1.04%", "2012-12-31": "1.05%", "2012-09-30": "1.04%", "2012-06-30": "1.04%", "2012-03-31": "1.11%", "2011-12-31": "1.17%", "2011-09-30": "1.07%", "2011-06-30": "1.12%", "2011-03-31": "1.12%", "2010-12-31": "1.17%", "2010-09-30": "1.29%", "2010-06-30": "1.50%", "2010-03-31": "1.81%", "2009-12-31": "2.06%", "2009-09-30": "2.97%", "2009-06-30": "1.60%", "2009-03-31": "1.87%", "2008-12-31": "2.51%", "2008-09-30": "3.83%", "2008-06-30": "5.50%", "2008-03-31": "6.40%", "2007-12-31": "7.21%", "2007-09-30": "7.55%", "2007-06-30": "7.48%", "2007-03-31": "7.08%", "2006-12-31": "6.83%", "2006-09-30": "6.73%", "2006-06-30": "6.66%", "2006-03-31": "7.22%", "2005-12-31": "7.53%"}, "return on investments": {"2020-09-30": "26.97%", "2020-06-30": "28.47%", "2020-03-31": "29.73%", "2019-12-31": "30.36%", "2019-09-30": "31.94%", "2019-06-30": "32.55%", "2019-03-31": "33.77%", "2018-12-31": "34.63%", "2018-09-30": "34.23%", "2018-06-30": "33.38%", "2018-03-31": "32.76%", "2017-12-31": "32.09%", "2017-09-30": "32.79%", "2017-06-30": "44.62%", "2017-03-31": "69.06%", "2016-12-31": "139.67%", "2016-09-30": "inf%", "2016-06-30": "inf%", "2016-03-31": "inf%", "2015-12-31": "inf%", "2015-09-30": "inf%", "2015-06-30": "inf%", "2015-03-31": "inf%", "2014-12-31": "inf%", "2014-09-30": "inf%", "2014-06-30": "inf%", "2014-03-31": "inf%", "2013-12-31": "inf%", "2013-09-30": "inf%", "2013-06-30": "inf%", "2013-03-31": "inf%", "2012-12-31": "inf%", "2012-09-30": "inf%", "2012-06-30": "inf%", "2012-03-31": "inf%", "2011-12-31": "inf%", "2011-09-30": "inf%", "2011-06-30": "inf%", "2011-03-31": "inf%", "2010-12-31": "inf%", "2010-09-30": "inf%", "2010-06-30": "inf%", "2010-03-31": "inf%", "2009-12-31": "inf%", "2009-09-30": "inf%", "2009-06-30": "inf%", "2009-03-31": "inf%", "2008-12-31": "inf%", "2008-09-30": "inf%", "2008-06-30": "inf%", "2008-03-31": "inf%", "2007-12-31": "inf%", "2007-09-30": "inf%", "2007-06-30": "inf%", "2007-03-31": "inf%", "2006-12-31": "inf%", "2006-09-30": "inf%", "2006-06-30": "inf%", "2006-03-31": "inf%", "2005-12-31": "inf%"}, "return on tangible equity": {"2020-09-30": "24.73%", "2020-06-30": "25.86%", "2020-03-31": "27.17%", "2019-12-31": "29.29%", "2019-09-30": "30.60%", "2019-06-30": "30.72%", "2019-03-31": "31.35%", "2018-12-31": "31.87%", "2018-09-30": "29.50%", "2018-06-30": "27.46%", "2018-03-31": "25.23%", "2017-12-31": "23.19%", "2017-09-30": "25.13%", "2017-06-30": "25.16%", "2017-03-31": "25.69%", "2016-12-31": "25.80%", "2016-09-30": "24.18%", "2016-06-30": "7.13%", "2016-03-31": "4.08%", "2015-12-31": "2.78%", "2015-09-30": "2.71%", "2015-06-30": "2.69%", "2015-03-31": "2.61%", "2014-12-31": "2.78%", "2014-09-30": "2.30%", "2014-06-30": "2.34%", "2014-03-31": "2.34%", "2013-12-31": "2.27%", "2013-09-30": "2.24%", "2013-06-30": "2.35%", "2013-03-31": "2.36%", "2012-12-31": "2.38%", "2012-09-30": "2.36%", "2012-06-30": "2.37%", "2012-03-31": "2.53%", "2011-12-31": "2.67%", "2011-09-30": "2.44%", "2011-06-30": "2.54%", "2011-03-31": "2.55%", "2010-12-31": "2.66%", "2010-09-30": "2.95%", "2010-06-30": "3.50%", "2010-03-31": "4.35%", "2009-12-31": "5.31%", "2009-09-30": "9.52%", "2009-06-30": "5.04%", "2009-03-31": "5.76%", "2008-12-31": "7.47%", "2008-09-30": "10.93%", "2008-06-30": "15.45%", "2008-03-31": "17.31%", "2007-12-31": "18.92%", "2007-09-30": "19.60%", "2007-06-30": "19.13%", "2007-03-31": "18.25%", "2006-12-31": "17.35%", "2006-09-30": "16.76%", "2006-06-30": "16.24%", "2006-03-31": "17.21%", "2005-12-31": "17.87%"}, "dividend yield history": {"last payout": "$4.14", "last yield": "1.61%"}}