{"ticker": "ES", "price": {"title": "Eversource Energy Historical Annual Stock Price Data", "value": 86.23, "historical": {"2020": {"Average Stock Price": "86.3014", "Year Open": "83.2300", "Year High": "98.5400", "Year Low": "62.2300", "Year Close": "86.5100", "Annual % Change": "1.69%"}, "2019": {"Average Stock Price": "76.2660", "Year Open": "63.4900", "Year High": "86.2000", "Year Low": "63.4500", "Year Close": "85.0700", "Annual % Change": "30.80%"}, "2018": {"Average Stock Price": "60.7687", "Year Open": "63.1500", "Year High": "70.2300", "Year Low": "52.8700", "Year Close": "65.0400", "Annual % Change": "2.94%"}, "2017": {"Average Stock Price": "60.6386", "Year Open": "55.0800", "Year High": "65.8100", "Year Low": "54.2500", "Year Close": "63.1800", "Annual % Change": "14.39%"}, "2016": {"Average Stock Price": "55.2644", "Year Open": "50.8800", "Year High": "60.2500", "Year Low": "50.5800", "Year Close": "55.2300", "Annual % Change": "8.15%"}, "2015": {"Average Stock Price": "49.3741", "Year Open": "52.5000", "Year High": "53.3400", "Year Low": "45.4100", "Year Close": "51.0700", "Annual % Change": "0.00%"}}}, "market cap": {"value": "$29.39B"}, "income statement": {"Revenue": {"2019-12-31": "8526.47000", "2018-12-31": "8448.20100", "2017-12-31": "7751.95200", "2016-12-31": "7639.12900", "2015-12-31": "7954.82700", "2014-12-31": "7741.85600", "2013-12-31": "7301.20400", "2012-12-31": "6273.78700", "2011-12-31": "4465.65700", "2010-12-31": "4898.16700", "2009-12-31": "5439.43000", "2008-12-31": "5800.09500", "2007-12-31": "5822.22600", "2006-12-31": "6877.68700", "2005-12-31": "7346.22600"}, "Cost Of Goods Sold": {"2019-12-31": "3040.16000", "2018-12-31": "3138.96900", "2017-12-31": "2535.27100", "2016-12-31": "2500.82800", "2015-12-31": "3086.90500", "2014-12-31": "3021.55000", "2013-12-31": "2482.95400", "2012-12-31": "2084.36400", "2011-12-31": "1657.91400", "2010-12-31": "2034.50100", "2009-12-31": "2629.61900", "2008-12-31": "2996.18000", "2007-12-31": "3350.67300", "2006-12-31": "4630.79800", "2005-12-31": "5528.60000"}, "Gross Profit": {"2019-12-31": "5486.31000", "2018-12-31": "5309.23200", "2017-12-31": "5216.68100", "2016-12-31": "5138.30100", "2015-12-31": "4867.92200", "2014-12-31": "4720.30600", "2013-12-31": "4818.25000", "2012-12-31": "4189.42300", "2011-12-31": "2807.74300", "2010-12-31": "2863.66600", "2009-12-31": "2809.81100", "2008-12-31": "2803.91500", "2007-12-31": "2471.55300", "2006-12-31": "2246.88900", "2005-12-31": "1817.62600"}, "Research And Development Expenses": {"2019-12-31": "", "2018-12-31": "", "2017-12-31": "", "2016-12-31": "", "2015-12-31": "", "2014-12-31": "", "2013-12-31": "", "2012-12-31": "", "2011-12-31": "", "2010-12-31": "", "2009-12-31": "", "2008-12-31": "", "2007-12-31": "", "2006-12-31": "", "2005-12-31": ""}, "SG&A Expenses": {"2019-12-31": "2074.14800", "2018-12-31": "2064.96600", "2017-12-31": "1983.80900", "2016-12-31": "1976.20600", "2015-12-31": "1919.86200", "2014-12-31": "1988.96900", "2013-12-31": "2027.21600", "2012-12-31": "2017.27700", "2011-12-31": "1418.96800", "2010-12-31": "1316.09000", "2009-12-31": "516.37200", "2008-12-31": "521.60300", "2007-12-31": "463.77700", "2006-12-31": "444.28600", "2005-12-31": "425.78000"}, "Other Operating Income Or Expenses": {"2019-12-31": "-741.01300", "2018-12-31": "-472.38000", "2017-12-31": "-480.83500", "2016-12-31": "-533.65900", "2015-12-31": "-495.70100", "2014-12-31": "-473.12700", "2013-12-31": "-401.91900", "2012-12-31": "-313.14900", "2011-12-31": "-131.41500", "2010-12-31": "-124.02300", "2009-12-31": "-1001.19000", "2008-12-31": "-1021.70400", "2007-12-31": "-961.28500", "2006-12-31": "-1121.53400", "2005-12-31": "-1003.77600"}, "Operating Expenses": {"2019-12-31": "6935.97900", "2018-12-31": "6748.27100", "2017-12-31": "5863.70300", "2016-12-31": "5797.85500", "2015-12-31": "6190.66300", "2014-12-31": "6109.00700", "2013-12-31": "5771.76900", "2012-12-31": "5155.58100", "2011-12-31": "3671.48100", "2010-12-31": "4098.27600", "2009-12-31": "4688.05500", "2008-12-31": "5209.33000", "2007-12-31": "5282.74600", "2006-12-31": "6641.71600", "2005-12-31": "7562.27600"}, "Operating Income": {"2019-12-31": "1590.49100", "2018-12-31": "1699.93000", "2017-12-31": "1888.25000", "2016-12-31": "1841.27300", "2015-12-31": "1764.16400", "2014-12-31": "1632.84900", "2013-12-31": "1529.43500", "2012-12-31": "1118.20600", "2011-12-31": "794.17630", "2010-12-31": "799.89060", "2009-12-31": "751.37500", "2008-12-31": "590.76510", "2007-12-31": "539.48050", "2006-12-31": "235.97070", "2005-12-31": "-216.05030"}, "Total Non-Operating Income/Expense": {"2019-12-31": "-400.42000", "2018-12-31": "-370.43900", "2017-12-31": "-313.84200", "2016-12-31": "-336.45600", "2015-12-31": "-338.19300", "2014-12-31": "-337.48700", "2013-12-31": "-308.80500", "2012-12-31": "-310.20300", "2011-12-31": "-222.71000", "2010-12-31": "-195.37500", "2009-12-31": "-235.83600", "2008-12-31": "-218.71700", "2007-12-31": "-178.60600", "2006-12-31": "-173.80200", "2005-12-31": "-220.15600"}, "Pre-Tax Income": {"2019-12-31": "1190.07100", "2018-12-31": "1329.49100", "2017-12-31": "1574.40700", "2016-12-31": "1504.81800", "2015-12-31": "1425.97100", "2014-12-31": "1295.36200", "2013-12-31": "1220.63000", "2012-12-31": "808.00300", "2011-12-31": "571.46600", "2010-12-31": "604.51600", "2009-12-31": "515.53900", "2008-12-31": "372.04800", "2007-12-31": "360.87500", "2006-12-31": "62.16900", "2005-12-31": "-436.20600"}, "Income Taxes": {"2019-12-31": "273.49900", "2018-12-31": "288.97200", "2017-12-31": "578.89200", "2016-12-31": "554.99700", "2015-12-31": "539.96700", "2014-12-31": "468.29700", "2013-12-31": "426.94100", "2012-12-31": "274.92600", "2011-12-31": "170.95300", "2010-12-31": "210.40900", "2009-12-31": "179.94700", "2008-12-31": "105.66100", "2007-12-31": "109.42000", "2006-12-31": "-76.32600", "2005-12-31": "-184.86200"}, "Income After Taxes": {"2019-12-31": "916.57200", "2018-12-31": "1040.51900", "2017-12-31": "995.51500", "2016-12-31": "949.82100", "2015-12-31": "886.00400", "2014-12-31": "827.06510", "2013-12-31": "793.68900", "2012-12-31": "533.07700", "2011-12-31": "400.51300", "2010-12-31": "394.10700", "2009-12-31": "335.59200", "2008-12-31": "266.38700", "2007-12-31": "251.45500", "2006-12-31": "138.49500", "2005-12-31": "-251.34400"}, "Other Income": {"2019-12-31": "", "2018-12-31": "", "2017-12-31": "", "2016-12-31": "", "2015-12-31": "", "2014-12-31": "", "2013-12-31": "", "2012-12-31": "", "2011-12-31": "", "2010-12-31": "", "2009-12-31": "", "2008-12-31": "", "2007-12-31": "", "2006-12-31": "", "2005-12-31": ""}, "Income From Continuous Operations": {"2019-12-31": "916.57200", "2018-12-31": "1040.51900", "2017-12-31": "995.51500", "2016-12-31": "949.82100", "2015-12-31": "886.00400", "2014-12-31": "827.06510", "2013-12-31": "793.68900", "2012-12-31": "533.07700", "2011-12-31": "400.51300", "2010-12-31": "394.10700", "2009-12-31": "335.59200", "2008-12-31": "266.38700", "2007-12-31": "251.45500", "2006-12-31": "132.93600", "2005-12-31": "-256.90300"}, "Income From Discontinued Operations": {"2019-12-31": "", "2018-12-31": "", "2017-12-31": "", "2016-12-31": "", "2015-12-31": "", "2014-12-31": "", "2013-12-31": "", "2012-12-31": "", "2011-12-31": "", "2010-12-31": "", "2009-12-31": "", "2008-12-31": "", "2007-12-31": "0.58700", "2006-12-31": "337.64200", "2005-12-31": "4.42000"}, "Net Income": {"2019-12-31": "909.05300", "2018-12-31": "1033.00000", "2017-12-31": "987.99600", "2016-12-31": "942.30200", "2015-12-31": "878.48500", "2014-12-31": "819.54600", "2013-12-31": "786.00700", "2012-12-31": "525.94500", "2011-12-31": "394.69300", "2010-12-31": "387.94900", "2009-12-31": "330.03300", "2008-12-31": "260.82800", "2007-12-31": "246.48300", "2006-12-31": "470.57800", "2005-12-31": "-253.48800"}, "EBITDA": {"2019-12-31": "2671.14900", "2018-12-31": "2771.88600", "2017-12-31": "2752.03800", "2016-12-31": "2628.43600", "2015-12-31": "2452.35900", "2014-12-31": "2258.21000", "2013-12-31": "2389.11500", "2012-12-31": "1858.99700", "2011-12-31": "1257.36000", "2010-12-31": "1423.55300", "2009-12-31": "1292.24900", "2008-12-31": "1260.60800", "2007-12-31": "1046.49000", "2006-12-31": "696.26770", "2005-12-31": "440.63170"}, "EBIT": {"2019-12-31": "1590.49100", "2018-12-31": "1699.93000", "2017-12-31": "1888.25000", "2016-12-31": "1841.27300", "2015-12-31": "1764.16400", "2014-12-31": "1632.84900", "2013-12-31": "1529.43500", "2012-12-31": "1118.20600", "2011-12-31": "794.17630", "2010-12-31": "799.89060", "2009-12-31": "751.37500", "2008-12-31": "590.76510", "2007-12-31": "539.48050", "2006-12-31": "235.97070", "2005-12-31": "-216.05030"}, "Basic Shares Outstanding": {"2019-12-31": "321.41600", "2018-12-31": "317.37000", "2017-12-31": "317.41100", "2016-12-31": "317.65000", "2015-12-31": "317.33700", "2014-12-31": "316.13700", "2013-12-31": "315.31100", "2012-12-31": "277.21000", "2011-12-31": "177.41000", "2010-12-31": "176.63600", "2009-12-31": "172.56800", "2008-12-31": "155.53200", "2007-12-31": "154.76000", "2006-12-31": "153.76750", "2005-12-31": "131.63900"}, "Shares Outstanding": {"2019-12-31": "322.94200", "2018-12-31": "317.99300", "2017-12-31": "318.03200", "2016-12-31": "318.45400", "2015-12-31": "318.43300", "2014-12-31": "317.41700", "2013-12-31": "316.21100", "2012-12-31": "277.99400", "2011-12-31": "177.80500", "2010-12-31": "176.88500", "2009-12-31": "172.71700", "2008-12-31": "155.99900", "2007-12-31": "155.30400", "2006-12-31": "154.14670", "2005-12-31": "131.63900"}, "Basic EPS": {"2019-12-31": "2.83000", "2018-12-31": "3.25000", "2017-12-31": "3.11000", "2016-12-31": "2.97000", "2015-12-31": "2.77000", "2014-12-31": "2.59000", "2013-12-31": "2.49000", "2012-12-31": "1.90000", "2011-12-31": "2.22000", "2010-12-31": "2.20000", "2009-12-31": "1.91000", "2008-12-31": "1.68000", "2007-12-31": "1.59000", "2006-12-31": "3.06000", "2005-12-31": "-1.93000"}, "EPS - Earnings Per Share": {"2019-12-31": "2.81000", "2018-12-31": "3.25000", "2017-12-31": "3.11000", "2016-12-31": "2.96000", "2015-12-31": "2.76000", "2014-12-31": "2.58000", "2013-12-31": "2.49000", "2012-12-31": "1.89000", "2011-12-31": "2.22000", "2010-12-31": "2.19000", "2009-12-31": "1.91000", "2008-12-31": "1.67000", "2007-12-31": "1.59000", "2006-12-31": "3.05000", "2005-12-31": "-1.93000"}}, "income statement, quarterly": {"Revenue": {"2020-09-30": "2343.64200", "2020-06-30": "1953.12800", "2020-03-31": "2373.72600", "2019-12-31": "2050.38600", "2019-09-30": "2175.79700", "2019-06-30": "1884.49500", "2019-03-31": "2415.79200", "2018-12-31": "2034.95800", "2018-09-30": "2271.42500", "2018-06-30": "1853.85600", "2018-03-31": "2287.96200", "2017-12-31": "1895.49400", "2017-09-30": "1988.51200", "2017-06-30": "1762.81100", "2017-03-31": "2105.13500", "2016-12-31": "1776.60400", "2016-09-30": "2039.70600", "2016-06-30": "1767.18400", "2016-03-31": "2055.63500", "2015-12-31": "1691.23000", "2015-09-30": "1933.10500", "2015-06-30": "1817.06100", "2015-03-31": "2513.43100", "2014-12-31": "1881.12000", "2014-09-30": "1892.53200", "2014-06-30": "1677.61400", "2014-03-31": "2290.59000", "2013-12-31": "1777.72900", "2013-09-30": "1892.59000", "2013-06-30": "1635.86200", "2013-03-31": "1995.02300", "2012-12-31": "1683.95100", "2012-09-30": "1861.52900", "2012-06-30": "1628.68400", "2012-03-31": "1099.62300", "2011-12-31": "1068.03300", "2011-09-30": "1114.89200", "2011-06-30": "1047.48100", "2011-03-31": "1235.25100", "2010-12-31": "1203.98400", "2010-09-30": "1243.33700", "2010-06-30": "1111.42600", "2010-03-31": "1339.42000", "2009-12-31": "1315.34300", "2009-09-30": "1306.17300", "2009-06-30": "1224.43100", "2009-03-31": "1593.48300", "2008-12-31": "1447.88600", "2008-09-30": "1506.89700", "2008-06-30": "1325.34500", "2008-03-31": "1519.96700", "2007-12-31": "1275.95900", "2007-09-30": "1450.97700", "2007-06-30": "1391.77200", "2007-03-31": "1703.51800", "2006-12-31": "1476.45400", "2006-09-30": "1592.78400", "2006-06-30": "1661.06100", "2006-03-31": "2147.38800", "2005-12-31": "1826.70700", "2005-09-30": "1754.94200", "2005-06-30": "1531.61300", "2005-03-31": "2232.96400"}, "Cost Of Goods Sold": {"2020-09-30": "806.25400", "2020-06-30": "630.13200", "2020-03-31": "876.57000", "2019-12-31": "714.11870", "2019-09-30": "730.25500", "2019-06-30": "620.90400", "2019-03-31": "974.88200", "2018-12-31": "696.01590", "2018-09-30": "842.29100", "2018-06-30": "653.91500", "2018-03-31": "946.74700", "2017-12-31": "580.14200", "2017-09-30": "651.77600", "2017-06-30": "549.70400", "2017-03-31": "753.64900", "2016-12-31": "498.89880", "2016-09-30": "665.81000", "2016-06-30": "581.26000", "2016-03-31": "754.85900", "2015-12-31": "537.09830", "2015-09-30": "702.64000", "2015-06-30": "685.11800", "2015-03-31": "1162.04900", "2014-12-31": "702.55800", "2014-09-30": "716.63100", "2014-06-30": "624.21100", "2014-03-31": "978.15000", "2013-12-31": "600.96210", "2013-09-30": "645.88100", "2013-06-30": "488.30200", "2013-03-31": "747.80900", "2012-12-31": "544.25510", "2012-09-30": "602.75100", "2012-06-30": "542.01400", "2012-03-31": "395.34400", "2011-12-31": "395.02600", "2011-09-30": "406.23700", "2011-06-30": "382.54200", "2011-03-31": "474.10900", "2010-12-31": "494.79700", "2010-09-30": "494.12500", "2010-06-30": "442.23000", "2010-03-31": "603.34900", "2009-12-31": "595.46780", "2009-09-30": "611.63200", "2009-06-30": "583.59900", "2009-03-31": "838.92000", "2008-12-31": "710.11390", "2008-09-30": "801.05000", "2008-06-30": "661.69900", "2008-03-31": "823.31700", "2007-12-31": "594.15100", "2007-09-30": "881.23400", "2007-06-30": "804.80200", "2007-03-31": "1070.48600", "2006-12-31": "930.91280", "2006-09-30": "1046.18400", "2006-06-30": "1109.67100", "2006-03-31": "1544.03000", "2005-12-31": "1706.43300", "2005-09-30": "1173.08000", "2005-06-30": "979.92500", "2005-03-31": "1669.16200"}, "Gross Profit": {"2020-09-30": "1537.38800", "2020-06-30": "1322.99600", "2020-03-31": "1497.15600", "2019-12-31": "1336.26700", "2019-09-30": "1445.54200", "2019-06-30": "1263.59100", "2019-03-31": "1440.91000", "2018-12-31": "1338.94300", "2018-09-30": "1429.13400", "2018-06-30": "1199.94100", "2018-03-31": "1341.21500", "2017-12-31": "1315.35200", "2017-09-30": "1336.73600", "2017-06-30": "1213.10700", "2017-03-31": "1351.48600", "2016-12-31": "1277.70500", "2016-09-30": "1373.89600", "2016-06-30": "1185.92400", "2016-03-31": "1300.77600", "2015-12-31": "1154.13200", "2015-09-30": "1230.46500", "2015-06-30": "1131.94300", "2015-03-31": "1351.38200", "2014-12-31": "1178.56200", "2014-09-30": "1175.90100", "2014-06-30": "1053.40300", "2014-03-31": "1312.44000", "2013-12-31": "1176.76700", "2013-09-30": "1246.70900", "2013-06-30": "1147.56000", "2013-03-31": "1247.21400", "2012-12-31": "1139.69600", "2012-09-30": "1258.77800", "2012-06-30": "1086.67000", "2012-03-31": "704.27910", "2011-12-31": "673.00720", "2011-09-30": "708.65500", "2011-06-30": "664.93900", "2011-03-31": "761.14200", "2010-12-31": "709.18700", "2010-09-30": "749.21200", "2010-06-30": "669.19600", "2010-03-31": "736.07100", "2009-12-31": "719.87530", "2009-09-30": "694.54100", "2009-06-30": "640.83200", "2009-03-31": "754.56300", "2008-12-31": "737.77230", "2008-09-30": "705.84700", "2008-06-30": "663.64600", "2008-03-31": "696.65000", "2007-12-31": "681.80810", "2007-09-30": "569.74300", "2007-06-30": "586.97000", "2007-03-31": "633.03200", "2006-12-31": "545.54100", "2006-09-30": "546.60010", "2006-06-30": "551.39000", "2006-03-31": "603.35790", "2005-12-31": "120.27400", "2005-09-30": "581.86210", "2005-06-30": "551.68800", "2005-03-31": "563.80210"}, "Research And Development Expenses": {"2020-09-30": "", "2020-06-30": "", "2020-03-31": "", "2019-12-31": "", "2019-09-30": "", "2019-06-30": "", "2019-03-31": "", "2018-12-31": "", "2018-09-30": "", "2018-06-30": "", "2018-03-31": "", "2017-12-31": "", "2017-09-30": "", "2017-06-30": "", "2017-03-31": "", "2016-12-31": "", "2016-09-30": "", "2016-06-30": "", "2016-03-31": "", "2015-12-31": "", "2015-09-30": "", "2015-06-30": "", "2015-03-31": "", "2014-12-31": "", "2014-09-30": "", "2014-06-30": "", "2014-03-31": "", "2013-12-31": "", "2013-09-30": "", "2013-06-30": "", "2013-03-31": "", "2012-12-31": "", "2012-09-30": "", "2012-06-30": "", "2012-03-31": "", "2011-12-31": "", "2011-09-30": "", "2011-06-30": "", "2011-03-31": "", "2010-12-31": "", "2010-09-30": "", "2010-06-30": "", "2010-03-31": "", "2009-12-31": "", "2009-09-30": "", "2009-06-30": "", "2009-03-31": "", "2008-12-31": "", "2008-09-30": "", "2008-06-30": "", "2008-03-31": "", "2007-12-31": "", "2007-09-30": "", "2007-06-30": "", "2007-03-31": "", "2006-12-31": "", "2006-09-30": "", "2006-06-30": "", "2006-03-31": "", "2005-12-31": "", "2005-09-30": "", "2005-06-30": "", "2005-03-31": ""}, "SG&A Expenses": {"2020-09-30": "529.14300", "2020-06-30": "510.07400", "2020-03-31": "523.65600", "2019-12-31": "541.85100", "2019-09-30": "503.01900", "2019-06-30": "509.09300", "2019-03-31": "520.18500", "2018-12-31": "546.92900", "2018-09-30": "531.76600", "2018-06-30": "471.28900", "2018-03-31": "514.98200", "2017-12-31": "547.88700", "2017-09-30": "475.96600", "2017-06-30": "466.42700", "2017-03-31": "493.52900", "2016-12-31": "531.40410", "2016-09-30": "489.67600", "2016-06-30": "475.04400", "2016-03-31": "480.08200", "2015-12-31": "503.33600", "2015-09-30": "478.08700", "2015-06-30": "455.57600", "2015-03-31": "482.86300", "2014-12-31": "498.09200", "2014-09-30": "485.61900", "2014-06-30": "508.03700", "2014-03-31": "497.22100", "2013-12-31": "545.41090", "2013-09-30": "522.19900", "2013-06-30": "480.63300", "2013-03-31": "478.97300", "2012-12-31": "510.24390", "2012-09-30": "516.19300", "2012-06-30": "642.83900", "2012-03-31": "348.00100", "2011-12-31": "573.13600", "2011-09-30": "340.54500", "2011-06-30": "349.12000", "2011-03-31": "156.16700", "2010-12-31": "909.25290", "2010-09-30": "134.37800", "2010-06-30": "141.22300", "2010-03-31": "131.23600", "2009-12-31": "132.90900", "2009-09-30": "137.40700", "2009-06-30": "110.79100", "2009-03-31": "135.26500", "2008-12-31": "122.57800", "2008-09-30": "140.31300", "2008-06-30": "130.17400", "2008-03-31": "128.53800", "2007-12-31": "110.66100", "2007-09-30": "117.33900", "2007-06-30": "117.20200", "2007-03-31": "118.57500", "2006-12-31": "107.70100", "2006-09-30": "118.09700", "2006-06-30": "103.64200", "2006-03-31": "114.84600", "2005-12-31": "100.75500", "2005-09-30": "111.09900", "2005-06-30": "103.42900", "2005-03-31": "110.49700"}, "Other Operating Income Or Expenses": {"2020-09-30": "-145.04700", "2020-06-30": "-115.35400", "2020-03-31": "-148.39300", "2019-12-31": "-118.58400", "2019-09-30": "-136.83200", "2019-06-30": "-345.48100", "2019-03-31": "-140.11600", "2018-12-31": "-106.21900", "2018-09-30": "-129.96500", "2018-06-30": "-101.95500", "2018-03-31": "-134.24100", "2017-12-31": "-89.07400", "2017-09-30": "-129.20500", "2017-06-30": "-116.39800", "2017-03-31": "-146.15800", "2016-12-31": "-127.69600", "2016-09-30": "-149.12100", "2016-06-30": "-119.66700", "2016-03-31": "-137.17500", "2015-12-31": "-115.14100", "2015-09-30": "-132.10700", "2015-06-30": "-101.85000", "2015-03-31": "-146.60300", "2014-12-31": "-112.89800", "2014-09-30": "-118.69300", "2014-06-30": "-102.71100", "2014-03-31": "-138.82500", "2013-12-31": "-95.90900", "2013-09-30": "-106.09700", "2013-06-30": "-94.14200", "2013-03-31": "-105.77100", "2012-12-31": "-104.06100", "2012-09-30": "-98.32600", "2012-06-30": "-73.48900", "2012-03-31": "-37.27300", "2011-12-31": "185.78800", "2011-09-30": "-35.25500", "2011-06-30": "-29.97000", "2011-03-31": "-251.97800", "2010-12-31": "564.38600", "2010-09-30": "-233.47200", "2010-06-30": "-206.66400", "2010-03-31": "-248.27300", "2009-12-31": "-268.62800", "2009-09-30": "-250.29600", "2009-06-30": "-234.82100", "2009-03-31": "-247.44500", "2008-12-31": "-266.39800", "2008-09-30": "-232.22200", "2008-06-30": "-237.20300", "2008-03-31": "-285.88100", "2007-12-31": "-283.06090", "2007-09-30": "-195.11200", "2007-06-30": "-245.87900", "2007-03-31": "-237.23300", "2006-12-31": "-294.26310", "2006-09-30": "-248.95600", "2006-06-30": "-268.58300", "2006-03-31": "-309.73200", "2005-12-31": "141.74700", "2005-09-30": "-369.56800", "2005-06-30": "-341.96400", "2005-03-31": "-433.99100"}, "Operating Expenses": {"2020-09-30": "1782.41200", "2020-06-30": "1519.47300", "2020-03-31": "1834.60600", "2019-12-31": "1614.82100", "2019-09-30": "1666.55900", "2019-06-30": "1733.50700", "2019-03-31": "1921.09200", "2018-12-31": "1634.93500", "2018-09-30": "1805.40400", "2018-06-30": "1462.50200", "2018-03-31": "1845.43000", "2017-12-31": "1451.68000", "2017-09-30": "1493.26100", "2017-06-30": "1314.60300", "2017-03-31": "1604.15800", "2016-12-31": "1357.15700", "2016-09-30": "1529.83700", "2016-06-30": "1343.76200", "2016-03-31": "1567.09900", "2015-12-31": "1305.79400", "2015-09-30": "1463.86700", "2015-06-30": "1405.04600", "2015-03-31": "2015.95600", "2014-12-31": "1450.86000", "2014-09-30": "1451.62200", "2014-06-30": "1383.62400", "2014-03-31": "1822.90100", "2013-12-31": "1417.07700", "2013-09-30": "1493.32800", "2013-06-30": "1285.28600", "2013-03-31": "1576.07800", "2012-12-31": "1352.55800", "2012-09-30": "1448.62400", "2012-06-30": "1469.16900", "2012-03-31": "885.23000", "2011-12-31": "883.16410", "2011-09-30": "911.07600", "2011-06-30": "869.34700", "2011-03-31": "1007.89400", "2010-12-31": "1008.73300", "2010-09-30": "1043.70400", "2010-06-30": "933.08200", "2010-03-31": "1112.75700", "2009-12-31": "1122.98900", "2009-09-30": "1143.62000", "2009-06-30": "1045.24500", "2009-03-31": "1376.20100", "2008-12-31": "1276.58900", "2008-09-30": "1357.82000", "2008-06-30": "1187.22600", "2008-03-31": "1387.69500", "2007-12-31": "1132.38000", "2007-09-30": "1327.61700", "2007-06-30": "1274.96400", "2007-03-31": "1547.78500", "2006-12-31": "1407.54400", "2006-09-30": "1515.11400", "2006-06-30": "1584.47100", "2006-03-31": "2134.58700", "2005-12-31": "1843.21800", "2005-09-30": "1835.80700", "2005-06-30": "1545.58400", "2005-03-31": "2337.66700"}, "Operating Income": {"2020-09-30": "561.23010", "2020-06-30": "433.65500", "2020-03-31": "539.11990", "2019-12-31": "435.56460", "2019-09-30": "509.23820", "2019-06-30": "150.98800", "2019-03-31": "494.70010", "2018-12-31": "400.02320", "2018-09-30": "466.02110", "2018-06-30": "391.35400", "2018-03-31": "442.53200", "2017-12-31": "443.81410", "2017-09-30": "495.25100", "2017-06-30": "448.20810", "2017-03-31": "500.97690", "2016-12-31": "419.44630", "2016-09-30": "509.86900", "2016-06-30": "423.42200", "2016-03-31": "488.53590", "2015-12-31": "385.43620", "2015-09-30": "469.23800", "2015-06-30": "412.01500", "2015-03-31": "497.47500", "2014-12-31": "430.26000", "2014-09-30": "440.91000", "2014-06-30": "293.99000", "2014-03-31": "467.68920", "2013-12-31": "360.65250", "2013-09-30": "399.26180", "2013-06-30": "350.57600", "2013-03-31": "418.94490", "2012-12-31": "331.39260", "2012-09-30": "412.90500", "2012-06-30": "159.51500", "2012-03-31": "214.39300", "2011-12-31": "184.86910", "2011-09-30": "203.81600", "2011-06-30": "178.13400", "2011-03-31": "227.35690", "2010-12-31": "195.25070", "2010-09-30": "199.63310", "2010-06-30": "178.34410", "2010-03-31": "226.66310", "2009-12-31": "192.35410", "2009-09-30": "162.55300", "2009-06-30": "179.18600", "2009-03-31": "217.28210", "2008-12-31": "171.29720", "2008-09-30": "149.07690", "2008-06-30": "138.11890", "2008-03-31": "132.27210", "2007-12-31": "143.57950", "2007-09-30": "123.36010", "2007-06-30": "116.80800", "2007-03-31": "155.73300", "2006-12-31": "68.90940", "2006-09-30": "77.67030", "2006-06-30": "76.59010", "2006-03-31": "12.80080", "2005-12-31": "-16.51120", "2005-09-30": "-80.86500", "2005-06-30": "-13.97100", "2005-03-31": "-104.70290"}, "Total Non-Operating Income/Expense": {"2020-09-30": "-104.84800", "2020-06-30": "-104.04200", "2020-03-31": "-110.61100", "2019-12-31": "-104.58410", "2019-09-30": "-108.24800", "2019-06-30": "-86.83900", "2019-03-31": "-100.74900", "2018-12-31": "-98.36100", "2018-09-30": "-108.48300", "2018-06-30": "-76.25500", "2018-03-31": "-87.34000", "2017-12-31": "-73.54200", "2017-09-30": "-80.18300", "2017-06-30": "-78.30700", "2017-03-31": "-81.81000", "2016-12-31": "-61.57700", "2016-09-30": "-86.22400", "2016-06-30": "-92.45400", "2016-03-31": "-96.20100", "2015-12-31": "-82.42400", "2015-09-30": "-87.29300", "2015-06-30": "-79.36000", "2015-03-31": "-89.11600", "2014-12-31": "-84.33200", "2014-09-30": "-77.87800", "2014-06-30": "-86.96900", "2014-03-31": "-88.30800", "2013-12-31": "-79.87800", "2013-09-30": "-78.53100", "2013-06-30": "-81.90600", "2013-03-31": "-68.49000", "2012-12-31": "-79.25100", "2012-09-30": "-86.03700", "2012-06-30": "-87.24100", "2012-03-31": "-57.67400", "2011-12-31": "-57.07200", "2011-09-30": "-62.50200", "2011-06-30": "-54.90000", "2011-03-31": "-48.23600", "2010-12-31": "-14.74500", "2010-09-30": "-55.78000", "2010-06-30": "-65.64500", "2010-03-31": "-59.20500", "2009-12-31": "-56.34700", "2009-09-30": "-60.14500", "2009-06-30": "-52.54900", "2009-03-31": "-66.79500", "2008-12-31": "-60.72900", "2008-09-30": "-53.21500", "2008-06-30": "-55.69000", "2008-03-31": "-49.08300", "2007-12-31": "-34.65700", "2007-09-30": "-51.03200", "2007-06-30": "-47.70400", "2007-03-31": "-45.21300", "2006-12-31": "-22.10000", "2006-09-30": "-49.33000", "2006-06-30": "-51.98100", "2006-03-31": "-50.39100", "2005-12-31": "-40.72000", "2005-09-30": "-52.33300", "2005-06-30": "-55.13000", "2005-03-31": "-71.97300"}, "Pre-Tax Income": {"2020-09-30": "456.38200", "2020-06-30": "329.61300", "2020-03-31": "428.50900", "2019-12-31": "330.98110", "2019-09-30": "400.99000", "2019-06-30": "64.14900", "2019-03-31": "393.95100", "2018-12-31": "301.66200", "2018-09-30": "357.53800", "2018-06-30": "315.09900", "2018-03-31": "355.19200", "2017-12-31": "370.27100", "2017-09-30": "415.06800", "2017-06-30": "369.90100", "2017-03-31": "419.16700", "2016-12-31": "357.87000", "2016-09-30": "423.64500", "2016-06-30": "330.96800", "2016-03-31": "392.33500", "2015-12-31": "303.01180", "2015-09-30": "381.94500", "2015-06-30": "332.65500", "2015-03-31": "408.35900", "2014-12-31": "345.92810", "2014-09-30": "363.03200", "2014-06-30": "207.02100", "2014-03-31": "379.38100", "2013-12-31": "280.77400", "2013-09-30": "320.73100", "2013-06-30": "268.67000", "2013-03-31": "350.45500", "2012-12-31": "252.14200", "2012-09-30": "326.86800", "2012-06-30": "72.27400", "2012-03-31": "156.71900", "2011-12-31": "127.79700", "2011-09-30": "141.31400", "2011-06-30": "123.23400", "2011-03-31": "179.12100", "2010-12-31": "180.50600", "2010-09-30": "143.85300", "2010-06-30": "112.69900", "2010-03-31": "167.45800", "2009-12-31": "136.00700", "2009-09-30": "102.40800", "2009-06-30": "126.63700", "2009-03-31": "150.48700", "2008-12-31": "110.56800", "2008-09-30": "95.86200", "2008-06-30": "82.42900", "2008-03-31": "83.18900", "2007-12-31": "108.92300", "2007-09-30": "72.32800", "2007-06-30": "69.10400", "2007-03-31": "110.52000", "2006-12-31": "46.81000", "2006-09-30": "28.34000", "2006-06-30": "24.60900", "2006-03-31": "-37.59000", "2005-12-31": "-57.23100", "2005-09-30": "-133.19800", "2005-06-30": "-69.10100", "2005-03-31": "-176.67600"}, "Income Taxes": {"2020-09-30": "108.24200", "2020-06-30": "75.50100", "2020-03-31": "91.87600", "2019-12-31": "79.06500", "2019-09-30": "80.22600", "2019-06-30": "30.81500", "2019-03-31": "83.39300", "2018-12-31": "68.47600", "2018-09-30": "66.27800", "2018-06-30": "70.45200", "2018-03-31": "83.76600", "2017-12-31": "130.97300", "2017-09-30": "152.81800", "2017-06-30": "137.27200", "2017-03-31": "157.82900", "2016-12-31": "126.81000", "2016-09-30": "156.44600", "2016-06-30": "125.43900", "2016-03-31": "146.30200", "2015-12-31": "119.32700", "2015-09-30": "144.14600", "2015-06-30": "123.26800", "2015-03-31": "153.22600", "2014-12-31": "122.43900", "2014-09-30": "126.53900", "2014-06-30": "77.77400", "2014-03-31": "141.54500", "2013-12-31": "101.49700", "2013-09-30": "109.35100", "2013-06-30": "95.60600", "2013-03-31": "120.48700", "2012-12-31": "75.54700", "2012-09-30": "117.36000", "2012-06-30": "26.05500", "2012-03-31": "55.96400", "2011-12-31": "13.01800", "2011-09-30": "49.88300", "2011-06-30": "44.51500", "2011-03-31": "63.53700", "2010-12-31": "49.28300", "2010-09-30": "41.91800", "2010-06-30": "39.35100", "2010-03-31": "79.85700", "2009-12-31": "49.90000", "2009-09-30": "36.23000", "2009-06-30": "42.39400", "2009-03-31": "51.42300", "2008-12-31": "37.28000", "2008-09-30": "21.78300", "2008-06-30": "23.19200", "2008-03-31": "23.40600", "2007-12-31": "34.23800", "2007-09-30": "20.75600", "2007-06-30": "21.70300", "2007-03-31": "32.72300", "2006-12-31": "8.76100", "2006-09-30": "-75.70200", "2006-06-30": "8.92000", "2006-03-31": "-18.30500", "2005-12-31": "-53.13200", "2005-09-30": "-34.85600", "2005-06-30": "-32.10400", "2005-03-31": "-64.77000"}, "Income After Taxes": {"2020-09-30": "348.14000", "2020-06-30": "254.11200", "2020-03-31": "336.63300", "2019-12-31": "251.91610", "2019-09-30": "320.76400", "2019-06-30": "33.33400", "2019-03-31": "310.55800", "2018-12-31": "233.18600", "2018-09-30": "291.26000", "2018-06-30": "244.64700", "2018-03-31": "271.42600", "2017-12-31": "239.29790", "2017-09-30": "262.25000", "2017-06-30": "232.62900", "2017-03-31": "261.33800", "2016-12-31": "231.06000", "2016-09-30": "267.19900", "2016-06-30": "205.52900", "2016-03-31": "246.03300", "2015-12-31": "183.68500", "2015-09-30": "237.79900", "2015-06-30": "209.38700", "2015-03-31": "255.13300", "2014-12-31": "223.48900", "2014-09-30": "236.49300", "2014-06-30": "129.24700", "2014-03-31": "237.83600", "2013-12-31": "179.27690", "2013-09-30": "211.38000", "2013-06-30": "173.06400", "2013-03-31": "229.96800", "2012-12-31": "176.59500", "2012-09-30": "209.50800", "2012-06-30": "46.21900", "2012-03-31": "100.75500", "2011-12-31": "114.77900", "2011-09-30": "91.43100", "2011-06-30": "78.71900", "2011-03-31": "115.58400", "2010-12-31": "131.22300", "2010-09-30": "101.93500", "2010-06-30": "73.34800", "2010-03-31": "87.60100", "2009-12-31": "86.10700", "2009-09-30": "66.17800", "2009-06-30": "84.24300", "2009-03-31": "99.06400", "2008-12-31": "73.28800", "2008-09-30": "74.07900", "2008-06-30": "59.23700", "2008-03-31": "59.78300", "2007-12-31": "74.68500", "2007-09-30": "51.57200", "2007-06-30": "47.40100", "2007-03-31": "77.79700", "2006-12-31": "38.04900", "2006-09-30": "104.04200", "2006-06-30": "15.68900", "2006-03-31": "-19.28500", "2005-12-31": "-4.09900", "2005-09-30": "-98.34200", "2005-06-30": "-36.99700", "2005-03-31": "-111.90600"}, "Other Income": {"2020-09-30": "", "2020-06-30": "", "2020-03-31": "", "2019-12-31": "", "2019-09-30": "", "2019-06-30": "", "2019-03-31": "", "2018-12-31": "", "2018-09-30": "", "2018-06-30": "", "2018-03-31": "", "2017-12-31": "", "2017-09-30": "", "2017-06-30": "", "2017-03-31": "", "2016-12-31": "", "2016-09-30": "", "2016-06-30": "", "2016-03-31": "", "2015-12-31": "", "2015-09-30": "", "2015-06-30": "", "2015-03-31": "", "2014-12-31": "", "2014-09-30": "", "2014-06-30": "", "2014-03-31": "", "2013-12-31": "", "2013-09-30": "", "2013-06-30": "", "2013-03-31": "", "2012-12-31": "", "2012-09-30": "", "2012-06-30": "", "2012-03-31": "", "2011-12-31": "", "2011-09-30": "", "2011-06-30": "", "2011-03-31": "", "2010-12-31": "", "2010-09-30": "", "2010-06-30": "", "2010-03-31": "", "2009-12-31": "", "2009-09-30": "", "2009-06-30": "", "2009-03-31": "", "2008-12-31": "", "2008-09-30": "", "2008-06-30": "", "2008-03-31": "", "2007-12-31": "", "2007-09-30": "", "2007-06-30": "", "2007-03-31": "", "2006-12-31": "", "2006-09-30": "", "2006-06-30": "", "2006-03-31": "", "2005-12-31": "", "2005-09-30": "", "2005-06-30": "", "2005-03-31": ""}, "Income From Continuous Operations": {"2020-09-30": "348.14000", "2020-06-30": "254.11200", "2020-03-31": "336.63300", "2019-12-31": "251.91610", "2019-09-30": "320.76400", "2019-06-30": "33.33400", "2019-03-31": "310.55800", "2018-12-31": "233.18600", "2018-09-30": "291.26000", "2018-06-30": "244.64700", "2018-03-31": "271.42600", "2017-12-31": "239.29790", "2017-09-30": "262.25000", "2017-06-30": "232.62900", "2017-03-31": "261.33800", "2016-12-31": "231.06000", "2016-09-30": "267.19900", "2016-06-30": "205.52900", "2016-03-31": "246.03300", "2015-12-31": "183.68500", "2015-09-30": "237.79900", "2015-06-30": "209.38700", "2015-03-31": "255.13300", "2014-12-31": "223.48900", "2014-09-30": "236.49300", "2014-06-30": "129.24700", "2014-03-31": "237.83600", "2013-12-31": "179.27690", "2013-09-30": "211.38000", "2013-06-30": "173.06400", "2013-03-31": "229.96800", "2012-12-31": "176.59500", "2012-09-30": "209.50800", "2012-06-30": "46.21900", "2012-03-31": "100.75500", "2011-12-31": "114.77900", "2011-09-30": "91.43100", "2011-06-30": "78.71900", "2011-03-31": "115.58400", "2010-12-31": "131.22300", "2010-09-30": "101.93500", "2010-06-30": "73.34800", "2010-03-31": "87.60100", "2009-12-31": "86.10700", "2009-09-30": "66.17800", "2009-06-30": "84.24300", "2009-03-31": "99.06400", "2008-12-31": "73.28800", "2008-09-30": "74.07900", "2008-06-30": "59.23700", "2008-03-31": "59.78300", "2007-12-31": "78.85400", "2007-09-30": "50.18200", "2007-06-30": "46.01200", "2007-03-31": "76.40700", "2006-12-31": "36.65900", "2006-09-30": "102.65200", "2006-06-30": "14.30000", "2006-03-31": "-20.67500", "2005-12-31": "-5.48900", "2005-09-30": "-99.73200", "2005-06-30": "-38.38600", "2005-03-31": "-113.29600"}, "Income From Discontinued Operations": {"2020-09-30": "", "2020-06-30": "", "2020-03-31": "", "2019-12-31": "", "2019-09-30": "", "2019-06-30": "", "2019-03-31": "", "2018-12-31": "", "2018-09-30": "", "2018-06-30": "", "2018-03-31": "", "2017-12-31": "", "2017-09-30": "", "2017-06-30": "", "2017-03-31": "", "2016-12-31": "", "2016-09-30": "", "2016-06-30": "", "2016-03-31": "", "2015-12-31": "", "2015-09-30": "", "2015-06-30": "", "2015-03-31": "", "2014-12-31": "", "2014-09-30": "", "2014-06-30": "", "2014-03-31": "", "2013-12-31": "", "2013-09-30": "", "2013-06-30": "", "2013-03-31": "", "2012-12-31": "", "2012-09-30": "", "2012-06-30": "", "2012-03-31": "", "2011-12-31": "", "2011-09-30": "", "2011-06-30": "", "2011-03-31": "", "2010-12-31": "", "2010-09-30": "", "2010-06-30": "", "2010-03-31": "", "2009-12-31": "", "2009-09-30": "", "2009-06-30": "", "2009-03-31": "", "2008-12-31": "", "2008-09-30": "", "2008-06-30": "", "2008-03-31": "", "2007-12-31": "-0.58300", "2007-09-30": "-0.05800", "2007-06-30": "2.54100", "2007-03-31": "-1.31300", "2006-12-31": "310.33400", "2006-09-30": "8.79700", "2006-06-30": "7.94200", "2006-03-31": "10.56900", "2005-12-31": "-7.07900", "2005-09-30": "5.24000", "2005-06-30": "10.68200", "2005-03-31": "-4.42300"}, "Net Income": {"2020-09-30": "346.26000", "2020-06-30": "252.23200", "2020-03-31": "334.75300", "2019-12-31": "250.03700", "2019-09-30": "318.88400", "2019-06-30": "31.45400", "2019-03-31": "308.67800", "2018-12-31": "231.30700", "2018-09-30": "289.38000", "2018-06-30": "242.76700", "2018-03-31": "269.54600", "2017-12-31": "237.41900", "2017-09-30": "260.37000", "2017-06-30": "230.74900", "2017-03-31": "259.45800", "2016-12-31": "229.18100", "2016-09-30": "265.31900", "2016-06-30": "203.64900", "2016-03-31": "244.15300", "2015-12-31": "181.80400", "2015-09-30": "235.92000", "2015-06-30": "207.50700", "2015-03-31": "253.25400", "2014-12-31": "221.60800", "2014-09-30": "234.61400", "2014-06-30": "127.36700", "2014-03-31": "235.95700", "2013-12-31": "177.39600", "2013-09-30": "209.50100", "2013-06-30": "171.02100", "2013-03-31": "228.08900", "2012-12-31": "174.71600", "2012-09-30": "207.62800", "2012-06-30": "44.33900", "2012-03-31": "99.26200", "2011-12-31": "113.29900", "2011-09-30": "89.96100", "2011-06-30": "77.27800", "2011-03-31": "114.15500", "2010-12-31": "129.26800", "2010-09-30": "100.52400", "2010-06-30": "71.94600", "2010-03-31": "86.21100", "2009-12-31": "84.71700", "2009-09-30": "64.78800", "2009-06-30": "82.85400", "2009-03-31": "97.67400", "2008-12-31": "71.89800", "2008-09-30": "72.68900", "2008-06-30": "57.84800", "2008-03-31": "58.39300", "2007-12-31": "72.71200", "2007-09-30": "50.12400", "2007-06-30": "48.55300", "2007-03-31": "75.09400", "2006-12-31": "346.99300", "2006-09-30": "111.44900", "2006-06-30": "22.24200", "2006-03-31": "-10.10600", "2005-12-31": "-13.57300", "2005-09-30": "-94.49200", "2005-06-30": "-27.70400", "2005-03-31": "-117.71900"}, "EBITDA": {"2020-09-30": "863.19710", "2020-06-30": "697.56700", "2020-03-31": "825.10690", "2019-12-31": "675.83050", "2019-09-30": "805.69220", "2019-06-30": "409.01700", "2019-03-31": "780.60910", "2018-12-31": "685.79420", "2018-09-30": "767.40320", "2018-06-30": "626.69700", "2018-03-31": "691.99200", "2017-12-31": "678.39220", "2017-09-30": "731.56490", "2017-06-30": "630.28210", "2017-03-31": "711.79900", "2016-12-31": "618.60420", "2016-09-30": "735.10000", "2016-06-30": "591.21200", "2016-03-31": "683.51890", "2015-12-31": "535.65520", "2015-09-30": "620.27110", "2015-06-30": "574.51700", "2015-03-31": "721.91600", "2014-12-31": "567.57100", "2014-09-30": "571.59000", "2014-06-30": "442.65500", "2014-03-31": "676.39420", "2013-12-31": "535.44840", "2013-09-30": "618.41190", "2013-06-30": "572.78500", "2013-03-31": "662.47000", "2012-12-31": "525.39060", "2012-09-30": "644.25800", "2012-06-30": "370.34300", "2012-03-31": "319.00500", "2011-12-31": "286.56910", "2011-09-30": "332.85400", "2011-06-30": "284.94000", "2011-03-31": "352.99690", "2010-12-31": "364.31970", "2010-09-30": "381.36210", "2010-06-30": "321.30910", "2010-03-31": "356.56210", "2009-12-31": "318.33810", "2009-09-30": "306.83800", "2009-06-30": "309.91410", "2009-03-31": "357.15910", "2008-12-31": "354.69430", "2008-09-30": "333.45990", "2008-06-30": "292.99490", "2008-03-31": "279.45910", "2007-12-31": "286.59150", "2007-09-30": "252.53810", "2007-06-30": "221.38500", "2007-03-31": "285.97600", "2006-12-31": "149.38240", "2006-09-30": "193.59630", "2006-06-30": "222.45810", "2006-03-31": "130.83080", "2005-12-31": "182.51980", "2005-09-30": "94.86800", "2005-06-30": "139.97200", "2005-03-31": "23.27210"}, "EBIT": {"2020-09-30": "561.23010", "2020-06-30": "433.65500", "2020-03-31": "539.11990", "2019-12-31": "435.56450", "2019-09-30": "509.23820", "2019-06-30": "150.98800", "2019-03-31": "494.70010", "2018-12-31": "400.02310", "2018-09-30": "466.02110", "2018-06-30": "391.35400", "2018-03-31": "442.53200", "2017-12-31": "443.81350", "2017-09-30": "495.25100", "2017-06-30": "448.20810", "2017-03-31": "500.97690", "2016-12-31": "419.44650", "2016-09-30": "509.86900", "2016-06-30": "423.42200", "2016-03-31": "488.53590", "2015-12-31": "385.43600", "2015-09-30": "469.23800", "2015-06-30": "412.01500", "2015-03-31": "497.47500", "2014-12-31": "430.25990", "2014-09-30": "440.91000", "2014-06-30": "293.99000", "2014-03-31": "467.68920", "2013-12-31": "360.65220", "2013-09-30": "399.26180", "2013-06-30": "350.57600", "2013-03-31": "418.94490", "2012-12-31": "331.39300", "2012-09-30": "412.90500", "2012-06-30": "159.51500", "2012-03-31": "214.39300", "2011-12-31": "184.86940", "2011-09-30": "203.81600", "2011-06-30": "178.13400", "2011-03-31": "227.35690", "2010-12-31": "195.25040", "2010-09-30": "199.63310", "2010-06-30": "178.34410", "2010-03-31": "226.66310", "2009-12-31": "192.35390", "2009-09-30": "162.55300", "2009-06-30": "179.18600", "2009-03-31": "217.28210", "2008-12-31": "171.29720", "2008-09-30": "149.07690", "2008-06-30": "138.11890", "2008-03-31": "132.27210", "2007-12-31": "143.57930", "2007-09-30": "123.36010", "2007-06-30": "116.80800", "2007-03-31": "155.73300", "2006-12-31": "68.90960", "2006-09-30": "77.67030", "2006-06-30": "76.59010", "2006-03-31": "12.80080", "2005-12-31": "-16.51150", "2005-09-30": "-80.86500", "2005-06-30": "-13.97100", "2005-03-31": "-104.70290"}, "Basic Shares Outstanding": {"2020-09-30": "343.07700", "2020-06-30": "337.94700", "2020-03-31": "331.10200", "2019-12-31": "321.41600", "2019-09-30": "324.03700", "2019-06-30": "319.66500", "2019-03-31": "317.62500", "2018-12-31": "317.37000", "2018-09-30": "317.36000", "2018-06-30": "317.34500", "2018-03-31": "317.39700", "2017-12-31": "317.41100", "2017-09-30": "317.39300", "2017-06-30": "317.39100", "2017-03-31": "317.46300", "2016-12-31": "317.65000", "2016-09-30": "317.78800", "2016-06-30": "317.78500", "2016-03-31": "317.51700", "2015-12-31": "317.33700", "2015-09-30": "317.45200", "2015-06-30": "317.61300", "2015-03-31": "317.09100", "2014-12-31": "316.13700", "2014-09-30": "316.34100", "2014-06-30": "315.95100", "2014-03-31": "315.53500", "2013-12-31": "315.31100", "2013-09-30": "315.29100", "2013-06-30": "315.15400", "2013-03-31": "315.13000", "2012-12-31": "277.21000", "2012-09-30": "314.80600", "2012-06-30": "301.04800", "2012-03-31": "178.05600", "2011-12-31": "177.41000", "2011-09-30": "177.49800", "2011-06-30": "177.34700", "2011-03-31": "177.18800", "2010-12-31": "176.63600", "2010-09-30": "176.75300", "2010-06-30": "176.57100", "2010-03-31": "176.35000", "2009-12-31": "172.56800", "2009-09-30": "175.35900", "2009-06-30": "175.17600", "2009-03-31": "162.34000", "2008-12-31": "155.53200", "2008-09-30": "155.60700", "2008-06-30": "155.47600", "2008-03-31": "155.28600", "2007-12-31": "154.76000", "2007-09-30": "154.93100", "2007-06-30": "154.73000", "2007-03-31": "154.34900", "2006-12-31": "153.76750", "2006-09-30": "153.88300", "2006-06-30": "153.62900", "2006-03-31": "153.44300", "2005-12-31": "131.63900", "2005-09-30": "129.95700", "2005-06-30": "129.52100", "2005-03-31": "129.27900"}, "Shares Outstanding": {"2020-09-30": "343.77400", "2020-06-30": "338.56200", "2020-03-31": "332.93700", "2019-12-31": "322.94200", "2019-09-30": "326.00800", "2019-06-30": "320.38800", "2019-03-31": "318.31600", "2018-12-31": "317.99300", "2018-09-30": "317.96700", "2018-06-30": "317.88500", "2018-03-31": "317.99300", "2017-12-31": "318.03200", "2017-09-30": "317.95000", "2017-06-30": "317.94700", "2017-03-31": "318.12500", "2016-12-31": "318.45400", "2016-09-30": "318.57700", "2016-06-30": "318.47700", "2016-03-31": "318.48100", "2015-12-31": "318.43300", "2015-09-30": "318.40500", "2015-06-30": "318.56000", "2015-03-31": "318.49100", "2014-12-31": "317.41700", "2014-09-30": "317.55500", "2014-06-30": "317.11300", "2014-03-31": "316.89200", "2013-12-31": "316.21100", "2013-09-30": "316.21800", "2013-06-30": "315.96300", "2013-03-31": "316.00300", "2012-12-31": "277.99400", "2012-09-30": "315.80600", "2012-06-30": "301.81700", "2012-03-31": "178.43700", "2011-12-31": "177.80500", "2011-09-30": "177.83500", "2011-06-30": "177.62700", "2011-03-31": "177.48100", "2010-12-31": "176.88500", "2010-09-30": "177.01200", "2010-06-30": "176.73700", "2010-03-31": "176.53700", "2009-12-31": "172.71700", "2009-09-30": "175.99600", "2009-06-30": "175.67500", "2009-03-31": "162.92500", "2008-12-31": "155.99900", "2008-09-30": "156.09800", "2008-06-30": "155.89500", "2008-03-31": "155.72100", "2007-12-31": "155.30400", "2007-09-30": "155.42000", "2007-06-30": "155.21300", "2007-03-31": "154.99200", "2006-12-31": "154.14670", "2006-09-30": "154.32100", "2006-06-30": "153.92300", "2006-03-31": "153.44300", "2005-12-31": "131.63900", "2005-09-30": "129.95700", "2005-06-30": "129.52100", "2005-03-31": "129.27900"}, "Basic EPS": {"2020-09-30": "1.01000", "2020-06-30": "0.75000", "2020-03-31": "1.01000", "2019-12-31": "0.78000", "2019-09-30": "0.98000", "2019-06-30": "0.10000", "2019-03-31": "0.97000", "2018-12-31": "0.73000", "2018-09-30": "0.91000", "2018-06-30": "0.76000", "2018-03-31": "0.85000", "2017-12-31": "0.75000", "2017-09-30": "0.82000", "2017-06-30": "0.72000", "2017-03-31": "0.82000", "2016-12-31": "0.73000", "2016-09-30": "0.83000", "2016-06-30": "0.64000", "2016-03-31": "0.77000", "2015-12-31": "0.58000", "2015-09-30": "0.74000", "2015-06-30": "0.65000", "2015-03-31": "0.80000", "2014-12-31": "0.70000", "2014-09-30": "0.74000", "2014-06-30": "0.40000", "2014-03-31": "0.75000", "2013-12-31": "0.57000", "2013-09-30": "0.66000", "2013-06-30": "0.54000", "2013-03-31": "0.72000", "2012-12-31": "0.53000", "2012-09-30": "0.66000", "2012-06-30": "0.15000", "2012-03-31": "0.56000", "2011-12-31": "0.63000", "2011-09-30": "0.51000", "2011-06-30": "0.44000", "2011-03-31": "0.64000", "2010-12-31": "0.73000", "2010-09-30": "0.57000", "2010-06-30": "0.41000", "2010-03-31": "0.49000", "2009-12-31": "0.47000", "2009-09-30": "0.37000", "2009-06-30": "0.47000", "2009-03-31": "0.60000", "2008-12-31": "0.46000", "2008-09-30": "0.47000", "2008-06-30": "0.37000", "2008-03-31": "0.38000", "2007-12-31": "0.47000", "2007-09-30": "0.32000", "2007-06-30": "0.31000", "2007-03-31": "0.49000", "2006-12-31": "2.27000", "2006-09-30": "0.72000", "2006-06-30": "0.14000", "2006-03-31": "-0.07000", "2005-12-31": "-0.08000", "2005-09-30": "-0.73000", "2005-06-30": "-0.21000", "2005-03-31": "-0.91000"}, "EPS - Earnings Per Share": {"2020-09-30": "1.01000", "2020-06-30": "0.75000", "2020-03-31": "1.01000", "2019-12-31": "0.76000", "2019-09-30": "0.98000", "2019-06-30": "0.10000", "2019-03-31": "0.97000", "2018-12-31": "0.73000", "2018-09-30": "0.91000", "2018-06-30": "0.76000", "2018-03-31": "0.85000", "2017-12-31": "0.75000", "2017-09-30": "0.82000", "2017-06-30": "0.72000", "2017-03-31": "0.82000", "2016-12-31": "0.72000", "2016-09-30": "0.83000", "2016-06-30": "0.64000", "2016-03-31": "0.77000", "2015-12-31": "0.57000", "2015-09-30": "0.74000", "2015-06-30": "0.65000", "2015-03-31": "0.80000", "2014-12-31": "0.70000", "2014-09-30": "0.74000", "2014-06-30": "0.40000", "2014-03-31": "0.74000", "2013-12-31": "0.57000", "2013-09-30": "0.66000", "2013-06-30": "0.54000", "2013-03-31": "0.72000", "2012-12-31": "0.52000", "2012-09-30": "0.66000", "2012-06-30": "0.15000", "2012-03-31": "0.56000", "2011-12-31": "0.63000", "2011-09-30": "0.51000", "2011-06-30": "0.44000", "2011-03-31": "0.64000", "2010-12-31": "0.72000", "2010-09-30": "0.57000", "2010-06-30": "0.41000", "2010-03-31": "0.49000", "2009-12-31": "0.47000", "2009-09-30": "0.37000", "2009-06-30": "0.47000", "2009-03-31": "0.60000", "2008-12-31": "0.45000", "2008-09-30": "0.47000", "2008-06-30": "0.37000", "2008-03-31": "0.38000", "2007-12-31": "0.47000", "2007-09-30": "0.32000", "2007-06-30": "0.31000", "2007-03-31": "0.49000", "2006-12-31": "2.26000", "2006-09-30": "0.72000", "2006-06-30": "0.14000", "2006-03-31": "-0.07000", "2005-12-31": "-0.08000", "2005-09-30": "-0.73000", "2005-06-30": "-0.21000", "2005-03-31": "-0.91000"}}, "balance sheet": {"Cash On Hand": {"2019-12-31": "15.43200", "2018-12-31": "108.06800", "2017-12-31": "38.16500", "2016-12-31": "30.25100", "2015-12-31": "23.94700", "2014-12-31": "38.70300", "2013-12-31": "43.36400", "2012-12-31": "45.74800", "2011-12-31": "77.52900", "2010-12-31": "101.70100", "2009-12-31": "93.18800", "2008-12-31": "168.26800", "2007-12-31": "394.10200", "2006-12-31": "973.63600", "2005-12-31": "458.38400"}, "Receivables": {"2019-12-31": "989.38300", "2018-12-31": "994.05500", "2017-12-31": "925.08300", "2016-12-31": "847.30100", "2015-12-31": "1080.83900", "2014-12-31": "1193.65300", "2013-12-31": "782.02000", "2012-12-31": "792.82200", "2011-12-31": "488.00200", "2010-12-31": "613.28200", "2009-12-31": "540.37000", "2008-12-31": "698.75500", "2007-12-31": "415.13300", "2006-12-31": "361.20100", "2005-12-31": "901.51600"}, "Inventory": {"2019-12-31": "235.47100", "2018-12-31": "238.04200", "2017-12-31": "223.06300", "2016-12-31": "328.72100", "2015-12-31": "336.47600", "2014-12-31": "349.66400", "2013-12-31": "303.23300", "2012-12-31": "267.71300", "2011-12-31": "248.95800", "2010-12-31": "244.04300", "2009-12-31": "277.08500", "2008-12-31": "300.04900", "2007-12-31": "210.85000", "2006-12-31": "173.88200", "2005-12-31": "206.55700"}, "Pre-Paid Expenses": {"2019-12-31": "342.13500", "2018-12-31": "260.99500", "2017-12-31": "138.00900", "2016-12-31": "215.28400", "2015-12-31": "129.03400", "2014-12-31": "226.19400", "2013-12-31": "197.65900", "2012-12-31": "199.94700", "2011-12-31": "112.63200", "2010-12-31": "100.44100", "2009-12-31": "96.10000", "2008-12-31": "88.67900", "2007-12-31": "58.79400", "2006-12-31": "45.30500", "2005-12-31": "128.04200"}, "Other Current Assets": {"2019-12-31": "832.11800", "2018-12-31": "691.06400", "2017-12-31": "1162.77900", "2016-12-31": "1056.11500", "2015-12-31": "1048.49000", "2014-12-31": "884.25100", "2013-12-31": "760.77300", "2012-12-31": "921.06500", "2011-12-31": "430.35100", "2010-12-31": "447.53300", "2009-12-31": "261.11100", "2008-12-31": "249.81300", "2007-12-31": "207.37700", "2006-12-31": "177.02700", "2005-12-31": "681.14400"}, "Total Current Assets": {"2019-12-31": "2414.53900", "2018-12-31": "2292.22400", "2017-12-31": "2487.09900", "2016-12-31": "2477.67200", "2015-12-31": "2618.78600", "2014-12-31": "2692.46500", "2013-12-31": "2087.04900", "2012-12-31": "2227.29500", "2011-12-31": "1357.47200", "2010-12-31": "1507.00000", "2009-12-31": "1267.85400", "2008-12-31": "1505.56400", "2007-12-31": "1286.25600", "2006-12-31": "1731.05100", "2005-12-31": "2375.64300"}, "Property, Plant, And Equipment": {"2019-12-31": "27585.47000", "2018-12-31": "25610.43000", "2017-12-31": "23617.46000", "2016-12-31": "21350.50000", "2015-12-31": "19892.44000", "2014-12-31": "18647.04000", "2013-12-31": "17576.19000", "2012-12-31": "16605.01000", "2011-12-31": "10403.07000", "2010-12-31": "9567.72600", "2009-12-31": "8839.96500", "2008-12-31": "8207.87600", "2007-12-31": "7229.94500", "2006-12-31": "6242.18600", "2005-12-31": "6417.23000"}, "Long-Term Investments": {"2019-12-31": "871.63300", "2018-12-31": "464.28600", "2017-12-31": "", "2016-12-31": "", "2015-12-31": "", "2014-12-31": "", "2013-12-31": "", "2012-12-31": "", "2011-12-31": "", "2010-12-31": "", "2009-12-31": "", "2008-12-31": "", "2007-12-31": "", "2006-12-31": "", "2005-12-31": ""}, "Goodwill And Intangible Assets": {"2019-12-31": "4427.26600", "2018-12-31": "4427.26600", "2017-12-31": "4427.26600", "2016-12-31": "3519.40100", "2015-12-31": "3519.40100", "2014-12-31": "3519.40100", "2013-12-31": "3519.40100", "2012-12-31": "3519.40100", "2011-12-31": "287.59100", "2010-12-31": "287.59100", "2009-12-31": "287.59100", "2008-12-31": "287.59100", "2007-12-31": "287.59100", "2006-12-31": "287.59100", "2005-12-31": "287.59100"}, "Other Long-Term Assets": {"2019-12-31": "961.36800", "2018-12-31": "815.91500", "2017-12-31": "1191.11100", "2016-12-31": "1066.90200", "2015-12-31": "811.72100", "2014-12-31": "827.39400", "2013-12-31": "854.20700", "2012-12-31": "818.70700", "2011-12-31": "331.22800", "2010-12-31": "230.46200", "2009-12-31": "417.33800", "2008-12-31": "484.84300", "2007-12-31": "518.43510", "2006-12-31": "571.62900", "2005-12-31": "705.01500"}, "Total Long-Term Assets": {"2019-12-31": "38709.38000", "2018-12-31": "35949.03000", "2017-12-31": "33733.29000", "2016-12-31": "29575.49000", "2015-12-31": "27961.52000", "2014-12-31": "27047.92000", "2013-12-31": "25708.49000", "2012-12-31": "26075.53000", "2011-12-31": "14289.60000", "2010-12-31": "12965.60000", "2009-12-31": "12789.82000", "2008-12-31": "12482.92000", "2007-12-31": "10295.57000", "2006-12-31": "9572.18600", "2005-12-31": "10192.23000"}, "Total Assets": {"2019-12-31": "41123.91000", "2018-12-31": "38241.26000", "2017-12-31": "36220.39000", "2016-12-31": "32053.17000", "2015-12-31": "30580.31000", "2014-12-31": "29740.39000", "2013-12-31": "27795.54000", "2012-12-31": "28302.82000", "2011-12-31": "15647.07000", "2010-12-31": "14472.60000", "2009-12-31": "14057.68000", "2008-12-31": "13988.48000", "2007-12-31": "11581.82000", "2006-12-31": "11303.24000", "2005-12-31": "12567.88000"}, "Total Current Liabilities": {"2019-12-31": "3605.56300", "2018-12-31": "4112.88200", "2017-12-31": "3589.04500", "2016-12-31": "3638.60500", "2015-12-31": "2989.79000", "2014-12-31": "3134.38100", "2013-12-31": "3275.65100", "2012-12-31": "3643.69000", "2011-12-31": "1947.68200", "2010-12-31": "1345.14700", "2009-12-31": "979.41200", "2008-12-31": "1703.46200", "2007-12-31": "1206.15000", "2006-12-31": "1363.83500", "2005-12-31": "1975.23000"}, "Long Term Debt": {"2019-12-31": "13770.83000", "2018-12-31": "12248.74000", "2017-12-31": "11775.89000", "2016-12-31": "8829.35400", "2015-12-31": "8805.57400", "2014-12-31": "8568.42900", "2013-12-31": "7776.83300", "2012-12-31": "7200.15600", "2011-12-31": "4614.91300", "2010-12-31": "4632.86600", "2009-12-31": "4492.93500", "2008-12-31": "4103.16200", "2007-12-31": "3483.59900", "2006-12-31": "2960.43500", "2005-12-31": "3027.28800"}, "Other Non-Current Liabilities": {"2019-12-31": "5835.93800", "2018-12-31": "5768.70400", "2017-12-31": "5088.03100", "2016-12-31": "1969.19100", "2015-12-31": "1722.19600", "2014-12-31": "1799.16300", "2013-12-31": "2050.08700", "2012-12-31": "2472.51600", "2011-12-31": "1758.29200", "2010-12-31": "1878.39100", "2009-12-31": "2729.65600", "2008-12-31": "3796.51200", "2007-12-31": "2361.28800", "2006-12-31": "2457.87900", "2005-12-31": "3243.44900"}, "Total Long Term Liabilities": {"2019-12-31": "24888.36000", "2018-12-31": "22641.55000", "2017-12-31": "21545.10000", "2016-12-31": "17702.83000", "2015-12-31": "17238.30000", "2014-12-31": "16629.19000", "2013-12-31": "14752.79000", "2012-12-31": "15266.52000", "2011-12-31": "9567.55900", "2010-12-31": "9198.62100", "2009-12-31": "9384.16500", "2008-12-31": "9148.50600", "2007-12-31": "7345.63700", "2006-12-31": "7025.02200", "2005-12-31": "8047.20100"}, "Total Liabilities": {"2019-12-31": "28493.92000", "2018-12-31": "26754.44000", "2017-12-31": "25134.14000", "2016-12-31": "21341.44000", "2015-12-31": "20228.09000", "2014-12-31": "19763.57000", "2013-12-31": "18028.44000", "2012-12-31": "18910.21000", "2011-12-31": "11515.24000", "2010-12-31": "10543.77000", "2009-12-31": "10363.58000", "2008-12-31": "10851.97000", "2007-12-31": "8551.78700", "2006-12-31": "8388.85700", "2005-12-31": "10022.43000"}, "Common Stock Net": {"2019-12-31": "1729.29200", "2018-12-31": "1669.39200", "2017-12-31": "1669.39200", "2016-12-31": "1669.39200", "2015-12-31": "1669.31300", "2014-12-31": "1666.79600", "2013-12-31": "1665.35100", "2012-12-31": "1662.54700", "2011-12-31": "980.26400", "2010-12-31": "978.90900", "2009-12-31": "977.27600", "2008-12-31": "881.06100", "2007-12-31": "879.62300", "2006-12-31": "877.10100", "2005-12-31": "874.48900"}, "Retained Earnings (Accumulated Deficit)": {"2019-12-31": "4177.04800", "2018-12-31": "3953.97400", "2017-12-31": "3561.08400", "2016-12-31": "3175.17100", "2015-12-31": "2797.35500", "2014-12-31": "2448.66100", "2013-12-31": "2125.98000", "2012-12-31": "1802.71400", "2011-12-31": "1651.87500", "2010-12-31": "1452.77700", "2009-12-31": "1246.54300", "2008-12-31": "1078.59400", "2007-12-31": "946.79200", "2006-12-31": "862.66000", "2005-12-31": "504.30100"}, "Comprehensive Income": {"2019-12-31": "-65.05900", "2018-12-31": "-60.00000", "2017-12-31": "-66.40300", "2016-12-31": "-65.28200", "2015-12-31": "-66.84400", "2014-12-31": "-74.00900", "2013-12-31": "-46.03100", "2012-12-31": "-72.85400", "2011-12-31": "-70.68600", "2010-12-31": "-43.37000", "2009-12-31": "-43.46700", "2008-12-31": "-37.26500", "2007-12-31": "9.35900", "2006-12-31": "4.49800", "2005-12-31": "19.98700"}, "Other Share Holders Equity": {"2019-12-31": "", "2018-12-31": "", "2017-12-31": "", "2016-12-31": "", "2015-12-31": "", "2014-12-31": "", "2013-12-31": "", "2012-12-31": "", "2011-12-31": "", "2010-12-31": "", "2009-12-31": "", "2008-12-31": "", "2007-12-31": "", "2006-12-31": "", "2005-12-31": ""}, "Share Holder Equity": {"2019-12-31": "12629.99000", "2018-12-31": "11486.82000", "2017-12-31": "11086.24000", "2016-12-31": "10711.73000", "2015-12-31": "10352.21000", "2014-12-31": "9976.81500", "2013-12-31": "9767.09600", "2012-12-31": "9392.61800", "2011-12-31": "4131.82600", "2010-12-31": "3928.83300", "2009-12-31": "3694.10200", "2008-12-31": "3136.51200", "2007-12-31": "3030.03500", "2006-12-31": "2914.37900", "2005-12-31": "2545.44400"}, "Total Liabilities And Share Holders Equity": {"2019-12-31": "41123.91000", "2018-12-31": "38241.26000", "2017-12-31": "36220.39000", "2016-12-31": "32053.17000", "2015-12-31": "30580.31000", "2014-12-31": "29740.39000", "2013-12-31": "27795.54000", "2012-12-31": "28302.82000", "2011-12-31": "15647.07000", "2010-12-31": "14472.60000", "2009-12-31": "14057.68000", "2008-12-31": "13988.48000", "2007-12-31": "11581.82000", "2006-12-31": "11303.24000", "2005-12-31": "12567.88000"}}, "balance sheet, quarterly": {"Cash On Hand": {"2020-09-30": "729.99300", "2020-06-30": "64.89000", "2020-03-31": "47.42500", "2019-12-31": "15.43200", "2019-09-30": "22.68800", "2019-06-30": "20.57800", "2019-03-31": "35.14500", "2018-12-31": "108.06800", "2018-09-30": "59.09200", "2018-06-30": "64.15400", "2018-03-31": "303.81000", "2017-12-31": "38.16500", "2017-09-30": "125.76100", "2017-06-30": "24.63800", "2017-03-31": "45.76300", "2016-12-31": "30.25100", "2016-09-30": "40.05600", "2016-06-30": "38.72600", "2016-03-31": "50.96600", "2015-12-31": "23.94700", "2015-09-30": "155.48300", "2015-06-30": "161.29900", "2015-03-31": "71.02700", "2014-12-31": "38.70300", "2014-09-30": "156.42800", "2014-06-30": "150.08300", "2014-03-31": "89.15000", "2013-12-31": "43.36400", "2013-09-30": "57.94100", "2013-06-30": "36.05500", "2013-03-31": "159.93200", "2012-12-31": "45.74800", "2012-09-30": "155.06700", "2012-06-30": "107.71400", "2012-03-31": "346.07900", "2011-12-31": "77.52900", "2011-09-30": "91.24600", "2011-06-30": "89.78700", "2011-03-31": "94.69600", "2010-12-31": "101.70100", "2010-09-30": "121.14800", "2010-06-30": "161.45900", "2010-03-31": "111.97200", "2009-12-31": "93.18800", "2009-09-30": "312.86400", "2009-06-30": "542.98500", "2009-03-31": "493.61700", "2008-12-31": "168.26800", "2008-09-30": "163.44100", "2008-06-30": "94.61600", "2008-03-31": "379.52100", "2007-12-31": "394.10200", "2007-09-30": "646.66200", "2007-06-30": "580.85400", "2007-03-31": "706.21200", "2006-12-31": "973.63600", "2006-09-30": "420.14600", "2006-06-30": "400.44800", "2006-03-31": "398.48200", "2005-12-31": "458.38400", "2005-09-30": "522.93500", "2005-06-30": "397.84500", "2005-03-31": "312.45100"}, "Receivables": {"2020-09-30": "1113.49500", "2020-06-30": "996.29000", "2020-03-31": "1018.94100", "2019-12-31": "989.38300", "2019-09-30": "993.39600", "2019-06-30": "964.31400", "2019-03-31": "1140.34800", "2018-12-31": "994.05500", "2018-09-30": "1091.58900", "2018-06-30": "1123.82600", "2018-03-31": "1086.28200", "2017-12-31": "925.08300", "2017-09-30": "919.95900", "2017-06-30": "833.94500", "2017-03-31": "879.45100", "2016-12-31": "847.30100", "2016-09-30": "967.80600", "2016-06-30": "910.26610", "2016-03-31": "935.14800", "2015-12-31": "1080.83900", "2015-09-30": "940.31100", "2015-06-30": "1021.37000", "2015-03-31": "1231.11400", "2014-12-31": "1193.65300", "2014-09-30": "848.51000", "2014-06-30": "807.51000", "2014-03-31": "980.03300", "2013-12-31": "782.02000", "2013-09-30": "784.49800", "2013-06-30": "789.41000", "2013-03-31": "832.98900", "2012-12-31": "792.82200", "2012-09-30": "773.41500", "2012-06-30": "661.91000", "2012-03-31": "485.77000", "2011-12-31": "488.00200", "2011-09-30": "494.75500", "2011-06-30": "520.05100", "2011-03-31": "626.82200", "2010-12-31": "613.28200", "2010-09-30": "526.28000", "2010-06-30": "495.64000", "2010-03-31": "570.87000", "2009-12-31": "540.37000", "2009-09-30": "591.46900", "2009-06-30": "557.58700", "2009-03-31": "695.59900", "2008-12-31": "698.75500", "2008-09-30": "624.93600", "2008-06-30": "660.06800", "2008-03-31": "504.32900", "2007-12-31": "415.13300", "2007-09-30": "326.90000", "2007-06-30": "317.80000", "2007-03-31": "368.21500", "2006-12-31": "361.20100", "2006-09-30": "483.88300", "2006-06-30": "565.39500", "2006-03-31": "691.25000", "2005-12-31": "901.51600", "2005-09-30": "795.60700", "2005-06-30": "736.22300", "2005-03-31": "855.19200"}, "Inventory": {"2020-09-30": "214.30000", "2020-06-30": "176.13800", "2020-03-31": "286.49800", "2019-12-31": "235.47100", "2019-09-30": "204.01200", "2019-06-30": "174.12400", "2019-03-31": "277.10400", "2018-12-31": "238.04200", "2018-09-30": "192.50800", "2018-06-30": "171.60100", "2018-03-31": "264.17100", "2017-12-31": "223.06300", "2017-09-30": "305.03500", "2017-06-30": "286.29600", "2017-03-31": "361.77900", "2016-12-31": "328.72100", "2016-09-30": "311.05100", "2016-06-30": "292.54700", "2016-03-31": "359.22500", "2015-12-31": "336.47600", "2015-09-30": "302.22500", "2015-06-30": "289.56100", "2015-03-31": "281.49200", "2014-12-31": "349.66400", "2014-09-30": "333.86900", "2014-06-30": "281.72100", "2014-03-31": "228.19200", "2013-12-31": "303.23300", "2013-09-30": "304.69800", "2013-06-30": "280.60000", "2013-03-31": "239.22600", "2012-12-31": "267.71300", "2012-09-30": "267.28100", "2012-06-30": "262.56200", "2012-03-31": "219.09100", "2011-12-31": "248.95800", "2011-09-30": "237.79400", "2011-06-30": "230.75400", "2011-03-31": "202.56100", "2010-12-31": "244.04300", "2010-09-30": "247.25400", "2010-06-30": "226.20000", "2010-03-31": "229.83700", "2009-12-31": "277.08500", "2009-09-30": "281.40900", "2009-06-30": "258.73100", "2009-03-31": "235.71700", "2008-12-31": "300.04900", "2008-09-30": "270.37500", "2008-06-30": "228.76700", "2008-03-31": "155.68700", "2007-12-31": "210.85000", "2007-09-30": "231.16300", "2007-06-30": "186.01700", "2007-03-31": "139.31700", "2006-12-31": "173.88200", "2006-09-30": "175.88600", "2006-06-30": "159.12000", "2006-03-31": "134.73800", "2005-12-31": "206.55700", "2005-09-30": "204.78900", "2005-06-30": "177.03900", "2005-03-31": "143.23900"}, "Pre-Paid Expenses": {"2020-09-30": "243.78100", "2020-06-30": "191.57000", "2020-03-31": "269.45700", "2019-12-31": "342.13500", "2019-09-30": "312.25300", "2019-06-30": "302.49600", "2019-03-31": "181.72400", "2018-12-31": "260.99500", "2018-09-30": "203.43400", "2018-06-30": "107.37900", "2018-03-31": "210.53400", "2017-12-31": "138.00900", "2017-09-30": "159.93900", "2017-06-30": "157.35900", "2017-03-31": "182.65900", "2016-12-31": "215.28400", "2016-09-30": "155.61200", "2016-06-30": "106.56100", "2016-03-31": "133.81300", "2015-12-31": "129.03400", "2015-09-30": "117.85700", "2015-06-30": "62.88400", "2015-03-31": "231.94900", "2014-12-31": "226.19400", "2014-09-30": "135.49700", "2014-06-30": "168.02200", "2014-03-31": "292.53900", "2013-12-31": "197.65900", "2013-09-30": "222.70000", "2013-06-30": "174.48400", "2013-03-31": "104.45200", "2012-12-31": "199.94700", "2012-09-30": "112.96500", "2012-06-30": "95.16000", "2012-03-31": "94.73700", "2011-12-31": "112.63200", "2011-09-30": "130.01000", "2011-06-30": "100.76300", "2011-03-31": "95.35200", "2010-12-31": "100.44100", "2010-09-30": "178.73900", "2010-06-30": "121.83500", "2010-03-31": "151.64100", "2009-12-31": "96.10000", "2009-09-30": "110.12100", "2009-06-30": "77.37800", "2009-03-31": "115.39200", "2008-12-31": "88.67900", "2008-09-30": "77.75600", "2008-06-30": "37.02800", "2008-03-31": "47.80000", "2007-12-31": "58.79400", "2007-09-30": "47.27300", "2007-06-30": "36.24100", "2007-03-31": "45.95500", "2006-12-31": "45.30500", "2006-09-30": "81.00900", "2006-06-30": "92.86100", "2006-03-31": "88.37100", "2005-12-31": "128.04200", "2005-09-30": "100.88400", "2005-06-30": "101.01800", "2005-03-31": "130.98400"}, "Other Current Assets": {"2020-09-30": "918.84400", "2020-06-30": "976.52500", "2020-03-31": "940.34900", "2019-12-31": "832.11800", "2019-09-30": "688.55600", "2019-06-30": "670.18500", "2019-03-31": "666.54300", "2018-12-31": "691.06400", "2018-09-30": "606.74800", "2018-06-30": "810.63000", "2018-03-31": "906.63900", "2017-12-31": "1162.77900", "2017-09-30": "892.77600", "2017-06-30": "1028.57600", "2017-03-31": "1041.74700", "2016-12-31": "1056.11500", "2016-09-30": "940.12700", "2016-06-30": "1067.18400", "2016-03-31": "1111.39500", "2015-12-31": "1048.49000", "2015-09-30": "851.81200", "2015-06-30": "914.81490", "2015-03-31": "977.10900", "2014-12-31": "884.25100", "2014-09-30": "627.24600", "2014-06-30": "661.13900", "2014-03-31": "775.89500", "2013-12-31": "760.77300", "2013-09-30": "648.29500", "2013-06-30": "770.54400", "2013-03-31": "821.41200", "2012-12-31": "921.06500", "2012-09-30": "830.25800", "2012-06-30": "826.65890", "2012-03-31": "377.78900", "2011-12-31": "430.35100", "2011-09-30": "373.57000", "2011-06-30": "396.50700", "2011-03-31": "387.53400", "2010-12-31": "447.53300", "2010-09-30": "162.57400", "2010-06-30": "207.72500", "2010-03-31": "179.25100", "2009-12-31": "261.11100", "2009-09-30": "183.74200", "2009-06-30": "189.11800", "2009-03-31": "206.84300", "2008-12-31": "249.81300", "2008-09-30": "237.73900", "2008-06-30": "373.20700", "2008-03-31": "213.84700", "2007-12-31": "207.37700", "2007-09-30": "163.63300", "2007-06-30": "184.71000", "2007-03-31": "198.44400", "2006-12-31": "177.02700", "2006-09-30": "1029.45200", "2006-06-30": "1104.61900", "2006-03-31": "1362.36800", "2005-12-31": "681.14400", "2005-09-30": "1124.43100", "2005-06-30": "389.32200", "2005-03-31": "536.26300"}, "Total Current Assets": {"2020-09-30": "3220.41300", "2020-06-30": "2405.41300", "2020-03-31": "2562.67000", "2019-12-31": "2414.53900", "2019-09-30": "2220.90500", "2019-06-30": "2131.69700", "2019-03-31": "2300.86400", "2018-12-31": "2292.22400", "2018-09-30": "2153.37100", "2018-06-30": "2277.59000", "2018-03-31": "2771.43600", "2017-12-31": "2487.09900", "2017-09-30": "2403.47000", "2017-06-30": "2330.81400", "2017-03-31": "2511.39900", "2016-12-31": "2477.67200", "2016-09-30": "2414.65200", "2016-06-30": "2415.28400", "2016-03-31": "2590.54700", "2015-12-31": "2618.78600", "2015-09-30": "2367.68800", "2015-06-30": "2449.92900", "2015-03-31": "2792.69100", "2014-12-31": "2692.46500", "2014-09-30": "2101.55000", "2014-06-30": "2068.47500", "2014-03-31": "2365.80900", "2013-12-31": "2087.04900", "2013-09-30": "2018.13200", "2013-06-30": "2051.09300", "2013-03-31": "2158.01100", "2012-12-31": "2227.29500", "2012-09-30": "2138.98600", "2012-06-30": "1954.00500", "2012-03-31": "1523.46600", "2011-12-31": "1357.47200", "2011-09-30": "1327.37500", "2011-06-30": "1337.86200", "2011-03-31": "1406.96500", "2010-12-31": "1507.00000", "2010-09-30": "1235.99500", "2010-06-30": "1212.85900", "2010-03-31": "1243.57100", "2009-12-31": "1267.85400", "2009-09-30": "1479.60500", "2009-06-30": "1625.79900", "2009-03-31": "1747.16800", "2008-12-31": "1505.56400", "2008-09-30": "1374.24700", "2008-06-30": "1393.68600", "2008-03-31": "1301.18400", "2007-12-31": "1286.25600", "2007-09-30": "1415.63100", "2007-06-30": "1305.62200", "2007-03-31": "1458.14300", "2006-12-31": "1731.05100", "2006-09-30": "2190.37600", "2006-06-30": "2322.44300", "2006-03-31": "2675.20900", "2005-12-31": "2375.64300", "2005-09-30": "2748.64600", "2005-06-30": "1801.44700", "2005-03-31": "1978.12900"}, "Property, Plant, And Equipment": {"2020-09-30": "29092.98000", "2020-06-30": "28610.78000", "2020-03-31": "28041.40000", "2019-12-31": "27585.47000", "2019-09-30": "26911.88000", "2019-06-30": "26304.45000", "2019-03-31": "26032.78000", "2018-12-31": "25610.43000", "2018-09-30": "24967.70000", "2018-06-30": "24476.89000", "2018-03-31": "23958.69000", "2017-12-31": "23617.46000", "2017-09-30": "22537.30000", "2017-06-30": "22071.50000", "2017-03-31": "21641.90000", "2016-12-31": "21350.50000", "2016-09-30": "20807.94000", "2016-06-30": "20448.47000", "2016-03-31": "20096.69000", "2015-12-31": "19892.44000", "2015-09-30": "19406.03000", "2015-06-30": "19079.19000", "2015-03-31": "18810.71000", "2014-12-31": "18647.04000", "2014-09-30": "18254.60000", "2014-06-30": "17978.70000", "2014-03-31": "17713.03000", "2013-12-31": "17576.19000", "2013-09-30": "17187.90000", "2013-06-30": "16931.45000", "2013-03-31": "16737.55000", "2012-12-31": "16605.01000", "2012-09-30": "16303.80000", "2012-06-30": "16054.91000", "2012-03-31": "10613.20000", "2011-12-31": "10403.07000", "2011-09-30": "10096.06000", "2011-06-30": "9863.78900", "2011-03-31": "9716.41400", "2010-12-31": "9567.72600", "2010-09-30": "9318.01700", "2010-06-30": "9142.32000", "2010-03-31": "8957.71300", "2009-12-31": "8839.96500", "2009-09-30": "8623.06100", "2009-06-30": "8469.39300", "2009-03-31": "8313.53600", "2008-12-31": "8207.87600", "2008-09-30": "7941.02700", "2008-06-30": "7721.74800", "2008-03-31": "7452.57900", "2007-12-31": "7229.94500", "2007-09-30": "6877.04100", "2007-06-30": "6645.54400", "2007-03-31": "6396.60600", "2006-12-31": "6242.18600", "2006-09-30": "6046.28400", "2006-06-30": "5887.02400", "2006-03-31": "5728.47400", "2005-12-31": "6417.23000", "2005-09-30": "6227.88000", "2005-06-30": "6075.21600", "2005-03-31": "5954.27100"}, "Long-Term Investments": {"2020-09-30": "903.17700", "2020-06-30": "884.27300", "2020-03-31": "876.32800", "2019-12-31": "871.63300", "2019-09-30": "861.68700", "2019-06-30": "748.70500", "2019-03-31": "711.47600", "2018-12-31": "464.28600", "2018-09-30": "", "2018-06-30": "", "2018-03-31": "", "2017-12-31": "", "2017-09-30": "570.25500", "2017-06-30": "", "2017-03-31": "", "2016-12-31": "", "2016-09-30": "525.80900", "2016-06-30": "", "2016-03-31": "", "2015-12-31": "", "2015-09-30": "", "2015-06-30": "", "2015-03-31": "", "2014-12-31": "", "2014-09-30": "", "2014-06-30": "", "2014-03-31": "", "2013-12-31": "", "2013-09-30": "", "2013-06-30": "", "2013-03-31": "", "2012-12-31": "", "2012-09-30": "", "2012-06-30": "", "2012-03-31": "", "2011-12-31": "", "2011-09-30": "", "2011-06-30": "", "2011-03-31": "", "2010-12-31": "", "2010-09-30": "", "2010-06-30": "", "2010-03-31": "", "2009-12-31": "", "2009-09-30": "", "2009-06-30": "", "2009-03-31": "", "2008-12-31": "", "2008-09-30": "", "2008-06-30": "", "2008-03-31": "", "2007-12-31": "", "2007-09-30": "", "2007-06-30": "", "2007-03-31": "", "2006-12-31": "", "2006-09-30": "", "2006-06-30": "", "2006-03-31": "", "2005-12-31": "", "2005-09-30": "", "2005-06-30": "", "2005-03-31": ""}, "Goodwill And Intangible Assets": {"2020-09-30": "4403.66600", "2020-06-30": "4427.26600", "2020-03-31": "4427.26600", "2019-12-31": "4427.26600", "2019-09-30": "4427.26600", "2019-06-30": "4427.26600", "2019-03-31": "4427.26600", "2018-12-31": "4427.26600", "2018-09-30": "4427.26600", "2018-06-30": "4427.26600", "2018-03-31": "4427.26600", "2017-12-31": "4427.26600", "2017-09-30": "3519.40100", "2017-06-30": "3519.40100", "2017-03-31": "3519.40100", "2016-12-31": "3519.40100", "2016-09-30": "3519.40100", "2016-06-30": "3519.40100", "2016-03-31": "3519.40100", "2015-12-31": "3519.40100", "2015-09-30": "3519.40100", "2015-06-30": "3519.40100", "2015-03-31": "3519.40100", "2014-12-31": "3519.40100", "2014-09-30": "3519.40100", "2014-06-30": "3519.40100", "2014-03-31": "3519.40100", "2013-12-31": "3519.40100", "2013-09-30": "3519.40100", "2013-06-30": "3519.40100", "2013-03-31": "3519.40100", "2012-12-31": "3519.40100", "2012-09-30": "3518.45400", "2012-06-30": "3518.45400", "2012-03-31": "287.59100", "2011-12-31": "287.59100", "2011-09-30": "287.59100", "2011-06-30": "287.59100", "2011-03-31": "287.59100", "2010-12-31": "287.59100", "2010-09-30": "287.59100", "2010-06-30": "287.59100", "2010-03-31": "287.59100", "2009-12-31": "287.59100", "2009-09-30": "287.59100", "2009-06-30": "287.59100", "2009-03-31": "287.59100", "2008-12-31": "287.59100", "2008-09-30": "287.59100", "2008-06-30": "287.59100", "2008-03-31": "287.59100", "2007-12-31": "287.59100", "2007-09-30": "287.59100", "2007-06-30": "287.59100", "2007-03-31": "287.59100", "2006-12-31": "287.59100", "2006-09-30": "287.59100", "2006-06-30": "287.59100", "2006-03-31": "287.59100", "2005-12-31": "287.59100", "2005-09-30": "290.79100", "2005-06-30": "290.79100", "2005-03-31": "293.60800"}, "Other Long-Term Assets": {"2020-09-30": "1003.94300", "2020-06-30": "981.45900", "2020-03-31": "963.04500", "2019-12-31": "961.36800", "2019-09-30": "1011.09900", "2019-06-30": "979.61600", "2019-03-31": "879.19300", "2018-12-31": "815.91500", "2018-09-30": "1250.69900", "2018-06-30": "1257.15800", "2018-03-31": "1227.07200", "2017-12-31": "1191.11100", "2017-09-30": "627.28900", "2017-06-30": "1156.14800", "2017-03-31": "1117.77800", "2016-12-31": "1066.90200", "2016-09-30": "344.65300", "2016-06-30": "837.92500", "2016-03-31": "802.34800", "2015-12-31": "811.72100", "2015-09-30": "801.16000", "2015-06-30": "814.73600", "2015-03-31": "847.45800", "2014-12-31": "827.39400", "2014-09-30": "865.62800", "2014-06-30": "884.42000", "2014-03-31": "1011.98800", "2013-12-31": "854.20700", "2013-09-30": "836.50810", "2013-06-30": "877.64500", "2013-03-31": "898.59200", "2012-12-31": "818.70700", "2012-09-30": "788.28300", "2012-06-30": "777.77390", "2012-03-31": "339.89000", "2011-12-31": "331.22800", "2011-09-30": "311.63500", "2011-06-30": "297.01100", "2011-03-31": "323.77400", "2010-12-31": "230.46200", "2010-09-30": "370.96600", "2010-06-30": "402.97100", "2010-03-31": "408.60000", "2009-12-31": "417.33800", "2009-09-30": "445.51100", "2009-06-30": "482.39800", "2009-03-31": "487.29500", "2008-12-31": "484.84300", "2008-09-30": "466.18700", "2008-06-30": "637.24500", "2008-03-31": "522.93700", "2007-12-31": "518.43510", "2007-09-30": "548.61800", "2007-06-30": "569.61300", "2007-03-31": "525.81100", "2006-12-31": "571.62900", "2006-09-30": "602.65700", "2006-06-30": "584.61500", "2006-03-31": "634.28100", "2005-12-31": "705.01500", "2005-09-30": "873.11900", "2005-06-30": "889.53910", "2005-03-31": "842.41800"}, "Total Long-Term Assets": {"2020-09-30": "40286.93000", "2020-06-30": "39633.30000", "2020-03-31": "39086.36000", "2019-12-31": "38709.38000", "2019-09-30": "37504.49000", "2019-06-30": "36864.21000", "2019-03-31": "36640.14000", "2018-12-31": "35949.03000", "2018-09-30": "35362.30000", "2018-06-30": "34966.75000", "2018-03-31": "34268.54000", "2017-12-31": "33733.29000", "2017-09-30": "30760.15000", "2017-06-30": "30328.03000", "2017-03-31": "29843.78000", "2016-12-31": "29575.49000", "2016-09-30": "28667.68000", "2016-06-30": "28467.38000", "2016-03-31": "28121.93000", "2015-12-31": "27961.52000", "2015-09-30": "27678.34000", "2015-06-30": "27430.01000", "2015-03-31": "27159.07000", "2014-12-31": "27047.92000", "2014-09-30": "25880.75000", "2014-06-30": "25721.98000", "2014-03-31": "25731.06000", "2013-12-31": "25708.49000", "2013-09-30": "26426.19000", "2013-06-30": "26145.80000", "2013-03-31": "26170.65000", "2012-12-31": "26075.53000", "2012-09-30": "25618.58000", "2012-06-30": "25552.29000", "2012-03-31": "14454.89000", "2011-12-31": "14289.60000", "2011-09-30": "13401.34000", "2011-06-30": "13104.48000", "2011-03-31": "13011.57000", "2010-12-31": "12965.60000", "2010-09-30": "13061.59000", "2010-06-30": "13016.86000", "2010-03-31": "12861.87000", "2009-12-31": "12789.82000", "2009-09-30": "12526.73000", "2009-06-30": "12501.85000", "2009-03-31": "12526.42000", "2008-12-31": "12482.92000", "2008-09-30": "11289.49000", "2008-06-30": "11315.57000", "2008-03-31": "11042.59000", "2007-12-31": "10295.57000", "2007-09-30": "9923.35400", "2007-06-30": "9820.12800", "2007-03-31": "9577.94500", "2006-12-31": "9572.18600", "2006-09-30": "9302.16300", "2006-06-30": "9136.50900", "2006-03-31": "9459.36800", "2005-12-31": "10192.23000", "2005-09-30": "10180.75000", "2005-06-30": "10149.11000", "2005-03-31": "10100.86000"}, "Total Assets": {"2020-09-30": "43507.34000", "2020-06-30": "42038.72000", "2020-03-31": "41648.98000", "2019-12-31": "41123.91000", "2019-09-30": "39725.39000", "2019-06-30": "38995.91000", "2019-03-31": "38941.01000", "2018-12-31": "38241.26000", "2018-09-30": "37515.67000", "2018-06-30": "37244.34000", "2018-03-31": "37039.98000", "2017-12-31": "36220.39000", "2017-09-30": "33163.62000", "2017-06-30": "32658.84000", "2017-03-31": "32355.18000", "2016-12-31": "32053.17000", "2016-09-30": "31082.34000", "2016-06-30": "30882.66000", "2016-03-31": "30712.47000", "2015-12-31": "30580.31000", "2015-09-30": "30046.03000", "2015-06-30": "29879.94000", "2015-03-31": "29951.77000", "2014-12-31": "29740.39000", "2014-09-30": "27982.31000", "2014-06-30": "27790.45000", "2014-03-31": "28096.87000", "2013-12-31": "27795.54000", "2013-09-30": "28444.32000", "2013-06-30": "28196.89000", "2013-03-31": "28328.66000", "2012-12-31": "28302.82000", "2012-09-30": "27757.56000", "2012-06-30": "27506.30000", "2012-03-31": "15978.35000", "2011-12-31": "15647.07000", "2011-09-30": "14728.72000", "2011-06-30": "14442.35000", "2011-03-31": "14418.53000", "2010-12-31": "14472.60000", "2010-09-30": "14297.59000", "2010-06-30": "14229.72000", "2010-03-31": "14105.45000", "2009-12-31": "14057.68000", "2009-09-30": "14006.33000", "2009-06-30": "14127.65000", "2009-03-31": "14273.59000", "2008-12-31": "13988.48000", "2008-09-30": "12663.73000", "2008-06-30": "12709.25000", "2008-03-31": "12343.78000", "2007-12-31": "11581.82000", "2007-09-30": "11338.98000", "2007-06-30": "11125.75000", "2007-03-31": "11036.09000", "2006-12-31": "11303.24000", "2006-09-30": "11492.54000", "2006-06-30": "11458.95000", "2006-03-31": "12134.58000", "2005-12-31": "12567.88000", "2005-09-30": "12929.39000", "2005-06-30": "11950.56000", "2005-03-31": "12078.99000"}, "Total Current Liabilities": {"2020-09-30": "3634.07000", "2020-06-30": "3326.05800", "2020-03-31": "3395.62800", "2019-12-31": "3605.56300", "2019-09-30": "3748.91000", "2019-06-30": "3512.12100", "2019-03-31": "4559.36200", "2018-12-31": "4112.88200", "2018-09-30": "3630.27200", "2018-06-30": "3529.55500", "2018-03-31": "4096.01800", "2017-12-31": "3589.04500", "2017-09-30": "2620.43100", "2017-06-30": "3785.70900", "2017-03-31": "3333.76500", "2016-12-31": "3638.60500", "2016-09-30": "2642.02800", "2016-06-30": "2303.76900", "2016-03-31": "2593.91400", "2015-12-31": "2989.79000", "2015-09-30": "2971.69300", "2015-06-30": "2838.98500", "2015-03-31": "3111.78200", "2014-12-31": "3134.38100", "2014-09-30": "2929.67600", "2014-06-30": "2802.80800", "2014-03-31": "2790.14400", "2013-12-31": "3275.65100", "2013-09-30": "3378.43000", "2013-06-30": "3081.51000", "2013-03-31": "3839.63700", "2012-12-31": "3643.69000", "2012-09-30": "3800.72300", "2012-06-30": "3490.46700", "2012-03-31": "1967.68100", "2011-12-31": "1947.68200", "2011-09-30": "1535.30700", "2011-06-30": "1476.02700", "2011-03-31": "1207.18700", "2010-12-31": "1345.14700", "2010-09-30": "1057.14800", "2010-06-30": "965.62400", "2010-03-31": "919.24100", "2009-12-31": "979.41200", "2009-09-30": "1194.59000", "2009-06-30": "1319.48900", "2009-03-31": "1381.24600", "2008-12-31": "1703.46200", "2008-09-30": "1335.90200", "2008-06-30": "1112.53900", "2008-03-31": "1420.73900", "2007-12-31": "1206.15000", "2007-09-30": "1048.45600", "2007-06-30": "1066.34100", "2007-03-31": "809.09000", "2006-12-31": "1363.83500", "2006-09-30": "1615.73500", "2006-06-30": "1615.48100", "2006-03-31": "2064.91800", "2005-12-31": "1975.23000", "2005-09-30": "2691.75700", "2005-06-30": "1712.25100", "2005-03-31": "1952.29900"}, "Long Term Debt": {"2020-09-30": "14736.31000", "2020-06-30": "13697.76000", "2020-03-31": "13898.58000", "2019-12-31": "13770.83000", "2019-09-30": "13440.17000", "2019-06-30": "13039.18000", "2019-03-31": "12284.33000", "2018-12-31": "12248.74000", "2018-09-30": "12151.54000", "2018-06-30": "12009.26000", "2018-03-31": "12015.99000", "2017-12-31": "11775.89000", "2017-09-30": "10468.19000", "2017-06-30": "8899.02100", "2017-03-31": "9267.89100", "2016-12-31": "8829.35400", "2016-09-30": "9235.12800", "2016-06-30": "9435.92400", "2016-03-31": "9144.68700", "2015-12-31": "8805.57400", "2015-09-30": "8757.49800", "2015-06-30": "8689.64700", "2015-03-31": "8602.06700", "2014-12-31": "8568.42900", "2014-09-30": "8166.98500", "2014-06-30": "8147.12900", "2014-03-31": "8318.33200", "2013-12-31": "7776.83300", "2013-09-30": "7444.19200", "2013-06-30": "7651.39600", "2013-03-31": "7011.56100", "2012-12-31": "7200.15600", "2012-09-30": "6732.53600", "2012-06-30": "6936.47300", "2012-03-31": "4977.13100", "2011-12-31": "4614.91300", "2011-09-30": "4614.69700", "2011-06-30": "4356.05200", "2011-03-31": "4630.72400", "2010-12-31": "4632.86600", "2010-09-30": "4635.96000", "2010-06-30": "4635.85100", "2010-03-31": "4588.86200", "2009-12-31": "4492.93500", "2009-09-30": "4345.02800", "2009-06-30": "4343.26400", "2009-03-31": "4353.18000", "2008-12-31": "4103.16200", "2008-09-30": "4031.43200", "2008-06-30": "4090.28800", "2008-03-31": "3494.16200", "2007-12-31": "3483.59900", "2007-09-30": "3473.52300", "2007-06-30": "3152.75300", "2007-03-31": "3263.93300", "2006-12-31": "2960.43500", "2006-09-30": "2956.55100", "2006-06-30": "2945.02400", "2006-03-31": "2699.98100", "2005-12-31": "3027.28800", "2005-09-30": "2998.35900", "2005-06-30": "2994.49000", "2005-03-31": "2783.14400"}, "Other Non-Current Liabilities": {"2020-09-30": "5877.47700", "2020-06-30": "5863.81000", "2020-03-31": "5840.37900", "2019-12-31": "5835.93800", "2019-09-30": "5833.17200", "2019-06-30": "5829.42800", "2019-03-31": "5821.47300", "2018-12-31": "5768.70400", "2018-09-30": "5770.00700", "2018-06-30": "5758.46500", "2018-03-31": "5172.90200", "2017-12-31": "5088.03100", "2017-09-30": "1973.17300", "2017-06-30": "1959.45700", "2017-03-31": "1957.56000", "2016-12-31": "1969.19100", "2016-09-30": "1853.13300", "2016-06-30": "1784.52000", "2016-03-31": "1740.13000", "2015-12-31": "1722.19600", "2015-09-30": "1755.66300", "2015-06-30": "1767.75800", "2015-03-31": "1791.97400", "2014-12-31": "1799.16300", "2014-09-30": "1793.98400", "2014-06-30": "1836.08200", "2014-03-31": "2008.90500", "2013-12-31": "2050.08700", "2013-09-30": "2185.53300", "2013-06-30": "2199.93600", "2013-03-31": "2264.83600", "2012-12-31": "2472.51600", "2012-09-30": "2446.68200", "2012-06-30": "2542.76100", "2012-03-31": "1680.98300", "2011-12-31": "1758.29200", "2011-09-30": "1986.89400", "2011-06-30": "2001.48400", "2011-03-31": "2058.31200", "2010-12-31": "1878.39100", "2010-09-30": "2458.66400", "2010-06-30": "2575.03400", "2010-03-31": "2597.35300", "2009-12-31": "2729.65600", "2009-09-30": "2317.25600", "2009-06-30": "2366.13100", "2009-03-31": "2519.32600", "2008-12-31": "3796.51200", "2008-09-30": "2601.77700", "2008-06-30": "2937.30200", "2008-03-31": "2875.73400", "2007-12-31": "2361.28800", "2007-09-30": "2356.05500", "2007-06-30": "2447.63800", "2007-03-31": "2430.84000", "2006-12-31": "2457.87900", "2006-09-30": "2518.13800", "2006-06-30": "2633.27700", "2006-03-31": "3025.36400", "2005-12-31": "3243.44900", "2005-09-30": "3290.55000", "2005-06-30": "3189.63200", "2005-03-31": "3216.36900"}, "Total Long Term Liabilities": {"2020-09-30": "25893.26000", "2020-06-30": "24907.40000", "2020-03-31": "25043.40000", "2019-12-31": "24888.36000", "2019-09-30": "23854.87000", "2019-06-30": "23529.19000", "2019-03-31": "22744.21000", "2018-12-31": "22641.55000", "2018-09-30": "22476.62000", "2018-06-30": "22441.56000", "2018-03-31": "21760.25000", "2017-12-31": "21545.10000", "2017-09-30": "19545.15000", "2017-06-30": "17987.61000", "2017-03-31": "18217.21000", "2016-12-31": "17702.83000", "2016-09-30": "17802.93000", "2016-06-30": "18069.49000", "2016-03-31": "17680.06000", "2015-12-31": "17238.30000", "2015-09-30": "16779.90000", "2015-06-30": "16700.33000", "2015-03-31": "16574.01000", "2014-12-31": "16629.19000", "2014-09-30": "15162.08000", "2014-06-30": "15233.83000", "2014-03-31": "15582.79000", "2013-12-31": "14752.79000", "2013-09-30": "15392.87000", "2013-06-30": "15553.20000", "2013-03-31": "14988.23000", "2012-12-31": "15266.52000", "2012-09-30": "14624.41000", "2012-06-30": "14792.63000", "2012-03-31": "9822.81300", "2011-12-31": "9567.55900", "2011-09-30": "9118.56000", "2011-06-30": "8933.16600", "2011-03-31": "9208.31300", "2010-12-31": "9198.62100", "2010-09-30": "9516.34300", "2010-06-30": "9604.05100", "2010-03-31": "9561.00700", "2009-12-31": "9384.16500", "2009-09-30": "9278.32600", "2009-06-30": "9306.31600", "2009-03-31": "9436.26900", "2008-12-31": "9148.50600", "2008-09-30": "8311.85100", "2008-06-30": "8657.25700", "2008-03-31": "7996.26300", "2007-12-31": "7345.63700", "2007-09-30": "7300.30500", "2007-06-30": "7120.10700", "2007-03-31": "7293.55600", "2006-12-31": "7025.02200", "2006-09-30": "7287.40400", "2006-06-30": "7373.40600", "2006-03-31": "7575.32800", "2005-12-31": "8047.20100", "2005-09-30": "8089.91100", "2005-06-30": "8019.73600", "2005-03-31": "7839.11000"}, "Total Liabilities": {"2020-09-30": "29527.33000", "2020-06-30": "28233.46000", "2020-03-31": "28439.02000", "2019-12-31": "28493.92000", "2019-09-30": "27603.78000", "2019-06-30": "27041.31000", "2019-03-31": "27303.57000", "2018-12-31": "26754.44000", "2018-09-30": "26106.89000", "2018-06-30": "25971.12000", "2018-03-31": "25856.27000", "2017-12-31": "25134.14000", "2017-09-30": "22165.58000", "2017-06-30": "21773.32000", "2017-03-31": "21550.98000", "2016-12-31": "21341.44000", "2016-09-30": "20444.95000", "2016-06-30": "20373.26000", "2016-03-31": "20273.98000", "2015-12-31": "20228.09000", "2015-09-30": "19751.60000", "2015-06-30": "19539.32000", "2015-03-31": "19685.79000", "2014-12-31": "19763.57000", "2014-09-30": "18091.76000", "2014-06-30": "18036.64000", "2014-03-31": "18372.94000", "2013-12-31": "18028.44000", "2013-09-30": "18771.30000", "2013-06-30": "18634.71000", "2013-03-31": "18827.86000", "2012-12-31": "18910.21000", "2012-09-30": "18425.13000", "2012-06-30": "18283.09000", "2012-03-31": "11790.49000", "2011-12-31": "11515.24000", "2011-09-30": "10653.87000", "2011-06-30": "10409.19000", "2011-03-31": "10415.50000", "2010-12-31": "10543.77000", "2010-09-30": "10573.49000", "2010-06-30": "10569.67000", "2010-03-31": "10480.25000", "2009-12-31": "10363.58000", "2009-09-30": "10472.92000", "2009-06-30": "10625.80000", "2009-03-31": "10817.51000", "2008-12-31": "10851.97000", "2008-09-30": "9647.75200", "2008-06-30": "9769.79600", "2008-03-31": "9417.00200", "2007-12-31": "8551.78700", "2007-09-30": "8348.76100", "2007-06-30": "8186.44800", "2007-03-31": "8102.65000", "2006-12-31": "8388.85700", "2006-09-30": "8903.13900", "2006-06-30": "8988.88800", "2006-03-31": "9640.24700", "2005-12-31": "10022.43000", "2005-09-30": "10781.67000", "2005-06-30": "9731.98700", "2005-03-31": "9791.40900"}, "Common Stock Net": {"2020-09-30": "1789.09200", "2020-06-30": "1789.09200", "2020-03-31": "1759.09200", "2019-12-31": "1729.29200", "2019-09-30": "1699.29200", "2019-06-30": "1699.29200", "2019-03-31": "1669.39200", "2018-12-31": "1669.39200", "2018-09-30": "1669.39200", "2018-06-30": "1669.39200", "2018-03-31": "1669.39200", "2017-12-31": "1669.39200", "2017-09-30": "1669.39200", "2017-06-30": "1669.39200", "2017-03-31": "1669.39200", "2016-12-31": "1669.39200", "2016-09-30": "1669.39200", "2016-06-30": "1669.39200", "2016-03-31": "1669.39200", "2015-12-31": "1669.31300", "2015-09-30": "1669.31300", "2015-06-30": "1669.16700", "2015-03-31": "1668.03900", "2014-12-31": "1666.79600", "2014-09-30": "1666.76700", "2014-06-30": "1666.63700", "2014-03-31": "1666.58000", "2013-12-31": "1665.35100", "2013-09-30": "1665.09800", "2013-06-30": "1664.83300", "2013-03-31": "1664.76000", "2012-12-31": "1662.54700", "2012-09-30": "1662.35800", "2012-06-30": "1662.25100", "2012-03-31": "981.59200", "2011-12-31": "980.26400", "2011-09-30": "980.05400", "2011-06-30": "979.88400", "2011-03-31": "979.87600", "2010-12-31": "978.90900", "2010-09-30": "978.67700", "2010-06-30": "978.42900", "2010-03-31": "978.38100", "2009-12-31": "977.27600", "2009-09-30": "977.00300", "2009-06-30": "976.73400", "2009-03-31": "976.72100", "2008-12-31": "881.06100", "2008-09-30": "880.89900", "2008-06-30": "880.80400", "2008-03-31": "880.64400", "2007-12-31": "879.62300", "2007-09-30": "879.60400", "2007-06-30": "879.47700", "2007-03-31": "878.26700", "2006-12-31": "877.10100", "2006-09-30": "876.25500", "2006-06-30": "875.63500", "2006-03-31": "875.39000", "2005-12-31": "874.48900", "2005-09-30": "759.25700", "2005-06-30": "758.28800", "2005-03-31": "757.31700"}, "Retained Earnings (Accumulated Deficit)": {"2020-09-30": "4535.86000", "2020-06-30": "4384.09300", "2020-03-31": "4322.82500", "2019-12-31": "4177.04800", "2019-09-30": "4100.22000", "2019-06-30": "3954.49200", "2019-03-31": "4092.89500", "2018-12-31": "3953.97400", "2018-09-30": "3882.69500", "2018-06-30": "3753.34300", "2018-03-31": "3670.60300", "2017-12-31": "3561.08400", "2017-09-30": "3474.18500", "2017-06-30": "3364.33600", "2017-03-31": "3284.10800", "2016-12-31": "3175.17100", "2016-09-30": "3087.00600", "2016-06-30": "2962.84300", "2016-03-31": "2900.35100", "2015-12-31": "2797.35500", "2015-09-30": "2747.97700", "2015-06-30": "2644.48500", "2015-03-31": "2569.48200", "2014-12-31": "2448.66100", "2014-09-30": "2351.42100", "2014-06-30": "2241.02500", "2014-03-31": "2237.71000", "2013-12-31": "2125.98000", "2013-09-30": "2064.40100", "2013-06-30": "1969.75500", "2013-03-31": "1914.37100", "2012-12-31": "1802.71400", "2012-09-30": "1735.69000", "2012-06-30": "1635.70900", "2012-03-31": "1698.55300", "2011-12-31": "1651.87500", "2011-09-30": "1587.52800", "2011-06-30": "1546.49300", "2011-03-31": "1518.09900", "2010-12-31": "1452.77700", "2010-09-30": "1368.95600", "2010-06-30": "1313.84800", "2010-03-31": "1287.27100", "2009-12-31": "1246.54300", "2009-09-30": "1203.60300", "2009-06-30": "1180.70600", "2009-03-31": "1138.96900", "2008-12-31": "1078.59400", "2008-09-30": "1039.98400", "2008-06-30": "967.32900", "2008-03-31": "973.97100", "2007-12-31": "946.79200", "2007-09-30": "914.62200", "2007-06-30": "864.59800", "2007-03-31": "876.21400", "2006-12-31": "862.66000", "2006-09-30": "544.70000", "2006-06-30": "433.27300", "2006-03-31": "466.95400", "2005-12-31": "504.30100", "2005-09-30": "540.64200", "2005-06-30": "635.22100", "2005-03-31": "706.61900"}, "Comprehensive Income": {"2020-09-30": "-60.39700", "2020-06-30": "-62.55800", "2020-03-31": "-63.11100", "2019-12-31": "-65.05900", "2019-09-30": "-52.01700", "2019-06-30": "-53.64100", "2019-03-31": "-57.80400", "2018-12-31": "-60.00000", "2018-09-30": "-59.58200", "2018-06-30": "-60.98800", "2018-03-31": "-63.13000", "2017-12-31": "-66.40300", "2017-09-30": "-63.61500", "2017-06-30": "-62.93500", "2017-03-31": "-62.14100", "2016-12-31": "-65.28200", "2016-09-30": "-65.61700", "2016-06-30": "-65.36400", "2016-03-31": "-65.17500", "2015-12-31": "-66.84400", "2015-09-30": "-73.54600", "2015-06-30": "-72.03300", "2015-03-31": "-72.41400", "2014-12-31": "-74.00900", "2014-09-30": "-40.17200", "2014-06-30": "-41.50700", "2014-03-31": "-44.32100", "2013-12-31": "-46.03100", "2013-09-30": "-67.38700", "2013-06-30": "-69.46900", "2013-03-31": "-70.89800", "2012-12-31": "-72.85400", "2012-09-30": "-64.20900", "2012-06-30": "-66.38700", "2012-03-31": "-68.82200", "2011-12-31": "-70.68600", "2011-09-30": "-55.21400", "2011-06-30": "-45.79100", "2011-03-31": "-41.26700", "2010-12-31": "-43.37000", "2010-09-30": "-40.97900", "2010-06-30": "-41.80500", "2010-03-31": "-42.74000", "2009-12-31": "-43.46700", "2009-09-30": "-37.76700", "2009-06-30": "-38.95600", "2009-03-31": "-37.09600", "2008-12-31": "-37.26500", "2008-09-30": "2.87700", "2008-06-30": "4.81900", "2008-03-31": "-8.84700", "2007-12-31": "9.35900", "2007-09-30": "6.30500", "2007-06-30": "10.54900", "2007-03-31": "3.51600", "2006-12-31": "4.49800", "2006-09-30": "5.46300", "2006-06-30": "4.60400", "2006-03-31": "0.62100", "2005-12-31": "19.98700", "2005-09-30": "18.07500", "2005-06-30": "1.11100", "2005-03-31": "5.49400"}, "Other Share Holders Equity": {"2020-09-30": "", "2020-06-30": "", "2020-03-31": "", "2019-12-31": "", "2019-09-30": "", "2019-06-30": "", "2019-03-31": "", "2018-12-31": "", "2018-09-30": "", "2018-06-30": "", "2018-03-31": "", "2017-12-31": "", "2017-09-30": "", "2017-06-30": "", "2017-03-31": "", "2016-12-31": "", "2016-09-30": "", "2016-06-30": "", "2016-03-31": "", "2015-12-31": "", "2015-09-30": "", "2015-06-30": "", "2015-03-31": "", "2014-12-31": "", "2014-09-30": "", "2014-06-30": "", "2014-03-31": "", "2013-12-31": "", "2013-09-30": "", "2013-06-30": "", "2013-03-31": "", "2012-12-31": "", "2012-09-30": "", "2012-06-30": "", "2012-03-31": "", "2011-12-31": "", "2011-09-30": "", "2011-06-30": "", "2011-03-31": "", "2010-12-31": "", "2010-09-30": "", "2010-06-30": "", "2010-03-31": "", "2009-12-31": "", "2009-09-30": "", "2009-06-30": "", "2009-03-31": "", "2008-12-31": "", "2008-09-30": "", "2008-06-30": "", "2008-03-31": "", "2007-12-31": "", "2007-09-30": "", "2007-06-30": "", "2007-03-31": "", "2006-12-31": "", "2006-09-30": "", "2006-06-30": "", "2006-03-31": "", "2005-12-31": "", "2005-09-30": "", "2005-06-30": "", "2005-03-31": ""}, "Share Holder Equity": {"2020-09-30": "13980.02000", "2020-06-30": "13805.26000", "2020-03-31": "13209.96000", "2019-12-31": "12629.99000", "2019-09-30": "12121.61000", "2019-06-30": "11954.59000", "2019-03-31": "11637.43000", "2018-12-31": "11486.82000", "2018-09-30": "11408.78000", "2018-06-30": "11273.22000", "2018-03-31": "11183.71000", "2017-12-31": "11086.24000", "2017-09-30": "10998.04000", "2017-06-30": "10885.52000", "2017-03-31": "10804.20000", "2016-12-31": "10711.73000", "2016-09-30": "10637.38000", "2016-06-30": "10509.41000", "2016-03-31": "10438.50000", "2015-12-31": "10352.21000", "2015-09-30": "10294.43000", "2015-06-30": "10340.62000", "2015-03-31": "10265.97000", "2014-12-31": "9976.81500", "2014-09-30": "9890.55200", "2014-06-30": "9753.80700", "2014-03-31": "9723.93300", "2013-12-31": "9767.09600", "2013-09-30": "9673.02100", "2013-06-30": "9562.18000", "2013-03-31": "9500.79900", "2012-12-31": "9392.61800", "2012-09-30": "9332.43400", "2012-06-30": "9223.20700", "2012-03-31": "4187.86000", "2011-12-31": "4131.82600", "2011-09-30": "4074.85000", "2011-06-30": "4033.15300", "2011-03-31": "4003.03200", "2010-12-31": "3928.83300", "2010-09-30": "3724.09800", "2010-06-30": "3660.04900", "2010-03-31": "3625.19800", "2009-12-31": "3694.10200", "2009-09-30": "3533.41800", "2009-06-30": "3501.84300", "2009-03-31": "3456.07200", "2008-12-31": "3136.51200", "2008-09-30": "3015.98100", "2008-06-30": "2939.45600", "2008-03-31": "2926.77600", "2007-12-31": "3030.03500", "2007-09-30": "2990.22300", "2007-06-30": "2939.30200", "2007-03-31": "2933.44000", "2006-12-31": "2914.37900", "2006-09-30": "2589.40000", "2006-06-30": "2470.06400", "2006-03-31": "2494.32900", "2005-12-31": "2545.44400", "2005-09-30": "2147.72400", "2005-06-30": "2218.56900", "2005-03-31": "2287.57700"}, "Total Liabilities And Share Holders Equity": {"2020-09-30": "43507.34000", "2020-06-30": "42038.72000", "2020-03-31": "41648.98000", "2019-12-31": "41123.91000", "2019-09-30": "39725.39000", "2019-06-30": "38995.91000", "2019-03-31": "38941.01000", "2018-12-31": "38241.26000", "2018-09-30": "37515.67000", "2018-06-30": "37244.34000", "2018-03-31": "37039.98000", "2017-12-31": "36220.39000", "2017-09-30": "33163.62000", "2017-06-30": "32658.84000", "2017-03-31": "32355.18000", "2016-12-31": "32053.17000", "2016-09-30": "31082.34000", "2016-06-30": "30882.66000", "2016-03-31": "30712.47000", "2015-12-31": "30580.31000", "2015-09-30": "30046.03000", "2015-06-30": "29879.94000", "2015-03-31": "29951.77000", "2014-12-31": "29740.39000", "2014-09-30": "27982.31000", "2014-06-30": "27790.45000", "2014-03-31": "28096.87000", "2013-12-31": "27795.54000", "2013-09-30": "28444.32000", "2013-06-30": "28196.89000", "2013-03-31": "28328.66000", "2012-12-31": "28302.82000", "2012-09-30": "27757.56000", "2012-06-30": "27506.30000", "2012-03-31": "15978.35000", "2011-12-31": "15647.07000", "2011-09-30": "14728.72000", "2011-06-30": "14442.35000", "2011-03-31": "14418.53000", "2010-12-31": "14472.60000", "2010-09-30": "14297.59000", "2010-06-30": "14229.72000", "2010-03-31": "14105.45000", "2009-12-31": "14057.68000", "2009-09-30": "14006.33000", "2009-06-30": "14127.65000", "2009-03-31": "14273.59000", "2008-12-31": "13988.48000", "2008-09-30": "12663.73000", "2008-06-30": "12709.25000", "2008-03-31": "12343.78000", "2007-12-31": "11581.82000", "2007-09-30": "11338.98000", "2007-06-30": "11125.75000", "2007-03-31": "11036.09000", "2006-12-31": "11303.24000", "2006-09-30": "11492.54000", "2006-06-30": "11458.95000", "2006-03-31": "12134.58000", "2005-12-31": "12567.88000", "2005-09-30": "12929.39000", "2005-06-30": "11950.56000", "2005-03-31": "12078.99000"}}, "cash flow statement": {"Net Income/Loss": {"2019-12-31": "916.57200", "2018-12-31": "1040.51900", "2017-12-31": "995.51500", "2016-12-31": "949.82100", "2015-12-31": "886.00400", "2014-12-31": "827.06500", "2013-12-31": "793.68900", "2012-12-31": "533.07700", "2011-12-31": "400.51300", "2010-12-31": "394.10700", "2009-12-31": "335.59200", "2008-12-31": "266.38700", "2007-12-31": "252.04200", "2006-12-31": "470.57800", "2005-12-31": "-253.48800"}, "Total Depreciation And Amortization - Cash Flow": {"2019-12-31": "1080.65800", "2018-12-31": "1071.95600", "2017-12-31": "863.78800", "2016-12-31": "787.16200", "2015-12-31": "688.19500", "2014-12-31": "625.36100", "2013-12-31": "859.68000", "2012-12-31": "740.79100", "2011-12-31": "463.18400", "2010-12-31": "623.66200", "2009-12-31": "540.87400", "2008-12-31": "669.84300", "2007-12-31": "507.01000", "2006-12-31": "460.29700", "2005-12-31": "656.68200"}, "Other Non-Cash Items": {"2019-12-31": "132.00300", "2018-12-31": "-174.60500", "2017-12-31": "63.38100", "2016-12-31": "372.04900", "2015-12-31": "-117.45800", "2014-12-31": "525.68300", "2013-12-31": "316.72200", "2012-12-31": "-1.48900", "2011-12-31": "19.02500", "2010-12-31": "197.84500", "2009-12-31": "194.47600", "2008-12-31": "-162.54700", "2007-12-31": "2.38800", "2006-12-31": "-903.54600", "2005-12-31": "82.93700"}, "Total Non-Cash Items": {"2019-12-31": "1212.66100", "2018-12-31": "897.35110", "2017-12-31": "927.16890", "2016-12-31": "1159.21100", "2015-12-31": "570.73700", "2014-12-31": "1151.04400", "2013-12-31": "1176.40200", "2012-12-31": "739.30200", "2011-12-31": "482.20900", "2010-12-31": "821.50700", "2009-12-31": "735.35000", "2008-12-31": "507.29600", "2007-12-31": "509.39800", "2006-12-31": "-443.24900", "2005-12-31": "739.61900"}, "Change In Accounts Receivable": {"2019-12-31": "-98.71600", "2018-12-31": "-141.43300", "2017-12-31": "-117.15500", "2016-12-31": "-142.69900", "2015-12-31": "-39.79700", "2014-12-31": "-122.13900", "2013-12-31": "-163.54900", "2012-12-31": "-20.21400", "2011-12-31": "17.57000", "2010-12-31": "-51.28500", "2009-12-31": "91.08100", "2008-12-31": "-141.87900", "2007-12-31": "-65.38100", "2006-12-31": "605.36600", "2005-12-31": "-208.51900"}, "Change In Inventories": {"2019-12-31": "-8.07400", "2018-12-31": "-0.83100", "2017-12-31": "-9.22300", "2016-12-31": "7.75500", "2015-12-31": "34.11200", "2014-12-31": "-41.31000", "2013-12-31": "-14.81100", "2012-12-31": "34.32100", "2011-12-31": "-11.03300", "2010-12-31": "38.12600", "2009-12-31": "25.95700", "2008-12-31": "-74.53100", "2007-12-31": "-33.72700", "2006-12-31": "16.71800", "2005-12-31": "-17.84800"}, "Change In Accounts Payable": {"2019-12-31": "14.86600", "2018-12-31": "24.48100", "2017-12-31": "56.06700", "2016-12-31": "-14.12600", "2015-12-31": "-91.61800", "2014-12-31": "144.74300", "2013-12-31": "-54.61900", "2012-12-31": "-128.33900", "2011-12-31": "18.91600", "2010-12-31": "-44.35500", "2009-12-31": "-208.18000", "2008-12-31": "72.79100", "2007-12-31": "-49.55400", "2006-12-31": "-399.38600", "2005-12-31": "131.04300"}, "Change In Assets/Liabilities": {"2019-12-31": "-11.60300", "2018-12-31": "78.22600", "2017-12-31": "91.54500", "2016-12-31": "13.73700", "2015-12-31": "44.03100", "2014-12-31": "15.79700", "2013-12-31": "-22.62300", "2012-12-31": "8.53200", "2011-12-31": "12.56900", "2010-12-31": "17.46600", "2009-12-31": "-6.87600", "2008-12-31": "-38.33800", "2007-12-31": "33.82700", "2006-12-31": "-114.43000", "2005-12-31": "-106.23300"}, "Total Change In Assets/Liabilities": {"2019-12-31": "-119.65600", "2018-12-31": "-107.32700", "2017-12-31": "73.51800", "2016-12-31": "99.21000", "2015-12-31": "-22.99000", "2014-12-31": "-326.13300", "2013-12-31": "-306.55200", "2012-12-31": "-111.15000", "2011-12-31": "87.66400", "2010-12-31": "-122.15100", "2009-12-31": "-81.82400", "2008-12-31": "-118.70600", "2007-12-31": "-507.44600", "2006-12-31": "379.74500", "2005-12-31": "-44.92700"}, "Cash Flow From Operating Activities": {"2019-12-31": "2009.57700", "2018-12-31": "1830.54300", "2017-12-31": "1996.20200", "2016-12-31": "2208.24200", "2015-12-31": "1433.75100", "2014-12-31": "1651.97600", "2013-12-31": "1663.53900", "2012-12-31": "1161.22900", "2011-12-31": "970.38600", "2010-12-31": "1093.46300", "2009-12-31": "989.11800", "2008-12-31": "654.97700", "2007-12-31": "253.99400", "2006-12-31": "407.07400", "2005-12-31": "441.20400"}, "Net Change In Property, Plant, And Equipment": {"2019-12-31": "-2911.48900", "2018-12-31": "-2569.93600", "2017-12-31": "-2348.10500", "2016-12-31": "-1976.86700", "2015-12-31": "-1724.13900", "2014-12-31": "-1603.74400", "2013-12-31": "-1456.78700", "2012-12-31": "-1472.27200", "2011-12-31": "-1076.73000", "2010-12-31": "-954.47200", "2009-12-31": "-908.14600", "2008-12-31": "-1255.40700", "2007-12-31": "-1114.82400", "2006-12-31": "-872.18100", "2005-12-31": "-775.35500"}, "Net Change In Intangible Assets": {"2019-12-31": "", "2018-12-31": "", "2017-12-31": "", "2016-12-31": "", "2015-12-31": "", "2014-12-31": "", "2013-12-31": "", "2012-12-31": "", "2011-12-31": "", "2010-12-31": "", "2009-12-31": "", "2008-12-31": "", "2007-12-31": "", "2006-12-31": "", "2005-12-31": ""}, "Net Acquisitions/Divestitures": {"2019-12-31": "", "2018-12-31": "", "2017-12-31": "-877.65200", "2016-12-31": "-188.95800", "2015-12-31": "-23.35300", "2014-12-31": "-9.77900", "2013-12-31": "", "2012-12-31": "", "2011-12-31": "", "2010-12-31": "", "2009-12-31": "", "2008-12-31": "", "2007-12-31": "", "2006-12-31": "1020.74000", "2005-12-31": "31.45600"}, "Net Change In Short-term Investments": {"2019-12-31": "-387.00300", "2018-12-31": "-67.78800", "2017-12-31": "-10.23800", "2016-12-31": "-21.93400", "2015-12-31": "82.05100", "2014-12-31": "-2.43100", "2013-12-31": "-52.25200", "2012-12-31": "-31.33500", "2011-12-31": "-2.53100", "2010-12-31": "-2.33900", "2009-12-31": "-2.29600", "2008-12-31": "-2.99600", "2007-12-31": "254.83200", "2006-12-31": "193.45900", "2005-12-31": "-5.16100"}, "Net Change In Long-Term Investments": {"2019-12-31": "", "2018-12-31": "", "2017-12-31": "", "2016-12-31": "", "2015-12-31": "", "2014-12-31": "", "2013-12-31": "", "2012-12-31": "", "2011-12-31": "", "2010-12-31": "", "2009-12-31": "", "2008-12-31": "", "2007-12-31": "-261.77700", "2006-12-31": "-193.91700", "2005-12-31": ""}, "Net Change In Investments - Total": {"2019-12-31": "-387.00300", "2018-12-31": "-67.78800", "2017-12-31": "-10.23800", "2016-12-31": "-21.93400", "2015-12-31": "82.05100", "2014-12-31": "-2.43100", "2013-12-31": "-52.25200", "2012-12-31": "-31.33500", "2011-12-31": "-2.53100", "2010-12-31": "-2.33900", "2009-12-31": "-2.29600", "2008-12-31": "-2.99600", "2007-12-31": "-6.94500", "2006-12-31": "-0.45800", "2005-12-31": "-5.16100"}, "Investing Activities - Other": {"2019-12-31": "24.20400", "2018-12-31": "200.67800", "2017-12-31": "5.47900", "2016-12-31": "36.21100", "2015-12-31": "6.29100", "2014-12-31": "24.15900", "2013-12-31": "67.81600", "2012-12-31": "35.68300", "2011-12-31": "60.67400", "2010-12-31": "-1.15700", "2009-12-31": "7.96300", "2008-12-31": "5.04600", "2007-12-31": "54.30300", "2006-12-31": "-31.03700", "2005-12-31": "49.51500"}, "Cash Flow From Investing Activities": {"2019-12-31": "-3274.28800", "2018-12-31": "-2437.04600", "2017-12-31": "-3230.51600", "2016-12-31": "-2151.54800", "2015-12-31": "-1659.15000", "2014-12-31": "-1591.79500", "2013-12-31": "-1441.22300", "2012-12-31": "-1467.92400", "2011-12-31": "-1018.58700", "2010-12-31": "-957.96800", "2009-12-31": "-902.47900", "2008-12-31": "-1253.35700", "2007-12-31": "-1067.46600", "2006-12-31": "117.06400", "2005-12-31": "-699.54500"}, "Net Long-Term Debt": {"2019-12-31": "666.59000", "2018-12-31": "1785.33300", "2017-12-31": "1755.00000", "2016-12-31": "600.00000", "2015-12-31": "1008.30000", "2014-12-31": "148.44900", "2013-12-31": "667.97600", "2012-12-31": "-103.56900", "2011-12-31": "188.60200", "2010-12-31": "-120.15000", "2009-12-31": "163.63900", "2008-12-31": "267.78900", "2007-12-31": "390.40100", "2006-12-31": "47.81300", "2005-12-31": "56.31100"}, "Net Current Debt": {"2019-12-31": "325.37000", "2018-12-31": "-379.31000", "2017-12-31": "72.81000", "2016-12-31": "-12.45300", "2015-12-31": "-242.12200", "2014-12-31": "285.07500", "2013-12-31": "-397.00000", "2012-12-31": "825.00000", "2011-12-31": "50.00000", "2010-12-31": "166.68700", "2009-12-31": "-518.58400", "2008-12-31": "539.89700", "2007-12-31": "79.00000", "2006-12-31": "-32.00000", "2005-12-31": "-148.00000"}, "Debt Issuance/Retirement Net - Total": {"2019-12-31": "991.96000", "2018-12-31": "1406.02300", "2017-12-31": "1827.81000", "2016-12-31": "587.54700", "2015-12-31": "766.17800", "2014-12-31": "433.52400", "2013-12-31": "270.97600", "2012-12-31": "721.43100", "2011-12-31": "238.60200", "2010-12-31": "46.53700", "2009-12-31": "-354.94500", "2008-12-31": "807.68600", "2007-12-31": "469.40100", "2006-12-31": "15.81300", "2005-12-31": "-91.68900"}, "Net Common Equity Issued/Repurchased": {"2019-12-31": "852.25400", "2018-12-31": "", "2017-12-31": "", "2016-12-31": "", "2015-12-31": "", "2014-12-31": "", "2013-12-31": "", "2012-12-31": "", "2011-12-31": "", "2010-12-31": "", "2009-12-31": "383.29500", "2008-12-31": "", "2007-12-31": "9.05600", "2006-12-31": "9.49400", "2005-12-31": "450.82700"}, "Net Total Equity Issued/Repurchased": {"2019-12-31": "852.25400", "2018-12-31": "", "2017-12-31": "", "2016-12-31": "", "2015-12-31": "", "2014-12-31": "", "2013-12-31": "", "2012-12-31": "", "2011-12-31": "", "2010-12-31": "", "2009-12-31": "383.29500", "2008-12-31": "", "2007-12-31": "9.05600", "2006-12-31": "9.49400", "2005-12-31": "450.82700"}, "Total Common And Preferred Stock Dividends Paid": {"2019-12-31": "-670.75800", "2018-12-31": "-647.62900", "2017-12-31": "-609.60200", "2016-12-31": "-572.00500", "2015-12-31": "-537.31000", "2014-12-31": "-482.74600", "2013-12-31": "-470.42300", "2012-12-31": "-382.07600", "2011-12-31": "-200.11400", "2010-12-31": "-186.10100", "2009-12-31": "-167.94000", "2008-12-31": "-134.63600", "2007-12-31": "-126.54700", "2006-12-31": "-112.74500", "2005-12-31": "-87.55400"}, "Financial Activities - Other": {"2019-12-31": "-1.00600", "2018-12-31": "-28.45700", "2017-12-31": "-4.75400", "2016-12-31": "-33.48200", "2015-12-31": "-18.22500", "2014-12-31": "-15.62000", "2013-12-31": "-25.25300", "2012-12-31": "6.52900", "2011-12-31": "-7.12300", "2010-12-31": "0.51200", "2009-12-31": "-9.91300", "2008-12-31": "0.04200", "2007-12-31": "-5.24500", "2006-12-31": "-0.57100", "2005-12-31": "-14.45000"}, "Cash Flow From Financial Activities": {"2019-12-31": "1172.45000", "2018-12-31": "729.93700", "2017-12-31": "1213.45400", "2016-12-31": "-17.94000", "2015-12-31": "210.64300", "2014-12-31": "-64.84200", "2013-12-31": "-224.70000", "2012-12-31": "345.88400", "2011-12-31": "31.36500", "2010-12-31": "-139.05200", "2009-12-31": "-149.50300", "2008-12-31": "673.09200", "2007-12-31": "346.66500", "2006-12-31": "-88.00900", "2005-12-31": "257.13400"}, "Net Cash Flow": {"2019-12-31": "-92.26100", "2018-12-31": "123.43400", "2017-12-31": "-20.86000", "2016-12-31": "38.75400", "2015-12-31": "-14.75600", "2014-12-31": "-4.66100", "2013-12-31": "-2.38400", "2012-12-31": "39.18900", "2011-12-31": "-16.83600", "2010-12-31": "-3.55700", "2009-12-31": "-62.86400", "2008-12-31": "74.71200", "2007-12-31": "-466.80700", "2006-12-31": "436.12900", "2005-12-31": "-1.20700"}, "Stock-Based Compensation": {"2019-12-31": "", "2018-12-31": "", "2017-12-31": "", "2016-12-31": "", "2015-12-31": "", "2014-12-31": "", "2013-12-31": "", "2012-12-31": "", "2011-12-31": "", "2010-12-31": "", "2009-12-31": "", "2008-12-31": "", "2007-12-31": "", "2006-12-31": "", "2005-12-31": ""}, "Common Stock Dividends Paid": {"2019-12-31": "-663.23900", "2018-12-31": "-640.11000", "2017-12-31": "-602.08300", "2016-12-31": "-564.48600", "2015-12-31": "-529.79100", "2014-12-31": "-475.22700", "2013-12-31": "-462.74100", "2012-12-31": "-375.04700", "2011-12-31": "-194.55500", "2010-12-31": "-180.54200", "2009-12-31": "-162.38100", "2008-12-31": "-129.07700", "2007-12-31": "-120.98800", "2006-12-31": "-112.74500", "2005-12-31": "-87.55400"}}, "cash flow statement, quarterly": {"Net Income/Loss": {"2020-09-30": 348.14, "2020-06-30": 254.11, "2020-03-31": "336.63300", "2019-12-31": 251.917, "2019-09-30": 320.764, "2019-06-30": 33.333, "2019-03-31": "310.55800", "2018-12-31": 233.187, "2018-09-30": 291.26, "2018-06-30": 244.646, "2018-03-31": "271.42600", "2017-12-31": 239.299, "2017-09-30": 262.25, "2017-06-30": 232.628, "2017-03-31": "261.33800", "2016-12-31": 231.059, "2016-09-30": 267.2, "2016-06-30": 205.529, "2016-03-31": "246.03300", "2015-12-31": 183.685, "2015-09-30": 237.799, "2015-06-30": 209.387, "2015-03-31": "255.13300", "2014-12-31": 223.489, "2014-09-30": 236.493, "2014-06-30": 129.247, "2014-03-31": "237.83600", "2013-12-31": 179.276, "2013-09-30": 211.381, "2013-06-30": 173.064, "2013-03-31": "229.96800", "2012-12-31": 176.595, "2012-09-30": 209.508, "2012-06-30": 46.219, "2012-03-31": "100.75500", "2011-12-31": 114.779, "2011-09-30": 91.431, "2011-06-30": 78.719, "2011-03-31": "115.58400", "2010-12-31": 131.223, "2010-09-30": 101.936, "2010-06-30": 73.347, "2010-03-31": "87.60100", "2009-12-31": 86.107, "2009-09-30": 66.178, "2009-06-30": 84.243, "2009-03-31": "99.06400", "2008-12-31": 73.288, "2008-09-30": 74.079, "2008-06-30": 59.237, "2008-03-31": "59.78300", "2007-12-31": 78.271, "2007-09-30": 50.124, "2007-06-30": 48.553, "2007-03-31": "75.09400", "2006-12-31": 346.993, "2006-09-30": 111.449, "2006-06-30": 22.242, "2006-03-31": "-10.10600", "2005-12-31": -13.573, "2005-09-30": -94.492, "2005-06-30": -27.704, "2005-03-31": "-117.71900"}, "Total Depreciation And Amortization - Cash Flow": {"2020-09-30": 301.967, "2020-06-30": 263.912, "2020-03-31": "285.98700", "2019-12-31": 240.266, "2019-09-30": 296.454, "2019-06-30": 258.029, "2019-03-31": "285.90900", "2018-12-31": 285.7709, "2018-09-30": 301.3821, "2018-06-30": 235.343, "2018-03-31": "249.46000", "2017-12-31": 234.578, "2017-09-30": 236.314, "2017-06-30": 182.074, "2017-03-31": "210.82200", "2016-12-31": 199.158, "2016-09-30": 225.231, "2016-06-30": 167.79, "2016-03-31": "194.98300", "2015-12-31": 150.219, "2015-09-30": 151.033, "2015-06-30": 162.502, "2015-03-31": "224.44100", "2014-12-31": 137.311, "2014-09-30": 130.68, "2014-06-30": 148.665, "2014-03-31": "208.70500", "2013-12-31": 174.796, "2013-09-30": 219.15, "2013-06-30": 222.209, "2013-03-31": "243.52500", "2012-12-31": 193.998, "2012-09-30": 231.353, "2012-06-30": 210.828, "2012-03-31": "104.61200", "2011-12-31": 101.7, "2011-09-30": 129.038, "2011-06-30": 106.806, "2011-03-31": "125.64000", "2010-12-31": 169.069, "2010-09-30": 181.729, "2010-06-30": 142.965, "2010-03-31": "129.89900", "2009-12-31": 125.984, "2009-09-30": 144.285, "2009-06-30": 130.728, "2009-03-31": "139.87700", "2008-12-31": 183.397, "2008-09-30": 184.383, "2008-06-30": 154.876, "2008-03-31": "147.18700", "2007-12-31": 143.012, "2007-09-30": 129.178, "2007-06-30": 104.577, "2007-03-31": "130.24300", "2006-12-31": 80.473, "2006-09-30": 115.926, "2006-06-30": 145.868, "2006-03-31": "118.03000", "2005-12-31": 199.031, "2005-09-30": 175.733, "2005-06-30": 153.943, "2005-03-31": "127.97500"}, "Other Non-Cash Items": {"2020-09-30": -21.421, "2020-06-30": 10.803, "2020-03-31": "1.17900", "2019-12-31": -89.582, "2019-09-30": -47.961, "2019-06-30": 285.71, "2019-03-31": "-16.16400", "2018-12-31": -172.938, "2018-09-30": 49.472, "2018-06-30": 18.101, "2018-03-31": "-69.24000", "2017-12-31": -148.66, "2017-09-30": 47.257, "2017-06-30": 42.7, "2017-03-31": "122.08400", "2016-12-31": 35.726, "2016-09-30": 145.318, "2016-06-30": 167.977, "2016-03-31": "23.02800", "2015-12-31": -171.785, "2015-09-30": -27.805, "2015-06-30": 56.742, "2015-03-31": "25.39000", "2014-12-31": 56.16, "2014-09-30": 48.769, "2014-06-30": 271.666, "2014-03-31": "149.08800", "2013-12-31": 104.598, "2013-09-30": -34.154, "2013-06-30": 5.238, "2013-03-31": "241.04000", "2012-12-31": -91.16, "2012-09-30": 132.049, "2012-06-30": -5.157, "2012-03-31": "-37.22100", "2011-12-31": 1.99, "2011-09-30": -144.904, "2011-06-30": 37.339, "2011-03-31": "124.60000", "2010-12-31": 82.373, "2010-09-30": 48.695, "2010-06-30": 38.604, "2010-03-31": "28.17300", "2009-12-31": 62.628, "2009-09-30": 28.321, "2009-06-30": 97.024, "2009-03-31": "6.50300", "2008-12-31": -20.168, "2008-09-30": -19.086, "2008-06-30": -43.505, "2008-03-31": "-79.78800", "2007-12-31": -19.031, "2007-09-30": 7.406, "2007-06-30": 37.629, "2007-03-31": "-23.61600", "2006-12-31": -779.991, "2006-09-30": -61.818, "2006-06-30": -61.14, "2006-03-31": "-0.59700", "2005-12-31": -7.063, "2005-09-30": -45.247, "2005-06-30": 52.279, "2005-03-31": "82.96800"}, "Total Non-Cash Items": {"2020-09-30": 280.546, "2020-06-30": 274.715, "2020-03-31": "287.16600", "2019-12-31": 150.684, "2019-09-30": 248.4931, "2019-06-30": 543.7389, "2019-03-31": "269.74500", "2018-12-31": 112.833, "2018-09-30": 350.8541, "2018-06-30": 253.444, "2018-03-31": "180.22000", "2017-12-31": 85.9179, "2017-09-30": 283.571, "2017-06-30": 224.774, "2017-03-31": "332.90600", "2016-12-31": 234.884, "2016-09-30": 370.549, "2016-06-30": 335.767, "2016-03-31": "218.01100", "2015-12-31": -21.566, "2015-09-30": 123.228, "2015-06-30": 219.244, "2015-03-31": "249.83100", "2014-12-31": 193.471, "2014-09-30": 179.449, "2014-06-30": 420.331, "2014-03-31": "357.79300", "2013-12-31": 279.394, "2013-09-30": 184.996, "2013-06-30": 227.447, "2013-03-31": "484.56500", "2012-12-31": 102.838, "2012-09-30": 363.402, "2012-06-30": 205.671, "2012-03-31": "67.39100", "2011-12-31": 103.69, "2011-09-30": -15.866, "2011-06-30": 144.145, "2011-03-31": "250.24000", "2010-12-31": 251.442, "2010-09-30": 230.424, "2010-06-30": 181.569, "2010-03-31": "158.07200", "2009-12-31": 188.612, "2009-09-30": 172.606, "2009-06-30": 227.752, "2009-03-31": "146.38000", "2008-12-31": 163.229, "2008-09-30": 165.297, "2008-06-30": 111.371, "2008-03-31": "67.39900", "2007-12-31": 123.981, "2007-09-30": 136.584, "2007-06-30": 142.206, "2007-03-31": "106.62700", "2006-12-31": -699.518, "2006-09-30": 54.108, "2006-06-30": 84.728, "2006-03-31": "117.43300", "2005-12-31": 191.968, "2005-09-30": 130.486, "2005-06-30": 206.222, "2005-03-31": "210.94300"}, "Change In Accounts Receivable": {"2020-09-30": -127.435, "2020-06-30": -11.17, "2020-03-31": "-55.29000", "2019-12-31": -41.705, "2019-09-30": -63.368, "2019-06-30": 162.18, "2019-03-31": "-155.82300", "2018-12-31": 70.893, "2018-09-30": -159.403, "2018-06-30": 103.965, "2018-03-31": "-156.88800", "2017-12-31": -9.682, "2017-09-30": -99.813, "2017-06-30": 42.591, "2017-03-31": "-50.25100", "2016-12-31": 48.755, "2016-09-30": -114.703, "2016-06-30": 57.214, "2016-03-31": "-133.96500", "2015-12-31": 108.645, "2015-09-30": -24.458, "2015-06-30": 204.315, "2015-03-31": "-328.29900", "2014-12-31": -55.676, "2014-09-30": -8.893, "2014-06-30": 124.651, "2014-03-31": "-182.22100", "2013-12-31": -65.117, "2013-09-30": 2.797, "2013-06-30": 28.202, "2013-03-31": "-129.43100", "2012-12-31": 7.463, "2012-09-30": -111.072, "2012-06-30": 54.119, "2012-03-31": "29.27600", "2011-12-31": -44.087, "2011-09-30": -19.039, "2011-06-30": 72.497, "2011-03-31": "8.19900", "2010-12-31": -72.19, "2010-09-30": -13.798, "2010-06-30": 41.961, "2010-03-31": "-7.25800", "2009-12-31": -31.619, "2009-09-30": -35.475, "2009-06-30": 147.692, "2009-03-31": "10.48300", "2008-12-31": -131.523, "2008-09-30": -46.116, "2008-06-30": 68.27, "2008-03-31": "-32.51000", "2007-12-31": -108.892, "2007-09-30": -12.737, "2007-06-30": 57.198, "2007-03-31": "-0.95000", "2006-12-31": -53.402, "2006-09-30": 115.4, "2006-06-30": 185.26, "2006-03-31": "358.10800", "2005-12-31": -207.382, "2005-09-30": -86.793, "2005-06-30": 157.851, "2005-03-31": "-72.19500"}, "Change In Inventories": {"2020-09-30": -38.23, "2020-06-30": 110.359, "2020-03-31": "-51.02700", "2019-12-31": -42.104, "2019-09-30": -29.888, "2019-06-30": 102.981, "2019-03-31": "-39.06300", "2018-12-31": -45.533, "2018-09-30": -20.907, "2018-06-30": 92.565, "2018-03-31": "-26.95600", "2017-12-31": -32.909, "2017-09-30": -18.739, "2017-06-30": 75.483, "2017-03-31": "-33.05800", "2016-12-31": -17.67, "2016-09-30": -18.505, "2016-06-30": 66.678, "2016-03-31": "-22.74800", "2015-12-31": -13.268, "2015-09-30": -12.664, "2015-06-30": -8.128, "2015-03-31": "68.17200", "2014-12-31": -14.163, "2014-09-30": -53.78, "2014-06-30": -48.408, "2014-03-31": "75.04100", "2013-12-31": -1.677, "2013-09-30": -24.098, "2013-06-30": -17.523, "2013-03-31": "28.48700", "2012-12-31": 1.434, "2012-09-30": -7.808, "2012-06-30": 10.587, "2012-03-31": "30.10800", "2011-12-31": -6.961, "2011-09-30": -17.064, "2011-06-30": -29.998, "2011-03-31": "42.99000", "2010-12-31": 4.789, "2010-09-30": -18.687, "2010-06-30": 3.593, "2010-03-31": "48.43100", "2009-12-31": 7.057, "2009-09-30": -16.682, "2009-06-30": -15.589, "2009-03-31": "51.17100", "2008-12-31": -14.977, "2008-09-30": -41.608, "2008-06-30": -73.109, "2008-03-31": "55.16300", "2007-12-31": 23.554, "2007-09-30": -45.146, "2007-06-30": -46.7, "2007-03-31": "34.56500", "2006-12-31": 1.887, "2006-09-30": -18.277, "2006-06-30": -17.62, "2006-03-31": "50.72800", "2005-12-31": 16.131, "2005-09-30": -42.12, "2005-06-30": -33.8, "2005-03-31": "41.94100"}, "Change In Accounts Payable": {"2020-09-30": 48.217, "2020-06-30": -41.885, "2020-03-31": "-127.36600", "2019-12-31": 172.221, "2019-09-30": -1.278, "2019-06-30": -95.956, "2019-03-31": "-60.12100", "2018-12-31": 97.072, "2018-09-30": 7.468, "2018-06-30": -18.488, "2018-03-31": "-61.57100", "2017-12-31": 152.618, "2017-09-30": 71.67, "2017-06-30": -110.52, "2017-03-31": "-57.70100", "2016-12-31": 107.387, "2016-09-30": 30.483, "2016-06-30": -75.679, "2016-03-31": "-76.31700", "2015-12-31": 142.042, "2015-09-30": -5.484, "2015-06-30": -168.68, "2015-03-31": "-59.49600", "2014-12-31": 214.191, "2014-09-30": 43.506, "2014-06-30": -166.859, "2014-03-31": "53.90500", "2013-12-31": 57.893, "2013-09-30": 14.867, "2013-06-30": -40.463, "2013-03-31": "-86.91600", "2012-12-31": 79.969, "2012-09-30": -31.775, "2012-06-30": 13.699, "2012-03-31": "-190.23200", "2011-12-31": -47.702, "2011-09-30": 90.599, "2011-06-30": 5.297, "2011-03-31": "-29.27800", "2010-12-31": 15.246, "2010-09-30": -6.121, "2010-06-30": -7.292, "2010-03-31": "-46.18800", "2009-12-31": 33.999, "2009-09-30": -30.734, "2009-06-30": -36.948, "2009-03-31": "-174.49700", "2008-12-31": 131.385, "2008-09-30": -37.946, "2008-06-30": -2.736, "2008-03-31": "-17.91200", "2007-12-31": 41.919, "2007-09-30": -24.161, "2007-06-30": -25.488, "2007-03-31": "-41.82400", "2006-12-31": 61.797, "2006-09-30": -52.551, "2006-06-30": -153.443, "2006-03-31": "-255.18900", "2005-12-31": 80.243, "2005-09-30": 62.656, "2005-06-30": -76.557, "2005-03-31": "64.70100"}, "Change In Assets/Liabilities": {"2020-09-30": 10.554, "2020-06-30": -29.637, "2020-03-31": "-61.95000", "2019-12-31": 93.53, "2019-09-30": 34.97, "2019-06-30": -69.861, "2019-03-31": "-70.24200", "2018-12-31": 93.084, "2018-09-30": 36.371, "2018-06-30": -27.773, "2018-03-31": "-23.45600", "2017-12-31": 121.683, "2017-09-30": 17.082, "2017-06-30": -7.022, "2017-03-31": "-40.19800", "2016-12-31": 66.814, "2016-09-30": 19.083, "2016-06-30": -62.004, "2016-03-31": "-10.15600", "2015-12-31": 35.661, "2015-09-30": -0.856, "2015-06-30": -24.953, "2015-03-31": "34.17900", "2014-12-31": 36.404, "2014-09-30": 21.146, "2014-06-30": -53.035, "2014-03-31": "11.28200", "2013-12-31": 59.143, "2013-09-30": -11.74, "2013-06-30": -37.791, "2013-03-31": "-32.23500", "2012-12-31": 28.677, "2012-09-30": 44.754, "2012-06-30": -24.659, "2012-03-31": "-40.24000", "2011-12-31": 21.988, "2011-09-30": 11.214, "2011-06-30": 12.648, "2011-03-31": "-33.28100", "2010-12-31": -11.495, "2010-09-30": 25.162, "2010-06-30": 23.393, "2010-03-31": "-19.59400", "2009-12-31": -12.721, "2009-09-30": 29.015, "2009-06-30": 12.748, "2009-03-31": "-35.91800", "2008-12-31": 8.474, "2008-09-30": -65.072, "2008-06-30": 24.335, "2008-03-31": "-6.07500", "2007-12-31": 69.092, "2007-09-30": -21.351, "2007-06-30": 57.755, "2007-03-31": "-71.66900", "2006-12-31": -147.435, "2006-09-30": -18.876, "2006-06-30": 30.604, "2006-03-31": "21.27700", "2005-12-31": -103.237, "2005-09-30": 98.174, "2005-06-30": -158.951, "2005-03-31": "57.78100"}, "Total Change In Assets/Liabilities": {"2020-09-30": -137.852, "2020-06-30": 56.244, "2020-03-31": "-203.49300", "2019-12-31": 112.126, "2019-09-30": 1.006, "2019-06-30": -33.92, "2019-03-31": "-198.86800", "2018-12-31": 76.861, "2018-09-30": 67.413, "2018-06-30": 22.331, "2018-03-31": "-273.93200", "2017-12-31": 195.138, "2017-09-30": 35.076, "2017-06-30": -7.801, "2017-03-31": "-148.89500", "2016-12-31": 91.931, "2016-09-30": 34.181, "2016-06-30": -62.822, "2016-03-31": "35.92000", "2015-12-31": -79.685, "2015-09-30": 125.008, "2015-06-30": -54.89, "2015-03-31": "-13.42300", "2014-12-31": -169.001, "2014-09-30": 91.412, "2014-06-30": -146.711, "2014-03-31": "-101.83300", "2013-12-31": 27.901, "2013-09-30": 11.567, "2013-06-30": -104.63, "2013-03-31": "-241.39000", "2012-12-31": 85.791, "2012-09-30": -97.308, "2012-06-30": 59.697, "2012-03-31": "-159.33000", "2011-12-31": -136.53, "2011-09-30": 126.187, "2011-06-30": 91.065, "2011-03-31": "6.94200", "2010-12-31": -132.849, "2010-09-30": -22.492, "2010-06-30": 53.16, "2010-03-31": "-19.97000", "2009-12-31": -46.731, "2009-09-30": 14.009, "2009-06-30": 56.389, "2009-03-31": "-105.49100", "2008-12-31": -7.815, "2008-09-30": -94.905, "2008-06-30": 13.47, "2008-03-31": "-29.45600", "2007-12-31": -16.409, "2007-09-30": -81.057, "2007-06-30": 38.352, "2007-03-31": "-448.33200", "2006-12-31": 379.333, "2006-09-30": 1.562, "2006-06-30": 63.451, "2006-03-31": "-64.60100", "2005-12-31": -89.947, "2005-09-30": 38.363, "2005-06-30": -89.226, "2005-03-31": "95.88300"}, "Cash Flow From Operating Activities": {"2020-09-30": 490.834, "2020-06-30": 585.069, "2020-03-31": "420.30600", "2019-12-31": 514.727, "2019-09-30": 570.263, "2019-06-30": 543.152, "2019-03-31": "381.43500", "2018-12-31": 422.881, "2018-09-30": 709.527, "2018-06-30": 520.421, "2018-03-31": "177.71400", "2017-12-31": 520.355, "2017-09-30": 580.897, "2017-06-30": 449.601, "2017-03-31": "445.34900", "2016-12-31": 557.874, "2016-09-30": 671.93, "2016-06-30": 478.474, "2016-03-31": "499.96400", "2015-12-31": 82.434, "2015-09-30": 486.035, "2015-06-30": 373.741, "2015-03-31": "491.54100", "2014-12-31": 247.959, "2014-09-30": 507.354, "2014-06-30": 402.867, "2014-03-31": "493.79600", "2013-12-31": 486.571, "2013-09-30": 407.944, "2013-06-30": 295.881, "2013-03-31": "473.14300", "2012-12-31": 365.224, "2012-09-30": 475.602, "2012-06-30": 311.587, "2012-03-31": "8.81600", "2011-12-31": 81.939, "2011-09-30": 201.752, "2011-06-30": 313.929, "2011-03-31": "372.76600", "2010-12-31": 249.816, "2010-09-30": 309.868, "2010-06-30": 308.076, "2010-03-31": "225.70300", "2009-12-31": 227.988, "2009-09-30": 252.793, "2009-06-30": 368.384, "2009-03-31": "139.95300", "2008-12-31": 228.702, "2008-09-30": 144.471, "2008-06-30": 184.078, "2008-03-31": "97.72600", "2007-12-31": 185.843, "2007-09-30": 105.651, "2007-06-30": 229.111, "2007-03-31": "-266.61100", "2006-12-31": 26.808, "2006-09-30": 167.119, "2006-06-30": 170.421, "2006-03-31": "42.72600", "2005-12-31": 88.448, "2005-09-30": 74.357, "2005-06-30": 89.292, "2005-03-31": "189.10700"}, "Net Change In Property, Plant, And Equipment": {"2020-09-30": -701.366, "2020-06-30": -674.678, "2020-03-31": "-725.52000", "2019-12-31": -782.452, "2019-09-30": -751.284, "2019-06-30": -749.624, "2019-03-31": "-628.12900", "2018-12-31": -684.855, "2018-09-30": -633.403, "2018-06-30": -644.344, "2018-03-31": "-607.33400", "2017-12-31": -705.825, "2017-09-30": -495.328, "2017-06-30": -623.392, "2017-03-31": "-523.56000", "2016-12-31": -617.696, "2016-09-30": -490.003, "2016-06-30": -437.696, "2016-03-31": "-431.47200", "2015-12-31": -546.854, "2015-09-30": -436.906, "2015-06-30": -377.793, "2015-03-31": "-362.58600", "2014-12-31": -486.251, "2014-09-30": -393.45, "2014-06-30": -375.352, "2014-03-31": "-348.69100", "2013-12-31": -383.028, "2013-09-30": -373.507, "2013-06-30": -311.302, "2013-03-31": "-388.95000", "2012-12-31": -390.522, "2012-09-30": -391.374, "2012-06-30": -386.082, "2012-03-31": "-304.29400", "2011-12-31": -374.511, "2011-09-30": -280.534, "2011-06-30": -184.996, "2011-03-31": "-236.68900", "2010-12-31": -276.893, "2010-09-30": -235.175, "2010-06-30": -239.917, "2010-03-31": "-202.48700", "2009-12-31": -273.7, "2009-09-30": -213.552, "2009-06-30": -211.998, "2009-03-31": "-208.89600", "2008-12-31": -303.576, "2008-09-30": -326.698, "2008-06-30": -336.998, "2008-03-31": "-288.13500", "2007-12-31": -364.593, "2007-09-30": -259.094, "2007-06-30": -263.434, "2007-03-31": "-227.70300", "2006-12-31": -271.879, "2006-09-30": -219.599, "2006-06-30": -176.878, "2006-03-31": "-203.82500", "2005-12-31": -278.467, "2005-09-30": -188.61, "2005-06-30": -141.458, "2005-03-31": "-166.82000"}, "Net Change In Intangible Assets": {"2020-09-30": 0, "2020-06-30": 0, "2020-03-31": "", "2019-12-31": 0, "2019-09-30": 0, "2019-06-30": 0, "2019-03-31": "", "2018-12-31": 0, "2018-09-30": 0, "2018-06-30": 0, "2018-03-31": "", "2017-12-31": 0, "2017-09-30": 0, "2017-06-30": 0, "2017-03-31": "", "2016-12-31": 0, "2016-09-30": 0, "2016-06-30": 0, "2016-03-31": "", "2015-12-31": 0, "2015-09-30": 0, "2015-06-30": 0, "2015-03-31": "", "2014-12-31": 0, "2014-09-30": 0, "2014-06-30": 0, "2014-03-31": "", "2013-12-31": 0, "2013-09-30": 0, "2013-06-30": 0, "2013-03-31": "", "2012-12-31": 0, "2012-09-30": 0, "2012-06-30": 0, "2012-03-31": "", "2011-12-31": 0, "2011-09-30": 0, "2011-06-30": 0, "2011-03-31": "", "2010-12-31": 0, "2010-09-30": 0, "2010-06-30": 0, "2010-03-31": "", "2009-12-31": 0, "2009-09-30": 0, "2009-06-30": 0, "2009-03-31": "", "2008-12-31": 0, "2008-09-30": 0, "2008-06-30": 0, "2008-03-31": "", "2007-12-31": 0, "2007-09-30": 0, "2007-06-30": 0, "2007-03-31": "", "2006-12-31": 0, "2006-09-30": 0, "2006-06-30": 0, "2006-03-31": "", "2005-12-31": 0, "2005-09-30": 0, "2005-06-30": 0, "2005-03-31": ""}, "Net Acquisitions/Divestitures": {"2020-09-30": 0, "2020-06-30": 0, "2020-03-31": "", "2019-12-31": 0, "2019-09-30": 0, "2019-06-30": 0, "2019-03-31": "", "2018-12-31": 0, "2018-09-30": 0, "2018-06-30": 0, "2018-03-31": "", "2017-12-31": -877.652, "2017-09-30": 0, "2017-06-30": 0, "2017-03-31": "", "2016-12-31": -188.958, "2016-09-30": 0, "2016-06-30": 0, "2016-03-31": "", "2015-12-31": -23.353, "2015-09-30": 0, "2015-06-30": 0, "2015-03-31": "", "2014-12-31": -9.779, "2014-09-30": 0, "2014-06-30": 0, "2014-03-31": "", "2013-12-31": -69.259, "2013-09-30": 4.138, "2013-06-30": 65.121, "2013-03-31": "", "2012-12-31": -6.199, "2012-09-30": 18.051, "2012-06-30": -11.852, "2012-03-31": "", "2011-12-31": 0, "2011-09-30": 0, "2011-06-30": 0, "2011-03-31": "", "2010-12-31": 0, "2010-09-30": 0, "2010-06-30": 0, "2010-03-31": "", "2009-12-31": 0, "2009-09-30": 0, "2009-06-30": 0, "2009-03-31": "", "2008-12-31": 0, "2008-09-30": 0, "2008-06-30": 0, "2008-03-31": "", "2007-12-31": 0, "2007-09-30": 0, "2007-06-30": 1.908, "2007-03-31": "-1.90800", "2006-12-31": 1040.169, "2006-09-30": 0, "2006-06-30": -19.429, "2006-03-31": "", "2005-12-31": 31.456, "2005-09-30": 0, "2005-06-30": 0, "2005-03-31": ""}, "Net Change In Short-term Investments": {"2020-09-30": -34.9, "2020-06-30": -3.224, "2020-03-31": "1.79100", "2019-12-31": -65.317, "2019-09-30": -101.685, "2019-06-30": 32.434, "2019-03-31": "-252.43500", "2018-12-31": -49.445, "2018-09-30": -6.969, "2018-06-30": -6.208, "2018-03-31": "-5.16600", "2017-12-31": -24.6, "2017-09-30": 34.888, "2017-06-30": -25.61, "2017-03-31": "5.08400", "2016-12-31": -28.946, "2016-09-30": 1.675, "2016-06-30": 3.959, "2016-03-31": "1.37800", "2015-12-31": 60.513, "2015-09-30": 1.79, "2015-06-30": 21.753, "2015-03-31": "-2.00500", "2014-12-31": -1.377, "2014-09-30": -0.195, "2014-06-30": 3.241, "2014-03-31": "-4.10000", "2013-12-31": 1.089, "2013-09-30": 28.504, "2013-06-30": 4.115, "2013-03-31": "-85.96000", "2012-12-31": -11.484, "2012-09-30": -9.206, "2012-06-30": -10.022, "2012-03-31": "-0.62300", "2011-12-31": -0.743, "2011-09-30": -0.593, "2011-06-30": -0.611, "2011-03-31": "-0.58400", "2010-12-31": -0.569, "2010-09-30": -0.676, "2010-06-30": -0.6, "2010-03-31": "-0.49400", "2009-12-31": -0.613, "2009-09-30": 0.097, "2009-06-30": -0.156, "2009-03-31": "-1.62400", "2008-12-31": -0.988, "2008-09-30": -0.681, "2008-06-30": -0.272, "2008-03-31": "-1.05500", "2007-12-31": 258.713, "2007-09-30": -1.092, "2007-06-30": -1.449, "2007-03-31": "-1.34000", "2006-12-31": 189.768, "2006-09-30": -1.101, "2006-06-30": 5.61, "2006-03-31": "-0.81800", "2005-12-31": 7.312, "2005-09-30": -11.002, "2005-06-30": -0.818, "2005-03-31": "-0.65300"}, "Net Change In Long-Term Investments": {"2020-09-30": 0, "2020-06-30": 0, "2020-03-31": "", "2019-12-31": 0, "2019-09-30": 0, "2019-06-30": 0, "2019-03-31": "", "2018-12-31": 0, "2018-09-30": 0, "2018-06-30": 0, "2018-03-31": "", "2017-12-31": 0, "2017-09-30": 0, "2017-06-30": 0, "2017-03-31": "", "2016-12-31": 0, "2016-09-30": 0, "2016-06-30": 0, "2016-03-31": "", "2015-12-31": 0, "2015-09-30": 0, "2015-06-30": 0, "2015-03-31": "", "2014-12-31": 0, "2014-09-30": 0, "2014-06-30": 0, "2014-03-31": "", "2013-12-31": 0, "2013-09-30": 0, "2013-06-30": 0, "2013-03-31": "", "2012-12-31": 0, "2012-09-30": 0, "2012-06-30": 0, "2012-03-31": "", "2011-12-31": 0, "2011-09-30": 0, "2011-06-30": 0, "2011-03-31": "", "2010-12-31": 0, "2010-09-30": 0, "2010-06-30": 0, "2010-03-31": "", "2009-12-31": 0, "2009-09-30": 0, "2009-06-30": 0, "2009-03-31": "", "2008-12-31": 0, "2008-09-30": 0, "2008-06-30": 0, "2008-03-31": "", "2007-12-31": -261.777, "2007-09-30": 0, "2007-06-30": 0, "2007-03-31": "", "2006-12-31": -193.917, "2006-09-30": 0, "2006-06-30": 0, "2006-03-31": "", "2005-12-31": 0, "2005-09-30": 0, "2005-06-30": 0, "2005-03-31": ""}, "Net Change In Investments - Total": {"2020-09-30": -34.9, "2020-06-30": -3.224, "2020-03-31": "1.79100", "2019-12-31": -65.317, "2019-09-30": -101.685, "2019-06-30": 32.434, "2019-03-31": "-252.43500", "2018-12-31": -49.445, "2018-09-30": -6.969, "2018-06-30": -6.208, "2018-03-31": "-5.16600", "2017-12-31": -24.6, "2017-09-30": 34.888, "2017-06-30": -25.61, "2017-03-31": "5.08400", "2016-12-31": -28.946, "2016-09-30": 1.675, "2016-06-30": 3.959, "2016-03-31": "1.37800", "2015-12-31": 60.513, "2015-09-30": 1.79, "2015-06-30": 21.753, "2015-03-31": "-2.00500", "2014-12-31": -1.377, "2014-09-30": -0.195, "2014-06-30": 3.241, "2014-03-31": "-4.10000", "2013-12-31": 1.089, "2013-09-30": 28.504, "2013-06-30": 4.115, "2013-03-31": "-85.96000", "2012-12-31": -11.484, "2012-09-30": -9.206, "2012-06-30": -10.022, "2012-03-31": "-0.62300", "2011-12-31": -0.743, "2011-09-30": -0.593, "2011-06-30": -0.611, "2011-03-31": "-0.58400", "2010-12-31": -0.569, "2010-09-30": -0.676, "2010-06-30": -0.6, "2010-03-31": "-0.49400", "2009-12-31": -0.613, "2009-09-30": 0.097, "2009-06-30": -0.156, "2009-03-31": "-1.62400", "2008-12-31": -0.988, "2008-09-30": -0.681, "2008-06-30": -0.272, "2008-03-31": "-1.05500", "2007-12-31": -3.064, "2007-09-30": -1.092, "2007-06-30": -1.449, "2007-03-31": "-1.34000", "2006-12-31": -4.149, "2006-09-30": -1.101, "2006-06-30": 5.61, "2006-03-31": "-0.81800", "2005-12-31": 7.312, "2005-09-30": -11.002, "2005-06-30": -0.818, "2005-03-31": "-0.65300"}, "Investing Activities - Other": {"2020-09-30": 117.054, "2020-06-30": 5.01, "2020-03-31": "6.11900", "2019-12-31": 25.33, "2019-09-30": -5.181, "2019-06-30": -0.838, "2019-03-31": "4.89300", "2018-12-31": 2.817, "2018-09-30": 81.954, "2018-06-30": -16.874, "2018-03-31": "132.78100", "2017-12-31": 29.652, "2017-09-30": -3.734, "2017-06-30": -4.334, "2017-03-31": "-16.10500", "2016-12-31": 45.674, "2016-09-30": -6.472, "2016-06-30": -8.485, "2016-03-31": "5.49400", "2015-12-31": 9.06, "2015-09-30": -7.59, "2015-06-30": 4.755, "2015-03-31": "0.06600", "2014-12-31": 28.828, "2014-09-30": -8.142, "2014-06-30": 1.836, "2014-03-31": "1.63700", "2013-12-31": 68.953, "2013-09-30": -0.294, "2013-06-30": -28.84, "2013-03-31": "27.99700", "2012-12-31": 1.617, "2012-09-30": 10.94, "2012-06-30": 20.678, "2012-03-31": "2.44800", "2011-12-31": 66.523, "2011-09-30": -1.021, "2011-06-30": -5.156, "2011-03-31": "0.32800", "2010-12-31": 9.255, "2010-09-30": -6.043, "2010-06-30": -3.891, "2010-03-31": "-0.47800", "2009-12-31": 3.665, "2009-09-30": 1.359, "2009-06-30": 1.566, "2009-03-31": "1.37300", "2008-12-31": 1.816, "2008-09-30": -8.165, "2008-06-30": 0.161, "2008-03-31": "11.23400", "2007-12-31": 44.871, "2007-09-30": 0.823, "2007-06-30": -43.286, "2007-03-31": "51.89500", "2006-12-31": 19.446, "2006-09-30": -49.494, "2006-06-30": 4.512, "2006-03-31": "-5.50100", "2005-12-31": 42.293, "2005-09-30": 1.679, "2005-06-30": 11.579, "2005-03-31": "-6.03600"}, "Cash Flow From Investing Activities": {"2020-09-30": -619.212, "2020-06-30": -672.892, "2020-03-31": "-717.61000", "2019-12-31": -822.439, "2019-09-30": -858.15, "2019-06-30": -718.028, "2019-03-31": "-875.67100", "2018-12-31": -731.483, "2018-09-30": -558.418, "2018-06-30": -667.426, "2018-03-31": "-479.71900", "2017-12-31": -1578.425, "2017-09-30": -464.174, "2017-06-30": -653.336, "2017-03-31": "-534.58100", "2016-12-31": -789.926, "2016-09-30": -494.8, "2016-06-30": -442.222, "2016-03-31": "-424.60000", "2015-12-31": -500.634, "2015-09-30": -442.706, "2015-06-30": -351.285, "2015-03-31": "-364.52500", "2014-12-31": -468.579, "2014-09-30": -401.787, "2014-06-30": -370.275, "2014-03-31": "-351.15400", "2013-12-31": -382.245, "2013-09-30": -341.159, "2013-06-30": -270.906, "2013-03-31": "-446.91300", "2012-12-31": -406.588, "2012-09-30": -371.589, "2012-06-30": -387.278, "2012-03-31": "-302.46900", "2011-12-31": -308.731, "2011-09-30": -282.148, "2011-06-30": -190.763, "2011-03-31": "-236.94500", "2010-12-31": -268.207, "2010-09-30": -241.894, "2010-06-30": -244.408, "2010-03-31": "-203.45900", "2009-12-31": -270.648, "2009-09-30": -212.096, "2009-06-30": -210.588, "2009-03-31": "-209.14700", "2008-12-31": -302.748, "2008-09-30": -335.544, "2008-06-30": -337.109, "2008-03-31": "-277.95600", "2007-12-31": -322.786, "2007-09-30": -259.363, "2007-06-30": -306.261, "2007-03-31": "-179.05600", "2006-12-31": 783.587, "2006-09-30": -270.194, "2006-06-30": -186.185, "2006-03-31": "-210.14400", "2005-12-31": -197.406, "2005-09-30": -197.933, "2005-06-30": -130.697, "2005-03-31": "-173.50900"}, "Net Long-Term Debt": {"2020-09-30": 1345.01, "2020-06-30": 161.402, "2020-03-31": "508.14200", "2019-12-31": -505.223, "2019-09-30": 422.25, "2019-06-30": 1030.505, "2019-03-31": "-280.94200", "2018-12-31": 710.525, "2018-09-30": 149.5661, "2018-06-30": -74.5401, "2018-03-31": "999.78200", "2017-12-31": 825, "2017-09-30": 130, "2017-06-30": 350, "2017-03-31": "450.00000", "2016-12-31": 0, "2016-09-30": 0, "2016-06-30": 100, "2016-03-31": "500.00000", "2015-12-31": 400, "2015-09-30": 24.877, "2015-06-30": 133.423, "2015-03-31": "450.00000", "2014-12-31": 75.099, "2014-09-30": -200, "2014-06-30": -51.65, "2014-03-31": "325.00000", "2013-12-31": 240.715, "2013-09-30": -479.965, "2013-06-30": 569.755, "2013-03-31": "337.47100", "2012-12-31": -40.783, "2012-09-30": -58.648, "2012-06-30": -304.138, "2012-03-31": "300.00000", "2011-12-31": -142.2, "2011-09-30": 367.208, "2011-06-30": -19.538, "2011-03-31": "-16.86800", "2010-12-31": -65.14, "2010-09-30": -67.124, "2010-06-30": -16.317, "2010-03-31": "28.43100", "2009-12-31": 89.133, "2009-09-30": -62.882, "2009-06-30": -50.161, "2009-03-31": "187.54900", "2008-12-31": -63.834, "2008-09-30": -58.914, "2008-06-30": 451.673, "2008-03-31": "-61.13600", "2007-12-31": -97.796, "2007-09-30": 257.829, "2007-06-30": 24.2, "2007-03-31": "206.16800", "2006-12-31": -73.187, "2006-09-30": -15.042, "2006-06-30": 192.5, "2006-03-31": "-56.45800", "2005-12-31": -44.281, "2005-09-30": 45.78, "2005-06-30": 114.271, "2005-03-31": "-59.45900"}, "Net Current Debt": {"2020-09-30": -433, "2020-06-30": -332.92, "2020-03-31": "-408.95000", "2019-12-31": 522.87, "2019-09-30": -16.5, "2019-06-30": -1010.43, "2019-03-31": "829.43000", "2018-12-31": -157.2, "2018-09-30": -123.61, "2018-06-30": 141.505, "2018-03-31": "-240.00500", "2017-12-31": 304.31, "2017-09-30": -20.5, "2017-06-30": -38, "2017-03-31": "-173.00000", "2016-12-31": 414, "2016-09-30": -32.5, "2016-06-30": -2.5, "2016-03-31": "-391.45300", "2015-12-31": 145.453, "2015-09-30": 61.8, "2015-06-30": -49.8, "2015-03-31": "-399.57500", "2014-12-31": 279.075, "2014-09-30": 219, "2014-06-30": 86.5, "2014-03-31": "-299.50000", "2013-12-31": -225, "2013-09-30": 548.5, "2013-06-30": -492.5, "2013-03-31": "-228.00000", "2012-12-31": 170.75, "2012-09-30": 95.75, "2012-06-30": 215.5, "2012-03-31": "343.00000", "2011-12-31": 287, "2011-09-30": -107, "2011-06-30": -52, "2011-03-31": "-78.00000", "2010-12-31": 111, "2010-09-30": -1.313, "2010-06-30": 57, "2010-03-31": "", "2009-12-31": -224.921, "2009-09-30": -168.755, "2009-06-30": 0.001, "2009-03-31": "-124.90900", "2008-12-31": 176.71, "2008-09-30": 355.187, "2008-06-30": -271, "2008-03-31": "279.00000", "2007-12-31": 79, "2007-09-30": 0, "2007-06-30": 0, "2007-03-31": "", "2006-12-31": -278, "2006-09-30": 147, "2006-06-30": -139, "2006-03-31": "238.00000", "2005-12-31": -276, "2005-09-30": 130.844, "2005-06-30": -89.844, "2005-03-31": "87.00000"}, "Debt Issuance/Retirement Net - Total": {"2020-09-30": 912.01, "2020-06-30": -171.518, "2020-03-31": "99.19200", "2019-12-31": 17.647, "2019-09-30": 405.75, "2019-06-30": 20.075, "2019-03-31": "548.48800", "2018-12-31": 553.325, "2018-09-30": 25.9561, "2018-06-30": 66.9649, "2018-03-31": "759.77700", "2017-12-31": 1129.31, "2017-09-30": 109.5, "2017-06-30": 312, "2017-03-31": "277.00000", "2016-12-31": 414, "2016-09-30": -32.5, "2016-06-30": 97.5, "2016-03-31": "108.54700", "2015-12-31": 545.453, "2015-09-30": 86.677, "2015-06-30": 83.623, "2015-03-31": "50.42500", "2014-12-31": 354.174, "2014-09-30": 19, "2014-06-30": 34.85, "2014-03-31": "25.50000", "2013-12-31": 15.715, "2013-09-30": 68.535, "2013-06-30": 77.255, "2013-03-31": "109.47100", "2012-12-31": 129.967, "2012-09-30": 37.102, "2012-06-30": -88.638, "2012-03-31": "643.00000", "2011-12-31": 144.8, "2011-09-30": 260.208, "2011-06-30": -71.538, "2011-03-31": "-94.86800", "2010-12-31": 45.86, "2010-09-30": -68.437, "2010-06-30": 40.683, "2010-03-31": "28.43100", "2009-12-31": -135.788, "2009-09-30": -231.637, "2009-06-30": -50.16, "2009-03-31": "62.64000", "2008-12-31": 112.876, "2008-09-30": 296.273, "2008-06-30": 180.673, "2008-03-31": "217.86400", "2007-12-31": -18.796, "2007-09-30": 257.829, "2007-06-30": 24.2, "2007-03-31": "206.16800", "2006-12-31": -351.187, "2006-09-30": 131.958, "2006-06-30": 53.5, "2006-03-31": "181.54200", "2005-12-31": -320.281, "2005-09-30": 176.624, "2005-06-30": 24.427, "2005-03-31": "27.54100"}, "Net Common Equity Issued/Repurchased": {"2020-09-30": 0, "2020-06-30": 509.239, "2020-03-31": "419.78600", "2019-12-31": 425.352, "2019-09-30": 0, "2019-06-30": 426.902, "2019-03-31": "", "2018-12-31": 0, "2018-09-30": 0, "2018-06-30": 0, "2018-03-31": "", "2017-12-31": 0, "2017-09-30": 0, "2017-06-30": 0, "2017-03-31": "", "2016-12-31": 0, "2016-09-30": 0, "2016-06-30": 0, "2016-03-31": "", "2015-12-31": 0, "2015-09-30": 0, "2015-06-30": 0, "2015-03-31": "", "2014-12-31": 0, "2014-09-30": 0, "2014-06-30": 0, "2014-03-31": "", "2013-12-31": 0, "2013-09-30": 0, "2013-06-30": 0, "2013-03-31": "", "2012-12-31": 0, "2012-09-30": 0, "2012-06-30": 0, "2012-03-31": "", "2011-12-31": 0, "2011-09-30": 0, "2011-06-30": 0, "2011-03-31": "", "2010-12-31": 0, "2010-09-30": 0, "2010-06-30": 0, "2010-03-31": "", "2009-12-31": -5.234, "2009-09-30": 1.118, "2009-06-30": 0.061, "2009-03-31": "387.35000", "2008-12-31": -5.002, "2008-09-30": 0.44, "2008-06-30": 0.521, "2008-03-31": "4.04100", "2007-12-31": 0.068, "2007-09-30": 0.468, "2007-06-30": 4.403, "2007-03-31": "4.11700", "2006-12-31": 3.184, "2006-09-30": 2.242, "2006-06-30": 0.866, "2006-03-31": "3.20200", "2005-12-31": 442.666, "2005-09-30": 0.596, "2005-06-30": 3.581, "2005-03-31": "3.98400"}, "Net Total Equity Issued/Repurchased": {"2020-09-30": 0, "2020-06-30": 509.239, "2020-03-31": "419.78600", "2019-12-31": 425.352, "2019-09-30": 0, "2019-06-30": 426.902, "2019-03-31": "", "2018-12-31": 0, "2018-09-30": 0, "2018-06-30": 0, "2018-03-31": "", "2017-12-31": 0, "2017-09-30": 0, "2017-06-30": 0, "2017-03-31": "", "2016-12-31": 0, "2016-09-30": 0, "2016-06-30": 0, "2016-03-31": "", "2015-12-31": 0, "2015-09-30": 0, "2015-06-30": 0, "2015-03-31": "", "2014-12-31": 0, "2014-09-30": 0, "2014-06-30": 0, "2014-03-31": "", "2013-12-31": 0, "2013-09-30": 0, "2013-06-30": 0, "2013-03-31": "", "2012-12-31": 0, "2012-09-30": 0, "2012-06-30": 17.903, "2012-03-31": "-17.90300", "2011-12-31": 124.086, "2011-09-30": -124.086, "2011-06-30": 0, "2011-03-31": "", "2010-12-31": 0, "2010-09-30": 0, "2010-06-30": 0, "2010-03-31": "", "2009-12-31": -5.234, "2009-09-30": 1.118, "2009-06-30": 0.061, "2009-03-31": "387.35000", "2008-12-31": -5.002, "2008-09-30": 0.44, "2008-06-30": 0.521, "2008-03-31": "4.04100", "2007-12-31": 0.068, "2007-09-30": 0.468, "2007-06-30": 4.403, "2007-03-31": "4.11700", "2006-12-31": 3.184, "2006-09-30": 2.242, "2006-06-30": 0.866, "2006-03-31": "3.20200", "2005-12-31": 442.666, "2005-09-30": 0.596, "2005-06-30": 3.581, "2005-03-31": "3.98400"}, "Total Common And Preferred Stock Dividends Paid": {"2020-09-30": -190.718, "2020-06-30": -187.088, "2020-03-31": "-183.48800", "2019-12-31": -169.548, "2019-09-30": -174.105, "2019-06-30": -155.468, "2019-03-31": "-171.63700", "2018-12-31": -161.908, "2018-09-30": -161.907, "2018-06-30": -161.907, "2018-03-31": "-161.90700", "2017-12-31": -152.401, "2017-09-30": -152.4, "2017-06-30": -152.4, "2017-03-31": "-152.40100", "2016-12-31": -142.895, "2016-09-30": -143.037, "2016-06-30": -143.036, "2016-03-31": "-143.03700", "2015-12-31": -134.308, "2015-09-30": -134.307, "2015-06-30": -134.383, "2015-03-31": "-134.31200", "2014-12-31": -121.027, "2014-09-30": -120.799, "2014-06-30": -120.581, "2014-03-31": "-120.33900", "2013-12-31": -122.901, "2013-09-30": -111.532, "2013-06-30": -117.68, "2013-03-31": "-118.31000", "2012-12-31": -109.571, "2012-09-30": -109.528, "2012-06-30": -109.483, "2012-03-31": "-53.49400", "2011-12-31": -50.08, "2011-09-30": -50.048, "2011-06-30": -50.008, "2011-03-31": "-49.97800", "2010-12-31": -46.583, "2010-09-30": -46.545, "2010-06-30": -46.495, "2010-03-31": "-46.47800", "2009-12-31": -43.124, "2009-09-30": -43.116, "2009-06-30": -43.103, "2009-03-31": "-38.59700", "2008-12-31": -34.643, "2008-09-30": -34.64, "2008-06-30": -32.68, "2008-03-31": "-32.67300", "2007-12-31": -36.802, "2007-09-30": -31.243, "2007-06-30": -29.284, "2007-03-31": "-29.21800", "2006-12-31": -29.185, "2006-09-30": -29.535, "2006-06-30": -26.784, "2006-03-31": "-27.24100", "2005-12-31": -22.769, "2005-09-30": -23.156, "2005-06-30": -20.624, "2005-03-31": "-21.00500"}, "Financial Activities - Other": {"2020-09-30": 59.169, "2020-06-30": -19.579, "2020-03-31": "-21.56000", "2019-12-31": -0.556, "2019-09-30": 40.959, "2019-06-30": -57.842, "2019-03-31": "16.43300", "2018-12-31": -8.096, "2018-09-30": -2.403, "2018-06-30": 1.182, "2018-03-31": "-19.14000", "2017-12-31": -4.925, "2017-09-30": 19.425, "2017-06-30": -3.422, "2017-03-31": "-15.83200", "2016-12-31": -16.408, "2016-09-30": -0.263, "2016-06-30": -2.956, "2016-03-31": "-13.85500", "2015-12-31": -4.779, "2015-09-30": 3.613, "2015-06-30": -6.254, "2015-03-31": "-10.80500", "2014-12-31": -15.53, "2014-09-30": 3.842, "2014-06-30": -1.915, "2014-03-31": "-2.01700", "2013-12-31": -11.717, "2013-09-30": -1.902, "2013-06-30": -9.312, "2013-03-31": "-2.32200", "2012-12-31": -6.733, "2012-09-30": 13.379, "2012-06-30": 1.013, "2012-03-31": "-1.13000", "2011-12-31": -2.176, "2011-09-30": -4.064, "2011-06-30": -1.872, "2011-03-31": "0.98900", "2010-12-31": 1.33, "2010-09-30": -0.588, "2010-06-30": 0.907, "2010-03-31": "-1.13700", "2009-12-31": 4.781, "2009-09-30": 0.767, "2009-06-30": -0.274, "2009-03-31": "-15.18700", "2008-12-31": 7.813, "2008-09-30": -0.31, "2008-06-30": -8.329, "2008-03-31": "0.86800", "2007-12-31": -0.076, "2007-09-30": -4.512, "2007-06-30": 1.924, "2007-03-31": "-2.58100", "2006-12-31": -1.751, "2006-09-30": 0.121, "2006-06-30": 0.658, "2006-03-31": "0.40100", "2005-12-31": -31.07, "2005-09-30": 0.223, "2005-06-30": 15.483, "2005-03-31": "0.91400"}, "Cash Flow From Financial Activities": {"2020-09-30": 780.461, "2020-06-30": 131.054, "2020-03-31": "313.93000", "2019-12-31": 272.895, "2019-09-30": 272.604, "2019-06-30": 233.667, "2019-03-31": "393.28400", "2018-12-31": 383.321, "2018-09-30": -138.354, "2018-06-30": -93.76, "2018-03-31": "578.73000", "2017-12-31": 971.984, "2017-09-30": -23.475, "2017-06-30": 156.178, "2017-03-31": "108.76700", "2016-12-31": 254.697, "2016-09-30": -175.8, "2016-06-30": -48.492, "2016-03-31": "-48.34500", "2015-12-31": 406.366, "2015-09-30": -44.017, "2015-06-30": -57.014, "2015-03-31": "-94.69200", "2014-12-31": 217.617, "2014-09-30": -97.957, "2014-06-30": -87.646, "2014-03-31": "-96.85600", "2013-12-31": -118.903, "2013-09-30": -44.899, "2013-06-30": -49.737, "2013-03-31": "-11.16100", "2012-12-31": 13.663, "2012-09-30": -59.047, "2012-06-30": -179.205, "2012-03-31": "570.47300", "2011-12-31": 216.63, "2011-09-30": 82.01, "2011-06-30": -123.418, "2011-03-31": "-143.85700", "2010-12-31": 0.607, "2010-09-30": -115.57, "2010-06-30": -4.905, "2010-03-31": "-19.18400", "2009-12-31": -179.365, "2009-09-30": -272.868, "2009-06-30": -93.476, "2009-03-31": "396.20600", "2008-12-31": 81.044, "2008-09-30": 261.763, "2008-06-30": 140.185, "2008-03-31": "190.10000", "2007-12-31": -55.606, "2007-09-30": 222.542, "2007-06-30": 1.243, "2007-03-31": "178.48600", "2006-12-31": -378.939, "2006-09-30": 104.786, "2006-06-30": 28.24, "2006-03-31": "157.90400", "2005-12-31": 68.546, "2005-09-30": 154.287, "2005-06-30": 22.867, "2005-03-31": "11.43400"}, "Net Cash Flow": {"2020-09-30": 652.083, "2020-06-30": 43.231, "2020-03-31": "16.62600", "2019-12-31": -34.817, "2019-09-30": -15.283, "2019-06-30": 58.791, "2019-03-31": "-100.95200", "2018-12-31": 74.719, "2018-09-30": 12.755, "2018-06-30": -240.765, "2018-03-31": "276.72500", "2017-12-31": -86.086, "2017-09-30": 93.248, "2017-06-30": -47.557, "2017-03-31": "19.53500", "2016-12-31": 22.645, "2016-09-30": 1.33, "2016-06-30": -12.24, "2016-03-31": "27.01900", "2015-12-31": -11.834, "2015-09-30": -0.688, "2015-06-30": -34.558, "2015-03-31": "32.32400", "2014-12-31": -3.003, "2014-09-30": 7.61, "2014-06-30": -55.054, "2014-03-31": "45.78600", "2013-12-31": -14.577, "2013-09-30": 21.886, "2013-06-30": -24.762, "2013-03-31": "15.06900", "2012-12-31": -27.701, "2012-09-30": 44.966, "2012-06-30": -254.896, "2012-03-31": "276.82000", "2011-12-31": -10.162, "2011-09-30": 1.614, "2011-06-30": -0.252, "2011-03-31": "-8.03600", "2010-12-31": -17.784, "2010-09-30": -47.596, "2010-06-30": 58.763, "2010-03-31": "3.06000", "2009-12-31": -222.025, "2009-09-30": -232.171, "2009-06-30": 64.32, "2009-03-31": "327.01200", "2008-12-31": 6.998, "2008-09-30": 70.69, "2008-06-30": -12.846, "2008-03-31": "9.87000", "2007-12-31": -192.549, "2007-09-30": 68.83, "2007-06-30": -75.907, "2007-03-31": "-267.18100", "2006-12-31": 431.456, "2006-09-30": 1.711, "2006-06-30": 12.476, "2006-03-31": "-9.51400", "2005-12-31": -40.412, "2005-09-30": 30.711, "2005-06-30": -18.538, "2005-03-31": "27.03200"}, "Stock-Based Compensation": {"2020-09-30": 0, "2020-06-30": 0, "2020-03-31": "", "2019-12-31": 0, "2019-09-30": 0, "2019-06-30": 0, "2019-03-31": "", "2018-12-31": 0, "2018-09-30": 0, "2018-06-30": 0, "2018-03-31": "", "2017-12-31": 0, "2017-09-30": 0, "2017-06-30": 0, "2017-03-31": "", "2016-12-31": 0, "2016-09-30": 0, "2016-06-30": 0, "2016-03-31": "", "2015-12-31": 0, "2015-09-30": 0, "2015-06-30": 0, "2015-03-31": "", "2014-12-31": 0, "2014-09-30": 0, "2014-06-30": 0, "2014-03-31": "", "2013-12-31": 0, "2013-09-30": 0, "2013-06-30": 0, "2013-03-31": "", "2012-12-31": 0, "2012-09-30": 0, "2012-06-30": 0, "2012-03-31": "", "2011-12-31": 0, "2011-09-30": 0, "2011-06-30": 0, "2011-03-31": "", "2010-12-31": 0, "2010-09-30": 0, "2010-06-30": 0, "2010-03-31": "", "2009-12-31": 0, "2009-09-30": 0, "2009-06-30": 0, "2009-03-31": "", "2008-12-31": 0, "2008-09-30": 0, "2008-06-30": 0, "2008-03-31": "", "2007-12-31": 0, "2007-09-30": 0, "2007-06-30": 0, "2007-03-31": "", "2006-12-31": 0, "2006-09-30": 0, "2006-06-30": 0, "2006-03-31": "", "2005-12-31": 0, "2005-09-30": 0, "2005-06-30": 0, "2005-03-31": ""}, "Common Stock Dividends Paid": {"2020-09-30": -188.838, "2020-06-30": -185.209, "2020-03-31": "-181.60800", "2019-12-31": -167.668, "2019-09-30": -172.225, "2019-06-30": -153.589, "2019-03-31": "-169.75700", "2018-12-31": -160.028, "2018-09-30": -160.027, "2018-06-30": -160.028, "2018-03-31": "-160.02700", "2017-12-31": -150.521, "2017-09-30": -150.52, "2017-06-30": -150.521, "2017-03-31": "-150.52100", "2016-12-31": -141.015, "2016-09-30": -141.157, "2016-06-30": -141.157, "2016-03-31": "-141.15700", "2015-12-31": -132.428, "2015-09-30": -132.427, "2015-06-30": -132.503, "2015-03-31": "-132.43300", "2014-12-31": -119.147, "2014-09-30": -118.919, "2014-06-30": -118.701, "2014-03-31": "-118.46000", "2013-12-31": -121.021, "2013-09-30": -109.652, "2013-06-30": -115.637, "2013-03-31": "-116.43100", "2012-12-31": -107.691, "2012-09-30": -107.648, "2012-06-30": -107.604, "2012-03-31": "-52.10400", "2011-12-31": -48.69, "2011-09-30": -48.658, "2011-06-30": -48.619, "2011-03-31": "-48.58800", "2010-12-31": -45.193, "2010-09-30": -45.155, "2010-06-30": -45.106, "2010-03-31": "-45.08800", "2009-12-31": -41.734, "2009-09-30": -41.726, "2009-06-30": -41.714, "2009-03-31": "-37.20700", "2008-12-31": -33.253, "2008-09-30": -33.25, "2008-06-30": -31.291, "2008-03-31": "-31.28300", "2007-12-31": -31.243, "2007-09-30": -31.243, "2007-06-30": -29.284, "2007-03-31": "-29.21800", "2006-12-31": -29.185, "2006-09-30": -29.535, "2006-06-30": -26.784, "2006-03-31": "-27.24100", "2005-12-31": -22.769, "2005-09-30": -23.156, "2005-06-30": -20.624, "2005-03-31": "-21.00500"}}, "financial ratios": {"Current Ratio": {"2019-12-31": "0.66970", "2018-12-31": "0.55730", "2017-12-31": "0.69300", "2016-12-31": "0.68090", "2015-12-31": "0.87590", "2014-12-31": "0.85900", "2013-12-31": "0.63710", "2012-12-31": "0.61130", "2011-12-31": "0.69700", "2010-12-31": "1.12030", "2009-12-31": "1.29450", "2008-12-31": "0.88380", "2007-12-31": "1.06640", "2006-12-31": "1.26930", "2005-12-31": "1.20270"}, "Long-term Debt / Capital": {"2019-12-31": "0.52160", "2018-12-31": "0.51610", "2017-12-31": "0.51510", "2016-12-31": "0.45180", "2015-12-31": "0.45960", "2014-12-31": "0.46200", "2013-12-31": "0.44330", "2012-12-31": "0.43390", "2011-12-31": "0.52760", "2010-12-31": "0.54110", "2009-12-31": "0.54880", "2008-12-31": "0.56680", "2007-12-31": "0.53480", "2006-12-31": "0.50390", "2005-12-31": "0.54320"}, "Debt/Equity Ratio": {"2019-12-31": "1.18660", "2018-12-31": "1.21840", "2017-12-31": "1.20990", "2016-12-31": "1.00370", "2015-12-31": "0.98490", "2014-12-31": "0.97940", "2013-12-31": "0.96270", "2012-12-31": "0.96710", "2011-12-31": "1.27390", "2010-12-31": "1.26400", "2009-12-31": "1.26130", "2008-12-31": "1.52280", "2007-12-31": "1.22670", "2006-12-31": "1.01750", "2005-12-31": "1.21080"}, "Gross Margin": {"2019-12-31": "64.34440", "2018-12-31": "62.84450", "2017-12-31": "67.29510", "2016-12-31": "67.26290", "2015-12-31": "61.19460", "2014-12-31": "60.97120", "2013-12-31": "65.99250", "2012-12-31": "66.77660", "2011-12-31": "62.87410", "2010-12-31": "58.46400", "2009-12-31": "51.65640", "2008-12-31": "48.34260", "2007-12-31": "42.45030", "2006-12-31": "32.66930", "2005-12-31": "24.74230"}, "Operating Margin": {"2019-12-31": "18.65360", "2018-12-31": "20.12180", "2017-12-31": "24.35840", "2016-12-31": "24.10320", "2015-12-31": "22.17730", "2014-12-31": "21.09120", "2013-12-31": "20.94770", "2012-12-31": "17.82350", "2011-12-31": "17.78410", "2010-12-31": "16.33040", "2009-12-31": "13.81350", "2008-12-31": "10.18540", "2007-12-31": "9.26590", "2006-12-31": "3.43100", "2005-12-31": "-2.94100"}, "EBIT Margin": {"2019-12-31": "18.65360", "2018-12-31": "20.12180", "2017-12-31": "24.35840", "2016-12-31": "24.10320", "2015-12-31": "22.17730", "2014-12-31": "21.09120", "2013-12-31": "20.94770", "2012-12-31": "17.82350", "2011-12-31": "17.78410", "2010-12-31": "16.33040", "2009-12-31": "13.81350", "2008-12-31": "10.18540", "2007-12-31": "9.26590", "2006-12-31": "3.43100", "2005-12-31": "-2.94100"}, "EBITDA Margin": {"2019-12-31": "31.32770", "2018-12-31": "32.81040", "2017-12-31": "35.50120", "2016-12-31": "34.40750", "2015-12-31": "30.82860", "2014-12-31": "29.16880", "2013-12-31": "32.72220", "2012-12-31": "29.63120", "2011-12-31": "28.15620", "2010-12-31": "29.06300", "2009-12-31": "23.75710", "2008-12-31": "21.73430", "2007-12-31": "17.97410", "2006-12-31": "10.12360", "2005-12-31": "5.99810"}, "Pre-Tax Profit Margin": {"2019-12-31": "13.95740", "2018-12-31": "15.73700", "2017-12-31": "20.30980", "2016-12-31": "19.69880", "2015-12-31": "17.92590", "2014-12-31": "16.73190", "2013-12-31": "16.71820", "2012-12-31": "12.87900", "2011-12-31": "12.79690", "2010-12-31": "12.34170", "2009-12-31": "9.47780", "2008-12-31": "6.41450", "2007-12-31": "6.19820", "2006-12-31": "0.90390", "2005-12-31": "-5.93780"}, "Net Profit Margin": {"2019-12-31": "10.66150", "2018-12-31": "12.22750", "2017-12-31": "12.74510", "2016-12-31": "12.33520", "2015-12-31": "11.04340", "2014-12-31": "10.58590", "2013-12-31": "10.76540", "2012-12-31": "8.38320", "2011-12-31": "8.83840", "2010-12-31": "7.92030", "2009-12-31": "6.06740", "2008-12-31": "4.49700", "2007-12-31": "4.23350", "2006-12-31": "6.84210", "2005-12-31": "-3.45060"}, "Asset Turnover": {"2019-12-31": "0.20730", "2018-12-31": "0.22090", "2017-12-31": "0.21400", "2016-12-31": "0.23830", "2015-12-31": "0.26010", "2014-12-31": "0.26030", "2013-12-31": "0.26270", "2012-12-31": "0.22170", "2011-12-31": "0.28540", "2010-12-31": "0.33840", "2009-12-31": "0.38690", "2008-12-31": "0.41460", "2007-12-31": "0.50270", "2006-12-31": "0.60850", "2005-12-31": "0.58450"}, "Inventory Turnover Ratio": {"2019-12-31": "12.91100", "2018-12-31": "13.18660", "2017-12-31": "11.36570", "2016-12-31": "7.60780", "2015-12-31": "9.17420", "2014-12-31": "8.64130", "2013-12-31": "8.18830", "2012-12-31": "7.78580", "2011-12-31": "6.65940", "2010-12-31": "8.33670", "2009-12-31": "9.49030", "2008-12-31": "9.98560", "2007-12-31": "15.89130", "2006-12-31": "26.63180", "2005-12-31": "26.76550"}, "Receiveable Turnover": {"2019-12-31": "8.61800", "2018-12-31": "8.49870", "2017-12-31": "8.37970", "2016-12-31": "9.01580", "2015-12-31": "7.35990", "2014-12-31": "6.48590", "2013-12-31": "9.33630", "2012-12-31": "7.91320", "2011-12-31": "9.15090", "2010-12-31": "7.98680", "2009-12-31": "10.06610", "2008-12-31": "8.30060", "2007-12-31": "14.02500", "2006-12-31": "19.04120", "2005-12-31": "8.14870"}, "Days Sales In Receivables": {"2019-12-31": "42.35340", "2018-12-31": "42.94760", "2017-12-31": "43.55750", "2016-12-31": "40.48430", "2015-12-31": "49.59330", "2014-12-31": "56.27640", "2013-12-31": "39.09460", "2012-12-31": "46.12530", "2011-12-31": "39.88680", "2010-12-31": "45.70030", "2009-12-31": "36.26020", "2008-12-31": "43.97270", "2007-12-31": "26.02500", "2006-12-31": "19.16900", "2005-12-31": "44.79220"}, "ROE - Return On Equity": {"2019-12-31": "7.25710", "2018-12-31": "9.05840", "2017-12-31": "8.97970", "2016-12-31": "8.86710", "2015-12-31": "8.55860", "2014-12-31": "8.28990", "2013-12-31": "8.25770", "2012-12-31": "5.77110", "2011-12-31": "9.97390", "2010-12-31": "10.33690", "2009-12-31": "9.37960", "2008-12-31": "8.81990", "2007-12-31": "8.62970", "2006-12-31": "4.75080", "2005-12-31": "-10.57540"}, "Return On Tangible Equity": {"2019-12-31": "11.17400", "2018-12-31": "14.73920", "2017-12-31": "14.95000", "2016-12-31": "13.20600", "2015-12-31": "12.96690", "2014-12-31": "12.80800", "2013-12-31": "12.70370", "2012-12-31": "9.07640", "2011-12-31": "10.41850", "2010-12-31": "10.82340", "2009-12-31": "9.85150", "2008-12-31": "9.35050", "2007-12-31": "9.16900", "2006-12-31": "5.06080", "2005-12-31": "-11.37820"}, "ROA - Return On Assets": {"2019-12-31": "2.22880", "2018-12-31": "2.72090", "2017-12-31": "2.74850", "2016-12-31": "2.96330", "2015-12-31": "2.89730", "2014-12-31": "2.78090", "2013-12-31": "2.85550", "2012-12-31": "1.88350", "2011-12-31": "2.55970", "2010-12-31": "2.72310", "2009-12-31": "2.38730", "2008-12-31": "1.90430", "2007-12-31": "2.17110", "2006-12-31": "1.17610", "2005-12-31": "-2.04410"}, "ROI - Return On Investment": {"2019-12-31": "3.47180", "2018-12-31": "4.38380", "2017-12-31": "4.35440", "2016-12-31": "4.86060", "2015-12-31": "4.62480", "2014-12-31": "4.45970", "2013-12-31": "4.52400", "2012-12-31": "3.21270", "2011-12-31": "4.57900", "2010-12-31": "4.60310", "2009-12-31": "4.09910", "2008-12-31": "3.67950", "2007-12-31": "3.86040", "2006-12-31": "2.26280", "2005-12-31": "-4.61000"}, "Book Value Per Share": {"2019-12-31": "38.28650", "2018-12-31": "36.24910", "2017-12-31": "34.98500", "2016-12-31": "33.80310", "2015-12-31": "32.63720", "2014-12-31": "31.47430", "2013-12-31": "30.97970", "2012-12-31": "29.90770", "2011-12-31": "23.32270", "2010-12-31": "22.26620", "2009-12-31": "21.03460", "2008-12-31": "20.12730", "2007-12-31": "19.53850", "2006-12-31": "18.89600", "2005-12-31": "16.61240"}, "Operating Cash Flow Per Share": {"2019-12-31": 0.4661, "2018-12-31": -0.5201, "2017-12-31": -0.6576, "2016-12-31": 2.4318, "2015-12-31": -0.7019, "2014-12-31": -0.0565, "2013-12-31": 1.0837, "2012-12-31": -1.2804, "2011-12-31": -0.7242, "2010-12-31": 0.455, "2009-12-31": 1.5282, "2008-12-31": 2.5631, "2007-12-31": -1.0053, "2006-12-31": -0.7108, "2005-12-31": 3.3516}, "Free Cash Flow Per Share": {"2019-12-31": -0.4676, "2018-12-31": -1.2187, "2017-12-31": -1.8331, "2016-12-31": 1.6385, "2015-12-31": -1.0639, "2014-12-31": -0.5018, "2013-12-31": 1.7727, "2012-12-31": -0.5208, "2011-12-31": -1.3839, "2010-12-31": 0.317, "2009-12-31": 4.3177, "2008-12-31": 1.694, "2007-12-31": -2.5256, "2006-12-31": -0.4789, "2005-12-31": -2.5384}}, "financial ratios, quarterly": {"Current Ratio": {"2020-09-30": "0.88620", "2020-06-30": "0.72320", "2020-03-31": "0.75470", "2019-12-31": "0.66970", "2019-09-30": "0.59240", "2019-06-30": "0.60700", "2019-03-31": "0.50460", "2018-12-31": "0.55730", "2018-09-30": "0.59320", "2018-06-30": "0.64530", "2018-03-31": "0.67660", "2017-12-31": "0.69300", "2017-09-30": "0.91720", "2017-06-30": "0.61570", "2017-03-31": "0.75330", "2016-12-31": "0.68090", "2016-09-30": "0.91390", "2016-06-30": "1.04840", "2016-03-31": "0.99870", "2015-12-31": "0.87590", "2015-09-30": "0.79670", "2015-06-30": "0.86300", "2015-03-31": "0.89750", "2014-12-31": "0.85900", "2014-09-30": "0.71730", "2014-06-30": "0.73800", "2014-03-31": "0.84790", "2013-12-31": "0.63710", "2013-09-30": "0.59740", "2013-06-30": "0.66560", "2013-03-31": "0.56200", "2012-12-31": "0.61130", "2012-09-30": "0.56280", "2012-06-30": "0.55980", "2012-03-31": "0.77420", "2011-12-31": "0.69700", "2011-09-30": "0.86460", "2011-06-30": "0.90640", "2011-03-31": "1.16550", "2010-12-31": "1.12030", "2010-09-30": "1.16920", "2010-06-30": "1.25600", "2010-03-31": "1.35280", "2009-12-31": "1.29450", "2009-09-30": "1.23860", "2009-06-30": "1.23210", "2009-03-31": "1.26490", "2008-12-31": "0.88380", "2008-09-30": "1.02870", "2008-06-30": "1.25270", "2008-03-31": "0.91590", "2007-12-31": "1.06640", "2007-09-30": "1.35020", "2007-06-30": "1.22440", "2007-03-31": "1.80220", "2006-12-31": "1.26930", "2006-09-30": "1.35570", "2006-06-30": "1.43760", "2006-03-31": "1.29560", "2005-12-31": "1.20270", "2005-09-30": "1.02110", "2005-06-30": "1.05210", "2005-03-31": "1.01320"}, "Long-term Debt / Capital": {"2020-09-30": "0.51320", "2020-06-30": "0.49800", "2020-03-31": "0.51270", "2019-12-31": "0.52160", "2019-09-30": "0.52580", "2019-06-30": "0.52170", "2019-03-31": "0.51350", "2018-12-31": "0.51610", "2018-09-30": "0.51580", "2018-06-30": "0.51580", "2018-03-31": "0.51790", "2017-12-31": "0.51510", "2017-09-30": "0.48770", "2017-06-30": "0.44980", "2017-03-31": "0.46170", "2016-12-31": "0.45180", "2016-09-30": "0.46470", "2016-06-30": "0.47310", "2016-03-31": "0.46700", "2015-12-31": "0.45960", "2015-09-30": "0.45970", "2015-06-30": "0.45660", "2015-03-31": "0.45590", "2014-12-31": "0.46200", "2014-09-30": "0.45230", "2014-06-30": "0.45510", "2014-03-31": "0.46100", "2013-12-31": "0.44330", "2013-09-30": "0.43490", "2013-06-30": "0.44450", "2013-03-31": "0.42460", "2012-12-31": "0.43390", "2012-09-30": "0.41910", "2012-06-30": "0.42920", "2012-03-31": "0.54310", "2011-12-31": "0.52760", "2011-09-30": "0.53110", "2011-06-30": "0.51920", "2011-03-31": "0.53640", "2010-12-31": "0.54110", "2010-09-30": "0.55450", "2010-06-30": "0.55880", "2010-03-31": "0.55870", "2009-12-31": "0.54880", "2009-09-30": "0.55150", "2009-06-30": "0.55360", "2009-03-31": "0.55740", "2008-12-31": "0.56680", "2008-09-30": "0.57200", "2008-06-30": "0.58190", "2008-03-31": "0.54420", "2007-12-31": "0.53480", "2007-09-30": "0.53740", "2007-06-30": "0.51750", "2007-03-31": "0.52670", "2006-12-31": "0.50390", "2006-09-30": "0.53310", "2006-06-30": "0.54390", "2006-03-31": "0.51980", "2005-12-31": "0.54320", "2005-09-30": "0.58260", "2005-06-30": "0.57440", "2005-03-31": "0.54890"}, "Debt/Equity Ratio": {"2020-09-30": "1.13550", "2020-06-30": "1.07870", "2020-03-31": "1.14250", "2019-12-31": "1.18660", "2019-09-30": "1.23790", "2019-06-30": "1.21690", "2019-03-31": "1.25180", "2018-12-31": "1.21840", "2018-09-30": "1.19260", "2018-06-30": "1.20530", "2018-03-31": "1.26640", "2017-12-31": "1.20990", "2017-09-30": "1.04060", "2017-06-30": "1.04000", "2017-03-31": "1.01970", "2016-12-31": "1.00370", "2016-09-30": "0.97240", "2016-06-30": "0.98790", "2016-03-31": "0.98610", "2015-12-31": "0.98490", "2015-09-30": "0.97160", "2015-06-30": "0.95950", "2015-03-31": "0.95960", "2014-12-31": "0.97940", "2014-09-30": "0.95640", "2014-06-30": "0.96860", "2014-03-31": "0.96870", "2013-12-31": "0.96270", "2013-09-30": "0.97130", "2013-06-30": "0.97620", "2013-03-31": "0.97320", "2012-12-31": "0.96710", "2012-09-30": "0.96130", "2012-06-30": "0.96150", "2012-03-31": "1.40990", "2011-12-31": "1.27390", "2011-09-30": "1.22190", "2011-06-30": "1.19760", "2011-03-31": "1.22060", "2010-12-31": "1.26400", "2010-09-30": "1.30450", "2010-06-30": "1.32770", "2010-03-31": "1.31180", "2009-12-31": "1.26130", "2009-09-30": "1.34050", "2009-06-30": "1.40030", "2009-03-31": "1.41820", "2008-12-31": "1.52280", "2008-09-30": "1.52190", "2008-06-30": "1.43960", "2008-03-31": "1.36890", "2007-12-31": "1.22670", "2007-09-30": "1.21320", "2007-06-30": "1.12510", "2007-03-31": "1.11420", "2006-12-31": "1.01750", "2006-09-30": "1.25930", "2006-06-30": "1.25610", "2006-03-31": "1.20150", "2005-12-31": "1.21080", "2005-09-30": "1.55830", "2005-06-30": "1.44990", "2005-03-31": "1.37010"}, "Gross Margin": {"2020-09-30": "65.59820", "2020-06-30": "67.73730", "2020-03-31": "63.07200", "2019-12-31": "65.17150", "2019-09-30": "66.43740", "2019-06-30": "67.05200", "2019-03-31": "59.64540", "2018-12-31": "65.79710", "2018-09-30": "62.91800", "2018-06-30": "64.72680", "2018-03-31": "58.62050", "2017-12-31": "69.39360", "2017-09-30": "67.22290", "2017-06-30": "68.81660", "2017-03-31": "64.19950", "2016-12-31": "71.91840", "2016-09-30": "67.35750", "2016-06-30": "67.10810", "2016-03-31": "63.27860", "2015-12-31": "68.24220", "2015-09-30": "63.65230", "2015-06-30": "62.29530", "2015-03-31": "53.76640", "2014-12-31": "62.65210", "2014-09-30": "62.13380", "2014-06-30": "62.79170", "2014-03-31": "57.29700", "2013-12-31": "66.19500", "2013-09-30": "65.87320", "2013-06-30": "70.15020", "2013-03-31": "62.51630", "2012-12-31": "67.67990", "2012-09-30": "67.62070", "2012-06-30": "66.72070", "2012-03-31": "64.04730", "2011-12-31": "63.01370", "2011-09-30": "63.56270", "2011-06-30": "63.47980", "2011-03-31": "61.61840", "2010-12-31": "58.90340", "2010-09-30": "60.25820", "2010-06-30": "60.21060", "2010-03-31": "54.95450", "2009-12-31": "54.72910", "2009-09-30": "53.17370", "2009-06-30": "52.33710", "2009-03-31": "47.35310", "2008-12-31": "50.95510", "2008-09-30": "46.84110", "2008-06-30": "50.07350", "2008-03-31": "45.83320", "2007-12-31": "53.43490", "2007-09-30": "39.26620", "2007-06-30": "42.17430", "2007-03-31": "37.16030", "2006-12-31": "36.94940", "2006-09-30": "34.31730", "2006-06-30": "33.19510", "2006-03-31": "28.09730", "2005-12-31": "6.58420", "2005-09-30": "33.15560", "2005-06-30": "36.02010", "2005-03-31": "25.24910"}, "Operating Margin": {"2020-09-30": "23.94690", "2020-06-30": "22.20310", "2020-03-31": "22.71200", "2019-12-31": "21.24310", "2019-09-30": "23.40470", "2019-06-30": "8.01210", "2019-03-31": "20.47780", "2018-12-31": "19.65760", "2018-09-30": "20.51670", "2018-06-30": "21.11030", "2018-03-31": "19.34180", "2017-12-31": "23.41420", "2017-09-30": "24.90560", "2017-06-30": "25.42580", "2017-03-31": "23.79790", "2016-12-31": "23.60940", "2016-09-30": "24.99720", "2016-06-30": "23.96030", "2016-03-31": "23.76570", "2015-12-31": "22.79030", "2015-09-30": "24.27380", "2015-06-30": "22.67480", "2015-03-31": "19.79270", "2014-12-31": "22.87260", "2014-09-30": "23.29740", "2014-06-30": "17.52430", "2014-03-31": "20.41790", "2013-12-31": "20.28730", "2013-09-30": "21.09610", "2013-06-30": "21.43070", "2013-03-31": "20.99950", "2012-12-31": "19.67950", "2012-09-30": "22.18100", "2012-06-30": "9.79410", "2012-03-31": "19.49700", "2011-12-31": "17.30930", "2011-09-30": "18.28120", "2011-06-30": "17.00590", "2011-03-31": "18.40570", "2010-12-31": "16.21710", "2010-09-30": "16.05620", "2010-06-30": "16.04640", "2010-03-31": "16.92250", "2009-12-31": "14.62390", "2009-09-30": "12.44500", "2009-06-30": "14.63420", "2009-03-31": "13.63570", "2008-12-31": "11.83090", "2008-09-30": "9.89300", "2008-06-30": "10.42140", "2008-03-31": "8.70230", "2007-12-31": "11.25270", "2007-09-30": "8.50190", "2007-06-30": "8.39280", "2007-03-31": "9.14180", "2006-12-31": "4.66720", "2006-09-30": "4.87640", "2006-06-30": "4.61090", "2006-03-31": "0.59610", "2005-12-31": "-0.90390", "2005-09-30": "-4.60780", "2005-06-30": "-0.91220", "2005-03-31": "-4.68900"}, "EBIT Margin": {"2020-09-30": "23.94690", "2020-06-30": "22.20310", "2020-03-31": "22.71200", "2019-12-31": "21.24310", "2019-09-30": "23.40470", "2019-06-30": "8.01210", "2019-03-31": "20.47780", "2018-12-31": "19.65760", "2018-09-30": "20.51670", "2018-06-30": "21.11030", "2018-03-31": "19.34180", "2017-12-31": "23.41410", "2017-09-30": "24.90560", "2017-06-30": "25.42580", "2017-03-31": "23.79790", "2016-12-31": "23.60950", "2016-09-30": "24.99720", "2016-06-30": "23.96030", "2016-03-31": "23.76570", "2015-12-31": "22.79030", "2015-09-30": "24.27380", "2015-06-30": "22.67480", "2015-03-31": "19.79270", "2014-12-31": "22.87250", "2014-09-30": "23.29740", "2014-06-30": "17.52430", "2014-03-31": "20.41790", "2013-12-31": "20.28720", "2013-09-30": "21.09610", "2013-06-30": "21.43070", "2013-03-31": "20.99950", "2012-12-31": "19.67950", "2012-09-30": "22.18100", "2012-06-30": "9.79410", "2012-03-31": "19.49700", "2011-12-31": "17.30930", "2011-09-30": "18.28120", "2011-06-30": "17.00590", "2011-03-31": "18.40570", "2010-12-31": "16.21700", "2010-09-30": "16.05620", "2010-06-30": "16.04640", "2010-03-31": "16.92250", "2009-12-31": "14.62390", "2009-09-30": "12.44500", "2009-06-30": "14.63420", "2009-03-31": "13.63570", "2008-12-31": "11.83090", "2008-09-30": "9.89300", "2008-06-30": "10.42140", "2008-03-31": "8.70230", "2007-12-31": "11.25270", "2007-09-30": "8.50190", "2007-06-30": "8.39280", "2007-03-31": "9.14180", "2006-12-31": "4.66720", "2006-09-30": "4.87640", "2006-06-30": "4.61090", "2006-03-31": "0.59610", "2005-12-31": "-0.90390", "2005-09-30": "-4.60780", "2005-06-30": "-0.91220", "2005-03-31": "-4.68900"}, "EBITDA Margin": {"2020-09-30": "", "2020-06-30": "", "2020-03-31": "", "2019-12-31": "", "2019-09-30": "", "2019-06-30": "", "2019-03-31": "", "2018-12-31": "", "2018-09-30": "", "2018-06-30": "", "2018-03-31": "", "2017-12-31": "", "2017-09-30": "", "2017-06-30": "", "2017-03-31": "", "2016-12-31": "", "2016-09-30": "", "2016-06-30": "", "2016-03-31": "", "2015-12-31": "", "2015-09-30": "", "2015-06-30": "", "2015-03-31": "", "2014-12-31": "", "2014-09-30": "", "2014-06-30": "", "2014-03-31": "", "2013-12-31": "", "2013-09-30": "", "2013-06-30": "", "2013-03-31": "", "2012-12-31": "", "2012-09-30": "", "2012-06-30": "", "2012-03-31": "", "2011-12-31": "", "2011-09-30": "", "2011-06-30": "", "2011-03-31": "", "2010-12-31": "", "2010-09-30": "", "2010-06-30": "", "2010-03-31": "", "2009-12-31": "", "2009-09-30": "", "2009-06-30": "", "2009-03-31": "", "2008-12-31": "", "2008-09-30": "", "2008-06-30": "", "2008-03-31": "", "2007-12-31": "", "2007-09-30": "", "2007-06-30": "", "2007-03-31": "", "2006-12-31": "", "2006-09-30": "", "2006-06-30": "", "2006-03-31": "", "2005-12-31": "", "2005-09-30": "", "2005-06-30": "", "2005-03-31": ""}, "Pre-Tax Profit Margin": {"2020-09-30": "19.47320", "2020-06-30": "16.87620", "2020-03-31": "18.05220", "2019-12-31": "16.14240", "2019-09-30": "18.42960", "2019-06-30": "3.40400", "2019-03-31": "16.30730", "2018-12-31": "14.82400", "2018-09-30": "15.74070", "2018-06-30": "16.99700", "2018-03-31": "15.52440", "2017-12-31": "19.53430", "2017-09-30": "20.87330", "2017-06-30": "20.98360", "2017-03-31": "19.91160", "2016-12-31": "20.14350", "2016-09-30": "20.76990", "2016-06-30": "18.72860", "2016-03-31": "19.08580", "2015-12-31": "17.91670", "2015-09-30": "19.75810", "2015-06-30": "18.30730", "2015-03-31": "16.24710", "2014-12-31": "18.38950", "2014-09-30": "19.18230", "2014-06-30": "12.34020", "2014-03-31": "16.56260", "2013-12-31": "15.79400", "2013-09-30": "16.94670", "2013-06-30": "16.42380", "2013-03-31": "17.56650", "2012-12-31": "14.97320", "2012-09-30": "17.55910", "2012-06-30": "4.43760", "2012-03-31": "14.25210", "2011-12-31": "11.96560", "2011-09-30": "12.67510", "2011-06-30": "11.76480", "2011-03-31": "14.50080", "2010-12-31": "14.99240", "2010-09-30": "11.56990", "2010-06-30": "10.14000", "2010-03-31": "12.50230", "2009-12-31": "10.34000", "2009-09-30": "7.84030", "2009-06-30": "10.34250", "2009-03-31": "9.44390", "2008-12-31": "7.63650", "2008-09-30": "6.36150", "2008-06-30": "6.21940", "2008-03-31": "5.47310", "2007-12-31": "8.53660", "2007-09-30": "4.98480", "2007-06-30": "4.96520", "2007-03-31": "6.48780", "2006-12-31": "3.17040", "2006-09-30": "1.77930", "2006-06-30": "1.48150", "2006-03-31": "-1.75050", "2005-12-31": "-3.13300", "2005-09-30": "-7.58990", "2005-06-30": "-4.51160", "2005-03-31": "-7.91220"}, "Net Profit Margin": {"2020-09-30": "14.77440", "2020-06-30": "12.91430", "2020-03-31": "14.10240", "2019-12-31": "12.19460", "2019-09-30": "14.65600", "2019-06-30": "1.66910", "2019-03-31": "12.77750", "2018-12-31": "11.36670", "2018-09-30": "12.74000", "2018-06-30": "13.09530", "2018-03-31": "11.78110", "2017-12-31": "12.52540", "2017-09-30": "13.09370", "2017-06-30": "13.08980", "2017-03-31": "12.32500", "2016-12-31": "12.90000", "2016-09-30": "13.00770", "2016-06-30": "11.52390", "2016-03-31": "11.87730", "2015-12-31": "10.74980", "2015-09-30": "12.20420", "2015-06-30": "11.41990", "2015-03-31": "10.07600", "2014-12-31": "11.78060", "2014-09-30": "12.39680", "2014-06-30": "7.59220", "2014-03-31": "10.30110", "2013-12-31": "9.97880", "2013-09-30": "11.06950", "2013-06-30": "10.45450", "2013-03-31": "11.43290", "2012-12-31": "10.37540", "2012-09-30": "11.15360", "2012-06-30": "2.72240", "2012-03-31": "9.02690", "2011-12-31": "10.60820", "2011-09-30": "8.06900", "2011-06-30": "7.37750", "2011-03-31": "9.24140", "2010-12-31": "10.73670", "2010-09-30": "8.08500", "2010-06-30": "6.47330", "2010-03-31": "6.43640", "2009-12-31": "6.44070", "2009-09-30": "4.96010", "2009-06-30": "6.76670", "2009-03-31": "6.12960", "2008-12-31": "4.96570", "2008-09-30": "4.82380", "2008-06-30": "4.36480", "2008-03-31": "3.84170", "2007-12-31": "5.69860", "2007-09-30": "3.45450", "2007-06-30": "3.48860", "2007-03-31": "4.40820", "2006-12-31": "23.50180", "2006-09-30": "6.99710", "2006-06-30": "1.33900", "2006-03-31": "-0.47060", "2005-12-31": "-0.74300", "2005-09-30": "-5.38430", "2005-06-30": "-1.80880", "2005-03-31": "-5.27190"}, "Asset Turnover": {"2020-09-30": "0.05390", "2020-06-30": "0.04650", "2020-03-31": "0.05700", "2019-12-31": "0.04990", "2019-09-30": "0.05480", "2019-06-30": "0.04830", "2019-03-31": "0.06200", "2018-12-31": "0.05320", "2018-09-30": "0.06050", "2018-06-30": "0.04980", "2018-03-31": "0.06180", "2017-12-31": "0.05230", "2017-09-30": "0.06000", "2017-06-30": "0.05400", "2017-03-31": "0.06510", "2016-12-31": "0.05540", "2016-09-30": "0.06560", "2016-06-30": "0.05720", "2016-03-31": "0.06690", "2015-12-31": "0.05530", "2015-09-30": "0.06430", "2015-06-30": "0.06080", "2015-03-31": "0.08390", "2014-12-31": "0.06330", "2014-09-30": "0.06760", "2014-06-30": "0.06040", "2014-03-31": "0.08150", "2013-12-31": "0.06400", "2013-09-30": "0.06650", "2013-06-30": "0.05800", "2013-03-31": "0.07040", "2012-12-31": "0.05950", "2012-09-30": "0.06710", "2012-06-30": "0.05920", "2012-03-31": "0.06880", "2011-12-31": "0.06830", "2011-09-30": "0.07570", "2011-06-30": "0.07250", "2011-03-31": "0.08570", "2010-12-31": "0.08320", "2010-09-30": "0.08700", "2010-06-30": "0.07810", "2010-03-31": "0.09500", "2009-12-31": "0.09360", "2009-09-30": "0.09330", "2009-06-30": "0.08670", "2009-03-31": "0.11160", "2008-12-31": "0.10350", "2008-09-30": "0.11900", "2008-06-30": "0.10430", "2008-03-31": "0.12310", "2007-12-31": "0.11020", "2007-09-30": "0.12800", "2007-06-30": "0.12510", "2007-03-31": "0.15440", "2006-12-31": "0.13060", "2006-09-30": "0.13860", "2006-06-30": "0.14500", "2006-03-31": "0.17700", "2005-12-31": "0.14530", "2005-09-30": "0.13570", "2005-06-30": "0.12820", "2005-03-31": "0.18490"}, "Inventory Turnover Ratio": {"2020-09-30": "3.76230", "2020-06-30": "3.57750", "2020-03-31": "3.05960", "2019-12-31": "3.03270", "2019-09-30": "3.57950", "2019-06-30": "3.56590", "2019-03-31": "3.51810", "2018-12-31": "2.92390", "2018-09-30": "4.37540", "2018-06-30": "3.81070", "2018-03-31": "3.58380", "2017-12-31": "2.60080", "2017-09-30": "2.13670", "2017-06-30": "1.92010", "2017-03-31": "2.08320", "2016-12-31": "1.51770", "2016-09-30": "2.14050", "2016-06-30": "1.98690", "2016-03-31": "2.10140", "2015-12-31": "1.59620", "2015-09-30": "2.32490", "2015-06-30": "2.36610", "2015-03-31": "4.12820", "2014-12-31": "2.00920", "2014-09-30": "2.14640", "2014-06-30": "2.21570", "2014-03-31": "4.28650", "2013-12-31": "1.98180", "2013-09-30": "2.11970", "2013-06-30": "1.74020", "2013-03-31": "3.12600", "2012-12-31": "2.03300", "2012-09-30": "2.25510", "2012-06-30": "2.06430", "2012-03-31": "1.80450", "2011-12-31": "1.58670", "2011-09-30": "1.70840", "2011-06-30": "1.65780", "2011-03-31": "2.34060", "2010-12-31": "2.02750", "2010-09-30": "1.99850", "2010-06-30": "1.95500", "2010-03-31": "2.62510", "2009-12-31": "2.14900", "2009-09-30": "2.17350", "2009-06-30": "2.25560", "2009-03-31": "3.55900", "2008-12-31": "2.36670", "2008-09-30": "2.96270", "2008-06-30": "2.89250", "2008-03-31": "5.28830", "2007-12-31": "2.81790", "2007-09-30": "3.81220", "2007-06-30": "4.32650", "2007-03-31": "7.68380", "2006-12-31": "5.35370", "2006-09-30": "5.94810", "2006-06-30": "6.97380", "2006-03-31": "11.45950", "2005-12-31": "8.26130", "2005-09-30": "5.72820", "2005-06-30": "5.53510", "2005-03-31": "11.65300"}, "Receiveable Turnover": {"2020-09-30": "2.10480", "2020-06-30": "1.96040", "2020-03-31": "2.32960", "2019-12-31": "2.07240", "2019-09-30": "2.19030", "2019-06-30": "1.95420", "2019-03-31": "2.11850", "2018-12-31": "2.04710", "2018-09-30": "2.08080", "2018-06-30": "1.64960", "2018-03-31": "2.10620", "2017-12-31": "2.04900", "2017-09-30": "2.16150", "2017-06-30": "2.11380", "2017-03-31": "2.39370", "2016-12-31": "2.09680", "2016-09-30": "2.10760", "2016-06-30": "1.94140", "2016-03-31": "2.19820", "2015-12-31": "1.56470", "2015-09-30": "2.05580", "2015-06-30": "1.77900", "2015-03-31": "2.04160", "2014-12-31": "1.57590", "2014-09-30": "2.23040", "2014-06-30": "2.07750", "2014-03-31": "2.33730", "2013-12-31": "2.27330", "2013-09-30": "2.41250", "2013-06-30": "2.07230", "2013-03-31": "2.39500", "2012-12-31": "2.12400", "2012-09-30": "2.40690", "2012-06-30": "2.46060", "2012-03-31": "2.26370", "2011-12-31": "2.18860", "2011-09-30": "2.25340", "2011-06-30": "2.01420", "2011-03-31": "1.97070", "2010-12-31": "1.96320", "2010-09-30": "2.36250", "2010-06-30": "2.24240", "2010-03-31": "2.34630", "2009-12-31": "2.43420", "2009-09-30": "2.20840", "2009-06-30": "2.19590", "2009-03-31": "2.29080", "2008-12-31": "2.07210", "2008-09-30": "2.41130", "2008-06-30": "2.00790", "2008-03-31": "3.01380", "2007-12-31": "3.07360", "2007-09-30": "4.43860", "2007-06-30": "4.37940", "2007-03-31": "4.62640", "2006-12-31": "4.08760", "2006-09-30": "3.29170", "2006-06-30": "2.93790", "2006-03-31": "3.10650", "2005-12-31": "2.02630", "2005-09-30": "2.20580", "2005-06-30": "2.08040", "2005-03-31": "2.61110"}, "Days Sales In Receivables": {"2020-09-30": "42.76020", "2020-06-30": "45.90900", "2020-03-31": "38.63320", "2019-12-31": "43.42820", "2019-09-30": "41.09100", "2019-06-30": "46.05390", "2019-03-31": "42.48350", "2018-12-31": "43.96400", "2018-09-30": "43.25170", "2018-06-30": "54.55890", "2018-03-31": "42.73030", "2017-12-31": "43.92390", "2017-09-30": "41.63730", "2017-06-30": "42.57690", "2017-03-31": "37.59880", "2016-12-31": "42.92300", "2016-09-30": "42.70350", "2016-06-30": "46.35850", "2016-03-31": "40.94270", "2015-12-31": "57.51760", "2015-09-30": "43.77830", "2015-06-30": "50.58900", "2015-03-31": "44.08330", "2014-12-31": "57.10900", "2014-09-30": "40.35120", "2014-06-30": "43.32100", "2014-03-31": "38.50670", "2013-12-31": "39.59080", "2013-09-30": "37.30590", "2013-06-30": "43.43090", "2013-03-31": "37.57800", "2012-12-31": "42.37300", "2012-09-30": "37.39260", "2012-06-30": "36.57670", "2012-03-31": "39.75840", "2011-12-31": "41.12250", "2011-09-30": "39.93930", "2011-06-30": "44.68300", "2011-03-31": "45.67010", "2010-12-31": "45.84400", "2010-09-30": "38.09520", "2010-06-30": "40.13550", "2010-03-31": "38.35860", "2009-12-31": "36.97390", "2009-09-30": "40.75430", "2009-06-30": "40.98460", "2009-03-31": "39.28750", "2008-12-31": "43.43430", "2008-09-30": "37.32450", "2008-06-30": "44.82310", "2008-03-31": "29.86220", "2007-12-31": "29.28150", "2007-09-30": "20.27670", "2007-06-30": "20.55080", "2007-03-31": "19.45350", "2006-12-31": "22.01770", "2006-09-30": "27.34170", "2006-06-30": "30.63440", "2006-03-31": "28.97120", "2005-12-31": "44.41680", "2005-09-30": "40.80170", "2005-06-30": "43.26160", "2005-03-31": "34.46870"}, "ROE - Return On Equity": {"2020-09-30": "2.49030", "2020-06-30": "1.84070", "2020-03-31": "2.54830", "2019-12-31": "1.99460", "2019-09-30": "2.64620", "2019-06-30": "0.27880", "2019-03-31": "2.66860", "2018-12-31": "2.03000", "2018-09-30": "2.55290", "2018-06-30": "2.17020", "2018-03-31": "2.42700", "2017-12-31": "2.15850", "2017-09-30": "2.38450", "2017-06-30": "2.13700", "2017-03-31": "2.41890", "2016-12-31": "2.15710", "2016-09-30": "2.51190", "2016-06-30": "1.95570", "2016-03-31": "2.35700", "2015-12-31": "1.77440", "2015-09-30": "2.31000", "2015-06-30": "2.05580", "2015-03-31": "2.52350", "2014-12-31": "2.24010", "2014-09-30": "2.39110", "2014-06-30": "1.32510", "2014-03-31": "2.44590", "2013-12-31": "1.86520", "2013-09-30": "2.22100", "2013-06-30": "1.83980", "2013-03-31": "2.46080", "2012-12-31": "1.91180", "2012-09-30": "2.28300", "2012-06-30": "0.50970", "2012-03-31": "2.47450", "2011-12-31": "2.85830", "2011-09-30": "2.30970", "2011-06-30": "2.00970", "2011-03-31": "2.97370", "2010-12-31": "3.44180", "2010-09-30": "2.73720", "2010-06-30": "2.00400", "2010-03-31": "2.41640", "2009-12-31": "2.40660", "2009-09-30": "1.87290", "2009-06-30": "2.40570", "2009-03-31": "2.86640", "2008-12-31": "2.42650", "2008-09-30": "2.45620", "2008-06-30": "2.01520", "2008-03-31": "2.04260", "2007-12-31": "2.70620", "2007-09-30": "1.74610", "2007-06-30": "1.62980", "2007-03-31": "2.71210", "2006-12-31": "1.31010", "2006-09-30": "4.15060", "2006-06-30": "0.60750", "2006-03-31": "-0.86940", "2005-12-31": "-0.22600", "2005-09-30": "-4.90920", "2005-06-30": "-1.82580", "2005-03-31": "-5.21770"}, "Return On Tangible Equity": {"2020-09-30": "3.63540", "2020-06-30": "2.70970", "2020-03-31": "3.83290", "2019-12-31": "3.07110", "2019-09-30": "4.16880", "2019-06-30": "0.44280", "2019-03-31": "4.30720", "2018-12-31": "3.30310", "2018-09-30": "4.17190", "2018-06-30": "3.57360", "2018-03-31": "4.01730", "2017-12-31": "3.59360", "2017-09-30": "3.50670", "2017-06-30": "3.15810", "2017-03-31": "3.58740", "2016-12-31": "3.21260", "2016-09-30": "3.75390", "2016-06-30": "2.94030", "2016-03-31": "3.55590", "2015-12-31": "2.68830", "2015-09-30": "3.50990", "2015-06-30": "3.06960", "2015-03-31": "3.78170", "2014-12-31": "3.46100", "2014-09-30": "3.71190", "2014-06-30": "2.07310", "2014-03-31": "3.83330", "2013-12-31": "2.86950", "2013-09-30": "3.43510", "2013-06-30": "2.86400", "2013-03-31": "3.84470", "2012-12-31": "3.00680", "2012-09-30": "3.60350", "2012-06-30": "0.81020", "2012-03-31": "2.58330", "2011-12-31": "2.98570", "2011-09-30": "2.41420", "2011-06-30": "2.10170", "2011-03-31": "3.11090", "2010-12-31": "3.60380", "2010-09-30": "2.96620", "2010-06-30": "2.17490", "2010-03-31": "2.62470", "2009-12-31": "2.52770", "2009-09-30": "2.03890", "2009-06-30": "2.62090", "2009-03-31": "3.12650", "2008-12-31": "2.57250", "2008-09-30": "2.71510", "2008-06-30": "2.23380", "2008-03-31": "2.26520", "2007-12-31": "2.87530", "2007-09-30": "1.85680", "2007-06-30": "1.73520", "2007-03-31": "2.88780", "2006-12-31": "1.39560", "2006-09-30": "4.45960", "2006-06-30": "0.65520", "2006-03-31": "-0.93690", "2005-12-31": "-0.24310", "2005-09-30": "-5.37080", "2005-06-30": "-1.99120", "2005-03-31": "-5.68190"}, "ROA - Return On Assets": {"2020-09-30": "0.80020", "2020-06-30": "0.60450", "2020-03-31": "0.80830", "2019-12-31": "0.61260", "2019-09-30": "0.80750", "2019-06-30": "0.08550", "2019-03-31": "0.79750", "2018-12-31": "0.60980", "2018-09-30": "0.77640", "2018-06-30": "0.65690", "2018-03-31": "0.73280", "2017-12-31": "0.66070", "2017-09-30": "0.79080", "2017-06-30": "0.71230", "2017-03-31": "0.80770", "2016-12-31": "0.72090", "2016-09-30": "0.85960", "2016-06-30": "0.66550", "2016-03-31": "0.80110", "2015-12-31": "0.60070", "2015-09-30": "0.79140", "2015-06-30": "0.70080", "2015-03-31": "0.85180", "2014-12-31": "0.75150", "2014-09-30": "0.84520", "2014-06-30": "0.46510", "2014-03-31": "0.84650", "2013-12-31": "0.64500", "2013-09-30": "0.74310", "2013-06-30": "0.61380", "2013-03-31": "0.81180", "2012-12-31": "0.62390", "2012-09-30": "0.75480", "2012-06-30": "0.16800", "2012-03-31": "0.63060", "2011-12-31": "0.73350", "2011-09-30": "0.62080", "2011-06-30": "0.54510", "2011-03-31": "0.80160", "2010-12-31": "0.90670", "2010-09-30": "0.71300", "2010-06-30": "0.51550", "2010-03-31": "0.62100", "2009-12-31": "0.61250", "2009-09-30": "0.47250", "2009-06-30": "0.59630", "2009-03-31": "0.69400", "2008-12-31": "0.52390", "2008-09-30": "0.58500", "2008-06-30": "0.46610", "2008-03-31": "0.48430", "2007-12-31": "0.68080", "2007-09-30": "0.44260", "2007-06-30": "0.41360", "2007-03-31": "0.69230", "2006-12-31": "0.32430", "2006-09-30": "0.89320", "2006-06-30": "0.12480", "2006-03-31": "-0.17040", "2005-12-31": "-0.04370", "2005-09-30": "-0.77140", "2005-06-30": "-0.32120", "2005-03-31": "-0.93800"}, "ROI - Return On Investment": {"2020-09-30": "1.21230", "2020-06-30": "0.92390", "2020-03-31": "1.24180", "2019-12-31": "0.95420", "2019-09-30": "1.25490", "2019-06-30": "0.13340", "2019-03-31": "1.29820", "2018-12-31": "0.98240", "2018-09-30": "1.23620", "2018-06-30": "1.05080", "2018-03-31": "1.17000", "2017-12-31": "1.04670", "2017-09-30": "1.22170", "2017-06-30": "1.17580", "2017-03-31": "1.30200", "2016-12-31": "1.18240", "2016-09-30": "1.34460", "2016-06-30": "1.03050", "2016-03-31": "1.25630", "2015-12-31": "0.95880", "2015-09-30": "1.24820", "2015-06-30": "1.10030", "2015-03-31": "1.35220", "2014-12-31": "1.20510", "2014-09-30": "1.30970", "2014-06-30": "0.72200", "2014-03-31": "1.31820", "2013-12-31": "1.02190", "2013-09-30": "1.23490", "2013-06-30": "1.00540", "2013-03-31": "1.39270", "2012-12-31": "1.06430", "2012-09-30": "1.30410", "2012-06-30": "0.28600", "2012-03-31": "1.09930", "2011-12-31": "1.31220", "2011-09-30": "1.05220", "2011-06-30": "0.93830", "2011-03-31": "1.33870", "2010-12-31": "1.53270", "2010-09-30": "1.21930", "2010-06-30": "0.88410", "2010-03-31": "1.06650", "2009-12-31": "1.05170", "2009-09-30": "0.84000", "2009-06-30": "1.07380", "2009-03-31": "1.26850", "2008-12-31": "1.01230", "2008-09-30": "1.05120", "2008-06-30": "0.84270", "2008-03-31": "0.93110", "2007-12-31": "1.21060", "2007-09-30": "0.77640", "2007-06-30": "0.75530", "2007-03-31": "1.23290", "2006-12-31": "0.62400", "2006-09-30": "1.85090", "2006-06-30": "0.26410", "2006-03-31": "-0.39800", "2005-12-31": "-0.09850", "2005-09-30": "-1.93800", "2005-06-30": "-0.73630", "2005-03-31": "-2.23430"}, "Book Value Per Share": {"2020-09-30": "40.78220", "2020-06-30": "40.29230", "2020-03-31": "39.26730", "2019-12-31": "38.28650", "2019-09-30": "37.44320", "2019-06-30": "36.94550", "2019-03-31": "36.67100", "2018-12-31": "36.24910", "2018-09-30": "36.00280", "2018-06-30": "35.57500", "2018-03-31": "35.29260", "2017-12-31": "34.98500", "2017-09-30": "34.70660", "2017-06-30": "34.35160", "2017-03-31": "34.09490", "2016-12-31": "33.80310", "2016-09-30": "33.53450", "2016-06-30": "33.13110", "2016-03-31": "32.90750", "2015-12-31": "32.63720", "2015-09-30": "32.45500", "2015-06-30": "32.60360", "2015-03-31": "32.33690", "2014-12-31": "31.47430", "2014-09-30": "31.23760", "2014-06-30": "30.84510", "2014-03-31": "30.78970", "2013-12-31": "30.97970", "2013-09-30": "30.69880", "2013-06-30": "30.38000", "2013-03-31": "30.20010", "2012-12-31": "29.90770", "2012-09-30": "29.73030", "2012-06-30": "29.39420", "2012-03-31": "13.35400", "2011-12-31": "23.32270", "2011-09-30": "23.02150", "2011-06-30": "22.80870", "2011-03-31": "22.64840", "2010-12-31": "22.26620", "2010-09-30": "21.12600", "2010-06-30": "20.78420", "2010-03-31": "20.60110", "2009-12-31": "21.03460", "2009-09-30": "20.14090", "2009-06-30": "19.98320", "2009-03-31": "19.73780", "2008-12-31": "20.12730", "2008-09-30": "19.37520", "2008-06-30": "18.90030", "2008-03-31": "18.83490", "2007-12-31": "19.53850", "2007-09-30": "19.29390", "2007-06-30": "18.98080", "2007-03-31": "18.98310", "2006-12-31": "18.89600", "2006-09-30": "16.81780", "2006-06-30": "16.06910", "2006-03-31": "16.24600", "2005-12-31": "16.61240", "2005-09-30": "16.51640", "2005-06-30": "17.10610", "2005-03-31": "17.68290"}, "Operating Cash Flow Per Share": {"2020-09-30": 1.3828, "2020-06-30": 1.7071, "2020-03-31": "1.26240", "2019-12-31": 1.6374, "2019-09-30": 1.6995, "2019-06-30": 1.6875, "2019-03-31": "1.19830", "2018-12-31": 1.3295, "2018-09-30": 2.2309, "2018-06-30": 1.6373, "2018-03-31": "0.55890", "2017-12-31": 1.6349, "2017-09-30": 1.827, "2017-06-30": 1.4149, "2017-03-31": "1.39990", "2016-12-31": 1.7539, "2016-09-30": 2.1082, "2016-06-30": 1.5024, "2016-03-31": "1.56980", "2015-12-31": 0.2585, "2015-09-30": 1.5278, "2015-06-30": 1.1729, "2015-03-31": "1.54330", "2014-12-31": 0.7831, "2014-09-30": 1.5937, "2014-06-30": 1.2694, "2014-03-31": "1.55820", "2013-12-31": 1.5389, "2013-09-30": 1.2881, "2013-06-30": 0.9366, "2013-03-31": "1.49730", "2012-12-31": 1.6566, "2012-09-30": 1.459, "2012-06-30": 1.0122, "2012-03-31": "0.04940", "2011-12-31": 0.4617, "2011-09-30": 1.13, "2011-06-30": 1.7656, "2011-03-31": "2.10030", "2010-12-31": 1.4158, "2010-09-30": 1.7458, "2010-06-30": 1.7417, "2010-03-31": "1.27850", "2009-12-31": 1.4021, "2009-09-30": 1.4311, "2009-06-30": 2.0346, "2009-03-31": "0.85900", "2008-12-31": 1.4678, "2008-09-30": 0.9231, "2008-06-30": 1.1801, "2008-03-31": "0.62760", "2007-12-31": 1.197, "2007-09-30": 0.6801, "2007-06-30": 1.4786, "2007-03-31": "-1.72020", "2006-12-31": 0.1767, "2006-09-30": 1.0793, "2006-06-30": 1.1064, "2006-03-31": "0.27840", "2005-12-31": 0.6372, "2005-09-30": 0.5649, "2005-06-30": 0.6867, "2005-03-31": "1.46280"}, "Free Cash Flow Per Share": {"2020-09-30": -0.5947, "2020-06-30": -0.2495, "2020-03-31": "-0.91670", "2019-12-31": -0.8475, "2019-09-30": -0.5309, "2019-06-30": -0.6394, "2019-03-31": "-0.77500", "2018-12-31": -0.8237, "2018-09-30": 0.2398, "2018-06-30": -0.3903, "2018-03-31": "-1.35100", "2017-12-31": -0.583, "2017-09-30": 0.2691, "2017-06-30": -0.5468, "2017-03-31": "-0.24580", "2016-12-31": -0.1875, "2016-09-30": 0.571, "2016-06-30": 0.128, "2016-03-31": "0.21510", "2015-12-31": -1.4585, "2015-09-30": 0.1545, "2015-06-30": -0.0128, "2015-03-31": "0.40490", "2014-12-31": -0.7503, "2014-09-30": 0.358, "2014-06-30": 0.0864, "2014-03-31": "0.45790", "2013-12-31": 0.3274, "2013-09-30": 0.1087, "2013-06-30": -0.0487, "2013-03-31": "0.26640", "2012-12-31": -0.2141, "2012-09-30": 0.321, "2012-06-30": 0.4301, "2012-03-31": "-1.65590", "2011-12-31": -1.6453, "2011-09-30": -0.4447, "2011-06-30": 0.7252, "2011-03-31": "0.76670", "2010-12-31": -0.1524, "2010-09-30": 0.4212, "2010-06-30": 0.3855, "2010-03-31": "0.13150", "2009-12-31": -0.251, "2009-09-30": 0.222, "2009-06-30": 0.921, "2009-03-31": "-0.42320", "2008-12-31": -0.4821, "2008-09-30": -1.1645, "2008-06-30": -0.9795, "2008-03-31": "-1.22280", "2007-12-31": -1.1543, "2007-09-30": -0.9827, "2007-06-30": -0.2166, "2007-03-31": "-3.18930", "2006-12-31": -1.5915, "2006-09-30": -0.3372, "2006-06-30": -0.0387, "2006-03-31": "-1.04990", "2005-12-31": -1.4293, "2005-09-30": -0.8784, "2005-06-30": -0.4031, "2005-03-31": "0.17240"}}, "revenue": {"Eversource Energy Annual Revenue (Millions of US $)": {"2019": "$8,526", "2018": "$8,448", "2017": "$7,752", "2016": "$7,639", "2015": "$7,955", "2014": "$7,742", "2013": "$7,301", "2012": "$6,274", "2011": "$4,466", "2010": "$4,898", "2009": "$5,439", "2008": "$5,800", "2007": "$5,822", "2006": "$6,878", "2005": "$7,346"}, "Eversource Energy Quarterly Revenue (Millions of US $)": {"2020-09-30": "$2,344", "2020-06-30": "$1,953", "2020-03-31": "$2,374", "2019-12-31": "$2,050", "2019-09-30": "$2,176", "2019-06-30": "$1,884", "2019-03-31": "$2,416", "2018-12-31": "$2,035", "2018-09-30": "$2,271", "2018-06-30": "$1,854", "2018-03-31": "$2,288", "2017-12-31": "$1,895", "2017-09-30": "$1,989", "2017-06-30": "$1,763", "2017-03-31": "$2,105", "2016-12-31": "$1,777", "2016-09-30": "$2,040", "2016-06-30": "$1,767", "2016-03-31": "$2,056", "2015-12-31": "$1,691", "2015-09-30": "$1,933", "2015-06-30": "$1,817", "2015-03-31": "$2,513", "2014-12-31": "$1,881", "2014-09-30": "$1,893", "2014-06-30": "$1,678", "2014-03-31": "$2,291", "2013-12-31": "$1,778", "2013-09-30": "$1,893", "2013-06-30": "$1,636", "2013-03-31": "$1,995", "2012-12-31": "$1,684", "2012-09-30": "$1,862", "2012-06-30": "$1,629", "2012-03-31": "$1,100", "2011-12-31": "$1,068", "2011-09-30": "$1,115", "2011-06-30": "$1,047", "2011-03-31": "$1,235", "2010-12-31": "$1,204", "2010-09-30": "$1,243", "2010-06-30": "$1,111", "2010-03-31": "$1,339", "2009-12-31": "$1,315", "2009-09-30": "$1,306", "2009-06-30": "$1,224", "2009-03-31": "$1,593", "2008-12-31": "$1,448", "2008-09-30": "$1,507", "2008-06-30": "$1,325", "2008-03-31": "$1,520", "2007-12-31": "$1,276", "2007-09-30": "$1,451", "2007-06-30": "$1,392", "2007-03-31": "$1,704", "2006-12-31": "$1,476", "2006-09-30": "$1,593", "2006-06-30": "$1,661", "2006-03-31": "$2,147", "2005-12-31": "$1,827", "2005-09-30": "$1,755", "2005-06-30": "$1,532", "2005-03-31": "$2,233"}}, "gross-profit": {"Eversource Energy Annual Gross Profit (Millions of US $)": {"2019": "$5,486", "2018": "$5,309", "2017": "$5,217", "2016": "$5,138", "2015": "$4,868", "2014": "$4,720", "2013": "$4,818", "2012": "$4,189", "2011": "$2,808", "2010": "$2,864", "2009": "$2,810", "2008": "$2,804", "2007": "$2,472", "2006": "$2,247", "2005": "$1,818"}, "Eversource Energy Quarterly Gross Profit (Millions of US $)": {"2020-09-30": "$1,537", "2020-06-30": "$1,323", "2020-03-31": "$1,497", "2019-12-31": "$1,336", "2019-09-30": "$1,446", "2019-06-30": "$1,264", "2019-03-31": "$1,441", "2018-12-31": "$1,339", "2018-09-30": "$1,429", "2018-06-30": "$1,200", "2018-03-31": "$1,341", "2017-12-31": "$1,315", "2017-09-30": "$1,337", "2017-06-30": "$1,213", "2017-03-31": "$1,351", "2016-12-31": "$1,278", "2016-09-30": "$1,374", "2016-06-30": "$1,186", "2016-03-31": "$1,301", "2015-12-31": "$1,154", "2015-09-30": "$1,230", "2015-06-30": "$1,132", "2015-03-31": "$1,351", "2014-12-31": "$1,179", "2014-09-30": "$1,176", "2014-06-30": "$1,053", "2014-03-31": "$1,312", "2013-12-31": "$1,177", "2013-09-30": "$1,247", "2013-06-30": "$1,148", "2013-03-31": "$1,247", "2012-12-31": "$1,140", "2012-09-30": "$1,259", "2012-06-30": "$1,087", "2012-03-31": "$704", "2011-12-31": "$673", "2011-09-30": "$709", "2011-06-30": "$665", "2011-03-31": "$761", "2010-12-31": "$709", "2010-09-30": "$749", "2010-06-30": "$669", "2010-03-31": "$736", "2009-12-31": "$720", "2009-09-30": "$695", "2009-06-30": "$641", "2009-03-31": "$755", "2008-12-31": "$738", "2008-09-30": "$706", "2008-06-30": "$664", "2008-03-31": "$697", "2007-12-31": "$682", "2007-09-30": "$570", "2007-06-30": "$587", "2007-03-31": "$633", "2006-12-31": "$546", "2006-09-30": "$547", "2006-06-30": "$551", "2006-03-31": "$603", "2005-12-31": "$120", "2005-09-30": "$582", "2005-06-30": "$552", "2005-03-31": "$564"}}, "operating-income": {"Eversource Energy Annual Operating Income (Millions of US $)": {"2019": "$1,590", "2018": "$1,700", "2017": "$1,888", "2016": "$1,841", "2015": "$1,764", "2014": "$1,633", "2013": "$1,529", "2012": "$1,118", "2011": "$794", "2010": "$800", "2009": "$751", "2008": "$591", "2007": "$539", "2006": "$236", "2005": "$-216"}, "Eversource Energy Quarterly Operating Income (Millions of US $)": {"2020-09-30": "$561", "2020-06-30": "$434", "2020-03-31": "$539", "2019-12-31": "$436", "2019-09-30": "$509", "2019-06-30": "$151", "2019-03-31": "$495", "2018-12-31": "$400", "2018-09-30": "$466", "2018-06-30": "$391", "2018-03-31": "$443", "2017-12-31": "$444", "2017-09-30": "$495", "2017-06-30": "$448", "2017-03-31": "$501", "2016-12-31": "$419", "2016-09-30": "$510", "2016-06-30": "$423", "2016-03-31": "$489", "2015-12-31": "$385", "2015-09-30": "$469", "2015-06-30": "$412", "2015-03-31": "$497", "2014-12-31": "$430", "2014-09-30": "$441", "2014-06-30": "$294", "2014-03-31": "$468", "2013-12-31": "$361", "2013-09-30": "$399", "2013-06-30": "$351", "2013-03-31": "$419", "2012-12-31": "$331", "2012-09-30": "$413", "2012-06-30": "$160", "2012-03-31": "$214", "2011-12-31": "$185", "2011-09-30": "$204", "2011-06-30": "$178", "2011-03-31": "$227", "2010-12-31": "$195", "2010-09-30": "$200", "2010-06-30": "$178", "2010-03-31": "$227", "2009-12-31": "$192", "2009-09-30": "$163", "2009-06-30": "$179", "2009-03-31": "$217", "2008-12-31": "$171", "2008-09-30": "$149", "2008-06-30": "$138", "2008-03-31": "$132", "2007-12-31": "$144", "2007-09-30": "$123", "2007-06-30": "$117", "2007-03-31": "$156", "2006-12-31": "$69", "2006-09-30": "$78", "2006-06-30": "$77", "2006-03-31": "$13", "2005-12-31": "$-17", "2005-09-30": "$-81", "2005-06-30": "$-14", "2005-03-31": "$-105"}}, "ebitda": {"Eversource Energy Annual EBITDA (Millions of US $)": {"2019": "$2,671", "2018": "$2,772", "2017": "$2,752", "2016": "$2,628", "2015": "$2,452", "2014": "$2,258", "2013": "$2,389", "2012": "$1,859", "2011": "$1,257", "2010": "$1,424", "2009": "$1,292", "2008": "$1,261", "2007": "$1,046", "2006": "$696", "2005": "$441"}, "Eversource Energy Quarterly EBITDA (Millions of US $)": {"2020-09-30": "$863", "2020-06-30": "$698", "2020-03-31": "$825", "2019-12-31": "$676", "2019-09-30": "$806", "2019-06-30": "$409", "2019-03-31": "$781", "2018-12-31": "$686", "2018-09-30": "$767", "2018-06-30": "$627", "2018-03-31": "$692", "2017-12-31": "$678", "2017-09-30": "$732", "2017-06-30": "$630", "2017-03-31": "$712", "2016-12-31": "$619", "2016-09-30": "$735", "2016-06-30": "$591", "2016-03-31": "$684", "2015-12-31": "$536", "2015-09-30": "$620", "2015-06-30": "$575", "2015-03-31": "$722", "2014-12-31": "$568", "2014-09-30": "$572", "2014-06-30": "$443", "2014-03-31": "$676", "2013-12-31": "$535", "2013-09-30": "$618", "2013-06-30": "$573", "2013-03-31": "$662", "2012-12-31": "$525", "2012-09-30": "$644", "2012-06-30": "$370", "2012-03-31": "$319", "2011-12-31": "$287", "2011-09-30": "$333", "2011-06-30": "$285", "2011-03-31": "$353", "2010-12-31": "$364", "2010-09-30": "$381", "2010-06-30": "$321", "2010-03-31": "$357", "2009-12-31": "$318", "2009-09-30": "$307", "2009-06-30": "$310", "2009-03-31": "$357", "2008-12-31": "$355", "2008-09-30": "$333", "2008-06-30": "$293", "2008-03-31": "$279", "2007-12-31": "$287", "2007-09-30": "$253", "2007-06-30": "$221", "2007-03-31": "$286", "2006-12-31": "$149", "2006-09-30": "$194", "2006-06-30": "$222", "2006-03-31": "$131", "2005-12-31": "$183", "2005-09-30": "$95", "2005-06-30": "$140", "2005-03-31": "$23"}}, "net-income": {"Eversource Energy Annual Net Income (Millions of US $)": {"2019": "$909", "2018": "$1,033", "2017": "$988", "2016": "$942", "2015": "$878", "2014": "$820", "2013": "$786", "2012": "$526", "2011": "$395", "2010": "$388", "2009": "$330", "2008": "$261", "2007": "$246", "2006": "$471", "2005": "$-253"}, "Eversource Energy Quarterly Net Income (Millions of US $)": {"2020-09-30": "$346", "2020-06-30": "$252", "2020-03-31": "$335", "2019-12-31": "$250", "2019-09-30": "$319", "2019-06-30": "$31", "2019-03-31": "$309", "2018-12-31": "$231", "2018-09-30": "$289", "2018-06-30": "$243", "2018-03-31": "$270", "2017-12-31": "$237", "2017-09-30": "$260", "2017-06-30": "$231", "2017-03-31": "$259", "2016-12-31": "$229", "2016-09-30": "$265", "2016-06-30": "$204", "2016-03-31": "$244", "2015-12-31": "$182", "2015-09-30": "$236", "2015-06-30": "$208", "2015-03-31": "$253", "2014-12-31": "$222", "2014-09-30": "$235", "2014-06-30": "$127", "2014-03-31": "$236", "2013-12-31": "$177", "2013-09-30": "$210", "2013-06-30": "$171", "2013-03-31": "$228", "2012-12-31": "$175", "2012-09-30": "$208", "2012-06-30": "$44", "2012-03-31": "$99", "2011-12-31": "$113", "2011-09-30": "$90", "2011-06-30": "$77", "2011-03-31": "$114", "2010-12-31": "$129", "2010-09-30": "$101", "2010-06-30": "$72", "2010-03-31": "$86", "2009-12-31": "$85", "2009-09-30": "$65", "2009-06-30": "$83", "2009-03-31": "$98", "2008-12-31": "$72", "2008-09-30": "$73", "2008-06-30": "$58", "2008-03-31": "$58", "2007-12-31": "$73", "2007-09-30": "$50", "2007-06-30": "$49", "2007-03-31": "$75", "2006-12-31": "$347", "2006-09-30": "$111", "2006-06-30": "$22", "2006-03-31": "$-10", "2005-12-31": "$-14", "2005-09-30": "$-94", "2005-06-30": "$-28", "2005-03-31": "$-118"}}, "eps-earnings-per-share-diluted": {"Eversource Energy Annual EPS": {"2019": "$2.81", "2018": "$3.25", "2017": "$3.11", "2016": "$2.96", "2015": "$2.76", "2014": "$2.58", "2013": "$2.49", "2012": "$1.89", "2011": "$2.22", "2010": "$2.19", "2009": "$1.91", "2008": "$1.67", "2007": "$1.59", "2006": "$3.05", "2005": "$-1.93"}, "Eversource Energy Quarterly EPS": {"2020-09-30": "$1.01", "2020-06-30": "$0.75", "2020-03-31": "$1.01", "2019-12-31": "$0.76", "2019-09-30": "$0.98", "2019-06-30": "$0.10", "2019-03-31": "$0.97", "2018-12-31": "$0.73", "2018-09-30": "$0.91", "2018-06-30": "$0.76", "2018-03-31": "$0.85", "2017-12-31": "$0.75", "2017-09-30": "$0.82", "2017-06-30": "$0.72", "2017-03-31": "$0.82", "2016-12-31": "$0.72", "2016-09-30": "$0.83", "2016-06-30": "$0.64", "2016-03-31": "$0.77", "2015-12-31": "$0.57", "2015-09-30": "$0.74", "2015-06-30": "$0.65", "2015-03-31": "$0.80", "2014-12-31": "$0.70", "2014-09-30": "$0.74", "2014-06-30": "$0.40", "2014-03-31": "$0.74", "2013-12-31": "$0.57", "2013-09-30": "$0.66", "2013-06-30": "$0.54", "2013-03-31": "$0.72", "2012-12-31": "$0.52", "2012-09-30": "$0.66", "2012-06-30": "$0.15", "2012-03-31": "$0.56", "2011-12-31": "$0.63", "2011-09-30": "$0.51", "2011-06-30": "$0.44", "2011-03-31": "$0.64", "2010-12-31": "$0.72", "2010-09-30": "$0.57", "2010-06-30": "$0.41", "2010-03-31": "$0.49", "2009-12-31": "$0.47", "2009-09-30": "$0.37", "2009-06-30": "$0.47", "2009-03-31": "$0.60", "2008-12-31": "$0.45", "2008-09-30": "$0.47", "2008-06-30": "$0.37", "2008-03-31": "$0.38", "2007-12-31": "$0.47", "2007-09-30": "$0.32", "2007-06-30": "$0.31", "2007-03-31": "$0.49", "2006-12-31": "$2.26", "2006-09-30": "$0.72", "2006-06-30": "$0.14", "2006-03-31": "$-0.07", "2005-12-31": "$-0.08", "2005-09-30": "$-0.73", "2005-06-30": "$-0.21", "2005-03-31": "$-0.91"}}, "shares-outstanding": {"Eversource Energy Annual Shares Outstanding (Millions of Shares)": {"2019": "323", "2018": "318", "2017": "318", "2016": "318", "2015": "318", "2014": "317", "2013": "316", "2012": "278", "2011": "178", "2010": "177", "2009": "173", "2008": "156", "2007": "155", "2006": "154", "2005": "132"}, "Eversource Energy Quarterly Shares Outstanding (Millions of Shares)": {"2020-09-30": "344", "2020-06-30": "339", "2020-03-31": "333", "2019-12-31": "323", "2019-09-30": "326", "2019-06-30": "320", "2019-03-31": "318", "2018-12-31": "318", "2018-09-30": "318", "2018-06-30": "318", "2018-03-31": "318", "2017-12-31": "318", "2017-09-30": "318", "2017-06-30": "318", "2017-03-31": "318", "2016-12-31": "318", "2016-09-30": "319", "2016-06-30": "318", "2016-03-31": "318", "2015-12-31": "318", "2015-09-30": "318", "2015-06-30": "319", "2015-03-31": "318", "2014-12-31": "317", "2014-09-30": "318", "2014-06-30": "317", "2014-03-31": "317", "2013-12-31": "316", "2013-09-30": "316", "2013-06-30": "316", "2013-03-31": "316", "2012-12-31": "278", "2012-09-30": "316", "2012-06-30": "302", "2012-03-31": "178", "2011-12-31": "178", "2011-09-30": "178", "2011-06-30": "178", "2011-03-31": "177", "2010-12-31": "177", "2010-09-30": "177", "2010-06-30": "177", "2010-03-31": "177", "2009-12-31": "173", "2009-09-30": "176", "2009-06-30": "176", "2009-03-31": "163", "2008-12-31": "156", "2008-09-30": "156", "2008-06-30": "156", "2008-03-31": "156", "2007-12-31": "155", "2007-09-30": "155", "2007-06-30": "155", "2007-03-31": "155", "2006-12-31": "154", "2006-09-30": "154", "2006-06-30": "154", "2006-03-31": "153", "2005-12-31": "132", "2005-09-30": "130", "2005-06-30": "130", "2005-03-31": "129"}}, "total-assets": {"Eversource Energy Annual Total Assets (Millions of US $)": {"2019": "$41,124", "2018": "$38,241", "2017": "$36,220", "2016": "$32,053", "2015": "$30,580", "2014": "$29,740", "2013": "$27,796", "2012": "$28,303", "2011": "$15,647", "2010": "$14,473", "2009": "$14,058", "2008": "$13,988", "2007": "$11,582", "2006": "$11,303", "2005": "$12,568"}, "Eversource Energy Quarterly Total Assets (Millions of US $)": {"2020-09-30": "$43,507", "2020-06-30": "$42,039", "2020-03-31": "$41,649", "2019-12-31": "$41,124", "2019-09-30": "$39,725", "2019-06-30": "$38,996", "2019-03-31": "$38,941", "2018-12-31": "$38,241", "2018-09-30": "$37,516", "2018-06-30": "$37,244", "2018-03-31": "$37,040", "2017-12-31": "$36,220", "2017-09-30": "$33,164", "2017-06-30": "$32,659", "2017-03-31": "$32,355", "2016-12-31": "$32,053", "2016-09-30": "$31,082", "2016-06-30": "$30,883", "2016-03-31": "$30,712", "2015-12-31": "$30,580", "2015-09-30": "$30,046", "2015-06-30": "$29,880", "2015-03-31": "$29,952", "2014-12-31": "$29,740", "2014-09-30": "$27,982", "2014-06-30": "$27,790", "2014-03-31": "$28,097", "2013-12-31": "$27,796", "2013-09-30": "$28,444", "2013-06-30": "$28,197", "2013-03-31": "$28,329", "2012-12-31": "$28,303", "2012-09-30": "$27,758", "2012-06-30": "$27,506", "2012-03-31": "$15,978", "2011-12-31": "$15,647", "2011-09-30": "$14,729", "2011-06-30": "$14,442", "2011-03-31": "$14,419", "2010-12-31": "$14,473", "2010-09-30": "$14,298", "2010-06-30": "$14,230", "2010-03-31": "$14,105", "2009-12-31": "$14,058", "2009-09-30": "$14,006", "2009-06-30": "$14,128", "2009-03-31": "$14,274", "2008-12-31": "$13,988", "2008-09-30": "$12,664", "2008-06-30": "$12,709", "2008-03-31": "$12,344", "2007-12-31": "$11,582", "2007-09-30": "$11,339", "2007-06-30": "$11,126", "2007-03-31": "$11,036", "2006-12-31": "$11,303", "2006-09-30": "$11,493", "2006-06-30": "$11,459", "2006-03-31": "$12,135", "2005-12-31": "$12,568", "2005-09-30": "$12,929", "2005-06-30": "$11,951", "2005-03-31": "$12,079"}}, "cash-on-hand": {"Eversource Energy Annual Cash on Hand (Millions of US $)": {"2019": "$15", "2018": "$108", "2017": "$38", "2016": "$30", "2015": "$24", "2014": "$39", "2013": "$43", "2012": "$46", "2011": "$78", "2010": "$102", "2009": "$93", "2008": "$168", "2007": "$394", "2006": "$974", "2005": "$458"}, "Eversource Energy Quarterly Cash on Hand (Millions of US $)": {"2020-09-30": "$730", "2020-06-30": "$65", "2020-03-31": "$47", "2019-12-31": "$15", "2019-09-30": "$23", "2019-06-30": "$21", "2019-03-31": "$35", "2018-12-31": "$108", "2018-09-30": "$59", "2018-06-30": "$64", "2018-03-31": "$304", "2017-12-31": "$38", "2017-09-30": "$126", "2017-06-30": "$25", "2017-03-31": "$46", "2016-12-31": "$30", "2016-09-30": "$40", "2016-06-30": "$39", "2016-03-31": "$51", "2015-12-31": "$24", "2015-09-30": "$155", "2015-06-30": "$161", "2015-03-31": "$71", "2014-12-31": "$39", "2014-09-30": "$156", "2014-06-30": "$150", "2014-03-31": "$89", "2013-12-31": "$43", "2013-09-30": "$58", "2013-06-30": "$36", "2013-03-31": "$160", "2012-12-31": "$46", "2012-09-30": "$155", "2012-06-30": "$108", "2012-03-31": "$346", "2011-12-31": "$78", "2011-09-30": "$91", "2011-06-30": "$90", "2011-03-31": "$95", "2010-12-31": "$102", "2010-09-30": "$121", "2010-06-30": "$161", "2010-03-31": "$112", "2009-12-31": "$93", "2009-09-30": "$313", "2009-06-30": "$543", "2009-03-31": "$494", "2008-12-31": "$168", "2008-09-30": "$163", "2008-06-30": "$95", "2008-03-31": "$380", "2007-12-31": "$394", "2007-09-30": "$647", "2007-06-30": "$581", "2007-03-31": "$706", "2006-12-31": "$974", "2006-09-30": "$420", "2006-06-30": "$400", "2006-03-31": "$398", "2005-12-31": "$458", "2005-09-30": "$523", "2005-06-30": "$398", "2005-03-31": "$312"}}, "long-term-debt": {"Eversource Energy Annual Long Term Debt (Millions of US $)": {"2019": "$13,771", "2018": "$12,249", "2017": "$11,776", "2016": "$8,829", "2015": "$8,806", "2014": "$8,568", "2013": "$7,777", "2012": "$7,200", "2011": "$4,615", "2010": "$4,633", "2009": "$4,493", "2008": "$4,103", "2007": "$3,484", "2006": "$2,960", "2005": "$3,027"}, "Eversource Energy Quarterly Long Term Debt (Millions of US $)": {"2020-09-30": "$14,736", "2020-06-30": "$13,698", "2020-03-31": "$13,899", "2019-12-31": "$13,771", "2019-09-30": "$13,440", "2019-06-30": "$13,039", "2019-03-31": "$12,284", "2018-12-31": "$12,249", "2018-09-30": "$12,152", "2018-06-30": "$12,009", "2018-03-31": "$12,016", "2017-12-31": "$11,776", "2017-09-30": "$10,468", "2017-06-30": "$8,899", "2017-03-31": "$9,268", "2016-12-31": "$8,829", "2016-09-30": "$9,235", "2016-06-30": "$9,436", "2016-03-31": "$9,145", "2015-12-31": "$8,806", "2015-09-30": "$8,757", "2015-06-30": "$8,690", "2015-03-31": "$8,602", "2014-12-31": "$8,568", "2014-09-30": "$8,167", "2014-06-30": "$8,147", "2014-03-31": "$8,318", "2013-12-31": "$7,777", "2013-09-30": "$7,444", "2013-06-30": "$7,651", "2013-03-31": "$7,012", "2012-12-31": "$7,200", "2012-09-30": "$6,733", "2012-06-30": "$6,936", "2012-03-31": "$4,977", "2011-12-31": "$4,615", "2011-09-30": "$4,615", "2011-06-30": "$4,356", "2011-03-31": "$4,631", "2010-12-31": "$4,633", "2010-09-30": "$4,636", "2010-06-30": "$4,636", "2010-03-31": "$4,589", "2009-12-31": "$4,493", "2009-09-30": "$4,345", "2009-06-30": "$4,343", "2009-03-31": "$4,353", "2008-12-31": "$4,103", "2008-09-30": "$4,031", "2008-06-30": "$4,090", "2008-03-31": "$3,494", "2007-12-31": "$3,484", "2007-09-30": "$3,474", "2007-06-30": "$3,153", "2007-03-31": "$3,264", "2006-12-31": "$2,960", "2006-09-30": "$2,957", "2006-06-30": "$2,945", "2006-03-31": "$2,700", "2005-12-31": "$3,027", "2005-09-30": "$2,998", "2005-06-30": "$2,994", "2005-03-31": "$2,783"}}, "total-liabilities": {"Eversource Energy Annual Total Liabilities (Millions of US $)": {"2019": "$28,494", "2018": "$26,754", "2017": "$25,134", "2016": "$21,341", "2015": "$20,228", "2014": "$19,764", "2013": "$18,028", "2012": "$18,910", "2011": "$11,515", "2010": "$10,544", "2009": "$10,364", "2008": "$10,852", "2007": "$8,552", "2006": "$8,389", "2005": "$10,022"}, "Eversource Energy Quarterly Total Liabilities (Millions of US $)": {"2020-09-30": "$29,527", "2020-06-30": "$28,233", "2020-03-31": "$28,439", "2019-12-31": "$28,494", "2019-09-30": "$27,604", "2019-06-30": "$27,041", "2019-03-31": "$27,304", "2018-12-31": "$26,754", "2018-09-30": "$26,107", "2018-06-30": "$25,971", "2018-03-31": "$25,856", "2017-12-31": "$25,134", "2017-09-30": "$22,166", "2017-06-30": "$21,773", "2017-03-31": "$21,551", "2016-12-31": "$21,341", "2016-09-30": "$20,445", "2016-06-30": "$20,373", "2016-03-31": "$20,274", "2015-12-31": "$20,228", "2015-09-30": "$19,752", "2015-06-30": "$19,539", "2015-03-31": "$19,686", "2014-12-31": "$19,764", "2014-09-30": "$18,092", "2014-06-30": "$18,037", "2014-03-31": "$18,373", "2013-12-31": "$18,028", "2013-09-30": "$18,771", "2013-06-30": "$18,635", "2013-03-31": "$18,828", "2012-12-31": "$18,910", "2012-09-30": "$18,425", "2012-06-30": "$18,283", "2012-03-31": "$11,790", "2011-12-31": "$11,515", "2011-09-30": "$10,654", "2011-06-30": "$10,409", "2011-03-31": "$10,416", "2010-12-31": "$10,544", "2010-09-30": "$10,573", "2010-06-30": "$10,570", "2010-03-31": "$10,480", "2009-12-31": "$10,364", "2009-09-30": "$10,473", "2009-06-30": "$10,626", "2009-03-31": "$10,818", "2008-12-31": "$10,852", "2008-09-30": "$9,648", "2008-06-30": "$9,770", "2008-03-31": "$9,417", "2007-12-31": "$8,552", "2007-09-30": "$8,349", "2007-06-30": "$8,186", "2007-03-31": "$8,103", "2006-12-31": "$8,389", "2006-09-30": "$8,903", "2006-06-30": "$8,989", "2006-03-31": "$9,640", "2005-12-31": "$10,022", "2005-09-30": "$10,782", "2005-06-30": "$9,732", "2005-03-31": "$9,791"}}, "total-share-holder-equity": {"Eversource Energy Annual Share Holder Equity (Millions of US $)": {"2019": "$12,630", "2018": "$11,487", "2017": "$11,086", "2016": "$10,712", "2015": "$10,352", "2014": "$9,977", "2013": "$9,767", "2012": "$9,393", "2011": "$4,132", "2010": "$3,929", "2009": "$3,694", "2008": "$3,137", "2007": "$3,030", "2006": "$2,914", "2005": "$2,545"}, "Eversource Energy Quarterly Share Holder Equity (Millions of US $)": {"2020-09-30": "$13,980", "2020-06-30": "$13,805", "2020-03-31": "$13,210", "2019-12-31": "$12,630", "2019-09-30": "$12,122", "2019-06-30": "$11,955", "2019-03-31": "$11,637", "2018-12-31": "$11,487", "2018-09-30": "$11,409", "2018-06-30": "$11,273", "2018-03-31": "$11,184", "2017-12-31": "$11,086", "2017-09-30": "$10,998", "2017-06-30": "$10,886", "2017-03-31": "$10,804", "2016-12-31": "$10,712", "2016-09-30": "$10,637", "2016-06-30": "$10,509", "2016-03-31": "$10,439", "2015-12-31": "$10,352", "2015-09-30": "$10,294", "2015-06-30": "$10,341", "2015-03-31": "$10,266", "2014-12-31": "$9,977", "2014-09-30": "$9,891", "2014-06-30": "$9,754", "2014-03-31": "$9,724", "2013-12-31": "$9,767", "2013-09-30": "$9,673", "2013-06-30": "$9,562", "2013-03-31": "$9,501", "2012-12-31": "$9,393", "2012-09-30": "$9,332", "2012-06-30": "$9,223", "2012-03-31": "$4,188", "2011-12-31": "$4,132", "2011-09-30": "$4,075", "2011-06-30": "$4,033", "2011-03-31": "$4,003", "2010-12-31": "$3,929", "2010-09-30": "$3,724", "2010-06-30": "$3,660", "2010-03-31": "$3,625", "2009-12-31": "$3,694", "2009-09-30": "$3,533", "2009-06-30": "$3,502", "2009-03-31": "$3,456", "2008-12-31": "$3,137", "2008-09-30": "$3,016", "2008-06-30": "$2,939", "2008-03-31": "$2,927", "2007-12-31": "$3,030", "2007-09-30": "$2,990", "2007-06-30": "$2,939", "2007-03-31": "$2,933", "2006-12-31": "$2,914", "2006-09-30": "$2,589", "2006-06-30": "$2,470", "2006-03-31": "$2,494", "2005-12-31": "$2,545", "2005-09-30": "$2,148", "2005-06-30": "$2,219", "2005-03-31": "$2,288"}}, "profit-margins": {"current": "13.57%"}, "gross margin": {"2020-09-30": "65.28%", "2020-06-30": "65.50%", "2020-03-31": "65.33%", "2019-12-31": "64.36%", "2019-09-30": "64.50%", "2019-06-30": "63.60%", "2019-03-31": "63.07%", "2018-12-31": "62.84%", "2018-09-30": "63.61%", "2018-06-30": "64.70%", "2018-03-31": "65.61%", "2017-12-31": "67.29%", "2017-09-30": "67.84%", "2017-06-30": "67.87%", "2017-03-31": "67.49%", "2016-12-31": "67.26%", "2016-09-30": "66.39%", "2016-06-30": "65.41%", "2016-03-31": "64.25%", "2015-12-31": "61.19%", "2015-09-30": "60.07%", "2015-06-30": "59.70%", "2015-03-31": "59.75%", "2014-12-31": "60.96%", "2014-09-30": "61.75%", "2014-06-30": "62.68%", "2014-03-31": "64.28%", "2013-12-31": "66.00%", "2013-09-30": "66.34%", "2013-06-30": "66.80%", "2013-03-31": "66.01%", "2012-12-31": "66.77%", "2012-09-30": "65.79%", "2012-06-30": "64.60%", "2012-03-31": "63.53%", "2011-12-31": "62.89%", "2011-09-30": "61.81%", "2011-06-30": "60.99%", "2011-03-31": "60.25%", "2010-12-31": "58.46%", "2010-09-30": "57.39%", "2010-06-30": "55.61%", "2010-03-31": "53.86%", "2009-12-31": "51.69%", "2009-09-30": "50.78%", "2009-06-30": "49.20%", "2009-03-31": "48.75%", "2008-12-31": "48.36%", "2008-09-30": "48.85%", "2008-06-30": "46.90%", "2008-03-31": "44.97%", "2007-12-31": "42.45%", "2007-09-30": "38.78%", "2007-06-30": "37.52%", "2007-03-31": "35.39%", "2006-12-31": "32.67%", "2006-09-30": "25.19%", "2006-06-30": "25.12%", "2006-03-31": "25.57%", "2005-12-31": "24.74%"}, "operating margin": {"2020-09-30": "22.59%", "2020-06-30": "22.42%", "2020-03-31": "19.27%", "2019-12-31": "18.66%", "2019-09-30": "18.27%", "2019-06-30": "17.57%", "2019-03-31": "20.43%", "2018-12-31": "20.12%", "2018-09-30": "20.99%", "2018-06-30": "22.09%", "2018-03-31": "23.06%", "2017-12-31": "24.36%", "2017-09-30": "24.40%", "2017-06-30": "24.44%", "2017-03-31": "24.10%", "2016-12-31": "24.10%", "2016-09-30": "23.92%", "2016-06-30": "23.71%", "2016-03-31": "23.41%", "2015-12-31": "22.16%", "2015-09-30": "22.20%", "2015-06-30": "21.96%", "2015-03-31": "20.87%", "2014-12-31": "21.09%", "2014-09-30": "20.47%", "2014-06-30": "19.92%", "2014-03-31": "20.78%", "2013-12-31": "20.95%", "2013-09-30": "20.81%", "2013-06-30": "21.10%", "2013-03-31": "18.45%", "2012-12-31": "17.82%", "2012-09-30": "17.18%", "2012-06-30": "15.53%", "2012-03-31": "18.04%", "2011-12-31": "17.78%", "2011-09-30": "17.47%", "2011-06-30": "16.92%", "2011-03-31": "16.69%", "2010-12-31": "16.34%", "2010-09-30": "15.91%", "2010-06-30": "14.99%", "2010-03-31": "14.68%", "2009-12-31": "13.81%", "2009-09-30": "13.10%", "2009-06-30": "12.40%", "2009-03-31": "11.49%", "2008-12-31": "10.17%", "2008-09-30": "10.00%", "2008-06-30": "9.64%", "2008-03-31": "9.15%", "2007-12-31": "9.27%", "2007-09-30": "7.72%", "2007-06-30": "6.81%", "2007-03-31": "5.91%", "2006-12-31": "3.45%", "2006-09-30": "2.09%", "2006-06-30": "-0.11%", "2006-03-31": "-1.36%", "2005-12-31": "-2.95%"}, "ebitda margin": {"2020-09-30": "35.11%", "2020-06-30": "35.13%", "2020-03-31": "32.01%", "2019-12-31": "31.34%", "2019-09-30": "31.51%", "2019-06-30": "30.71%", "2019-03-31": "33.36%", "2018-12-31": "32.81%", "2018-09-30": "33.27%", "2018-06-30": "34.00%", "2018-03-31": "34.43%", "2017-12-31": "35.50%", "2017-09-30": "35.28%", "2017-06-30": "35.08%", "2017-03-31": "34.56%", "2016-12-31": "34.41%", "2016-09-30": "33.70%", "2016-06-30": "32.64%", "2016-03-31": "32.21%", "2015-12-31": "30.84%", "2015-09-30": "30.51%", "2015-06-30": "30.07%", "2015-03-31": "28.94%", "2014-12-31": "29.17%", "2014-09-30": "29.14%", "2014-06-30": "29.74%", "2014-03-31": "31.61%", "2013-12-31": "32.70%", "2013-09-30": "32.99%", "2013-06-30": "33.50%", "2013-03-31": "30.70%", "2012-12-31": "29.61%", "2012-09-30": "28.63%", "2012-06-30": "26.65%", "2012-03-31": "28.27%", "2011-12-31": "28.17%", "2011-09-30": "29.02%", "2011-06-30": "29.25%", "2011-03-31": "29.61%", "2010-12-31": "29.06%", "2010-09-30": "27.50%", "2010-06-30": "25.70%", "2010-03-31": "24.92%", "2009-12-31": "23.76%", "2009-09-30": "23.86%", "2009-06-30": "23.48%", "2009-03-31": "22.78%", "2008-12-31": "21.72%", "2008-09-30": "21.18%", "2008-06-30": "19.96%", "2008-03-31": "18.44%", "2007-12-31": "17.98%", "2007-09-30": "15.09%", "2007-06-30": "13.79%", "2007-03-31": "13.23%", "2006-12-31": "10.12%", "2006-09-30": "10.10%", "2006-06-30": "8.54%", "2006-03-31": "7.56%", "2005-12-31": "6.00%"}, "pre tax profit margin": {"2020-09-30": "17.73%", "2020-06-30": "17.43%", "2020-03-31": "14.44%", "2019-12-31": "13.96%", "2019-09-30": "13.64%", "2019-06-30": "12.99%", "2019-03-31": "15.96%", "2018-12-31": "15.74%", "2018-09-30": "16.83%", "2018-06-30": "18.13%", "2018-03-31": "19.03%", "2017-12-31": "20.30%", "2017-09-30": "20.46%", "2017-06-30": "20.44%", "2017-03-31": "19.92%", "2016-12-31": "19.70%", "2016-09-30": "19.20%", "2016-06-30": "18.91%", "2016-03-31": "18.81%", "2015-12-31": "17.93%", "2015-09-30": "18.04%", "2015-06-30": "17.89%", "2015-03-31": "16.62%", "2014-12-31": "16.72%", "2014-09-30": "16.10%", "2014-06-30": "15.55%", "2014-03-31": "16.45%", "2013-12-31": "16.72%", "2013-09-30": "16.54%", "2013-06-30": "16.69%", "2013-03-31": "13.96%", "2012-12-31": "12.88%", "2012-09-30": "12.09%", "2012-06-30": "10.14%", "2012-03-31": "12.68%", "2011-12-31": "12.79%", "2011-09-30": "13.56%", "2011-06-30": "13.26%", "2011-03-31": "12.87%", "2010-12-31": "12.35%", "2010-09-30": "11.18%", "2010-06-30": "10.21%", "2010-03-31": "10.26%", "2009-12-31": "9.47%", "2009-09-30": "8.80%", "2009-06-30": "8.39%", "2009-03-31": "7.47%", "2008-12-31": "6.41%", "2008-09-30": "6.57%", "2008-06-30": "6.21%", "2008-03-31": "5.91%", "2007-12-31": "6.20%", "2007-09-30": "4.96%", "2007-06-30": "4.14%", "2007-03-31": "3.28%", "2006-12-31": "0.90%", "2006-09-30": "-0.58%", "2006-06-30": "-2.75%", "2006-03-31": "-4.09%", "2005-12-31": "-5.93%"}, "net profit margin": {"2020-09-30": "13.56%", "2020-06-30": "13.52%", "2020-03-31": "11.02%", "2019-12-31": "10.66%", "2019-09-30": "10.46%", "2019-06-30": "9.99%", "2019-03-31": "12.50%", "2018-12-31": "12.23%", "2018-09-30": "12.51%", "2018-06-30": "12.58%", "2018-03-31": "12.58%", "2017-12-31": "12.73%", "2017-09-30": "12.82%", "2017-06-30": "12.80%", "2017-03-31": "12.45%", "2016-12-31": "12.33%", "2016-09-30": "11.85%", "2016-06-30": "11.63%", "2016-03-31": "11.60%", "2015-12-31": "11.05%", "2015-09-30": "11.28%", "2015-06-30": "11.33%", "2015-03-31": "10.51%", "2014-12-31": "10.59%", "2014-09-30": "10.14%", "2014-06-30": "9.82%", "2014-03-31": "10.45%", "2013-12-31": "10.76%", "2013-09-30": "10.88%", "2013-06-30": "10.90%", "2013-03-31": "9.14%", "2012-12-31": "8.38%", "2012-09-30": "8.20%", "2012-06-30": "7.04%", "2012-03-31": "8.75%", "2011-12-31": "8.82%", "2011-09-30": "8.91%", "2011-06-30": "8.90%", "2011-03-31": "8.68%", "2010-12-31": "7.92%", "2010-09-30": "6.87%", "2010-06-30": "6.07%", "2010-03-31": "6.15%", "2009-12-31": "6.09%", "2009-09-30": "5.71%", "2009-06-30": "5.65%", "2009-03-31": "5.13%", "2008-12-31": "4.50%", "2008-09-30": "4.66%", "2008-06-30": "4.29%", "2008-03-31": "4.08%", "2007-12-31": "4.24%", "2007-09-30": "8.65%", "2007-06-30": "9.44%", "2007-03-31": "8.63%", "2006-12-31": "6.83%", "2006-09-30": "1.51%", "2006-06-30": "-1.30%", "2006-03-31": "-2.01%", "2005-12-31": "-3.46%"}, "pe ratio": {"current": "24.15", "2021-02-11": "24.43", "2020-09-30": "23.51", "2020-06-30": "23.47", "2020-03-31": "26.88", "2019-12-31": "29.47", "2019-09-30": "29.74", "2019-06-30": "26.87", "2019-03-31": "20.09", "2018-12-31": "18.95", "2018-09-30": "17.66", "2018-06-30": "17.18", "2018-03-31": "17.34", "2017-12-31": "18.61", "2017-09-30": "17.84", "2017-06-30": "17.73", "2017-03-31": "17.48", "2016-12-31": "16.57", "2016-09-30": "16.98", "2016-06-30": "19.24", "2016-03-31": "18.52", "2015-12-31": "15.90"}, "price sales": {"2021-02-11": "3.31", "2020-09-30": "3.18", "2020-06-30": "3.17", "2020-03-31": "2.94", "2019-12-31": "3.13", "2019-09-30": "3.11", "2019-06-30": "2.70", "2019-03-31": "2.51", "2018-12-31": "2.32", "2018-09-30": "2.21", "2018-06-30": "2.16", "2018-03-31": "2.18", "2017-12-31": "2.37", "2017-09-30": "2.29", "2017-06-30": "2.27", "2017-03-31": "2.18", "2016-12-31": "2.05", "2016-09-30": "2.01", "2016-06-30": "2.24", "2016-03-31": "2.15", "2015-12-31": "1.76"}, "price book": {"current": "2.10", "2021-02-11": "2.11", "2020-09-30": "2.03", "2020-06-30": "2.04", "2020-03-31": "1.95", "2019-12-31": "2.16", "2019-09-30": "2.21", "2019-06-30": "1.97", "2019-03-31": "1.85", "2018-12-31": "1.70", "2018-09-30": "1.60", "2018-06-30": "1.54", "2018-03-31": "1.54", "2017-12-31": "1.65", "2017-09-30": "1.58", "2017-06-30": "1.59", "2017-03-31": "1.54", "2016-12-31": "1.45", "2016-09-30": "1.42", "2016-06-30": "1.58", "2016-03-31": "1.54", "2015-12-31": "1.34", "2015-09-30": "1.33", "2015-06-30": "1.18", "2015-03-31": "1.31"}, "price fcf": {"2021-02-11": "", "2020-09-30": "$-2.61", "2020-06-30": "$-2.54", "2020-03-31": "$-2.93", "2019-12-31": "$-2.79", "2019-09-30": "$-2.77", "2019-06-30": "$-2.00", "2019-03-31": "$-1.75", "2018-12-31": "$-2.33", "2018-09-30": "$-2.08", "2018-06-30": "$-2.06", "2018-03-31": "$-2.21", "2017-12-31": "$-1.11", "2017-09-30": "$-0.71", "2017-06-30": "$-0.41", "2017-03-31": "$0.27", "2016-12-31": "$0.73", "2016-09-30": "$-0.54", "2016-06-30": "$-0.96", "2016-03-31": "$-1.10", "2015-12-31": "$-0.91"}, "net worth": {"value": "$29.39B"}, "current ratio": {"current": "0.89", "2020-09-30": "0.89", "2020-06-30": "0.72", "2020-03-31": "0.76", "2019-12-31": "0.67", "2019-09-30": "0.59", "2019-06-30": "0.61", "2019-03-31": "0.51", "2018-12-31": "0.56", "2018-09-30": "0.59", "2018-06-30": "0.65", "2018-03-31": "0.68", "2017-12-31": "0.69", "2017-09-30": "0.92", "2017-06-30": "0.62", "2017-03-31": "0.75", "2016-12-31": "0.68", "2016-09-30": "0.91", "2016-06-30": "1.05", "2016-03-31": "1.00", "2015-12-31": "0.88", "2015-09-30": "0.80", "2015-06-30": "0.86", "2015-03-31": "0.90", "2014-12-31": "0.86", "2014-09-30": "0.72", "2014-06-30": "0.74", "2014-03-31": "0.85", "2013-12-31": "0.64", "2013-09-30": "0.60", "2013-06-30": "0.67", "2013-03-31": "0.56", "2012-12-31": "0.61", "2012-09-30": "0.56", "2012-06-30": "0.56", "2012-03-31": "0.77", "2011-12-31": "0.70", "2011-09-30": "0.87", "2011-06-30": "0.91", "2011-03-31": "1.17", "2010-12-31": "1.12", "2010-09-30": "1.17", "2010-06-30": "1.26", "2010-03-31": "1.35", "2009-12-31": "1.30", "2009-09-30": "1.24", "2009-06-30": "1.23", "2009-03-31": "1.27", "2008-12-31": "0.88", "2008-09-30": "1.03", "2008-06-30": "1.25", "2008-03-31": "0.92", "2007-12-31": "1.07", "2007-09-30": "1.35", "2007-06-30": "1.22", "2007-03-31": "1.80", "2006-12-31": "1.27", "2006-09-30": "1.36", "2006-06-30": "1.44", "2006-03-31": "1.30", "2005-12-31": "1.20", "2005-09-30": "1.02", "2005-06-30": "1.05", "2005-03-31": "1.01"}, "quick ratio": {"2020-09-30": "0.83", "2020-06-30": "0.67", "2020-03-31": "0.67", "2019-12-31": "0.60", "2019-09-30": "0.54", "2019-06-30": "0.56", "2019-03-31": "0.44", "2018-12-31": "0.50", "2018-09-30": "0.54", "2018-06-30": "0.60", "2018-03-31": "0.61", "2017-12-31": "0.63", "2017-09-30": "0.80", "2017-06-30": "0.54", "2017-03-31": "0.65", "2016-12-31": "0.59", "2016-09-30": "0.80", "2016-06-30": "0.92", "2016-03-31": "0.86", "2015-12-31": "0.76", "2015-09-30": "0.70", "2015-06-30": "0.76", "2015-03-31": "0.81", "2014-12-31": "0.75", "2014-09-30": "0.60", "2014-06-30": "0.64", "2014-03-31": "0.77", "2013-12-31": "0.55", "2013-09-30": "0.51", "2013-06-30": "0.58", "2013-03-31": "0.50", "2012-12-31": "0.54", "2012-09-30": "0.49", "2012-06-30": "0.49", "2012-03-31": "0.66", "2011-12-31": "0.57", "2011-09-30": "0.71", "2011-06-30": "0.75", "2011-03-31": "1.00", "2010-12-31": "0.94", "2010-09-30": "0.94", "2010-06-30": "1.02", "2010-03-31": "1.10", "2009-12-31": "1.01", "2009-09-30": "1.00", "2009-06-30": "1.04", "2009-03-31": "1.09", "2008-12-31": "0.71", "2008-09-30": "0.83", "2008-06-30": "1.05", "2008-03-31": "0.81", "2007-12-31": "0.89", "2007-09-30": "1.13", "2007-06-30": "1.05", "2007-03-31": "1.63", "2006-12-31": "1.14", "2006-09-30": "1.25", "2006-06-30": "1.34", "2006-03-31": "1.23", "2005-12-31": "1.10", "2005-09-30": "0.95", "2005-06-30": "0.95", "2005-03-31": "0.94"}, "debt equity ratio": {"current": "1.05", "2020-09-30": "2.11", "2020-06-30": "2.05", "2020-03-31": "2.15", "2019-12-31": "2.26", "2019-09-30": "2.28", "2019-06-30": "2.26", "2019-03-31": "2.35", "2018-12-31": "2.33", "2018-09-30": "2.29", "2018-06-30": "2.30", "2018-03-31": "2.31", "2017-12-31": "2.27", "2017-09-30": "2.02", "2017-06-30": "2.00", "2017-03-31": "2.00", "2016-12-31": "1.99", "2016-09-30": "1.92", "2016-06-30": "1.94", "2016-03-31": "1.94", "2015-12-31": "1.95", "2015-09-30": "1.92", "2015-06-30": "1.89", "2015-03-31": "1.92", "2014-12-31": "1.98", "2014-09-30": "1.83", "2014-06-30": "1.85", "2014-03-31": "1.89", "2013-12-31": "1.85", "2013-09-30": "1.94", "2013-06-30": "1.95", "2013-03-31": "1.98", "2012-12-31": "2.01", "2012-09-30": "1.97", "2012-06-30": "1.98", "2012-03-31": "2.82", "2011-12-31": "2.79", "2011-09-30": "2.62", "2011-06-30": "2.58", "2011-03-31": "2.60", "2010-12-31": "2.68", "2010-09-30": "2.84", "2010-06-30": "2.89", "2010-03-31": "2.89", "2009-12-31": "2.81", "2009-09-30": "2.96", "2009-06-30": "3.03", "2009-03-31": "3.13", "2008-12-31": "3.46", "2008-09-30": "3.20", "2008-06-30": "3.32", "2008-03-31": "3.22", "2007-12-31": "2.82", "2007-09-30": "2.79", "2007-06-30": "2.79", "2007-03-31": "2.76", "2006-12-31": "2.88", "2006-09-30": "3.44", "2006-06-30": "3.64", "2006-03-31": "3.87", "2005-12-31": "3.94", "2005-09-30": "5.02", "2005-06-30": "4.39", "2005-03-31": "4.28"}, "return on equity": {"2020-09-30": "8.82%", "2020-06-30": "8.93%", "2020-03-31": "7.49%", "2019-12-31": "7.52%", "2019-09-30": "7.54%", "2019-06-30": "7.40%", "2019-03-31": "9.36%", "2018-12-31": "9.11%", "2018-09-30": "9.25%", "2018-06-30": "9.07%", "2018-03-31": "9.04%", "2017-12-31": "9.02%", "2017-09-30": "9.02%", "2017-06-30": "9.15%", "2017-03-31": "8.97%", "2016-12-31": "8.91%", "2016-09-30": "8.54%", "2016-06-30": "8.33%", "2016-03-31": "8.40%", "2015-12-31": "8.52%", "2015-09-30": "8.99%", "2015-06-30": "9.07%", "2015-03-31": "8.39%", "2014-12-31": "8.34%", "2014-09-30": "7.92%", "2014-06-30": "7.71%", "2014-03-31": "8.20%", "2013-12-31": "8.17%", "2013-09-30": "8.22%", "2013-06-30": "8.28%", "2013-03-31": "7.00%", "2012-12-31": "6.55%", "2012-09-30": "6.91%", "2012-06-30": "6.40%", "2012-03-31": "9.23%", "2011-12-31": "9.70%", "2011-09-30": "10.22%", "2011-06-30": "10.73%", "2011-03-31": "10.86%", "2010-12-31": "10.39%", "2010-09-30": "9.36%", "2010-06-30": "8.49%", "2010-03-31": "8.89%", "2009-12-31": "9.33%", "2009-09-30": "9.33%", "2009-06-30": "9.95%", "2009-03-31": "9.60%", "2008-12-31": "8.69%", "2008-09-30": "8.80%", "2008-06-30": "8.04%", "2008-03-31": "7.74%", "2007-12-31": "8.31%", "2007-09-30": "17.70%", "2007-06-30": "20.47%", "2007-03-31": "20.36%", "2006-12-31": "17.96%", "2006-09-30": "4.32%", "2006-06-30": "-3.98%", "2006-03-31": "-6.21%", "2005-12-31": "-11.04%"}, "return on assets": {"2020-09-30": "2.81%", "2020-06-30": "2.81%", "2020-03-31": "2.32%", "2019-12-31": "2.29%", "2019-09-30": "2.28%", "2019-06-30": "2.24%", "2019-03-31": "2.82%", "2018-12-31": "2.75%", "2018-09-30": "2.81%", "2018-06-30": "2.81%", "2018-03-31": "2.87%", "2017-12-31": "2.94%", "2017-09-30": "3.01%", "2017-06-30": "3.07%", "2017-03-31": "3.03%", "2016-12-31": "3.02%", "2016-09-30": "2.90%", "2016-06-30": "2.83%", "2016-03-31": "2.87%", "2015-12-31": "2.92%", "2015-09-30": "3.07%", "2015-06-30": "3.12%", "2015-03-31": "2.90%", "2014-12-31": "2.89%", "2014-09-30": "2.78%", "2014-06-30": "2.68%", "2014-03-31": "2.82%", "2013-12-31": "2.79%", "2013-09-30": "2.77%", "2013-06-30": "2.78%", "2013-03-31": "2.34%", "2012-12-31": "2.11%", "2012-09-30": "2.14%", "2012-06-30": "1.87%", "2012-03-31": "2.49%", "2011-12-31": "2.66%", "2011-09-30": "2.82%", "2011-06-30": "2.92%", "2011-03-31": "2.90%", "2010-12-31": "2.72%", "2010-09-30": "2.43%", "2010-06-30": "2.18%", "2010-03-31": "2.27%", "2009-12-31": "2.34%", "2009-09-30": "2.26%", "2009-06-30": "2.37%", "2009-03-31": "2.24%", "2008-12-31": "2.02%", "2008-09-30": "2.13%", "2008-06-30": "1.99%", "2008-03-31": "1.98%", "2007-12-31": "2.19%", "2007-09-30": "4.65%", "2007-06-30": "5.18%", "2007-03-31": "4.90%", "2006-12-31": "4.05%", "2006-09-30": "0.91%", "2006-06-30": "-0.78%", "2006-03-31": "-1.18%", "2005-12-31": "-2.05%"}, "return on investments": {"2020-09-30": "7.18%", "2020-06-30": "7.20%", "2020-03-31": "6.28%", "2019-12-31": "6.31%", "2019-09-30": "6.33%", "2019-06-30": "6.29%", "2019-03-31": "7.42%", "2018-12-31": "7.25%", "2018-09-30": "7.51%", "2018-06-30": "7.81%", "2018-03-31": "8.38%", "2017-12-31": "8.97%", "2017-09-30": "9.22%", "2017-06-30": "9.48%", "2017-03-31": "9.33%", "2016-12-31": "9.33%", "2016-09-30": "9.20%", "2016-06-30": "9.09%", "2016-03-31": "9.14%", "2015-12-31": "9.27%", "2015-09-30": "9.58%", "2015-06-30": "9.56%", "2015-03-31": "9.06%", "2014-12-31": "9.00%", "2014-09-30": "8.74%", "2014-06-30": "8.62%", "2014-03-31": "9.03%", "2013-12-31": "8.95%", "2013-09-30": "8.90%", "2013-06-30": "9.12%", "2013-03-31": "8.10%", "2012-12-31": "7.71%", "2012-09-30": "7.75%", "2012-06-30": "7.14%", "2012-03-31": "8.93%", "2011-12-31": "9.22%", "2011-09-30": "9.38%", "2011-06-30": "9.43%", "2011-03-31": "9.45%", "2010-12-31": "9.57%", "2010-09-30": "9.64%", "2010-06-30": "9.33%", "2010-03-31": "9.48%", "2009-12-31": "9.47%", "2009-09-30": "9.49%", "2009-06-30": "9.57%", "2009-03-31": "9.27%", "2008-12-31": "8.51%", "2008-09-30": "8.34%", "2008-06-30": "8.13%", "2008-03-31": "8.10%", "2007-12-31": "8.55%", "2007-09-30": "7.55%", "2007-06-30": "7.09%", "2007-03-31": "6.60%", "2006-12-31": "4.30%", "2006-09-30": "2.78%", "2006-06-30": "-0.15%", "2006-03-31": "-1.87%", "2005-12-31": "-4.13%"}, "return on tangible equity": {"2020-09-30": "13.17%", "2020-06-30": "13.58%", "2020-03-31": "11.61%", "2019-12-31": "11.87%", "2019-09-30": "12.07%", "2019-06-30": "11.95%", "2019-03-31": "15.26%", "2018-12-31": "14.95%", "2018-09-30": "15.26%", "2018-06-30": "14.56%", "2018-03-31": "14.13%", "2017-12-31": "13.71%", "2017-09-30": "13.36%", "2017-06-30": "13.59%", "2017-03-31": "13.39%", "2016-12-31": "13.35%", "2016-09-30": "12.85%", "2016-06-30": "12.59%", "2016-03-31": "12.72%", "2015-12-31": "12.94%", "2015-09-30": "13.72%", "2015-06-30": "13.91%", "2015-03-31": "12.97%", "2014-12-31": "12.98%", "2014-09-30": "12.37%", "2014-06-30": "12.08%", "2014-03-31": "12.88%", "2013-12-31": "12.87%", "2013-09-30": "13.04%", "2013-06-30": "13.19%", "2013-03-31": "11.21%", "2012-12-31": "9.88%", "2012-09-30": "9.64%", "2012-06-30": "8.03%", "2012-03-31": "9.92%", "2011-12-31": "10.44%", "2011-09-30": "11.01%", "2011-06-30": "11.58%", "2011-03-31": "11.75%", "2010-12-31": "11.26%", "2010-09-30": "10.15%", "2010-06-30": "9.22%", "2010-03-31": "9.66%", "2009-12-31": "10.16%", "2009-09-30": "10.19%", "2009-06-30": "10.90%", "2009-03-31": "10.56%", "2008-12-31": "9.61%", "2008-09-30": "9.74%", "2008-06-30": "8.90%", "2008-03-31": "8.57%", "2007-12-31": "9.20%", "2007-09-30": "19.61%", "2007-06-30": "22.76%", "2007-03-31": "22.75%", "2006-12-31": "20.18%", "2006-09-30": "4.87%", "2006-06-30": "-4.52%", "2006-03-31": "-7.08%", "2005-12-31": "-12.64%"}, "dividend yield history": {"last payout": "$2.27", "last yield": "2.65%"}}