{"ticker": "ESS", "price": {"title": "Essex Property Trust Historical Annual Stock Price Data", "value": 258.1, "historical": {"2021": {"Average Stock Price": "239.9763", "Year Open": "228.2500", "Year High": "258.1000", "Year Low": "227.2200", "Year Close": "258.1000", "Annual % Change": "8.71%"}, "2020": {"Average Stock Price": "243.5629", "Year Open": "298.2800", "Year High": "329.0300", "Year Low": "182.2300", "Year Close": "237.4200", "Annual % Change": "-21.09%"}, "2019": {"Average Stock Price": "297.7292", "Year Open": "236.5900", "Year High": "332.5400", "Year Low": "236.5900", "Year Close": "300.8600", "Annual % Change": "22.69%"}, "2018": {"Average Stock Price": "240.5057", "Year Open": "240.0800", "Year High": "265.6800", "Year Low": "217.8100", "Year Close": "245.2100", "Annual % Change": "1.59%"}, "2017": {"Average Stock Price": "248.6373", "Year Open": "229.2500", "Year High": "269.3900", "Year Low": "221.7200", "Year Close": "241.3700", "Annual % Change": "3.82%"}, "2016": {"Average Stock Price": "221.6142", "Year Open": "237.3200", "Year High": "240.0400", "Year Low": "192.2600", "Year Close": "232.5000", "Annual % Change": "-2.89%"}, "2015": {"Average Stock Price": "224.5138", "Year Open": "210.3500", "Year High": "244.2900", "Year Low": "207.1700", "Year Close": "239.4100", "Annual % Change": "15.88%"}, "2014": {"Average Stock Price": "181.4736", "Year Open": "146.3000", "Year High": "212.8600", "Year Low": "146.3000", "Year Close": "206.6000", "Annual % Change": "43.96%"}, "2013": {"Average Stock Price": "154.4577", "Year Open": "148.2500", "Year High": "170.4700", "Year Low": "141.4900", "Year Close": "143.5100", "Annual % Change": "-2.14%"}, "2012": {"Average Stock Price": "148.7297", "Year Open": "140.3100", "Year High": "160.3300", "Year Low": "136.9400", "Year Close": "146.6500", "Annual % Change": "4.37%"}, "2011": {"Average Stock Price": "129.9892", "Year Open": "117.1900", "Year High": "146.1900", "Year Low": "110.7700", "Year Close": "140.5100", "Annual % Change": "23.02%"}, "2010": {"Average Stock Price": "101.7957", "Year Open": "82.6200", "Year High": "116.9400", "Year Low": "77.6600", "Year Close": "114.2200", "Annual % Change": "36.55%"}, "2009": {"Average Stock Price": "69.5076", "Year Open": "74.9800", "Year High": "87.3400", "Year Low": "50.7600", "Year Close": "83.6500", "Annual % Change": "8.99%"}, "2008": {"Average Stock Price": "105.3504", "Year Open": "95.8100", "Year High": "129.0000", "Year Low": "63.9500", "Year Close": "76.7500", "Annual % Change": "-21.27%"}, "2007": {"Average Stock Price": "120.9323", "Year Open": "129.2500", "Year High": "146.4000", "Year Low": "95.3400", "Year Close": "97.4900", "Annual % Change": "-24.57%"}, "2006": {"Average Stock Price": "113.9302", "Year Open": "94.4200", "Year High": "133.4700", "Year Low": "94.4200", "Year Close": "129.2500", "Annual % Change": "40.18%"}, "2005": {"Average Stock Price": "82.6112", "Year Open": "82.7700", "Year High": "93.1500", "Year Low": "69.1000", "Year Close": "92.2000", "Annual % Change": "10.02%"}, "2004": {"Average Stock Price": "69.5460", "Year Open": "64.1400", "Year High": "85.1100", "Year Low": "60.0500", "Year Close": "83.8000", "Annual % Change": "30.49%"}, "2003": {"Average Stock Price": "58.2233", "Year Open": "51.3800", "Year High": "66.0800", "Year Low": "49.5000", "Year Close": "64.2200", "Annual % Change": "26.29%"}, "2002": {"Average Stock Price": "50.4151", "Year Open": "49.3000", "Year High": "55.7500", "Year Low": "45.2300", "Year Close": "50.8500", "Annual % Change": "2.91%"}, "2001": {"Average Stock Price": "49.3899", "Year Open": "54.3100", "Year High": "55.9400", "Year Low": "43.2000", "Year Close": "49.4100", "Annual % Change": "-9.75%"}, "2000": {"Average Stock Price": "44.4131", "Year Open": "33.3100", "Year High": "57.7500", "Year Low": "32.7500", "Year Close": "54.7500", "Annual % Change": "61.03%"}, "1999": {"Average Stock Price": "31.7743", "Year Open": "30.3100", "Year High": "35.3800", "Year Low": "26.1300", "Year Close": "34.0000", "Annual % Change": "14.29%"}, "1998": {"Average Stock Price": "31.8577", "Year Open": "34.3800", "Year High": "34.9400", "Year Low": "27.2500", "Year Close": "29.7500", "Annual % Change": "-15.00%"}, "1997": {"Average Stock Price": "31.6912", "Year Open": "28.8800", "Year High": "37.0000", "Year Low": "28.2500", "Year Close": "35.0000", "Annual % Change": "19.13%"}, "1996": {"Average Stock Price": "22.7543", "Year Open": "19.0000", "Year High": "29.3800", "Year Low": "18.7500", "Year Close": "29.3800", "Annual % Change": "52.62%"}, "1995": {"Average Stock Price": "17.2713", "Year Open": "16.0000", "Year High": "19.5000", "Year Low": "15.3800", "Year Close": "19.2500", "Annual % Change": "27.31%"}}}, "market cap": {"value": "$16.83B"}, "income statement": {"Revenue": {"2020-12-31": "1495.74800", "2019-12-31": "1460.15500", "2018-12-31": "1400.05300", "2017-12-31": "1363.89900", "2016-12-31": "1294.00100", "2015-12-31": "1194.40700", "2014-12-31": "970.93800", "2013-12-31": "610.59000", "2012-12-31": "535.15300", "2011-12-31": "467.44000", "2010-12-31": "410.27900", "2009-12-31": "408.88100", "2008-12-31": "408.43400", "2007-12-31": "374.74900", "2006-12-31": "334.10200", "2005-12-31": "314.18600"}, "Cost Of Goods Sold": {"2020-12-31": "474.97300", "2019-12-31": "430.59400", "2018-12-31": "416.39600", "2017-12-31": "405.54200", "2016-12-31": "388.92700", "2015-12-31": "363.50800", "2014-12-31": "312.54600", "2013-12-31": "197.33600", "2012-12-31": "172.16700", "2011-12-31": "162.12000", "2010-12-31": "145.87100", "2009-12-31": "138.70400", "2008-12-31": "132.41700", "2007-12-31": "121.47500", "2006-12-31": "110.57800", "2005-12-31": "104.47900"}, "Gross Profit": {"2020-12-31": "1020.77500", "2019-12-31": "1029.56100", "2018-12-31": "983.65700", "2017-12-31": "958.35710", "2016-12-31": "905.07400", "2015-12-31": "830.89900", "2014-12-31": "658.39200", "2013-12-31": "413.25400", "2012-12-31": "362.98600", "2011-12-31": "305.32000", "2010-12-31": "264.40800", "2009-12-31": "270.17700", "2008-12-31": "276.01700", "2007-12-31": "253.27400", "2006-12-31": "223.52400", "2005-12-31": "209.70700"}, "Research And Development Expenses": {"2020-12-31": "", "2019-12-31": "", "2018-12-31": "", "2017-12-31": "", "2016-12-31": "", "2015-12-31": "", "2014-12-31": "", "2013-12-31": "", "2012-12-31": "", "2011-12-31": "", "2010-12-31": "", "2009-12-31": "", "2008-12-31": "", "2007-12-31": "", "2006-12-31": "", "2005-12-31": ""}, "SG&A Expenses": {"2020-12-31": "65.38800", "2019-12-31": "54.26200", "2018-12-31": "53.45100", "2017-12-31": "41.38500", "2016-12-31": "40.75100", "2015-12-31": "40.09000", "2014-12-31": "40.87800", "2013-12-31": "26.68400", "2012-12-31": "24.57300", "2011-12-31": "20.69400", "2010-12-31": "23.25500", "2009-12-31": "28.06200", "2008-12-31": "27.68400", "2007-12-31": "26.67300", "2006-12-31": "22.23400", "2005-12-31": "19.14800"}, "Other Operating Income Or Expenses": {"2020-12-31": "-1.82500", "2019-12-31": "-7.10500", "2018-12-31": "", "2017-12-31": "", "2016-12-31": "", "2015-12-31": "", "2014-12-31": "", "2013-12-31": "", "2012-12-31": "", "2011-12-31": "", "2010-12-31": "-2.30200", "2009-12-31": "-13.08400", "2008-12-31": "-0.65000", "2007-12-31": "-0.80000", "2006-12-31": "-1.77000", "2005-12-31": "-5.82700"}, "Operating Expenses": {"2020-12-31": "1069.27400", "2019-12-31": "975.87900", "2018-12-31": "949.92500", "2017-12-31": "917.37700", "2016-12-31": "873.20100", "2015-12-31": "863.23300", "2014-12-31": "769.42400", "2013-12-31": "421.88500", "2012-12-31": "368.12800", "2011-12-31": "332.82300", "2010-12-31": "299.64900", "2009-12-31": "301.96600", "2008-12-31": "270.45200", "2007-12-31": "245.54600", "2006-12-31": "214.45700", "2005-12-31": "206.25000"}, "Operating Income": {"2020-12-31": "426.47400", "2019-12-31": "484.27600", "2018-12-31": "450.12800", "2017-12-31": "446.52200", "2016-12-31": "420.80000", "2015-12-31": "331.17400", "2014-12-31": "201.51400", "2013-12-31": "188.70500", "2012-12-31": "167.02500", "2011-12-31": "134.61700", "2010-12-31": "110.63000", "2009-12-31": "106.91500", "2008-12-31": "137.98200", "2007-12-31": "129.20300", "2006-12-31": "119.64500", "2005-12-31": "107.93600"}, "Total Non-Operating Income/Expense": {"2020-12-31": "172.85800", "2019-12-31": "-19.82800", "2018-12-31": "-36.52900", "2017-12-31": "11.52100", "2016-12-31": "17.61000", "2015-12-31": "-82.93500", "2014-12-31": "-67.07600", "2013-12-31": "-47.82300", "2012-12-31": "-39.37200", "2011-12-31": "-87.65900", "2010-12-31": "-61.46800", "2009-12-31": "-62.63300", "2008-12-31": "-57.33100", "2007-12-31": "-72.46600", "2006-12-31": "-86.38200", "2005-12-31": "-58.02500"}, "Pre-Tax Income": {"2020-12-31": "599.33200", "2019-12-31": "464.44800", "2018-12-31": "413.59900", "2017-12-31": "458.04300", "2016-12-31": "438.41000", "2015-12-31": "248.23900", "2014-12-31": "134.43800", "2013-12-31": "140.88200", "2012-12-31": "127.65300", "2011-12-31": "46.95800", "2010-12-31": "49.16200", "2009-12-31": "44.28200", "2008-12-31": "80.65100", "2007-12-31": "56.73700", "2006-12-31": "33.26300", "2005-12-31": "49.91100"}, "Income Taxes": {"2020-12-31": "", "2019-12-31": "", "2018-12-31": "", "2017-12-31": "", "2016-12-31": "", "2015-12-31": "", "2014-12-31": "", "2013-12-31": "", "2012-12-31": "", "2011-12-31": "", "2010-12-31": "", "2009-12-31": "", "2008-12-31": "", "2007-12-31": "", "2006-12-31": "0.52500", "2005-12-31": "2.53800"}, "Income After Taxes": {"2020-12-31": "599.33200", "2019-12-31": "464.44800", "2018-12-31": "413.59900", "2017-12-31": "458.04300", "2016-12-31": "438.41000", "2015-12-31": "248.23900", "2014-12-31": "134.43800", "2013-12-31": "140.88200", "2012-12-31": "127.65300", "2011-12-31": "46.95800", "2010-12-31": "49.16200", "2009-12-31": "44.28200", "2008-12-31": "80.65100", "2007-12-31": "56.73700", "2006-12-31": "32.73800", "2005-12-31": "47.37300"}, "Other Income": {"2020-12-31": "", "2019-12-31": "", "2018-12-31": "", "2017-12-31": "", "2016-12-31": "", "2015-12-31": "", "2014-12-31": "", "2013-12-31": "", "2012-12-31": "", "2011-12-31": "", "2010-12-31": "", "2009-12-31": "", "2008-12-31": "", "2007-12-31": "", "2006-12-31": "", "2005-12-31": ""}, "Income From Continuous Operations": {"2020-12-31": "599.33200", "2019-12-31": "464.44800", "2018-12-31": "413.59900", "2017-12-31": "458.04300", "2016-12-31": "438.41000", "2015-12-31": "248.23900", "2014-12-31": "134.43800", "2013-12-31": "140.88200", "2012-12-31": "127.65300", "2011-12-31": "46.95800", "2010-12-31": "49.16200", "2009-12-31": "44.28200", "2008-12-31": "80.65100", "2007-12-31": "56.73700", "2006-12-31": "32.73800", "2005-12-31": "47.37300"}, "Income From Discontinued Operations": {"2020-12-31": "", "2019-12-31": "", "2018-12-31": "", "2017-12-31": "", "2016-12-31": "", "2015-12-31": "", "2014-12-31": "", "2013-12-31": "31.17300", "2012-12-31": "11.93700", "2011-12-31": "10.55800", "2010-12-31": "1.62000", "2009-12-31": "9.45700", "2008-12-31": "3.74400", "2007-12-31": "146.32400", "2006-12-31": "30.01000", "2005-12-31": "32.34300"}, "Net Income": {"2020-12-31": "568.87000", "2019-12-31": "439.28600", "2018-12-31": "390.15300", "2017-12-31": "433.05900", "2016-12-31": "411.12400", "2015-12-31": "226.86500", "2014-12-31": "116.85900", "2013-12-31": "150.81100", "2012-12-31": "119.81200", "2011-12-31": "40.36800", "2010-12-31": "33.76400", "2009-12-31": "82.20000", "2008-12-31": "52.89900", "2007-12-31": "102.92600", "2006-12-31": "57.60300", "2005-12-31": "77.76300"}, "EBITDA": {"2020-12-31": "426.47400", "2019-12-31": "945.22400", "2018-12-31": "909.78800", "2017-12-31": "894.33610", "2016-12-31": "833.03700", "2015-12-31": "752.84700", "2014-12-31": "538.10900", "2013-12-31": "387.03900", "2012-12-31": "342.39600", "2011-12-31": "292.08200", "2010-12-31": "236.64900", "2009-12-31": "226.65200", "2008-12-31": "258.29200", "2007-12-31": "238.42700", "2006-12-31": "205.42400", "2005-12-31": "189.98100"}, "EBIT": {"2020-12-31": "426.47400", "2019-12-31": "484.27600", "2018-12-31": "450.12800", "2017-12-31": "446.52200", "2016-12-31": "420.80000", "2015-12-31": "331.17400", "2014-12-31": "201.51400", "2013-12-31": "188.70500", "2012-12-31": "167.02500", "2011-12-31": "134.61700", "2010-12-31": "110.63000", "2009-12-31": "106.91500", "2008-12-31": "137.98200", "2007-12-31": "129.20300", "2006-12-31": "119.64500", "2005-12-31": "107.93600"}, "Basic Shares Outstanding": {"2020-12-31": "65.45400", "2019-12-31": "65.84000", "2018-12-31": "66.04100", "2017-12-31": "65.82900", "2016-12-31": "65.47200", "2015-12-31": "64.87200", "2014-12-31": "56.54700", "2013-12-31": "37.24900", "2012-12-31": "35.03200", "2011-12-31": "32.54200", "2010-12-31": "29.66700", "2009-12-31": "27.27000", "2008-12-31": "25.20500", "2007-12-31": "24.54800", "2006-12-31": "23.08200", "2005-12-31": "23.03800"}, "Shares Outstanding": {"2020-12-31": "65.56500", "2019-12-31": "65.93900", "2018-12-31": "66.08510", "2017-12-31": "65.89800", "2016-12-31": "65.58800", "2015-12-31": "65.06200", "2014-12-31": "56.69700", "2013-12-31": "37.33600", "2012-12-31": "35.12500", "2011-12-31": "32.62900", "2010-12-31": "29.73400", "2009-12-31": "29.74700", "2008-12-31": "25.34700", "2007-12-31": "25.10100", "2006-12-31": "23.55100", "2005-12-31": "23.38800"}, "Basic EPS": {"2020-12-31": "8.69000", "2019-12-31": "6.67000", "2018-12-31": "5.91000", "2017-12-31": "6.58000", "2016-12-31": "6.28000", "2015-12-31": "3.50000", "2014-12-31": "2.07000", "2013-12-31": "4.05000", "2012-12-31": "3.42000", "2011-12-31": "1.24000", "2010-12-31": "1.14000", "2009-12-31": "3.01000", "2008-12-31": "2.10000", "2007-12-31": "4.19000", "2006-12-31": "2.50000", "2005-12-31": "3.38000"}, "EPS - Earnings Per Share": {"2020-12-31": "8.69000", "2019-12-31": "6.66000", "2018-12-31": "5.90000", "2017-12-31": "6.57000", "2016-12-31": "6.27000", "2015-12-31": "3.49000", "2014-12-31": "2.06000", "2013-12-31": "4.04000", "2012-12-31": "3.41000", "2011-12-31": "1.24000", "2010-12-31": "1.14000", "2009-12-31": "2.91000", "2008-12-31": "2.09000", "2007-12-31": "4.10000", "2006-12-31": "2.45000", "2005-12-31": "3.32000"}}, "income statement, quarterly": {"Revenue": {"2020-12-31": "362.07300", "2020-09-30": "370.81100", "2020-06-30": "370.49700", "2020-03-31": "392.36700", "2019-12-31": "375.36500", "2019-09-30": "366.93200", "2019-06-30": "361.63500", "2019-03-31": "356.22300", "2018-12-31": "353.15800", "2018-09-30": "350.91700", "2018-06-30": "348.72300", "2018-03-31": "347.25500", "2017-12-31": "345.06400", "2017-09-30": "344.36900", "2017-06-30": "339.06200", "2017-03-31": "335.40400", "2016-12-31": "329.03800", "2016-09-30": "329.17100", "2016-06-30": "321.59000", "2016-03-31": "314.20200", "2015-12-31": "310.74600", "2015-09-30": "304.62600", "2015-06-30": "296.16200", "2015-03-31": "282.87300", "2014-12-31": "279.26800", "2014-09-30": "270.87300", "2014-06-30": "259.78800", "2014-03-31": "161.00900", "2013-12-31": "157.82200", "2013-09-30": "153.94800", "2013-06-30": "150.81500", "2013-03-31": "148.00500", "2012-12-31": "137.08400", "2012-09-30": "137.59000", "2012-06-30": "132.56100", "2012-03-31": "127.91800", "2011-12-31": "119.51600", "2011-09-30": "119.16600", "2011-06-30": "116.32600", "2011-03-31": "112.43200", "2010-12-31": "104.58300", "2010-09-30": "104.32700", "2010-06-30": "100.18500", "2010-03-31": "101.18400", "2009-12-31": "98.44400", "2009-09-30": "101.69400", "2009-06-30": "103.63200", "2009-03-31": "105.11100", "2008-12-31": "103.67700", "2008-09-30": "103.25300", "2008-06-30": "101.54700", "2008-03-31": "99.95700", "2007-12-31": "92.21500", "2007-09-30": "96.28000", "2007-06-30": "95.54800", "2007-03-31": "90.70600", "2006-12-31": "77.77600", "2006-09-30": "88.72200", "2006-06-30": "84.54700", "2006-03-31": "83.05700", "2005-12-31": "65.25800", "2005-09-30": "83.48200", "2005-06-30": "80.59300", "2005-03-31": "84.85300"}, "Cost Of Goods Sold": {"2020-12-31": "119.27500", "2020-09-30": "121.01400", "2020-06-30": "118.78200", "2020-03-31": "115.90200", "2019-12-31": "109.74000", "2019-09-30": "110.72600", "2019-06-30": "103.65900", "2019-03-31": "106.46900", "2018-12-31": "106.19900", "2018-09-30": "105.53600", "2018-06-30": "101.92800", "2018-03-31": "102.73300", "2017-12-31": "103.62700", "2017-09-30": "104.13700", "2017-06-30": "98.26500", "2017-03-31": "99.51300", "2016-12-31": "68.88700", "2016-09-30": "99.36100", "2016-06-30": "96.07900", "2016-03-31": "94.49000", "2015-12-31": "92.14100", "2015-09-30": "94.11900", "2015-06-30": "90.07700", "2015-03-31": "87.17100", "2014-12-31": "88.62000", "2014-09-30": "88.06200", "2014-06-30": "83.55800", "2014-03-31": "52.30600", "2013-12-31": "52.39200", "2013-09-30": "50.32200", "2013-06-30": "48.29600", "2013-03-31": "48.02700", "2012-12-31": "44.51300", "2012-09-30": "46.71500", "2012-06-30": "44.02800", "2012-03-31": "41.80400", "2011-12-31": "39.91300", "2011-09-30": "42.01400", "2011-06-30": "40.84400", "2011-03-31": "39.34900", "2010-12-31": "36.44200", "2010-09-30": "37.70600", "2010-06-30": "34.81700", "2010-03-31": "34.19900", "2009-12-31": "35.63900", "2009-09-30": "36.10900", "2009-06-30": "33.83300", "2009-03-31": "33.12300", "2008-12-31": "33.69800", "2008-09-30": "34.00800", "2008-06-30": "32.96100", "2008-03-31": "31.75000", "2007-12-31": "29.87600", "2007-09-30": "31.13400", "2007-06-30": "30.87100", "2007-03-31": "29.59400", "2006-12-31": "23.54400", "2006-09-30": "29.79700", "2006-06-30": "28.40700", "2006-03-31": "28.83000", "2005-12-31": "21.79500", "2005-09-30": "28.32000", "2005-06-30": "27.29500", "2005-03-31": "27.06900"}, "Gross Profit": {"2020-12-31": "242.79800", "2020-09-30": "249.79700", "2020-06-30": "251.71500", "2020-03-31": "276.46500", "2019-12-31": "265.62500", "2019-09-30": "256.20600", "2019-06-30": "257.97600", "2019-03-31": "249.75400", "2018-12-31": "246.95900", "2018-09-30": "245.38100", "2018-06-30": "246.79500", "2018-03-31": "244.52200", "2017-12-31": "241.43700", "2017-09-30": "240.23200", "2017-06-30": "240.79700", "2017-03-31": "235.89100", "2016-12-31": "260.15100", "2016-09-30": "229.81000", "2016-06-30": "225.51100", "2016-03-31": "219.71200", "2015-12-31": "218.60500", "2015-09-30": "210.50700", "2015-06-30": "206.08500", "2015-03-31": "195.70200", "2014-12-31": "190.64800", "2014-09-30": "182.81100", "2014-06-30": "176.23000", "2014-03-31": "108.70300", "2013-12-31": "105.43000", "2013-09-30": "103.62600", "2013-06-30": "102.51900", "2013-03-31": "99.97800", "2012-12-31": "92.57100", "2012-09-30": "90.87500", "2012-06-30": "88.53300", "2012-03-31": "86.11400", "2011-12-31": "79.60300", "2011-09-30": "77.15200", "2011-06-30": "75.48200", "2011-03-31": "73.08300", "2010-12-31": "68.14100", "2010-09-30": "66.62100", "2010-06-30": "65.36800", "2010-03-31": "66.98500", "2009-12-31": "62.80500", "2009-09-30": "65.58500", "2009-06-30": "69.79900", "2009-03-31": "71.98800", "2008-12-31": "69.97900", "2008-09-30": "69.24500", "2008-06-30": "68.58600", "2008-03-31": "68.20700", "2007-12-31": "62.33900", "2007-09-30": "65.14600", "2007-06-30": "64.67700", "2007-03-31": "61.11200", "2006-12-31": "54.23200", "2006-09-30": "58.92500", "2006-06-30": "56.14000", "2006-03-31": "54.22700", "2005-12-31": "43.46300", "2005-09-30": "55.16200", "2005-06-30": "53.29800", "2005-03-31": "57.78400"}, "Research And Development Expenses": {"2020-12-31": "", "2020-09-30": "", "2020-06-30": "", "2020-03-31": "", "2019-12-31": "", "2019-09-30": "", "2019-06-30": "", "2019-03-31": "", "2018-12-31": "", "2018-09-30": "", "2018-06-30": "", "2018-03-31": "", "2017-12-31": "", "2017-09-30": "", "2017-06-30": "", "2017-03-31": "", "2016-12-31": "", "2016-09-30": "", "2016-06-30": "", "2016-03-31": "", "2015-12-31": "", "2015-09-30": "", "2015-06-30": "", "2015-03-31": "", "2014-12-31": "", "2014-09-30": "", "2014-06-30": "", "2014-03-31": "", "2013-12-31": "", "2013-09-30": "", "2013-06-30": "", "2013-03-31": "", "2012-12-31": "", "2012-09-30": "", "2012-06-30": "", "2012-03-31": "", "2011-12-31": "", "2011-09-30": "", "2011-06-30": "", "2011-03-31": "", "2010-12-31": "", "2010-09-30": "", "2010-06-30": "", "2010-03-31": "", "2009-12-31": "", "2009-09-30": "", "2009-06-30": "", "2009-03-31": "", "2008-12-31": "", "2008-09-30": "", "2008-06-30": "", "2008-03-31": "", "2007-12-31": "", "2007-09-30": "", "2007-06-30": "", "2007-03-31": "", "2006-12-31": "", "2006-09-30": "", "2006-06-30": "", "2006-03-31": "", "2005-12-31": "", "2005-09-30": "", "2005-06-30": "", "2005-03-31": ""}, "SG&A Expenses": {"2020-12-31": "23.14400", "2020-09-30": "13.31000", "2020-06-30": "14.95200", "2020-03-31": "13.98200", "2019-12-31": "15.53100", "2019-09-30": "11.34500", "2019-06-30": "13.92700", "2019-03-31": "13.45900", "2018-12-31": "16.91200", "2018-09-30": "10.60100", "2018-06-30": "11.12500", "2018-03-31": "14.81300", "2017-12-31": "10.65900", "2017-09-30": "9.78800", "2017-06-30": "10.33700", "2017-03-31": "10.60100", "2016-12-31": "12.22400", "2016-09-30": "9.64700", "2016-06-30": "9.69800", "2016-03-31": "9.18200", "2015-12-31": "8.86700", "2015-09-30": "11.12900", "2015-06-30": "9.54900", "2015-03-31": "10.54500", "2014-12-31": "12.25800", "2014-09-30": "11.47900", "2014-06-30": "9.55800", "2014-03-31": "7.58300", "2013-12-31": "7.59300", "2013-09-30": "6.26300", "2013-06-30": "6.58900", "2013-03-31": "6.23900", "2012-12-31": "8.13300", "2012-09-30": "5.27600", "2012-06-30": "5.76400", "2012-03-31": "5.40000", "2011-12-31": "5.06900", "2011-09-30": "4.96600", "2011-06-30": "5.38500", "2011-03-31": "5.27400", "2010-12-31": "5.24300", "2010-09-30": "6.17500", "2010-06-30": "6.21900", "2010-03-31": "5.61800", "2009-12-31": "9.89100", "2009-09-30": "6.08600", "2009-06-30": "5.85200", "2009-03-31": "6.23300", "2008-12-31": "8.02300", "2008-09-30": "6.52400", "2008-06-30": "6.51200", "2008-03-31": "6.62500", "2007-12-31": "8.15400", "2007-09-30": "6.41500", "2007-06-30": "6.00800", "2007-03-31": "6.09600", "2006-12-31": "7.06600", "2006-09-30": "5.28900", "2006-06-30": "4.98000", "2006-03-31": "4.89900", "2005-12-31": "5.57400", "2005-09-30": "4.56000", "2005-06-30": "4.57300", "2005-03-31": "4.44100"}, "Other Operating Income Or Expenses": {"2020-12-31": "23.89100", "2020-09-30": "22.65400", "2020-06-30": "16.59700", "2020-03-31": "", "2019-12-31": "", "2019-09-30": "", "2019-06-30": "", "2019-03-31": "", "2018-12-31": "", "2018-09-30": "", "2018-06-30": "", "2018-03-31": "", "2017-12-31": "", "2017-09-30": "", "2017-06-30": "", "2017-03-31": "", "2016-12-31": "", "2016-09-30": "", "2016-06-30": "", "2016-03-31": "", "2015-12-31": "", "2015-09-30": "", "2015-06-30": "", "2015-03-31": "", "2014-12-31": "", "2014-09-30": "", "2014-06-30": "", "2014-03-31": "", "2013-12-31": "", "2013-09-30": "", "2013-06-30": "", "2013-03-31": "", "2012-12-31": "", "2012-09-30": "", "2012-06-30": "", "2012-03-31": "", "2011-12-31": "", "2011-09-30": "", "2011-06-30": "", "2011-03-31": "", "2010-12-31": "-0.68700", "2010-09-30": "-1.61500", "2010-06-30": "", "2010-03-31": "", "2009-12-31": "3.77200", "2009-09-30": "-11.10400", "2009-06-30": "", "2009-03-31": "-5.75200", "2008-12-31": "", "2008-09-30": "", "2008-06-30": "", "2008-03-31": "", "2007-12-31": "", "2007-09-30": "", "2007-06-30": "", "2007-03-31": "", "2006-12-31": "0.00000", "2006-09-30": "", "2006-06-30": "-0.80000", "2006-03-31": "-0.97000", "2005-12-31": "-2.92700", "2005-09-30": "-1.40000", "2005-06-30": "-1.50000", "2005-03-31": ""}, "Operating Expenses": {"2020-12-31": "250.14200", "2020-09-30": "241.87400", "2020-06-30": "250.76100", "2020-03-31": "261.53000", "2019-12-31": "255.38300", "2019-09-30": "242.89300", "2019-06-30": "237.07500", "2019-03-31": "240.52800", "2018-12-31": "243.74600", "2018-09-30": "237.02000", "2018-06-30": "232.45100", "2018-03-31": "236.70800", "2017-12-31": "232.68900", "2017-09-30": "231.70000", "2017-06-30": "226.81500", "2017-03-31": "226.17300", "2016-12-31": "223.51800", "2016-09-30": "219.75900", "2016-06-30": "215.71700", "2016-03-31": "214.20700", "2015-12-31": "218.54200", "2015-09-30": "221.93700", "2015-06-30": "215.19600", "2015-03-31": "207.55800", "2014-12-31": "215.80700", "2014-09-30": "205.73500", "2014-06-30": "221.43400", "2014-03-31": "126.44800", "2013-12-31": "112.67000", "2013-09-30": "105.04900", "2013-06-30": "102.72600", "2013-03-31": "101.44000", "2012-12-31": "93.70900", "2012-09-30": "94.88800", "2012-06-30": "91.59300", "2012-03-31": "87.93800", "2011-12-31": "83.20200", "2011-09-30": "84.86100", "2011-06-30": "83.47900", "2011-03-31": "81.28100", "2010-12-31": "78.10600", "2010-09-30": "78.20400", "2010-06-30": "73.03500", "2010-03-31": "70.30400", "2009-12-31": "76.16300", "2009-09-30": "83.14200", "2009-06-30": "68.58800", "2009-03-31": "74.07300", "2008-12-31": "70.03000", "2008-09-30": "68.24400", "2008-06-30": "67.03700", "2008-03-31": "65.14100", "2007-12-31": "63.41700", "2007-09-30": "62.41900", "2007-06-30": "62.18700", "2007-03-31": "57.52300", "2006-12-31": "49.39000", "2006-09-30": "55.76100", "2006-06-30": "54.59100", "2006-03-31": "54.71500", "2005-12-31": "45.65700", "2005-09-30": "55.05400", "2005-06-30": "53.97400", "2005-03-31": "51.56500"}, "Operating Income": {"2020-12-31": "111.93100", "2020-09-30": "128.93700", "2020-06-30": "119.73600", "2020-03-31": "130.83700", "2019-12-31": "119.98200", "2019-09-30": "124.03900", "2019-06-30": "124.56000", "2019-03-31": "115.69500", "2018-12-31": "109.41200", "2018-09-30": "113.89700", "2018-06-30": "116.27200", "2018-03-31": "110.54700", "2017-12-31": "112.37500", "2017-09-30": "112.66900", "2017-06-30": "112.24700", "2017-03-31": "109.23100", "2016-12-31": "105.52000", "2016-09-30": "109.41200", "2016-06-30": "105.87300", "2016-03-31": "99.99500", "2015-12-31": "92.20410", "2015-09-30": "82.68900", "2015-06-30": "80.96600", "2015-03-31": "75.31500", "2014-12-31": "63.46100", "2014-09-30": "65.13800", "2014-06-30": "38.35400", "2014-03-31": "34.56100", "2013-12-31": "45.15200", "2013-09-30": "48.89900", "2013-06-30": "48.08900", "2013-03-31": "46.56500", "2012-12-31": "43.37500", "2012-09-30": "42.70200", "2012-06-30": "40.96800", "2012-03-31": "39.98000", "2011-12-31": "36.31400", "2011-09-30": "34.30500", "2011-06-30": "32.84700", "2011-03-31": "31.15100", "2010-12-31": "26.47700", "2010-09-30": "26.12300", "2010-06-30": "27.15000", "2010-03-31": "30.88000", "2009-12-31": "22.28100", "2009-09-30": "18.55200", "2009-06-30": "35.04400", "2009-03-31": "31.03800", "2008-12-31": "33.64700", "2008-09-30": "35.00900", "2008-06-30": "34.51000", "2008-03-31": "34.81600", "2007-12-31": "28.79800", "2007-09-30": "33.86100", "2007-06-30": "33.36100", "2007-03-31": "33.18300", "2006-12-31": "28.38600", "2006-09-30": "32.96100", "2006-06-30": "29.95600", "2006-03-31": "28.34200", "2005-12-31": "19.60100", "2005-09-30": "28.42800", "2005-06-30": "26.61900", "2005-03-31": "33.28800"}, "Total Non-Operating Income/Expense": {"2020-12-31": "-10.28200", "2020-09-30": "-50.09500", "2020-06-30": "-29.66000", "2020-03-31": "197.92800", "2019-12-31": "15.20000", "2019-09-30": "-18.33900", "2019-06-30": "-26.49900", "2019-03-31": "9.81000", "2018-12-31": "15.02800", "2018-09-30": "-27.78700", "2018-06-30": "-9.86200", "2018-03-31": "-13.90800", "2017-12-31": "-2.71300", "2017-09-30": "-27.63400", "2017-06-30": "-36.45200", "2017-03-31": "78.32000", "2016-12-31": "98.99700", "2016-09-30": "-39.25000", "2016-06-30": "-29.04900", "2016-03-31": "-13.08800", "2015-12-31": "-6.44200", "2015-09-30": "-35.50700", "2015-06-30": "-30.42400", "2015-03-31": "-10.56200", "2014-12-31": "-18.65700", "2014-09-30": "-6.55600", "2014-06-30": "-33.70800", "2014-03-31": "-8.15500", "2013-12-31": "-25.13400", "2013-09-30": "13.81900", "2013-06-30": "-19.10400", "2013-03-31": "-17.40400", "2012-12-31": "4.53400", "2012-09-30": "-22.65200", "2012-06-30": "1.52200", "2012-03-31": "-22.77600", "2011-12-31": "-23.72500", "2011-09-30": "-22.54100", "2011-06-30": "-22.34500", "2011-03-31": "-19.04800", "2010-12-31": "-19.13700", "2010-09-30": "-15.86300", "2010-06-30": "-13.44600", "2010-03-31": "-13.02200", "2009-12-31": "-15.36700", "2009-09-30": "-18.52700", "2009-06-30": "-18.48400", "2009-03-31": "-10.25500", "2008-12-31": "-12.12600", "2008-09-30": "-15.50000", "2008-06-30": "-17.96400", "2008-03-31": "-11.74100", "2007-12-31": "-9.00700", "2007-09-30": "-21.81800", "2007-06-30": "-22.23200", "2007-03-31": "-19.40900", "2006-12-31": "-20.23600", "2006-09-30": "-21.67900", "2006-06-30": "-23.20000", "2006-03-31": "-21.26700", "2005-12-31": "-11.69800", "2005-09-30": "-18.60400", "2005-06-30": "-18.35800", "2005-03-31": "-9.36500"}, "Pre-Tax Income": {"2020-12-31": "101.64900", "2020-09-30": "78.84200", "2020-06-30": "90.07600", "2020-03-31": "328.76500", "2019-12-31": "135.18200", "2019-09-30": "105.70000", "2019-06-30": "98.06100", "2019-03-31": "125.50500", "2018-12-31": "124.44000", "2018-09-30": "86.11000", "2018-06-30": "106.41000", "2018-03-31": "96.63900", "2017-12-31": "109.66200", "2017-09-30": "85.03500", "2017-06-30": "75.79500", "2017-03-31": "187.55100", "2016-12-31": "204.51700", "2016-09-30": "70.16200", "2016-06-30": "76.82400", "2016-03-31": "86.90700", "2015-12-31": "85.76200", "2015-09-30": "47.18200", "2015-06-30": "50.54200", "2015-03-31": "64.75300", "2014-12-31": "44.80400", "2014-09-30": "58.58200", "2014-06-30": "4.64600", "2014-03-31": "26.40600", "2013-12-31": "20.01800", "2013-09-30": "62.71800", "2013-06-30": "28.98500", "2013-03-31": "29.16100", "2012-12-31": "47.90900", "2012-09-30": "20.05000", "2012-06-30": "42.49000", "2012-03-31": "17.20400", "2011-12-31": "12.58900", "2011-09-30": "11.76400", "2011-06-30": "10.50200", "2011-03-31": "12.10300", "2010-12-31": "7.34000", "2010-09-30": "10.26000", "2010-06-30": "13.70400", "2010-03-31": "17.85800", "2009-12-31": "6.91400", "2009-09-30": "0.02500", "2009-06-30": "16.56000", "2009-03-31": "20.78300", "2008-12-31": "21.52100", "2008-09-30": "19.50900", "2008-06-30": "16.54600", "2008-03-31": "23.07500", "2007-12-31": "19.79100", "2007-09-30": "12.04300", "2007-06-30": "11.12900", "2007-03-31": "13.77400", "2006-12-31": "8.15000", "2006-09-30": "11.28200", "2006-06-30": "6.75600", "2006-03-31": "7.07500", "2005-12-31": "7.90300", "2005-09-30": "9.82400", "2005-06-30": "8.26100", "2005-03-31": "23.92300"}, "Income Taxes": {"2020-12-31": "", "2020-09-30": "", "2020-06-30": "", "2020-03-31": "", "2019-12-31": "", "2019-09-30": "", "2019-06-30": "", "2019-03-31": "", "2018-12-31": "", "2018-09-30": "", "2018-06-30": "", "2018-03-31": "", "2017-12-31": "", "2017-09-30": "", "2017-06-30": "", "2017-03-31": "", "2016-12-31": "", "2016-09-30": "", "2016-06-30": "", "2016-03-31": "", "2015-12-31": "", "2015-09-30": "", "2015-06-30": "", "2015-03-31": "", "2014-12-31": "", "2014-09-30": "", "2014-06-30": "", "2014-03-31": "", "2013-12-31": "", "2013-09-30": "", "2013-06-30": "", "2013-03-31": "", "2012-12-31": "", "2012-09-30": "", "2012-06-30": "", "2012-03-31": "", "2011-12-31": "", "2011-09-30": "", "2011-06-30": "", "2011-03-31": "", "2010-12-31": "", "2010-09-30": "", "2010-06-30": "", "2010-03-31": "", "2009-12-31": "", "2009-09-30": "", "2009-06-30": "", "2009-03-31": "", "2008-12-31": "", "2008-09-30": "", "2008-06-30": "", "2008-03-31": "", "2007-12-31": "", "2007-09-30": "", "2007-06-30": "", "2007-03-31": "", "2006-12-31": "0.20000", "2006-09-30": "0.15000", "2006-06-30": "0.13800", "2006-03-31": "0.03700", "2005-12-31": "0.15200", "2005-09-30": "1.18500", "2005-06-30": "1.10000", "2005-03-31": "0.10100"}, "Income After Taxes": {"2020-12-31": "101.64900", "2020-09-30": "78.84200", "2020-06-30": "90.07600", "2020-03-31": "328.76500", "2019-12-31": "135.18200", "2019-09-30": "105.70000", "2019-06-30": "98.06100", "2019-03-31": "125.50500", "2018-12-31": "124.44000", "2018-09-30": "86.11000", "2018-06-30": "106.41000", "2018-03-31": "96.63900", "2017-12-31": "109.66200", "2017-09-30": "85.03500", "2017-06-30": "75.79500", "2017-03-31": "187.55100", "2016-12-31": "204.51700", "2016-09-30": "70.16200", "2016-06-30": "76.82400", "2016-03-31": "86.90700", "2015-12-31": "85.76200", "2015-09-30": "47.18200", "2015-06-30": "50.54200", "2015-03-31": "64.75300", "2014-12-31": "44.80400", "2014-09-30": "58.58200", "2014-06-30": "4.64600", "2014-03-31": "26.40600", "2013-12-31": "20.01800", "2013-09-30": "62.71800", "2013-06-30": "28.98500", "2013-03-31": "29.16100", "2012-12-31": "47.90900", "2012-09-30": "20.05000", "2012-06-30": "42.49000", "2012-03-31": "17.20400", "2011-12-31": "12.58900", "2011-09-30": "11.76400", "2011-06-30": "10.50200", "2011-03-31": "12.10300", "2010-12-31": "7.34000", "2010-09-30": "10.26000", "2010-06-30": "13.70400", "2010-03-31": "17.85800", "2009-12-31": "6.91400", "2009-09-30": "0.02500", "2009-06-30": "16.56000", "2009-03-31": "20.78300", "2008-12-31": "21.52100", "2008-09-30": "19.50900", "2008-06-30": "16.54600", "2008-03-31": "23.07500", "2007-12-31": "19.79100", "2007-09-30": "12.04300", "2007-06-30": "11.12900", "2007-03-31": "13.77400", "2006-12-31": "7.95000", "2006-09-30": "11.13200", "2006-06-30": "6.61800", "2006-03-31": "7.03800", "2005-12-31": "7.75100", "2005-09-30": "8.63900", "2005-06-30": "7.16100", "2005-03-31": "23.82200"}, "Other Income": {"2020-12-31": "", "2020-09-30": "", "2020-06-30": "", "2020-03-31": "", "2019-12-31": "", "2019-09-30": "", "2019-06-30": "", "2019-03-31": "", "2018-12-31": "", "2018-09-30": "", "2018-06-30": "", "2018-03-31": "", "2017-12-31": "", "2017-09-30": "", "2017-06-30": "", "2017-03-31": "", "2016-12-31": "", "2016-09-30": "", "2016-06-30": "", "2016-03-31": "", "2015-12-31": "", "2015-09-30": "", "2015-06-30": "", "2015-03-31": "", "2014-12-31": "", "2014-09-30": "", "2014-06-30": "", "2014-03-31": "", "2013-12-31": "", "2013-09-30": "", "2013-06-30": "", "2013-03-31": "", "2012-12-31": "", "2012-09-30": "", "2012-06-30": "", "2012-03-31": "", "2011-12-31": "", "2011-09-30": "", "2011-06-30": "", "2011-03-31": "", "2010-12-31": "", "2010-09-30": "", "2010-06-30": "", "2010-03-31": "", "2009-12-31": "", "2009-09-30": "", "2009-06-30": "", "2009-03-31": "", "2008-12-31": "", "2008-09-30": "", "2008-06-30": "", "2008-03-31": "", "2007-12-31": "", "2007-09-30": "", "2007-06-30": "", "2007-03-31": "", "2006-12-31": "", "2006-09-30": "", "2006-06-30": "", "2006-03-31": "", "2005-12-31": "", "2005-09-30": "", "2005-06-30": "5.27600", "2005-03-31": "1.11500"}, "Income From Continuous Operations": {"2020-12-31": "101.64900", "2020-09-30": "78.84200", "2020-06-30": "90.07600", "2020-03-31": "328.76500", "2019-12-31": "135.18200", "2019-09-30": "105.70000", "2019-06-30": "98.06100", "2019-03-31": "125.50500", "2018-12-31": "124.44000", "2018-09-30": "86.11000", "2018-06-30": "106.41000", "2018-03-31": "96.63900", "2017-12-31": "109.66200", "2017-09-30": "85.03500", "2017-06-30": "75.79500", "2017-03-31": "187.55100", "2016-12-31": "204.51700", "2016-09-30": "70.16200", "2016-06-30": "76.82400", "2016-03-31": "86.90700", "2015-12-31": "85.76200", "2015-09-30": "47.18200", "2015-06-30": "50.54200", "2015-03-31": "64.75300", "2014-12-31": "44.80400", "2014-09-30": "58.58200", "2014-06-30": "4.64600", "2014-03-31": "26.40600", "2013-12-31": "20.01800", "2013-09-30": "62.71800", "2013-06-30": "28.98500", "2013-03-31": "29.16100", "2012-12-31": "47.90900", "2012-09-30": "20.05000", "2012-06-30": "42.49000", "2012-03-31": "17.20400", "2011-12-31": "12.58900", "2011-09-30": "11.76400", "2011-06-30": "10.50200", "2011-03-31": "12.10300", "2010-12-31": "7.34000", "2010-09-30": "10.26000", "2010-06-30": "13.70400", "2010-03-31": "17.85800", "2009-12-31": "6.91400", "2009-09-30": "0.02500", "2009-06-30": "16.56000", "2009-03-31": "20.78300", "2008-12-31": "21.52100", "2008-09-30": "19.50900", "2008-06-30": "16.54600", "2008-03-31": "23.07500", "2007-12-31": "19.79100", "2007-09-30": "12.04300", "2007-06-30": "11.12900", "2007-03-31": "13.77400", "2006-12-31": "7.95000", "2006-09-30": "11.13200", "2006-06-30": "6.61800", "2006-03-31": "7.03800", "2005-12-31": "1.36000", "2005-09-30": "8.63900", "2005-06-30": "12.43700", "2005-03-31": "24.93700"}, "Income From Discontinued Operations": {"2020-12-31": "", "2020-09-30": "", "2020-06-30": "", "2020-03-31": "", "2019-12-31": "", "2019-09-30": "", "2019-06-30": "", "2019-03-31": "", "2018-12-31": "", "2018-09-30": "", "2018-06-30": "", "2018-03-31": "", "2017-12-31": "", "2017-09-30": "", "2017-06-30": "", "2017-03-31": "", "2016-12-31": "", "2016-09-30": "", "2016-06-30": "", "2016-03-31": "", "2015-12-31": "", "2015-09-30": "", "2015-06-30": "", "2015-03-31": "", "2014-12-31": "", "2014-09-30": "", "2014-06-30": "", "2014-03-31": "", "2013-12-31": "16.88400", "2013-09-30": "13.15700", "2013-06-30": "0.59000", "2013-03-31": "0.54200", "2012-12-31": "1.72800", "2012-09-30": "0.17200", "2012-06-30": "0.00000", "2012-03-31": "10.03700", "2011-12-31": "5.28200", "2011-09-30": "-0.67900", "2011-06-30": "5.55100", "2011-03-31": "0.40400", "2010-12-31": "1.28900", "2010-09-30": "0.16600", "2010-06-30": "0.16500", "2010-03-31": "", "2009-12-31": "3.68600", "2009-09-30": "2.32400", "2009-06-30": "0.89200", "2009-03-31": "2.55500", "2008-12-31": "4.44100", "2008-09-30": "-0.24300", "2008-06-30": "-0.22800", "2008-03-31": "-0.22600", "2007-12-31": "121.22900", "2007-09-30": "0.26500", "2007-06-30": "1.05800", "2007-03-31": "23.77200", "2006-12-31": "9.48700", "2006-09-30": "1.34500", "2006-06-30": "15.89400", "2006-03-31": "3.28400", "2005-12-31": "3.85300", "2005-09-30": "0.10800", "2005-06-30": "26.44100", "2005-03-31": "1.94100"}, "Net Income": {"2020-12-31": "95.74500", "2020-09-30": "73.66100", "2020-06-30": "84.45800", "2020-03-31": "315.00600", "2019-12-31": "128.81800", "2019-09-30": "99.33500", "2019-06-30": "92.27500", "2019-03-31": "118.85800", "2018-12-31": "117.82000", "2018-09-30": "80.97500", "2018-06-30": "100.44000", "2018-03-31": "90.91800", "2017-12-31": "103.61300", "2017-09-30": "79.72300", "2017-06-30": "70.75900", "2017-03-31": "178.96400", "2016-12-31": "195.56900", "2016-09-30": "65.56100", "2016-06-30": "72.01300", "2016-03-31": "77.98100", "2015-12-31": "79.62400", "2015-09-30": "42.32300", "2015-06-30": "45.55500", "2015-03-31": "59.36300", "2014-12-31": "40.17400", "2014-09-30": "53.56600", "2014-06-30": "1.20700", "2014-03-31": "21.91200", "2013-12-31": "31.87400", "2013-09-30": "68.78800", "2013-06-30": "24.94600", "2013-03-31": "25.20300", "2012-12-31": "43.79300", "2012-09-30": "16.21900", "2012-06-30": "37.07800", "2012-03-31": "22.72200", "2011-12-31": "13.93800", "2011-09-30": "7.68700", "2011-06-30": "10.32500", "2011-03-31": "8.41800", "2010-12-31": "4.77800", "2010-09-30": "6.37700", "2010-06-30": "9.48200", "2010-03-31": "13.12700", "2009-12-31": "6.78100", "2009-09-30": "21.73900", "2009-06-30": "11.41500", "2009-03-31": "42.26500", "2008-12-31": "17.95300", "2008-09-30": "11.42100", "2008-06-30": "8.74500", "2008-03-31": "14.78000", "2007-12-31": "47.74900", "2007-09-30": "9.99700", "2007-06-30": "9.87700", "2007-03-31": "35.30300", "2006-12-31": "15.06000", "2006-09-30": "10.68600", "2006-06-30": "22.02300", "2006-03-31": "9.83400", "2005-12-31": "4.72500", "2005-09-30": "8.25900", "2005-06-30": "38.39000", "2005-03-31": "26.38900"}, "EBITDA": {"2020-12-31": "", "2020-09-30": "258.60700", "2020-06-30": "252.55300", "2020-03-31": "262.29900", "2019-12-31": "233.30700", "2019-09-30": "240.77200", "2019-06-30": "239.66400", "2019-03-31": "231.48100", "2018-12-31": "224.69200", "2018-09-30": "229.66300", "2018-06-30": "230.60200", "2018-03-31": "224.83100", "2017-12-31": "225.55610", "2017-09-30": "225.44700", "2017-06-30": "225.48100", "2017-03-31": "217.85200", "2016-12-31": "210.11300", "2016-09-30": "212.73100", "2016-06-30": "208.04200", "2016-03-31": "202.15100", "2015-12-31": "201.00700", "2015-09-30": "191.82300", "2015-06-30": "187.18100", "2015-03-31": "172.83600", "2014-12-31": "157.70800", "2014-09-30": "160.69300", "2014-06-30": "133.78700", "2014-03-31": "85.92100", "2013-12-31": "96.37700", "2013-09-30": "98.52100", "2013-06-30": "97.72300", "2013-03-31": "94.41800", "2012-12-31": "89.57700", "2012-09-30": "86.92300", "2012-06-30": "83.93900", "2012-03-31": "81.95700", "2011-12-31": "77.19100", "2011-09-30": "73.93700", "2011-06-30": "71.35000", "2011-03-31": "69.60400", "2010-12-31": "62.90400", "2010-09-30": "54.48000", "2010-06-30": "27.15000", "2010-03-31": "30.88000", "2009-12-31": "22.28100", "2009-09-30": "18.55200", "2009-06-30": "35.04400", "2009-03-31": "31.03800", "2008-12-31": "33.64700", "2008-09-30": "35.00900", "2008-06-30": "34.51000", "2008-03-31": "34.81600", "2007-12-31": "28.79800", "2007-09-30": "33.86100", "2007-06-30": "33.36100", "2007-03-31": "33.18300", "2006-12-31": "28.38600", "2006-09-30": "32.96100", "2006-06-30": "29.95600", "2006-03-31": "28.34200", "2005-12-31": "19.60100", "2005-09-30": "28.42800", "2005-06-30": "26.61900", "2005-03-31": "33.28800"}, "EBIT": {"2020-12-31": "111.93100", "2020-09-30": "128.93700", "2020-06-30": "119.73600", "2020-03-31": "130.83700", "2019-12-31": "119.98200", "2019-09-30": "124.03900", "2019-06-30": "124.56000", "2019-03-31": "115.69500", "2018-12-31": "109.41200", "2018-09-30": "113.89700", "2018-06-30": "116.27200", "2018-03-31": "110.54700", "2017-12-31": "112.37500", "2017-09-30": "112.66900", "2017-06-30": "112.24700", "2017-03-31": "109.23100", "2016-12-31": "105.52000", "2016-09-30": "109.41200", "2016-06-30": "105.87300", "2016-03-31": "99.99500", "2015-12-31": "92.20400", "2015-09-30": "82.68900", "2015-06-30": "80.96600", "2015-03-31": "75.31500", "2014-12-31": "63.46100", "2014-09-30": "65.13800", "2014-06-30": "38.35400", "2014-03-31": "34.56100", "2013-12-31": "45.15200", "2013-09-30": "48.89900", "2013-06-30": "48.08900", "2013-03-31": "46.56500", "2012-12-31": "43.37500", "2012-09-30": "42.70200", "2012-06-30": "40.96800", "2012-03-31": "39.98000", "2011-12-31": "36.31400", "2011-09-30": "34.30500", "2011-06-30": "32.84700", "2011-03-31": "31.15100", "2010-12-31": "26.47700", "2010-09-30": "26.12300", "2010-06-30": "27.15000", "2010-03-31": "30.88000", "2009-12-31": "22.28100", "2009-09-30": "18.55200", "2009-06-30": "35.04400", "2009-03-31": "31.03800", "2008-12-31": "33.64700", "2008-09-30": "35.00900", "2008-06-30": "34.51000", "2008-03-31": "34.81600", "2007-12-31": "28.79800", "2007-09-30": "33.86100", "2007-06-30": "33.36100", "2007-03-31": "33.18300", "2006-12-31": "28.38600", "2006-09-30": "32.96100", "2006-06-30": "29.95600", "2006-03-31": "28.34200", "2005-12-31": "19.60100", "2005-09-30": "28.42800", "2005-06-30": "26.61900", "2005-03-31": "33.28800"}, "Basic Shares Outstanding": {"2020-12-31": "65.13300", "2020-09-30": "65.23300", "2020-06-30": "65.41200", "2020-03-31": "66.04400", "2019-12-31": "65.84000", "2019-09-30": "65.85100", "2019-06-30": "65.71900", "2019-03-31": "65.70300", "2018-12-31": "66.04100", "2018-09-30": "66.05200", "2018-06-30": "66.04800", "2018-03-31": "66.04400", "2017-12-31": "65.82900", "2017-09-30": "65.99500", "2017-06-30": "65.72900", "2017-03-31": "65.54900", "2016-12-31": "65.47200", "2016-09-30": "65.50800", "2016-06-30": "65.45100", "2016-03-31": "65.40600", "2015-12-31": "64.87200", "2015-09-30": "65.13900", "2015-06-30": "64.81000", "2015-03-31": "64.18500", "2014-12-31": "56.54700", "2014-09-30": "62.89300", "2014-06-30": "61.88500", "2014-03-31": "37.68500", "2013-12-31": "37.24900", "2013-09-30": "37.32100", "2013-06-30": "37.29300", "2013-03-31": "37.00400", "2012-12-31": "35.03200", "2012-09-30": "35.60100", "2012-06-30": "34.57100", "2012-03-31": "34.02800", "2011-12-31": "32.54200", "2011-09-30": "33.12200", "2011-06-30": "32.04100", "2011-03-31": "31.46600", "2010-12-31": "29.66700", "2010-09-30": "29.76200", "2010-06-30": "29.32900", "2010-03-31": "28.96800", "2009-12-31": "27.27000", "2009-09-30": "27.59100", "2009-06-30": "26.83130", "2009-03-31": "26.22500", "2008-12-31": "25.20500", "2008-09-30": "25.11100", "2008-06-30": "24.76900", "2008-03-31": "24.74800", "2007-12-31": "24.54800", "2007-09-30": "25.16500", "2007-06-30": "24.49400", "2007-03-31": "23.43200", "2006-12-31": "23.08200", "2006-09-30": "23.14200", "2006-06-30": "22.95000", "2006-03-31": "22.87200", "2005-12-31": "23.03800", "2005-09-30": "23.10600", "2005-06-30": "23.07000", "2005-03-31": "23.04400"}, "Shares Outstanding": {"2020-12-31": "65.14500", "2020-09-30": "65.24100", "2020-06-30": "65.42800", "2020-03-31": "66.19500", "2019-12-31": "65.93900", "2019-09-30": "65.97300", "2019-06-30": "65.82200", "2019-03-31": "65.78400", "2018-12-31": "66.08510", "2018-09-30": "66.10400", "2018-06-30": "66.09600", "2018-03-31": "66.08300", "2017-12-31": "65.89800", "2017-09-30": "66.07800", "2017-06-30": "65.82000", "2017-03-31": "65.85900", "2016-12-31": "65.58800", "2016-09-30": "65.61800", "2016-06-30": "65.57500", "2016-03-31": "65.55800", "2015-12-31": "65.06200", "2015-09-30": "65.29800", "2015-06-30": "64.97300", "2015-03-31": "64.39500", "2014-12-31": "56.69700", "2014-09-30": "63.07000", "2014-06-30": "62.06000", "2014-03-31": "37.93100", "2013-12-31": "37.33600", "2013-09-30": "37.43700", "2013-06-30": "37.39100", "2013-03-31": "37.09200", "2012-12-31": "35.12500", "2012-09-30": "35.70000", "2012-06-30": "34.70800", "2012-03-31": "34.15100", "2011-12-31": "32.62900", "2011-09-30": "33.20900", "2011-06-30": "32.13500", "2011-03-31": "31.54700", "2010-12-31": "29.73400", "2010-09-30": "29.76200", "2010-06-30": "29.40300", "2010-03-31": "29.01900", "2009-12-31": "29.74700", "2009-09-30": "30.07000", "2009-06-30": "26.85370", "2009-03-31": "28.69300", "2008-12-31": "25.34700", "2008-09-30": "25.47500", "2008-06-30": "25.15400", "2008-03-31": "24.87800", "2007-12-31": "25.10100", "2007-09-30": "25.55600", "2007-06-30": "25.10400", "2007-03-31": "24.21500", "2006-12-31": "23.55100", "2006-09-30": "23.67800", "2006-06-30": "23.22600", "2006-03-31": "23.09500", "2005-12-31": "23.38800", "2005-09-30": "23.41200", "2005-06-30": "23.37300", "2005-03-31": "23.33000"}, "Basic EPS": {"2020-12-31": "1.47000", "2020-09-30": "1.13000", "2020-06-30": "1.29000", "2020-03-31": "4.77000", "2019-12-31": "1.95000", "2019-09-30": "1.51000", "2019-06-30": "1.40000", "2019-03-31": "1.81000", "2018-12-31": "1.78000", "2018-09-30": "1.23000", "2018-06-30": "1.52000", "2018-03-31": "1.38000", "2017-12-31": "1.56000", "2017-09-30": "1.21000", "2017-06-30": "1.08000", "2017-03-31": "2.73000", "2016-12-31": "2.99000", "2016-09-30": "1.00000", "2016-06-30": "1.10000", "2016-03-31": "1.19000", "2015-12-31": "1.23000", "2015-09-30": "0.65000", "2015-06-30": "0.70000", "2015-03-31": "0.92000", "2014-12-31": "0.62000", "2014-09-30": "0.85000", "2014-06-30": "0.02000", "2014-03-31": "0.58000", "2013-12-31": "0.86000", "2013-09-30": "1.84000", "2013-06-30": "0.67000", "2013-03-31": "0.68000", "2012-12-31": "1.22000", "2012-09-30": "0.46000", "2012-06-30": "1.07000", "2012-03-31": "0.67000", "2011-12-31": "0.42000", "2011-09-30": "0.23000", "2011-06-30": "0.32000", "2011-03-31": "0.27000", "2010-12-31": "0.16000", "2010-09-30": "0.21000", "2010-06-30": "0.32000", "2010-03-31": "0.45000", "2009-12-31": "0.18000", "2009-09-30": "0.79000", "2009-06-30": "0.43000", "2009-03-31": "1.61000", "2008-12-31": "0.70000", "2008-09-30": "0.45000", "2008-06-30": "0.35000", "2008-03-31": "0.60000", "2007-12-31": "1.88000", "2007-09-30": "0.40000", "2007-06-30": "0.40000", "2007-03-31": "1.51000", "2006-12-31": "0.65000", "2006-09-30": "0.46000", "2006-06-30": "0.96000", "2006-03-31": "0.43000", "2005-12-31": "0.21000", "2005-09-30": "0.36000", "2005-06-30": "1.66000", "2005-03-31": "1.15000"}, "EPS - Earnings Per Share": {"2020-12-31": "1.47000", "2020-09-30": "1.13000", "2020-06-30": "1.29000", "2020-03-31": "4.76000", "2019-12-31": "1.94000", "2019-09-30": "1.51000", "2019-06-30": "1.40000", "2019-03-31": "1.81000", "2018-12-31": "1.78000", "2018-09-30": "1.22000", "2018-06-30": "1.52000", "2018-03-31": "1.38000", "2017-12-31": "1.56000", "2017-09-30": "1.21000", "2017-06-30": "1.08000", "2017-03-31": "2.72000", "2016-12-31": "2.98000", "2016-09-30": "1.00000", "2016-06-30": "1.10000", "2016-03-31": "1.19000", "2015-12-31": "1.22000", "2015-09-30": "0.65000", "2015-06-30": "0.70000", "2015-03-31": "0.92000", "2014-12-31": "0.61000", "2014-09-30": "0.85000", "2014-06-30": "0.02000", "2014-03-31": "0.58000", "2013-12-31": "0.85000", "2013-09-30": "1.84000", "2013-06-30": "0.67000", "2013-03-31": "0.68000", "2012-12-31": "1.22000", "2012-09-30": "0.45000", "2012-06-30": "1.07000", "2012-03-31": "0.67000", "2011-12-31": "0.42000", "2011-09-30": "0.23000", "2011-06-30": "0.32000", "2011-03-31": "0.27000", "2010-12-31": "0.16000", "2010-09-30": "0.21000", "2010-06-30": "0.32000", "2010-03-31": "0.45000", "2009-12-31": "0.21000", "2009-09-30": "0.74000", "2009-06-30": "0.43000", "2009-03-31": "1.53000", "2008-12-31": "0.70000", "2008-09-30": "0.45000", "2008-06-30": "0.35000", "2008-03-31": "0.59000", "2007-12-31": "1.86000", "2007-09-30": "0.39000", "2007-06-30": "0.39000", "2007-03-31": "1.46000", "2006-12-31": "0.62000", "2006-09-30": "0.45000", "2006-06-30": "0.95000", "2006-03-31": "0.43000", "2005-12-31": "0.20000", "2005-09-30": "0.35000", "2005-06-30": "1.64000", "2005-03-31": "1.13000"}}, "balance sheet": {"Cash On Hand": {"2020-12-31": "84.04100", "2019-12-31": "81.09400", "2018-12-31": "151.39500", "2017-12-31": "61.12600", "2016-12-31": "170.30200", "2015-12-31": "123.05500", "2014-12-31": "95.74900", "2013-12-31": "53.76600", "2012-12-31": "42.12600", "2011-12-31": "35.46300", "2010-12-31": "35.69400", "2009-12-31": "37.93400", "2008-12-31": "54.71900", "2007-12-31": "22.48300", "2006-12-31": "23.61000", "2005-12-31": "28.27400"}, "Receivables": {"2020-12-31": "", "2019-12-31": "", "2018-12-31": "", "2017-12-31": "", "2016-12-31": "", "2015-12-31": "", "2014-12-31": "", "2013-12-31": "", "2012-12-31": "", "2011-12-31": "", "2010-12-31": "", "2009-12-31": "", "2008-12-31": "", "2007-12-31": "", "2006-12-31": "", "2005-12-31": ""}, "Inventory": {"2020-12-31": "", "2019-12-31": "", "2018-12-31": "", "2017-12-31": "", "2016-12-31": "", "2015-12-31": "", "2014-12-31": "", "2013-12-31": "", "2012-12-31": "", "2011-12-31": "", "2010-12-31": "", "2009-12-31": "", "2008-12-31": "", "2007-12-31": "", "2006-12-31": "", "2005-12-31": ""}, "Pre-Paid Expenses": {"2020-12-31": "", "2019-12-31": "", "2018-12-31": "", "2017-12-31": "", "2016-12-31": "", "2015-12-31": "", "2014-12-31": "", "2013-12-31": "", "2012-12-31": "", "2011-12-31": "", "2010-12-31": "", "2009-12-31": "", "2008-12-31": "", "2007-12-31": "", "2006-12-31": "", "2005-12-31": ""}, "Other Current Assets": {"2020-12-31": "", "2019-12-31": "", "2018-12-31": "", "2017-12-31": "", "2016-12-31": "", "2015-12-31": "", "2014-12-31": "", "2013-12-31": "", "2012-12-31": "", "2011-12-31": "", "2010-12-31": "", "2009-12-31": "", "2008-12-31": "", "2007-12-31": "", "2006-12-31": "", "2005-12-31": ""}, "Total Current Assets": {"2020-12-31": "279.14500", "2019-12-31": "215.45900", "2018-12-31": "223.29000", "2017-12-31": "162.05200", "2016-12-31": "211.27200", "2015-12-31": "142.34000", "2014-12-31": "120.67200", "2013-12-31": "122.02100", "2012-12-31": "108.28900", "2011-12-31": "101.83200", "2010-12-31": "85.13800", "2009-12-31": "74.23900", "2008-12-31": "102.35600", "2007-12-31": "73.01900", "2006-12-31": "43.01400", "2005-12-31": "34.66200"}, "Property, Plant, And Equipment": {"2020-12-31": "12389.78000", "2019-12-31": "12230.07000", "2018-12-31": "11911.32000", "2017-12-31": "12104.50000", "2016-12-31": "11818.50000", "2015-12-31": "11686.83000", "2014-12-31": "11207.69000", "2013-12-31": "4916.43400", "2012-12-31": "4590.35100", "2011-12-31": "3820.73000", "2010-12-31": "3514.37900", "2009-12-31": "3009.21400", "2008-12-31": "2988.38100", "2007-12-31": "2873.40800", "2006-12-31": "2409.33100", "2005-12-31": "2166.71100"}, "Long-Term Investments": {"2020-12-31": "", "2019-12-31": "", "2018-12-31": "", "2017-12-31": "", "2016-12-31": "", "2015-12-31": "", "2014-12-31": "", "2013-12-31": "", "2012-12-31": "", "2011-12-31": "", "2010-12-31": "", "2009-12-31": "", "2008-12-31": "", "2007-12-31": "", "2006-12-31": "", "2005-12-31": ""}, "Goodwill And Intangible Assets": {"2020-12-31": "", "2019-12-31": "", "2018-12-31": "", "2017-12-31": "", "2016-12-31": "", "2015-12-31": "", "2014-12-31": "47.74800", "2013-12-31": "4.51300", "2012-12-31": "", "2011-12-31": "", "2010-12-31": "", "2009-12-31": "", "2008-12-31": "", "2007-12-31": "", "2006-12-31": "", "2005-12-31": ""}, "Other Long-Term Assets": {"2020-12-31": "195.10800", "2019-12-31": "185.12800", "2018-12-31": "248.98400", "2017-12-31": "229.15900", "2016-12-31": "187.63900", "2015-12-31": "179.21500", "2014-12-31": "150.61800", "2013-12-31": "119.35200", "2012-12-31": "127.71600", "2011-12-31": "96.95700", "2010-12-31": "117.49800", "2009-12-31": "156.19300", "2008-12-31": "62.74000", "2007-12-31": "22.30300", "2006-12-31": "20.63200", "2005-12-31": "22.89900"}, "Total Long-Term Assets": {"2020-12-31": "12584.89000", "2019-12-31": "12415.20000", "2018-12-31": "12160.31000", "2017-12-31": "12333.65000", "2016-12-31": "12006.14000", "2015-12-31": "11866.04000", "2014-12-31": "11406.06000", "2013-12-31": "5064.81800", "2012-12-31": "4738.93400", "2011-12-31": "3935.13200", "2010-12-31": "3647.74900", "2009-12-31": "3180.39800", "2008-12-31": "3062.46700", "2007-12-31": "2907.30400", "2006-12-31": "2442.82600", "2005-12-31": "2204.62800"}, "Total Assets": {"2020-12-31": "12936.18000", "2019-12-31": "12705.41000", "2018-12-31": "12383.60000", "2017-12-31": "12495.71000", "2016-12-31": "12217.41000", "2015-12-31": "12008.38000", "2014-12-31": "11526.73000", "2013-12-31": "5186.83900", "2012-12-31": "4847.22300", "2011-12-31": "4036.96400", "2010-12-31": "3732.88700", "2009-12-31": "3254.63700", "2008-12-31": "3164.82300", "2007-12-31": "2980.32300", "2006-12-31": "2485.84000", "2005-12-31": "2239.29000"}, "Total Current Liabilities": {"2020-12-31": "", "2019-12-31": "158.01700", "2018-12-31": "127.08600", "2017-12-31": "127.50100", "2016-12-31": "138.22600", "2015-12-31": "131.41500", "2014-12-31": "135.16200", "2013-12-31": "67.18300", "2012-12-31": "64.85800", "2011-12-31": "48.32400", "2010-12-31": "44.75000", "2009-12-31": "38.51400", "2008-12-31": "38.22300", "2007-12-31": "44.74900", "2006-12-31": "38.61300", "2005-12-31": "32.98200"}, "Long Term Debt": {"2020-12-31": "6251.53500", "2019-12-31": "5808.87300", "2018-12-31": "5605.94200", "2017-12-31": "5689.12600", "2016-12-31": "5563.26000", "2015-12-31": "5318.75700", "2014-12-31": "5080.68900", "2013-12-31": "3033.52400", "2012-12-31": "2818.68300", "2011-12-31": "2360.85800", "2010-12-31": "2258.74500", "2009-12-31": "1847.44200", "2008-12-31": "1754.38800", "2007-12-31": "1657.69100", "2006-12-31": "1411.55400", "2005-12-31": "1354.91800"}, "Other Non-Current Liabilities": {"2020-12-31": "395.17400", "2019-12-31": "220.86100", "2018-12-31": "221.24900", "2017-12-31": "243.04800", "2016-12-31": "179.00100", "2015-12-31": "175.73700", "2014-12-31": "151.55700", "2013-12-31": "83.54500", "2012-12-31": "79.21700", "2011-12-31": "69.70500", "2010-12-31": "70.02900", "2009-12-31": "90.79100", "2008-12-31": "140.30200", "2007-12-31": "59.69300", "2006-12-31": "41.43100", "2005-12-31": "37.20900"}, "Total Long Term Liabilities": {"2020-12-31": "6678.94700", "2019-12-31": "6067.14400", "2018-12-31": "5862.66600", "2017-12-31": "5971.38000", "2016-12-31": "5786.94500", "2015-12-31": "5539.94600", "2014-12-31": "5255.50200", "2013-12-31": "3117.06900", "2012-12-31": "2897.90000", "2011-12-31": "2430.56300", "2010-12-31": "2328.77400", "2009-12-31": "1938.23300", "2008-12-31": "1894.69000", "2007-12-31": "1999.34400", "2006-12-31": "1689.10600", "2005-12-31": "1625.34100"}, "Total Liabilities": {"2020-12-31": "6752.98500", "2019-12-31": "6301.90600", "2018-12-31": "5989.75600", "2017-12-31": "6098.88500", "2016-12-31": "5925.17100", "2015-12-31": "5671.36100", "2014-12-31": "5390.66400", "2013-12-31": "3184.25200", "2012-12-31": "2962.75800", "2011-12-31": "2478.88700", "2010-12-31": "2373.52400", "2009-12-31": "1976.74700", "2008-12-31": "1932.91300", "2007-12-31": "2044.09300", "2006-12-31": "1727.71900", "2005-12-31": "1658.32300"}, "Common Stock Net": {"2020-12-31": "0.00600", "2019-12-31": "0.00700", "2018-12-31": "0.00700", "2017-12-31": "0.00700", "2016-12-31": "0.00600", "2015-12-31": "0.00600", "2014-12-31": "0.00600", "2013-12-31": "0.00400", "2012-12-31": "0.00300", "2011-12-31": "0.00300", "2010-12-31": "0.00300", "2009-12-31": "0.00300", "2008-12-31": "0.00300", "2007-12-31": "0.00200", "2006-12-31": "0.00200", "2005-12-31": "0.00200"}, "Retained Earnings (Accumulated Deficit)": {"2020-12-31": "-861.19300", "2019-12-31": "-887.61900", "2018-12-31": "-812.79600", "2017-12-31": "-833.72600", "2016-12-31": "-805.40900", "2015-12-31": "-797.32900", "2014-12-31": "-650.79700", "2013-12-31": "-474.42600", "2012-12-31": "-444.46600", "2011-12-31": "-408.06600", "2010-12-31": "-313.30800", "2009-12-31": "-222.95200", "2008-12-31": "-141.33600", "2007-12-31": "-82.80500", "2006-12-31": "-97.45700", "2005-12-31": "-77.34100"}, "Comprehensive Income": {"2020-12-31": "-14.72900", "2019-12-31": "-13.88800", "2018-12-31": "-13.21700", "2017-12-31": "-18.44600", "2016-12-31": "-32.09800", "2015-12-31": "-42.01100", "2014-12-31": "-51.45200", "2013-12-31": "-60.47200", "2012-12-31": "-69.26100", "2011-12-31": "-72.77100", "2010-12-31": "-77.21700", "2009-12-31": "-24.20600", "2008-12-31": "-75.42400", "2007-12-31": "-8.98800", "2006-12-31": "-2.27300", "2005-12-31": "0.66000"}, "Other Share Holders Equity": {"2020-12-31": "", "2019-12-31": "", "2018-12-31": "", "2017-12-31": "", "2016-12-31": "", "2015-12-31": "", "2014-12-31": "", "2013-12-31": "", "2012-12-31": "", "2011-12-31": "", "2010-12-31": "", "2009-12-31": "", "2008-12-31": "", "2007-12-31": "", "2006-12-31": "", "2005-12-31": ""}, "Share Holder Equity": {"2020-12-31": "6183.19200", "2019-12-31": "6403.50400", "2018-12-31": "6393.84400", "2017-12-31": "6396.82500", "2016-12-31": "6292.23700", "2015-12-31": "6337.02300", "2014-12-31": "6136.06800", "2013-12-31": "2002.58700", "2012-12-31": "1884.46500", "2011-12-31": "1558.07700", "2010-12-31": "1359.36300", "2009-12-31": "1277.89000", "2008-12-31": "1231.91000", "2007-12-31": "936.23000", "2006-12-31": "758.12100", "2005-12-31": "580.96700"}, "Total Liabilities And Share Holders Equity": {"2020-12-31": "12936.18000", "2019-12-31": "12705.41000", "2018-12-31": "12383.60000", "2017-12-31": "12495.71000", "2016-12-31": "12217.41000", "2015-12-31": "12008.38000", "2014-12-31": "11526.73000", "2013-12-31": "5186.83900", "2012-12-31": "4847.22300", "2011-12-31": "4036.96400", "2010-12-31": "3732.88700", "2009-12-31": "3254.63700", "2008-12-31": "3164.82300", "2007-12-31": "2980.32300", "2006-12-31": "2485.84000", "2005-12-31": "2239.29000"}}, "balance sheet, quarterly": {"Cash On Hand": {"2020-12-31": "84.04100", "2020-09-30": "569.07500", "2020-06-30": "256.47500", "2020-03-31": "282.34700", "2019-12-31": "81.09400", "2019-09-30": "91.72600", "2019-06-30": "54.97100", "2019-03-31": "124.12600", "2018-12-31": "151.39500", "2018-09-30": "174.62600", "2018-06-30": "177.57600", "2018-03-31": "139.07800", "2017-12-31": "61.12600", "2017-09-30": "63.27300", "2017-06-30": "199.87600", "2017-03-31": "100.25200", "2016-12-31": "170.30200", "2016-09-30": "211.05500", "2016-06-30": "215.37600", "2016-03-31": "80.48300", "2015-12-31": "123.05500", "2015-09-30": "72.30600", "2015-06-30": "65.15200", "2015-03-31": "255.23000", "2014-12-31": "95.74900", "2014-09-30": "88.00000", "2014-06-30": "47.53800", "2014-03-31": "48.67100", "2013-12-31": "53.76600", "2013-09-30": "55.99400", "2013-06-30": "45.38400", "2013-03-31": "55.63400", "2012-12-31": "42.12600", "2012-09-30": "26.87700", "2012-06-30": "27.81000", "2012-03-31": "37.34700", "2011-12-31": "35.46300", "2011-09-30": "33.01700", "2011-06-30": "32.84700", "2011-03-31": "120.78600", "2010-12-31": "35.69400", "2010-09-30": "36.32200", "2010-06-30": "27.79600", "2010-03-31": "40.37900", "2009-12-31": "37.93400", "2009-09-30": "99.07000", "2009-06-30": "79.82600", "2009-03-31": "78.82000", "2008-12-31": "54.71900", "2008-09-30": "45.95600", "2008-06-30": "33.07700", "2008-03-31": "22.57100", "2007-12-31": "22.48300", "2007-09-30": "21.94300", "2007-06-30": "23.95400", "2007-03-31": "25.81500", "2006-12-31": "23.61000", "2006-09-30": "45.14100", "2006-06-30": "23.05700", "2006-03-31": "23.50400", "2005-12-31": "28.27400", "2005-09-30": "34.39200", "2005-06-30": "46.68500", "2005-03-31": "28.52400"}, "Receivables": {"2020-12-31": "", "2020-09-30": "", "2020-06-30": "", "2020-03-31": "", "2019-12-31": "", "2019-09-30": "", "2019-06-30": "", "2019-03-31": "", "2018-12-31": "", "2018-09-30": "", "2018-06-30": "", "2018-03-31": "", "2017-12-31": "", "2017-09-30": "", "2017-06-30": "", "2017-03-31": "", "2016-12-31": "", "2016-09-30": "", "2016-06-30": "", "2016-03-31": "", "2015-12-31": "", "2015-09-30": "", "2015-06-30": "", "2015-03-31": "", "2014-12-31": "", "2014-09-30": "", "2014-06-30": "", "2014-03-31": "", "2013-12-31": "", "2013-09-30": "", "2013-06-30": "", "2013-03-31": "", "2012-12-31": "", "2012-09-30": "", "2012-06-30": "", "2012-03-31": "", "2011-12-31": "", "2011-09-30": "", "2011-06-30": "", "2011-03-31": "", "2010-12-31": "", "2010-09-30": "", "2010-06-30": "", "2010-03-31": "", "2009-12-31": "", "2009-09-30": "", "2009-06-30": "", "2009-03-31": "", "2008-12-31": "", "2008-09-30": "", "2008-06-30": "", "2008-03-31": "", "2007-12-31": "", "2007-09-30": "", "2007-06-30": "", "2007-03-31": "", "2006-12-31": "", "2006-09-30": "", "2006-06-30": "", "2006-03-31": "", "2005-12-31": "", "2005-09-30": "", "2005-06-30": "", "2005-03-31": ""}, "Inventory": {"2020-12-31": "", "2020-09-30": "", "2020-06-30": "", "2020-03-31": "", "2019-12-31": "", "2019-09-30": "", "2019-06-30": "", "2019-03-31": "", "2018-12-31": "", "2018-09-30": "", "2018-06-30": "", "2018-03-31": "", "2017-12-31": "", "2017-09-30": "", "2017-06-30": "", "2017-03-31": "", "2016-12-31": "", "2016-09-30": "", "2016-06-30": "", "2016-03-31": "", "2015-12-31": "", "2015-09-30": "", "2015-06-30": "", "2015-03-31": "", "2014-12-31": "", "2014-09-30": "", "2014-06-30": "", "2014-03-31": "", "2013-12-31": "", "2013-09-30": "", "2013-06-30": "", "2013-03-31": "", "2012-12-31": "", "2012-09-30": "", "2012-06-30": "", "2012-03-31": "", "2011-12-31": "", "2011-09-30": "", "2011-06-30": "", "2011-03-31": "", "2010-12-31": "", "2010-09-30": "", "2010-06-30": "", "2010-03-31": "", "2009-12-31": "", "2009-09-30": "", "2009-06-30": "", "2009-03-31": "", "2008-12-31": "", "2008-09-30": "", "2008-06-30": "", "2008-03-31": "", "2007-12-31": "", "2007-09-30": "", "2007-06-30": "", "2007-03-31": "", "2006-12-31": "", "2006-09-30": "", "2006-06-30": "", "2006-03-31": "", "2005-12-31": "", "2005-09-30": "", "2005-06-30": "", "2005-03-31": ""}, "Pre-Paid Expenses": {"2020-12-31": "", "2020-09-30": "", "2020-06-30": "", "2020-03-31": "", "2019-12-31": "", "2019-09-30": "", "2019-06-30": "", "2019-03-31": "", "2018-12-31": "", "2018-09-30": "", "2018-06-30": "", "2018-03-31": "", "2017-12-31": "", "2017-09-30": "", "2017-06-30": "", "2017-03-31": "", "2016-12-31": "", "2016-09-30": "", "2016-06-30": "", "2016-03-31": "", "2015-12-31": "", "2015-09-30": "", "2015-06-30": "", "2015-03-31": "", "2014-12-31": "", "2014-09-30": "", "2014-06-30": "", "2014-03-31": "", "2013-12-31": "", "2013-09-30": "", "2013-06-30": "", "2013-03-31": "", "2012-12-31": "", "2012-09-30": "", "2012-06-30": "", "2012-03-31": "", "2011-12-31": "", "2011-09-30": "", "2011-06-30": "", "2011-03-31": "", "2010-12-31": "", "2010-09-30": "", "2010-06-30": "", "2010-03-31": "", "2009-12-31": "", "2009-09-30": "", "2009-06-30": "", "2009-03-31": "", "2008-12-31": "", "2008-09-30": "", "2008-06-30": "", "2008-03-31": "", "2007-12-31": "", "2007-09-30": "", "2007-06-30": "", "2007-03-31": "", "2006-12-31": "", "2006-09-30": "", "2006-06-30": "", "2006-03-31": "", "2005-12-31": "", "2005-09-30": "", "2005-06-30": "", "2005-03-31": ""}, "Other Current Assets": {"2020-12-31": "", "2020-09-30": "", "2020-06-30": "", "2020-03-31": "", "2019-12-31": "", "2019-09-30": "", "2019-06-30": "", "2019-03-31": "", "2018-12-31": "", "2018-09-30": "", "2018-06-30": "", "2018-03-31": "", "2017-12-31": "", "2017-09-30": "", "2017-06-30": "", "2017-03-31": "", "2016-12-31": "", "2016-09-30": "", "2016-06-30": "", "2016-03-31": "", "2015-12-31": "", "2015-09-30": "", "2015-06-30": "", "2015-03-31": "", "2014-12-31": "", "2014-09-30": "", "2014-06-30": "", "2014-03-31": "", "2013-12-31": "", "2013-09-30": "", "2013-06-30": "", "2013-03-31": "", "2012-12-31": "", "2012-09-30": "", "2012-06-30": "", "2012-03-31": "", "2011-12-31": "", "2011-09-30": "", "2011-06-30": "", "2011-03-31": "", "2010-12-31": "", "2010-09-30": "", "2010-06-30": "", "2010-03-31": "", "2009-12-31": "", "2009-09-30": "", "2009-06-30": "", "2009-03-31": "", "2008-12-31": "", "2008-09-30": "", "2008-06-30": "", "2008-03-31": "", "2007-12-31": "", "2007-09-30": "", "2007-06-30": "", "2007-03-31": "", "2006-12-31": "", "2006-09-30": "", "2006-06-30": "", "2006-03-31": "", "2005-12-31": "", "2005-09-30": "", "2005-06-30": "", "2005-03-31": ""}, "Total Current Assets": {"2020-12-31": "279.14500", "2020-09-30": "644.50700", "2020-06-30": "301.22300", "2020-03-31": "317.21400", "2019-12-31": "215.45900", "2019-09-30": "308.26700", "2019-06-30": "129.38700", "2019-03-31": "195.28000", "2018-12-31": "223.29000", "2018-09-30": "243.79200", "2018-06-30": "245.96200", "2018-03-31": "209.60300", "2017-12-31": "162.05200", "2017-09-30": "184.83000", "2017-06-30": "254.53600", "2017-03-31": "151.10700", "2016-12-31": "211.27200", "2016-09-30": "233.99600", "2016-06-30": "235.82400", "2016-03-31": "98.68100", "2015-12-31": "142.34000", "2015-09-30": "94.97400", "2015-06-30": "90.82800", "2015-03-31": "284.18400", "2014-12-31": "120.67200", "2014-09-30": "110.97300", "2014-06-30": "114.06000", "2014-03-31": "84.77600", "2013-12-31": "122.02100", "2013-09-30": "123.62200", "2013-06-30": "155.92800", "2013-03-31": "66.99300", "2012-12-31": "108.28900", "2012-09-30": "77.19300", "2012-06-30": "78.70500", "2012-03-31": "85.40000", "2011-12-31": "101.83200", "2011-09-30": "84.61600", "2011-06-30": "82.80300", "2011-03-31": "169.86100", "2010-12-31": "85.13800", "2010-09-30": "91.92700", "2010-06-30": "83.00500", "2010-03-31": "75.92400", "2009-12-31": "74.23900", "2009-09-30": "144.83200", "2009-06-30": "127.46100", "2009-03-31": "124.96100", "2008-12-31": "102.35600", "2008-09-30": "92.70500", "2008-06-30": "77.68800", "2008-03-31": "70.80600", "2007-12-31": "73.01900", "2007-09-30": "58.47100", "2007-06-30": "51.58700", "2007-03-31": "53.75800", "2006-12-31": "43.01400", "2006-09-30": "64.02500", "2006-06-30": "55.16000", "2006-03-31": "40.04100", "2005-12-31": "34.66200", "2005-09-30": "43.66300", "2005-06-30": "56.05700", "2005-03-31": "37.72800"}, "Property, Plant, And Equipment": {"2020-12-31": "12389.78000", "2020-09-30": "12501.97000", "2020-06-30": "12595.19000", "2020-03-31": "12861.12000", "2019-12-31": "12230.07000", "2019-09-30": "12355.72000", "2019-06-30": "12204.59000", "2019-03-31": "12047.81000", "2018-12-31": "11911.32000", "2018-09-30": "12012.83000", "2018-06-30": "12046.16000", "2018-03-31": "12175.27000", "2017-12-31": "12104.50000", "2017-09-30": "12091.67000", "2017-06-30": "12068.44000", "2017-03-31": "12103.63000", "2016-12-31": "11818.50000", "2016-09-30": "11737.80000", "2016-06-30": "11771.50000", "2016-03-31": "11790.27000", "2015-12-31": "11686.83000", "2015-09-30": "11733.91000", "2015-06-30": "11776.02000", "2015-03-31": "11575.72000", "2014-12-31": "11207.69000", "2014-09-30": "11318.00000", "2014-06-30": "10982.70000", "2014-03-31": "6364.69700", "2013-12-31": "4916.43400", "2013-09-30": "4800.69900", "2013-06-30": "4763.43800", "2013-03-31": "4739.92100", "2012-12-31": "4590.35100", "2012-09-30": "4257.98800", "2012-06-30": "4100.83500", "2012-03-31": "3836.17600", "2011-12-31": "3820.73000", "2011-09-30": "3705.20900", "2011-06-30": "3626.14200", "2011-03-31": "3583.48800", "2010-12-31": "3514.37900", "2010-09-30": "3278.66500", "2010-06-30": "3109.01900", "2010-03-31": "3081.85100", "2009-12-31": "3009.21400", "2009-09-30": "2956.40800", "2009-06-30": "2961.86500", "2009-03-31": "2972.94400", "2008-12-31": "2988.38100", "2008-09-30": "2973.18600", "2008-06-30": "2951.18400", "2008-03-31": "2893.34300", "2007-12-31": "2873.40800", "2007-09-30": "2852.71400", "2007-06-30": "2691.04300", "2007-03-31": "2481.16300", "2006-12-31": "2409.33100", "2006-09-30": "2363.32500", "2006-06-30": "2231.07400", "2006-03-31": "2218.72300", "2005-12-31": "2166.71100", "2005-09-30": "2171.27000", "2005-06-30": "2161.39400", "2005-03-31": "2162.96100"}, "Long-Term Investments": {"2020-12-31": "", "2020-09-30": "", "2020-06-30": "", "2020-03-31": "", "2019-12-31": "", "2019-09-30": "", "2019-06-30": "", "2019-03-31": "", "2018-12-31": "", "2018-09-30": "", "2018-06-30": "", "2018-03-31": "", "2017-12-31": "", "2017-09-30": "", "2017-06-30": "", "2017-03-31": "", "2016-12-31": "", "2016-09-30": "", "2016-06-30": "", "2016-03-31": "", "2015-12-31": "", "2015-09-30": "", "2015-06-30": "", "2015-03-31": "", "2014-12-31": "", "2014-09-30": "", "2014-06-30": "", "2014-03-31": "", "2013-12-31": "", "2013-09-30": "", "2013-06-30": "", "2013-03-31": "", "2012-12-31": "", "2012-09-30": "", "2012-06-30": "", "2012-03-31": "", "2011-12-31": "", "2011-09-30": "", "2011-06-30": "", "2011-03-31": "", "2010-12-31": "", "2010-09-30": "", "2010-06-30": "", "2010-03-31": "", "2009-12-31": "", "2009-09-30": "", "2009-06-30": "", "2009-03-31": "", "2008-12-31": "", "2008-09-30": "", "2008-06-30": "", "2008-03-31": "", "2007-12-31": "", "2007-09-30": "", "2007-06-30": "", "2007-03-31": "", "2006-12-31": "", "2006-09-30": "", "2006-06-30": "", "2006-03-31": "", "2005-12-31": "", "2005-09-30": "", "2005-06-30": "", "2005-03-31": ""}, "Goodwill And Intangible Assets": {"2020-12-31": "", "2020-09-30": "", "2020-06-30": "", "2020-03-31": "", "2019-12-31": "", "2019-09-30": "", "2019-06-30": "", "2019-03-31": "", "2018-12-31": "", "2018-09-30": "", "2018-06-30": "", "2018-03-31": "", "2017-12-31": "", "2017-09-30": "", "2017-06-30": "", "2017-03-31": "", "2016-12-31": "", "2016-09-30": "", "2016-06-30": "", "2016-03-31": "", "2015-12-31": "", "2015-09-30": "12.67500", "2015-06-30": "25.90700", "2015-03-31": "37.96700", "2014-12-31": "47.74800", "2014-09-30": "", "2014-06-30": "", "2014-03-31": "", "2013-12-31": "4.51300", "2013-09-30": "", "2013-06-30": "", "2013-03-31": "", "2012-12-31": "", "2012-09-30": "", "2012-06-30": "", "2012-03-31": "", "2011-12-31": "", "2011-09-30": "", "2011-06-30": "", "2011-03-31": "", "2010-12-31": "", "2010-09-30": "", "2010-06-30": "", "2010-03-31": "", "2009-12-31": "", "2009-09-30": "", "2009-06-30": "", "2009-03-31": "", "2008-12-31": "", "2008-09-30": "", "2008-06-30": "", "2008-03-31": "", "2007-12-31": "", "2007-09-30": "", "2007-06-30": "", "2007-03-31": "", "2006-12-31": "", "2006-09-30": "", "2006-06-30": "", "2006-03-31": "", "2005-12-31": "", "2005-09-30": "", "2005-06-30": "", "2005-03-31": ""}, "Other Long-Term Assets": {"2020-12-31": "195.10800", "2020-09-30": "181.65500", "2020-06-30": "207.32700", "2020-03-31": "198.07900", "2019-12-31": "185.12800", "2019-09-30": "258.43000", "2019-06-30": "260.96700", "2019-03-31": "257.91300", "2018-12-31": "248.98400", "2018-09-30": "261.52000", "2018-06-30": "263.52900", "2018-03-31": "257.79200", "2017-12-31": "229.15900", "2017-09-30": "236.02700", "2017-06-30": "201.97500", "2017-03-31": "192.69300", "2016-12-31": "187.63900", "2016-09-30": "205.40300", "2016-06-30": "199.36900", "2016-03-31": "178.53300", "2015-12-31": "179.21500", "2015-09-30": "171.15900", "2015-06-30": "152.24800", "2015-03-31": "154.33800", "2014-12-31": "150.61800", "2014-09-30": "206.52800", "2014-06-30": "219.75600", "2014-03-31": "154.37200", "2013-12-31": "119.35200", "2013-09-30": "139.16900", "2013-06-30": "116.62400", "2013-03-31": "108.76100", "2012-12-31": "127.71600", "2012-09-30": "178.09000", "2012-06-30": "141.02500", "2012-03-31": "112.77900", "2011-12-31": "96.95700", "2011-09-30": "97.84900", "2011-06-30": "101.11700", "2011-03-31": "97.70000", "2010-12-31": "117.49800", "2010-09-30": "118.77500", "2010-06-30": "118.17200", "2010-03-31": "136.12600", "2009-12-31": "156.19300", "2009-09-30": "148.90400", "2009-06-30": "134.40800", "2009-03-31": "48.55900", "2008-12-31": "62.74000", "2008-09-30": "82.08800", "2008-06-30": "23.60700", "2008-03-31": "25.80200", "2007-12-31": "22.30300", "2007-09-30": "30.89800", "2007-06-30": "37.87800", "2007-03-31": "28.93400", "2006-12-31": "20.63200", "2006-09-30": "18.52300", "2006-06-30": "27.63200", "2006-03-31": "22.68000", "2005-12-31": "22.89900", "2005-09-30": "20.96800", "2005-06-30": "18.31200", "2005-03-31": "19.58400"}, "Total Long-Term Assets": {"2020-12-31": "12584.89000", "2020-09-30": "12683.63000", "2020-06-30": "12802.52000", "2020-03-31": "13059.20000", "2019-12-31": "12415.20000", "2019-09-30": "12614.15000", "2019-06-30": "12465.55000", "2019-03-31": "12305.72000", "2018-12-31": "12160.31000", "2018-09-30": "12274.35000", "2018-06-30": "12309.69000", "2018-03-31": "12433.06000", "2017-12-31": "12333.65000", "2017-09-30": "12327.69000", "2017-06-30": "12270.42000", "2017-03-31": "12296.32000", "2016-12-31": "12006.14000", "2016-09-30": "11943.20000", "2016-06-30": "11970.87000", "2016-03-31": "11968.80000", "2015-12-31": "11866.04000", "2015-09-30": "11917.74000", "2015-06-30": "11954.18000", "2015-03-31": "11800.97000", "2014-12-31": "11406.06000", "2014-09-30": "11555.59000", "2014-06-30": "11234.30000", "2014-03-31": "6548.26600", "2013-12-31": "5064.81800", "2013-09-30": "4961.98000", "2013-06-30": "4903.07000", "2013-03-31": "4869.46600", "2012-12-31": "4738.93400", "2012-09-30": "4457.47900", "2012-06-30": "4260.41100", "2012-03-31": "3965.97800", "2011-12-31": "3935.13200", "2011-09-30": "3820.54900", "2011-06-30": "3743.05200", "2011-03-31": "3696.82500", "2010-12-31": "3647.74900", "2010-09-30": "3411.82600", "2010-06-30": "3241.17700", "2010-03-31": "3232.50700", "2009-12-31": "3180.39800", "2009-09-30": "3120.19000", "2009-06-30": "3111.52000", "2009-03-31": "3036.95400", "2008-12-31": "3062.46700", "2008-09-30": "3066.62100", "2008-06-30": "2986.22100", "2008-03-31": "2930.47000", "2007-12-31": "2907.30400", "2007-09-30": "2895.92900", "2007-06-30": "2741.88800", "2007-03-31": "2522.57300", "2006-12-31": "2442.82600", "2006-09-30": "2395.46500", "2006-06-30": "2273.08400", "2006-03-31": "2256.72900", "2005-12-31": "2204.62800", "2005-09-30": "2202.66200", "2005-06-30": "2190.29900", "2005-03-31": "2193.26000"}, "Total Assets": {"2020-12-31": "12936.18000", "2020-09-30": "13401.04000", "2020-06-30": "13177.41000", "2020-03-31": "13450.84000", "2019-12-31": "12705.41000", "2019-09-30": "12997.89000", "2019-06-30": "12671.14000", "2019-03-31": "12578.00000", "2018-12-31": "12383.60000", "2018-09-30": "12518.14000", "2018-06-30": "12555.65000", "2018-03-31": "12642.67000", "2017-12-31": "12495.71000", "2017-09-30": "12512.52000", "2017-06-30": "12524.95000", "2017-03-31": "12447.43000", "2016-12-31": "12217.41000", "2016-09-30": "12177.20000", "2016-06-30": "12206.69000", "2016-03-31": "12067.48000", "2015-12-31": "12008.38000", "2015-09-30": "12012.72000", "2015-06-30": "12045.00000", "2015-03-31": "12085.16000", "2014-12-31": "11526.73000", "2014-09-30": "11666.56000", "2014-06-30": "11348.36000", "2014-03-31": "6633.04200", "2013-12-31": "5186.83900", "2013-09-30": "5085.60200", "2013-06-30": "5058.99800", "2013-03-31": "4936.45900", "2012-12-31": "4847.22300", "2012-09-30": "4534.67200", "2012-06-30": "4339.11600", "2012-03-31": "4051.37800", "2011-12-31": "4036.96400", "2011-09-30": "3905.16500", "2011-06-30": "3825.85500", "2011-03-31": "3866.68600", "2010-12-31": "3732.88700", "2010-09-30": "3503.75300", "2010-06-30": "3324.18200", "2010-03-31": "3308.43100", "2009-12-31": "3254.63700", "2009-09-30": "3265.02200", "2009-06-30": "3238.98100", "2009-03-31": "3161.91500", "2008-12-31": "3164.82300", "2008-09-30": "3159.32600", "2008-06-30": "3063.90900", "2008-03-31": "3001.27600", "2007-12-31": "2980.32300", "2007-09-30": "2954.40000", "2007-06-30": "2793.47500", "2007-03-31": "2576.33100", "2006-12-31": "2485.84000", "2006-09-30": "2459.49000", "2006-06-30": "2328.24400", "2006-03-31": "2296.77000", "2005-12-31": "2239.29000", "2005-09-30": "2246.32500", "2005-06-30": "2246.35600", "2005-03-31": "2230.98800"}, "Total Current Liabilities": {"2020-12-31": "", "2020-09-30": "205.52000", "2020-06-30": "164.34000", "2020-03-31": "193.56400", "2019-12-31": "158.01700", "2019-09-30": "193.34100", "2019-06-30": "140.18800", "2019-03-31": "180.57100", "2018-12-31": "127.08600", "2018-09-30": "185.42600", "2018-06-30": "132.79600", "2018-03-31": "179.64100", "2017-12-31": "127.50100", "2017-09-30": "222.12200", "2017-06-30": "139.04200", "2017-03-31": "184.77800", "2016-12-31": "138.22600", "2016-09-30": "185.18500", "2016-06-30": "145.21700", "2016-03-31": "170.44400", "2015-12-31": "131.41500", "2015-09-30": "177.80700", "2015-06-30": "146.25100", "2015-03-31": "162.10000", "2014-12-31": "135.16200", "2014-09-30": "167.16000", "2014-06-30": "132.42400", "2014-03-31": "83.47000", "2013-12-31": "67.18300", "2013-09-30": "83.84400", "2013-06-30": "76.41000", "2013-03-31": "86.46100", "2012-12-31": "64.85800", "2012-09-30": "76.82800", "2012-06-30": "62.63600", "2012-03-31": "62.09200", "2011-12-31": "48.32400", "2011-09-30": "63.00600", "2011-06-30": "49.57700", "2011-03-31": "54.22100", "2010-12-31": "44.75000", "2010-09-30": "57.27400", "2010-06-30": "41.47100", "2010-03-31": "47.74800", "2009-12-31": "38.51400", "2009-09-30": "52.38300", "2009-06-30": "49.18700", "2009-03-31": "48.82400", "2008-12-31": "38.22300", "2008-09-30": "64.75900", "2008-06-30": "50.38200", "2008-03-31": "66.40800", "2007-12-31": "44.74900", "2007-09-30": "55.33200", "2007-06-30": "38.49300", "2007-03-31": "47.52900", "2006-12-31": "38.61300", "2006-09-30": "49.41400", "2006-06-30": "37.56700", "2006-03-31": "42.29500", "2005-12-31": "32.98200", "2005-09-30": "45.02400", "2005-06-30": "38.15800", "2005-03-31": "35.79200"}, "Long Term Debt": {"2020-12-31": "6251.53500", "2020-09-30": "6610.18400", "2020-06-30": "6319.41200", "2020-03-31": "6495.65200", "2019-12-31": "5808.87300", "2019-09-30": "6048.14100", "2019-06-30": "5841.25100", "2019-03-31": "5735.80100", "2018-12-31": "5605.94200", "2018-09-30": "5633.67200", "2018-06-30": "5691.09300", "2018-03-31": "5718.97000", "2017-12-31": "5689.12600", "2017-09-30": "5615.22200", "2017-06-30": "5663.39500", "2017-03-31": "5602.50700", "2016-12-31": "5563.26000", "2016-09-30": "5584.68700", "2016-06-30": "5618.28600", "2016-03-31": "5352.80200", "2015-12-31": "5318.75700", "2015-09-30": "5317.42000", "2015-06-30": "5369.33100", "2015-03-31": "5436.05300", "2014-12-31": "5080.68900", "2014-09-30": "5226.12500", "2014-06-30": "5065.97900", "2014-03-31": "2954.29700", "2013-12-31": "3033.52400", "2013-09-30": "2920.75600", "2013-06-30": "2925.61600", "2013-03-31": "2773.53800", "2012-12-31": "2818.68300", "2012-09-30": "2595.70100", "2012-06-30": "2487.74700", "2012-03-31": "2342.88300", "2011-12-31": "2360.85800", "2011-09-30": "2260.21400", "2011-06-30": "2254.46100", "2011-03-31": "2370.22000", "2010-12-31": "2258.74500", "2010-09-30": "2062.45100", "2010-06-30": "1907.14800", "2010-03-31": "1887.65200", "2009-12-31": "1847.44200", "2009-09-30": "1856.79000", "2009-06-30": "1829.42300", "2009-03-31": "1811.81600", "2008-12-31": "1754.38800", "2008-09-30": "1730.12600", "2008-06-30": "1765.22200", "2008-03-31": "1685.48300", "2007-12-31": "1657.69100", "2007-09-30": "1625.85200", "2007-06-30": "1464.12200", "2007-03-31": "1475.78100", "2006-12-31": "1411.55400", "2006-09-30": "1402.33000", "2006-06-30": "1420.99500", "2006-03-31": "1407.59400", "2005-12-31": "1354.91800", "2005-09-30": "1314.23900", "2005-06-30": "1313.19400", "2005-03-31": "1317.95500"}, "Other Non-Current Liabilities": {"2020-12-31": "395.17400", "2020-09-30": "212.29300", "2020-06-30": "231.91100", "2020-03-31": "234.62800", "2019-12-31": "220.86100", "2019-09-30": "224.83400", "2019-06-30": "229.53400", "2019-03-31": "228.25500", "2018-12-31": "221.24900", "2018-09-30": "226.35200", "2018-06-30": "220.82500", "2018-03-31": "210.73800", "2017-12-31": "243.04800", "2017-09-30": "251.24100", "2017-06-30": "239.40600", "2017-03-31": "225.72400", "2016-12-31": "179.00100", "2016-09-30": "179.31300", "2016-06-30": "183.58100", "2016-03-31": "183.04500", "2015-12-31": "175.73700", "2015-09-30": "161.07800", "2015-06-30": "160.95200", "2015-03-31": "161.23400", "2014-12-31": "151.55700", "2014-09-30": "158.39200", "2014-06-30": "154.21200", "2014-03-31": "33.52200", "2013-12-31": "83.54500", "2013-09-30": "82.94900", "2013-06-30": "82.57900", "2013-03-31": "87.89600", "2012-12-31": "79.21700", "2012-09-30": "76.70300", "2012-06-30": "74.02900", "2012-03-31": "68.60400", "2011-12-31": "69.70500", "2011-09-30": "71.37300", "2011-06-30": "70.71600", "2011-03-31": "70.45500", "2010-12-31": "70.02900", "2010-09-30": "134.70400", "2010-06-30": "138.44100", "2010-03-31": "102.39100", "2009-12-31": "90.79100", "2009-09-30": "105.06500", "2009-06-30": "88.94600", "2009-03-31": "117.94400", "2008-12-31": "140.30200", "2008-09-30": "68.79800", "2008-06-30": "68.58000", "2008-03-31": "67.13300", "2007-12-31": "59.69300", "2007-09-30": "46.88300", "2007-06-30": "46.50900", "2007-03-31": "45.09800", "2006-12-31": "41.43100", "2006-09-30": "41.38700", "2006-06-30": "39.20600", "2006-03-31": "38.58100", "2005-12-31": "37.20900", "2005-09-30": "37.41500", "2005-06-30": "37.20700", "2005-03-31": "38.66800"}, "Total Long Term Liabilities": {"2020-12-31": "6678.94700", "2020-09-30": "6853.19600", "2020-06-30": "6584.56400", "2020-03-31": "6762.92300", "2019-12-31": "6067.14400", "2019-09-30": "6312.05200", "2019-06-30": "6107.61500", "2019-03-31": "6001.22500", "2018-12-31": "5862.66600", "2018-09-30": "5896.68900", "2018-06-30": "5948.17500", "2018-03-31": "5970.86700", "2017-12-31": "5971.38000", "2017-09-30": "5906.50700", "2017-06-30": "5947.88200", "2017-03-31": "5873.64600", "2016-12-31": "5786.94500", "2016-09-30": "5808.10900", "2016-06-30": "5846.39800", "2016-03-31": "5655.80000", "2015-12-31": "5539.94600", "2015-09-30": "5503.08700", "2015-06-30": "5554.11300", "2015-03-31": "5622.20300", "2014-12-31": "5255.50200", "2014-09-30": "5405.95900", "2014-06-30": "5243.75700", "2014-03-31": "2987.81900", "2013-12-31": "3117.06900", "2013-09-30": "3003.70500", "2013-06-30": "3008.19500", "2013-03-31": "2861.43400", "2012-12-31": "2897.90000", "2012-09-30": "2672.40400", "2012-06-30": "2561.77600", "2012-03-31": "2411.48700", "2011-12-31": "2430.56300", "2011-09-30": "2331.58700", "2011-06-30": "2325.17700", "2011-03-31": "2440.67500", "2010-12-31": "2328.77400", "2010-09-30": "2197.15500", "2010-06-30": "2045.58900", "2010-03-31": "1990.04300", "2009-12-31": "1938.23300", "2009-09-30": "1961.85500", "2009-06-30": "1918.36900", "2009-03-31": "1929.76000", "2008-12-31": "1894.69000", "2008-09-30": "2078.85400", "2008-06-30": "2114.79500", "2008-03-31": "2030.98100", "2007-12-31": "1999.34400", "2007-09-30": "1928.76500", "2007-06-30": "1762.59600", "2007-03-31": "1751.13800", "2006-12-31": "1689.10600", "2006-09-30": "1671.47800", "2006-06-30": "1689.89500", "2006-03-31": "1677.17500", "2005-12-31": "1625.34100", "2005-09-30": "1582.83100", "2005-06-30": "1583.48400", "2005-03-31": "1588.76100"}, "Total Liabilities": {"2020-12-31": "6752.98500", "2020-09-30": "7133.56000", "2020-06-30": "6824.52900", "2020-03-31": "7032.89200", "2019-12-31": "6301.90100", "2019-09-30": "6582.88800", "2019-06-30": "6326.02900", "2019-03-31": "6260.80600", "2018-12-31": "5989.75600", "2018-09-30": "6082.11500", "2018-06-30": "6080.96700", "2018-03-31": "6150.50800", "2017-12-31": "6098.88500", "2017-09-30": "6128.62900", "2017-06-30": "6086.92400", "2017-03-31": "6058.42400", "2016-12-31": "5925.17100", "2016-09-30": "5993.29800", "2016-06-30": "5991.61500", "2016-03-31": "5826.24400", "2015-12-31": "5671.36100", "2015-09-30": "5680.89700", "2015-06-30": "5700.36400", "2015-03-31": "5784.30300", "2014-12-31": "5390.66400", "2014-09-30": "5573.11700", "2014-06-30": "5376.18100", "2014-03-31": "3071.28900", "2013-12-31": "3184.25200", "2013-09-30": "3087.54900", "2013-06-30": "3084.60500", "2013-03-31": "2947.89500", "2012-12-31": "2962.75800", "2012-09-30": "2749.23200", "2012-06-30": "2624.41200", "2012-03-31": "2473.57900", "2011-12-31": "2478.88700", "2011-09-30": "2394.59300", "2011-06-30": "2374.75400", "2011-03-31": "2494.89600", "2010-12-31": "2373.52400", "2010-09-30": "2254.42900", "2010-06-30": "2087.06000", "2010-03-31": "2037.79100", "2009-12-31": "1976.74700", "2009-09-30": "2014.23800", "2009-06-30": "1967.55600", "2009-03-31": "1978.58400", "2008-12-31": "1932.91300", "2008-09-30": "2143.61300", "2008-06-30": "2165.17700", "2008-03-31": "2097.38900", "2007-12-31": "2044.09300", "2007-09-30": "1984.09700", "2007-06-30": "1801.08900", "2007-03-31": "1798.66700", "2006-12-31": "1727.71900", "2006-09-30": "1720.89200", "2006-06-30": "1727.46200", "2006-03-31": "1719.47000", "2005-12-31": "1658.32300", "2005-09-30": "1627.85500", "2005-06-30": "1621.64200", "2005-03-31": "1624.55300"}, "Common Stock Net": {"2020-12-31": "0.00600", "2020-09-30": "0.00700", "2020-06-30": "0.00700", "2020-03-31": "0.00700", "2019-12-31": "0.00700", "2019-09-30": "0.00700", "2019-06-30": "0.00700", "2019-03-31": "0.00700", "2018-12-31": "0.00700", "2018-09-30": "0.00700", "2018-06-30": "0.00700", "2018-03-31": "0.00700", "2017-12-31": "0.00700", "2017-09-30": "0.00600", "2017-06-30": "0.00600", "2017-03-31": "0.00600", "2016-12-31": "0.00600", "2016-09-30": "0.00600", "2016-06-30": "0.00600", "2016-03-31": "0.00600", "2015-12-31": "0.00600", "2015-09-30": "0.00600", "2015-06-30": "0.00600", "2015-03-31": "0.00600", "2014-12-31": "0.00600", "2014-09-30": "0.00600", "2014-06-30": "0.00600", "2014-03-31": "0.00400", "2013-12-31": "0.00400", "2013-09-30": "0.00300", "2013-06-30": "0.00300", "2013-03-31": "0.00300", "2012-12-31": "0.00300", "2012-09-30": "0.00300", "2012-06-30": "0.00300", "2012-03-31": "0.00300", "2011-12-31": "0.00300", "2011-09-30": "0.00300", "2011-06-30": "0.00300", "2011-03-31": "0.00300", "2010-12-31": "0.00300", "2010-09-30": "0.00300", "2010-06-30": "0.00300", "2010-03-31": "0.00300", "2009-12-31": "0.00300", "2009-09-30": "0.00300", "2009-06-30": "0.00300", "2009-03-31": "0.00200", "2008-12-31": "0.00300", "2008-09-30": "0.00200", "2008-06-30": "0.00200", "2008-03-31": "0.00200", "2007-12-31": "0.00200", "2007-09-30": "0.00200", "2007-06-30": "0.00200", "2007-03-31": "0.00200", "2006-12-31": "0.00200", "2006-09-30": "0.00200", "2006-06-30": "0.00200", "2006-03-31": "0.00200", "2005-12-31": "0.00200", "2005-09-30": "0.00200", "2005-06-30": "0.00200", "2005-03-31": "0.00200"}, "Retained Earnings (Accumulated Deficit)": {"2020-12-31": "-861.19300", "2020-09-30": "-821.84100", "2020-06-30": "-760.02800", "2020-03-31": "-708.69700", "2019-12-31": "-887.61900", "2019-09-30": "-887.52100", "2019-06-30": "-857.99400", "2019-03-31": "-822.08700", "2018-12-31": "-812.79600", "2018-09-30": "-808.08500", "2018-06-30": "-766.19300", "2018-03-31": "-743.77300", "2017-12-31": "-833.72600", "2017-09-30": "-821.73200", "2017-06-30": "-785.93900", "2017-03-31": "-741.20400", "2016-12-31": "-805.40900", "2016-09-30": "-896.12000", "2016-06-30": "-856.81500", "2016-03-31": "-824.04600", "2015-12-31": "-797.32900", "2015-09-30": "-782.80100", "2015-06-30": "-731.18100", "2015-03-31": "-684.43600", "2014-12-31": "-650.79700", "2014-09-30": "-608.49800", "2014-06-30": "-575.77200", "2014-03-31": "-498.36800", "2013-12-31": "-474.42600", "2013-09-30": "-461.00500", "2013-06-30": "-484.61500", "2013-03-31": "-464.39100", "2012-12-31": "-444.46600", "2012-09-30": "-448.14200", "2012-06-30": "-425.05800", "2012-03-31": "-422.91900", "2011-12-31": "-408.06600", "2011-09-30": "-386.75200", "2011-06-30": "-359.66200", "2011-03-31": "-338.27300", "2010-12-31": "-313.30800", "2010-09-30": "-285.69900", "2010-06-30": "-260.96600", "2010-03-31": "-239.90400", "2009-12-31": "-222.95200", "2009-09-30": "-199.60000", "2009-06-30": "-168.22600", "2009-03-31": "-151.61500", "2008-12-31": "-141.33600", "2008-09-30": "-122.04400", "2008-06-30": "-107.98300", "2008-03-31": "-92.34500", "2007-12-31": "-82.80500", "2007-09-30": "-110.91200", "2007-06-30": "-97.50000", "2007-03-31": "-83.98500", "2006-12-31": "-97.45700", "2006-09-30": "-92.84900", "2006-06-30": "-84.06600", "2006-03-31": "-86.73000", "2005-12-31": "-77.34100", "2005-09-30": "-63.53800", "2005-06-30": "-53.06300", "2005-03-31": "-72.75800"}, "Comprehensive Income": {"2020-12-31": "-14.72900", "2020-09-30": "-16.80000", "2020-06-30": "-18.71000", "2020-03-31": "-22.66800", "2019-12-31": "-13.88800", "2019-09-30": "-19.02800", "2019-06-30": "-18.99200", "2019-03-31": "-14.81700", "2018-12-31": "-13.21700", "2018-09-30": "-8.54800", "2018-06-30": "-11.43800", "2018-03-31": "-14.70900", "2017-12-31": "-18.44600", "2017-09-30": "-24.63200", "2017-06-30": "-28.34100", "2017-03-31": "-29.95900", "2016-12-31": "-32.09800", "2016-09-30": "-40.09500", "2016-06-30": "-43.00700", "2016-03-31": "-44.14900", "2015-12-31": "-42.01100", "2015-09-30": "-50.35700", "2015-06-30": "-50.15200", "2015-03-31": "-50.86800", "2014-12-31": "-51.45200", "2014-09-30": "-51.40800", "2014-06-30": "-53.79400", "2014-03-31": "-56.39500", "2013-12-31": "-60.47200", "2013-09-30": "-62.58900", "2013-06-30": "-62.81300", "2013-03-31": "-68.28000", "2012-12-31": "-69.26100", "2012-09-30": "-76.44900", "2012-06-30": "-72.91500", "2012-03-31": "-70.56500", "2011-12-31": "-72.77100", "2011-09-30": "-75.23700", "2011-06-30": "-74.91800", "2011-03-31": "-77.78500", "2010-12-31": "-77.21700", "2010-09-30": "-79.73200", "2010-06-30": "-68.79100", "2010-03-31": "-34.85000", "2009-12-31": "-24.20600", "2009-09-30": "-38.55100", "2009-06-30": "-31.75500", "2009-03-31": "-58.94200", "2008-12-31": "-75.42400", "2008-09-30": "-15.91100", "2008-06-30": "-10.88700", "2008-03-31": "-18.93200", "2007-12-31": "-8.98800", "2007-09-30": "4.75100", "2007-06-30": "14.09600", "2007-03-31": "0.26800", "2006-12-31": "-2.27300", "2006-09-30": "-1.51000", "2006-06-30": "11.70400", "2006-03-31": "7.05600", "2005-12-31": "0.66000", "2005-09-30": "0.09100", "2005-06-30": "-1.59500", "2005-03-31": "1.16500"}, "Other Share Holders Equity": {"2020-12-31": "", "2020-09-30": "", "2020-06-30": "", "2020-03-31": "", "2019-12-31": "", "2019-09-30": "", "2019-06-30": "", "2019-03-31": "", "2018-12-31": "", "2018-09-30": "", "2018-06-30": "", "2018-03-31": "", "2017-12-31": "", "2017-09-30": "", "2017-06-30": "", "2017-03-31": "", "2016-12-31": "", "2016-09-30": "", "2016-06-30": "", "2016-03-31": "", "2015-12-31": "", "2015-09-30": "", "2015-06-30": "", "2015-03-31": "", "2014-12-31": "", "2014-09-30": "", "2014-06-30": "", "2014-03-31": "", "2013-12-31": "", "2013-09-30": "", "2013-06-30": "", "2013-03-31": "", "2012-12-31": "", "2012-09-30": "", "2012-06-30": "", "2012-03-31": "", "2011-12-31": "", "2011-09-30": "", "2011-06-30": "", "2011-03-31": "", "2010-12-31": "", "2010-09-30": "", "2010-06-30": "", "2010-03-31": "", "2009-12-31": "", "2009-09-30": "", "2009-06-30": "", "2009-03-31": "", "2008-12-31": "", "2008-09-30": "", "2008-06-30": "", "2008-03-31": "", "2007-12-31": "", "2007-09-30": "", "2007-06-30": "", "2007-03-31": "", "2006-12-31": "", "2006-09-30": "", "2006-06-30": "", "2006-03-31": "", "2005-12-31": "", "2005-09-30": "", "2005-06-30": "", "2005-03-31": ""}, "Share Holder Equity": {"2020-12-31": "6183.19200", "2020-09-30": "6267.48200", "2020-06-30": "6352.88100", "2020-03-31": "6417.94900", "2019-12-31": "6403.50400", "2019-09-30": "6415.00400", "2019-06-30": "6345.11600", "2019-03-31": "6317.19500", "2018-12-31": "6393.84400", "2018-09-30": "6436.02800", "2018-06-30": "6474.68300", "2018-03-31": "6492.15900", "2017-12-31": "6396.82500", "2017-09-30": "6383.89400", "2017-06-30": "6438.02700", "2017-03-31": "6389.00300", "2016-12-31": "6292.23700", "2016-09-30": "6183.90200", "2016-06-30": "6215.07600", "2016-03-31": "6241.24000", "2015-12-31": "6337.02300", "2015-09-30": "6331.82300", "2015-06-30": "6344.64000", "2015-03-31": "6300.85600", "2014-12-31": "6136.06800", "2014-09-30": "6093.44300", "2014-06-30": "5972.18200", "2014-03-31": "3561.75300", "2013-12-31": "2002.58700", "2013-09-30": "1998.05300", "2013-06-30": "1974.39300", "2013-03-31": "1988.56400", "2012-12-31": "1884.46500", "2012-09-30": "1785.44000", "2012-06-30": "1714.70400", "2012-03-31": "1577.79900", "2011-12-31": "1558.07700", "2011-09-30": "1510.57200", "2011-06-30": "1451.10100", "2011-03-31": "1371.79000", "2010-12-31": "1359.36300", "2010-09-30": "1249.32400", "2010-06-30": "1237.12200", "2010-03-31": "1270.64000", "2009-12-31": "1277.89000", "2009-09-30": "1250.78400", "2009-06-30": "1271.42500", "2009-03-31": "1183.33100", "2008-12-31": "1231.91000", "2008-09-30": "1015.71300", "2008-06-30": "898.73200", "2008-03-31": "903.88700", "2007-12-31": "936.23000", "2007-09-30": "970.30300", "2007-06-30": "992.38600", "2007-03-31": "777.66400", "2006-12-31": "758.12100", "2006-09-30": "738.59800", "2006-06-30": "600.78200", "2006-03-31": "577.30000", "2005-12-31": "580.96700", "2005-09-30": "618.47000", "2005-06-30": "624.71400", "2005-03-31": "606.43500"}, "Total Liabilities And Share Holders Equity": {"2020-12-31": "12936.18000", "2020-09-30": "13401.04000", "2020-06-30": "13177.41000", "2020-03-31": "13450.84000", "2019-12-31": "12705.41000", "2019-09-30": "12997.89000", "2019-06-30": "12671.14000", "2019-03-31": "12578.00000", "2018-12-31": "12383.60000", "2018-09-30": "12518.14000", "2018-06-30": "12555.65000", "2018-03-31": "12642.67000", "2017-12-31": "12495.71000", "2017-09-30": "12512.52000", "2017-06-30": "12524.95000", "2017-03-31": "12447.43000", "2016-12-31": "12217.41000", "2016-09-30": "12177.20000", "2016-06-30": "12206.69000", "2016-03-31": "12067.48000", "2015-12-31": "12008.38000", "2015-09-30": "12012.72000", "2015-06-30": "12045.00000", "2015-03-31": "12085.16000", "2014-12-31": "11526.73000", "2014-09-30": "11666.56000", "2014-06-30": "11348.36000", "2014-03-31": "6633.04200", "2013-12-31": "5186.83900", "2013-09-30": "5085.60200", "2013-06-30": "5058.99800", "2013-03-31": "4936.45900", "2012-12-31": "4847.22300", "2012-09-30": "4534.67200", "2012-06-30": "4339.11600", "2012-03-31": "4051.37800", "2011-12-31": "4036.96400", "2011-09-30": "3905.16500", "2011-06-30": "3825.85500", "2011-03-31": "3866.68600", "2010-12-31": "3732.88700", "2010-09-30": "3503.75300", "2010-06-30": "3324.18200", "2010-03-31": "3308.43100", "2009-12-31": "3254.63700", "2009-09-30": "3265.02200", "2009-06-30": "3238.98100", "2009-03-31": "3161.91500", "2008-12-31": "3164.82300", "2008-09-30": "3159.32600", "2008-06-30": "3063.90900", "2008-03-31": "3001.27600", "2007-12-31": "2980.32300", "2007-09-30": "2954.40000", "2007-06-30": "2793.47500", "2007-03-31": "2576.33100", "2006-12-31": "2485.84000", "2006-09-30": "2459.49000", "2006-06-30": "2328.24400", "2006-03-31": "2296.77000", "2005-12-31": "2239.29000", "2005-09-30": "2246.32500", "2005-06-30": "2246.35600", "2005-03-31": "2230.98800"}}, "cash flow statement": {"Net Income/Loss": {"2020-12-31": "0.00000", "2019-12-31": "464.44800", "2018-12-31": "413.59900", "2017-12-31": "458.04300", "2016-12-31": "438.41000", "2015-12-31": "248.23900", "2014-12-31": "134.43800", "2013-12-31": "172.05500", "2012-12-31": "139.59000", "2011-12-31": "57.51600", "2010-12-31": "50.78200", "2009-12-31": "53.73900", "2008-12-31": "84.39500", "2007-12-31": "203.06100", "2006-12-31": "62.74800", "2005-12-31": "79.71600"}, "Total Depreciation And Amortization - Cash Flow": {"2020-12-31": "", "2019-12-31": "460.94800", "2018-12-31": "459.66000", "2017-12-31": "447.81400", "2016-12-31": "412.23700", "2015-12-31": "421.67300", "2014-12-31": "336.59500", "2013-12-31": "198.33400", "2012-12-31": "175.37100", "2011-12-31": "157.46500", "2010-12-31": "126.01900", "2009-12-31": "119.73700", "2008-12-31": "120.31000", "2007-12-31": "109.22400", "2006-12-31": "85.77900", "2005-12-31": "82.04500"}, "Other Non-Cash Items": {"2020-12-31": "", "2019-12-31": "-43.82500", "2018-12-31": "-46.53200", "2017-12-31": "-119.60200", "2016-12-31": "-138.39100", "2015-12-31": "-45.02300", "2014-12-31": "-19.29900", "2013-12-31": "-63.91300", "2012-12-31": "-51.97200", "2011-12-31": "-2.41800", "2010-12-31": "-5.21400", "2009-12-31": "4.61000", "2008-12-31": "-15.04600", "2007-12-31": "-133.25800", "2006-12-31": "2.94500", "2005-12-31": "-37.76600"}, "Total Non-Cash Items": {"2020-12-31": "", "2019-12-31": "417.12300", "2018-12-31": "413.12800", "2017-12-31": "328.21200", "2016-12-31": "273.84600", "2015-12-31": "376.65000", "2014-12-31": "317.29600", "2013-12-31": "134.42100", "2012-12-31": "123.39900", "2011-12-31": "155.04700", "2010-12-31": "120.80500", "2009-12-31": "124.34700", "2008-12-31": "105.26400", "2007-12-31": "-24.03400", "2006-12-31": "88.72400", "2005-12-31": "44.27900"}, "Change In Accounts Receivable": {"2020-12-31": "", "2019-12-31": "", "2018-12-31": "", "2017-12-31": "", "2016-12-31": "", "2015-12-31": "", "2014-12-31": "", "2013-12-31": "", "2012-12-31": "", "2011-12-31": "", "2010-12-31": "", "2009-12-31": "", "2008-12-31": "", "2007-12-31": "", "2006-12-31": "", "2005-12-31": ""}, "Change In Inventories": {"2020-12-31": "", "2019-12-31": "", "2018-12-31": "", "2017-12-31": "", "2016-12-31": "", "2015-12-31": "", "2014-12-31": "", "2013-12-31": "", "2012-12-31": "", "2011-12-31": "", "2010-12-31": "", "2009-12-31": "", "2008-12-31": "", "2007-12-31": "", "2006-12-31": "", "2005-12-31": ""}, "Change In Accounts Payable": {"2020-12-31": "", "2019-12-31": "", "2018-12-31": "", "2017-12-31": "", "2016-12-31": "", "2015-12-31": "", "2014-12-31": "", "2013-12-31": "", "2012-12-31": "", "2011-12-31": "", "2010-12-31": "", "2009-12-31": "", "2008-12-31": "", "2007-12-31": "", "2006-12-31": "", "2005-12-31": ""}, "Change In Assets/Liabilities": {"2020-12-31": "", "2019-12-31": "7.95700", "2018-12-31": "-0.02800", "2017-12-31": "-3.17400", "2016-12-31": "2.23400", "2015-12-31": "2.15400", "2014-12-31": "17.34500", "2013-12-31": "-1.56600", "2012-12-31": "-7.85000", "2011-12-31": "0.38800", "2010-12-31": "-0.35900", "2009-12-31": "-2.13500", "2008-12-31": "-0.92700", "2007-12-31": "3.71200", "2006-12-31": "2.30100", "2005-12-31": "-4.09500"}, "Total Change In Assets/Liabilities": {"2020-12-31": "", "2019-12-31": "37.50800", "2018-12-31": "-0.17300", "2017-12-31": "-16.64800", "2016-12-31": "4.53600", "2015-12-31": "-6.72100", "2014-12-31": "41.57800", "2013-12-31": "-1.49400", "2012-12-31": "4.51000", "2011-12-31": "4.00800", "2010-12-31": "3.94300", "2009-12-31": "-4.49900", "2008-12-31": "-8.41800", "2007-12-31": "11.85000", "2006-12-31": "8.46300", "2005-12-31": "0.61400"}, "Cash Flow From Operating Activities": {"2020-12-31": "", "2019-12-31": "919.07900", "2018-12-31": "826.55400", "2017-12-31": "769.60700", "2016-12-31": "716.79200", "2015-12-31": "618.16800", "2014-12-31": "493.31200", "2013-12-31": "304.98200", "2012-12-31": "267.49900", "2011-12-31": "216.57100", "2010-12-31": "175.53000", "2009-12-31": "173.58700", "2008-12-31": "181.24100", "2007-12-31": "190.87700", "2006-12-31": "159.93500", "2005-12-31": "124.60900"}, "Net Change In Property, Plant, And Equipment": {"2020-12-31": "", "2019-12-31": "-440.82900", "2018-12-31": "-5.18000", "2017-12-31": "-354.62800", "2016-12-31": "-300.40600", "2015-12-31": "-511.24100", "2014-12-31": "-559.41700", "2013-12-31": "-405.24300", "2012-12-31": "-487.18200", "2011-12-31": "-208.95100", "2010-12-31": "-486.22000", "2009-12-31": "-154.26500", "2008-12-31": "-241.31200", "2007-12-31": "-338.63710", "2006-12-31": "-284.13200", "2005-12-31": "-84.51100"}, "Net Change In Intangible Assets": {"2020-12-31": "", "2019-12-31": "", "2018-12-31": "", "2017-12-31": "", "2016-12-31": "", "2015-12-31": "", "2014-12-31": "", "2013-12-31": "", "2012-12-31": "", "2011-12-31": "", "2010-12-31": "", "2009-12-31": "", "2008-12-31": "", "2007-12-31": "", "2006-12-31": "", "2005-12-31": ""}, "Net Acquisitions/Divestitures": {"2020-12-31": "", "2019-12-31": "", "2018-12-31": "", "2017-12-31": "", "2016-12-31": "", "2015-12-31": "", "2014-12-31": "", "2013-12-31": "", "2012-12-31": "", "2011-12-31": "", "2010-12-31": "", "2009-12-31": "", "2008-12-31": "", "2007-12-31": "", "2006-12-31": "", "2005-12-31": ""}, "Net Change In Short-term Investments": {"2020-12-31": "", "2019-12-31": "101.07300", "2018-12-31": "-6.43100", "2017-12-31": "-32.41200", "2016-12-31": "11.67900", "2015-12-31": "-5.39300", "2014-12-31": "-11.76300", "2013-12-31": "7.73000", "2012-12-31": "-12.03200", "2011-12-31": "24.95000", "2010-12-31": "52.06500", "2009-12-31": "-93.43800", "2008-12-31": "-22.34600", "2007-12-31": "-2.01700", "2006-12-31": "", "2005-12-31": ""}, "Net Change In Long-Term Investments": {"2020-12-31": "", "2019-12-31": "", "2018-12-31": "", "2017-12-31": "", "2016-12-31": "", "2015-12-31": "", "2014-12-31": "", "2013-12-31": "", "2012-12-31": "", "2011-12-31": "", "2010-12-31": "", "2009-12-31": "", "2008-12-31": "", "2007-12-31": "", "2006-12-31": "", "2005-12-31": ""}, "Net Change In Investments - Total": {"2020-12-31": "", "2019-12-31": "101.07300", "2018-12-31": "-6.43100", "2017-12-31": "-32.41200", "2016-12-31": "11.67900", "2015-12-31": "-5.39300", "2014-12-31": "-11.76300", "2013-12-31": "7.73000", "2012-12-31": "-12.03200", "2011-12-31": "24.95000", "2010-12-31": "52.06500", "2009-12-31": "-93.43800", "2008-12-31": "-22.34600", "2007-12-31": "-2.01700", "2006-12-31": "", "2005-12-31": ""}, "Investing Activities - Other": {"2020-12-31": "", "2019-12-31": "-187.93500", "2018-12-31": "-48.28200", "2017-12-31": "-180.90000", "2016-12-31": "-124.34400", "2015-12-31": "-208.92200", "2014-12-31": "-575.97600", "2013-12-31": "-56.18300", "2012-12-31": "-312.92400", "2011-12-31": "-241.78200", "2010-12-31": "-76.71300", "2009-12-31": "28.74500", "2008-12-31": "-21.36500", "2007-12-31": "-37.21600", "2006-12-31": "-28.74400", "2005-12-31": "53.66800"}, "Cash Flow From Investing Activities": {"2020-12-31": "", "2019-12-31": "-527.69100", "2018-12-31": "-59.89300", "2017-12-31": "-567.94000", "2016-12-31": "-413.07100", "2015-12-31": "-725.55600", "2014-12-31": "-1147.15600", "2013-12-31": "-453.69600", "2012-12-31": "-812.13800", "2011-12-31": "-425.78300", "2010-12-31": "-510.86800", "2009-12-31": "-218.95800", "2008-12-31": "-285.02300", "2007-12-31": "-377.87000", "2006-12-31": "-312.87600", "2005-12-31": "-30.84300"}, "Net Long-Term Debt": {"2020-12-31": "", "2019-12-31": "73.67380", "2018-12-31": "-110.62500", "2017-12-31": "90.82090", "2016-12-31": "247.26210", "2015-12-31": "148.50400", "2014-12-31": "279.38600", "2013-12-31": "218.16090", "2012-12-31": "374.53600", "2011-12-31": "79.54900", "2010-12-31": "326.17400", "2009-12-31": "92.50700", "2008-12-31": "165.14400", "2007-12-31": "188.01400", "2006-12-31": "57.26300", "2005-12-31": "40.73300"}, "Net Current Debt": {"2020-12-31": "", "2019-12-31": "", "2018-12-31": "", "2017-12-31": "", "2016-12-31": "", "2015-12-31": "", "2014-12-31": "", "2013-12-31": "", "2012-12-31": "", "2011-12-31": "", "2010-12-31": "", "2009-12-31": "", "2008-12-31": "", "2007-12-31": "", "2006-12-31": "", "2005-12-31": ""}, "Debt Issuance/Retirement Net - Total": {"2020-12-31": "", "2019-12-31": "73.67380", "2018-12-31": "-110.62500", "2017-12-31": "90.82090", "2016-12-31": "247.26210", "2015-12-31": "148.50400", "2014-12-31": "279.38600", "2013-12-31": "218.16090", "2012-12-31": "374.53600", "2011-12-31": "79.54900", "2010-12-31": "326.17400", "2009-12-31": "92.50700", "2008-12-31": "165.14400", "2007-12-31": "188.01400", "2006-12-31": "57.26300", "2005-12-31": "40.73300"}, "Net Common Equity Issued/Repurchased": {"2020-12-31": "", "2019-12-31": "53.01700", "2018-12-31": "-45.93900", "2017-12-31": "115.69000", "2016-12-31": "17.52000", "2015-12-31": "358.67700", "2014-12-31": "542.41800", "2013-12-31": "142.70700", "2012-12-31": "360.36300", "2011-12-31": "330.91700", "2010-12-31": "256.22000", "2009-12-31": "179.18300", "2008-12-31": "133.91200", "2007-12-31": "176.11600", "2006-12-31": "52.56000", "2005-12-31": "-20.51100"}, "Net Total Equity Issued/Repurchased": {"2020-12-31": "", "2019-12-31": "53.01700", "2018-12-31": "-45.93900", "2017-12-31": "115.69000", "2016-12-31": "-56.23000", "2015-12-31": "358.67700", "2014-12-31": "542.41800", "2013-12-31": "142.70700", "2012-12-31": "360.36300", "2011-12-31": "298.32600", "2010-12-31": "256.22000", "2009-12-31": "87.48000", "2008-12-31": "123.84700", "2007-12-31": "176.11600", "2006-12-31": "193.69300", "2005-12-31": "-25.03900"}, "Total Common And Preferred Stock Dividends Paid": {"2020-12-31": "", "2019-12-31": "-535.74700", "2018-12-31": "-513.23200", "2017-12-31": "-477.17700", "2016-12-31": "-436.46800", "2015-12-31": "-388.31200", "2014-12-31": "-278.03900", "2013-12-31": "-199.15600", "2012-12-31": "-172.94100", "2011-12-31": "-155.58500", "2010-12-31": "-148.42400", "2009-12-31": "-139.21000", "2008-12-31": "-133.70400", "2007-12-31": "-180.35400", "2006-12-31": "-102.10300", "2005-12-31": "-99.42800"}, "Financial Activities - Other": {"2020-12-31": "", "2019-12-31": "-52.63300", "2018-12-31": "-6.59600", "2017-12-31": "-40.17700", "2016-12-31": "-11.03800", "2015-12-31": "-11.41300", "2014-12-31": "-23.15500", "2013-12-31": "-13.11300", "2012-12-31": "-11.60200", "2011-12-31": "-13.94200", "2010-12-31": "-105.53900", "2009-12-31": "-16.65500", "2008-12-31": "-19.55200", "2007-12-31": "3.51100", "2006-12-31": "-0.58700", "2005-12-31": "-6.33900"}, "Cash Flow From Financial Activities": {"2020-12-31": "", "2019-12-31": "-461.68900", "2018-12-31": "-676.39200", "2017-12-31": "-310.84300", "2016-12-31": "-256.47400", "2015-12-31": "107.45600", "2014-12-31": "520.61000", "2013-12-31": "148.59900", "2012-12-31": "550.35600", "2011-12-31": "208.34800", "2010-12-31": "328.43100", "2009-12-31": "24.12200", "2008-12-31": "135.73500", "2007-12-31": "187.28700", "2006-12-31": "148.26600", "2005-12-31": "-90.07300"}, "Net Cash Flow": {"2020-12-31": "", "2019-12-31": "-70.30100", "2018-12-31": "90.26900", "2017-12-31": "-109.17600", "2016-12-31": "47.24700", "2015-12-31": "4.07300", "2014-12-31": "7.11900", "2013-12-31": "-0.11500", "2012-12-31": "5.71700", "2011-12-31": "-0.86400", "2010-12-31": "-6.90700", "2009-12-31": "-21.24900", "2008-12-31": "31.95300", "2007-12-31": "0.29400", "2006-12-31": "-4.67500", "2005-12-31": "3.69300"}, "Stock-Based Compensation": {"2020-12-31": "", "2019-12-31": "7.01000", "2018-12-31": "7.13500", "2017-12-31": "9.28600", "2016-12-31": "9.81100", "2015-12-31": "6.06100", "2014-12-31": "8.74000", "2013-12-31": "4.50800", "2012-12-31": "4.14100", "2011-12-31": "2.92700", "2010-12-31": "3.25100", "2009-12-31": "3.41200", "2008-12-31": "3.94000", "2007-12-31": "", "2006-12-31": "", "2005-12-31": ""}, "Common Stock Dividends Paid": {"2020-12-31": "", "2019-12-31": "-535.74700", "2018-12-31": "-513.23200", "2017-12-31": "-477.17700", "2016-12-31": "-436.46800", "2015-12-31": "-388.31200", "2014-12-31": "-278.03900", "2013-12-31": "-199.15600", "2012-12-31": "-172.94100", "2011-12-31": "-155.58500", "2010-12-31": "-148.42400", "2009-12-31": "-139.21000", "2008-12-31": "-133.70400", "2007-12-31": "-180.35400", "2006-12-31": "-102.10300", "2005-12-31": "-99.42800"}}, "cash flow statement, quarterly": {"Net Income/Loss": {"2020-12-31": -497.683, "2020-09-30": 78.842, "2020-06-30": 90.076, "2020-03-31": "328.76500", "2019-12-31": 135.182, "2019-09-30": 105.7, "2019-06-30": 98.061, "2019-03-31": "125.50500", "2018-12-31": 124.44, "2018-09-30": 86.11, "2018-06-30": 106.41, "2018-03-31": "96.63900", "2017-12-31": 109.662, "2017-09-30": 85.035, "2017-06-30": 75.795, "2017-03-31": "187.55100", "2016-12-31": 204.517, "2016-09-30": 70.162, "2016-06-30": 76.824, "2016-03-31": "86.90700", "2015-12-31": 85.762, "2015-09-30": 47.182, "2015-06-30": 50.542, "2015-03-31": "64.75300", "2014-12-31": 44.805, "2014-09-30": 58.581, "2014-06-30": 4.646, "2014-03-31": "26.40600", "2013-12-31": 36.902, "2013-09-30": 75.875, "2013-06-30": 29.575, "2013-03-31": "29.70300", "2012-12-31": 49.64, "2012-09-30": 20.221, "2012-06-30": 42.488, "2012-03-31": "27.24100", "2011-12-31": 17.868, "2011-09-30": 11.088, "2011-06-30": 16.053, "2011-03-31": "12.50700", "2010-12-31": 8.628, "2010-09-30": 10.426, "2010-06-30": 31.728, "2010-03-31": "0.00000", "2009-12-31": 53.739, "2009-09-30": 0, "2009-06-30": 0, "2009-03-31": "0.00000", "2008-12-31": 84.395, "2008-09-30": 0, "2008-06-30": 0, "2008-03-31": "0.00000", "2007-12-31": 203.061, "2007-09-30": 0, "2007-06-30": 0, "2007-03-31": "0.00000", "2006-12-31": 62.748, "2006-09-30": 0, "2006-06-30": 0, "2006-03-31": "0.00000", "2005-12-31": 79.716, "2005-09-30": 0, "2005-06-30": 0, "2005-03-31": "0.00000"}, "Total Depreciation And Amortization - Cash Flow": {"2020-12-31": -393.949, "2020-09-30": 129.67, "2020-06-30": 132.817, "2020-03-31": "131.46200", "2019-12-31": 113.325, "2019-09-30": 116.733, "2019-06-30": 115.104, "2019-03-31": "115.78600", "2018-12-31": 115.28, "2018-09-30": 115.766, "2018-06-30": 114.33, "2018-03-31": "114.28400", "2017-12-31": 113.181, "2017-09-30": 112.778, "2017-06-30": 113.234, "2017-03-31": "108.62100", "2016-12-31": 104.593, "2016-09-30": 103.319, "2016-06-30": 102.169, "2016-03-31": "102.15600", "2015-12-31": 108.803, "2015-09-30": 109.134, "2015-06-30": 106.215, "2015-03-31": "97.52100", "2014-12-31": 94.247, "2014-09-30": 95.555, "2014-06-30": 95.433, "2014-03-31": "51.36000", "2013-12-31": 51.225, "2013-09-30": 49.622, "2013-06-30": 49.634, "2013-03-31": "47.85300", "2012-12-31": 46.202, "2012-09-30": 44.221, "2012-06-30": 42.971, "2012-03-31": "41.97700", "2011-12-31": 40.877, "2011-09-30": 39.632, "2011-06-30": 38.503, "2011-03-31": "38.45300", "2010-12-31": 36.427, "2010-09-30": 28.357, "2010-06-30": 61.235, "2010-03-31": "", "2009-12-31": 119.737, "2009-09-30": 0, "2009-06-30": 0, "2009-03-31": "", "2008-12-31": 120.31, "2008-09-30": 0, "2008-06-30": 0, "2008-03-31": "", "2007-12-31": 109.224, "2007-09-30": 0, "2007-06-30": 0, "2007-03-31": "", "2006-12-31": 85.779, "2006-09-30": 0, "2006-06-30": 0, "2006-03-31": "", "2005-12-31": 82.045, "2005-09-30": 0, "2005-06-30": 0, "2005-03-31": ""}, "Other Non-Cash Items": {"2020-12-31": 276.812, "2020-09-30": -25.631, "2020-06-30": -23.966, "2020-03-31": "-227.21500", "2019-12-31": -11.818, "2019-09-30": -1.741, "2019-06-30": 4.885, "2019-03-31": "-35.15100", "2018-12-31": -42.007, "2018-09-30": 0.957, "2018-06-30": -14.137, "2018-03-31": "8.65500", "2017-12-31": -11.812, "2017-09-30": 0.613, "2017-06-30": 3.793, "2017-03-31": "-112.19600", "2016-12-31": -126.314, "2016-09-30": 12.205, "2016-06-30": 0.541, "2016-03-31": "-24.82300", "2015-12-31": -21.48, "2015-09-30": 8.105, "2015-06-30": -6.288, "2015-03-31": "-25.36000", "2014-12-31": 8.825, "2014-09-30": -26.88, "2014-06-30": 2.638, "2014-03-31": "-3.88200", "2013-12-31": -7.132, "2013-09-30": -51.967, "2013-06-30": -2.285, "2013-03-31": "-2.52900", "2012-12-31": -29.316, "2012-09-30": 3.537, "2012-06-30": -17.171, "2012-03-31": "-9.02200", "2011-12-31": 0.775, "2011-09-30": 3.774, "2011-06-30": -4.296, "2011-03-31": "-2.67100", "2010-12-31": 0.43, "2010-09-30": 1.247, "2010-06-30": -6.891, "2010-03-31": "", "2009-12-31": 4.61, "2009-09-30": 0, "2009-06-30": 0, "2009-03-31": "", "2008-12-31": -15.046, "2008-09-30": 0, "2008-06-30": 0, "2008-03-31": "", "2007-12-31": -133.258, "2007-09-30": 0, "2007-06-30": 0, "2007-03-31": "", "2006-12-31": 2.945, "2006-09-30": 0, "2006-06-30": 0, "2006-03-31": "", "2005-12-31": -37.766, "2005-09-30": 0, "2005-06-30": 0, "2005-03-31": ""}, "Total Non-Cash Items": {"2020-12-31": -117.137, "2020-09-30": 104.039, "2020-06-30": 108.851, "2020-03-31": "-95.75300", "2019-12-31": 101.507, "2019-09-30": 114.992, "2019-06-30": 119.989, "2019-03-31": "80.63500", "2018-12-31": 73.273, "2018-09-30": 116.723, "2018-06-30": 100.193, "2018-03-31": "122.93900", "2017-12-31": 101.369, "2017-09-30": 113.391, "2017-06-30": 117.027, "2017-03-31": "-3.57500", "2016-12-31": -21.721, "2016-09-30": 115.524, "2016-06-30": 102.71, "2016-03-31": "77.33300", "2015-12-31": 87.323, "2015-09-30": 117.239, "2015-06-30": 99.927, "2015-03-31": "72.16100", "2014-12-31": 103.072, "2014-09-30": 68.675, "2014-06-30": 98.071, "2014-03-31": "47.47800", "2013-12-31": 44.093, "2013-09-30": -2.345, "2013-06-30": 47.349, "2013-03-31": "45.32400", "2012-12-31": 16.886, "2012-09-30": 47.758, "2012-06-30": 25.8, "2012-03-31": "32.95500", "2011-12-31": 41.652, "2011-09-30": 43.406, "2011-06-30": 34.207, "2011-03-31": "35.78200", "2010-12-31": 36.857, "2010-09-30": 29.604, "2010-06-30": 54.344, "2010-03-31": "", "2009-12-31": 124.347, "2009-09-30": 0, "2009-06-30": 0, "2009-03-31": "", "2008-12-31": 105.264, "2008-09-30": 0, "2008-06-30": 0, "2008-03-31": "", "2007-12-31": -24.034, "2007-09-30": 0, "2007-06-30": 0, "2007-03-31": "", "2006-12-31": 88.724, "2006-09-30": 0, "2006-06-30": 0, "2006-03-31": "", "2005-12-31": 44.279, "2005-09-30": 0, "2005-06-30": 0, "2005-03-31": ""}, "Change In Accounts Receivable": {"2020-12-31": 0, "2020-09-30": 0, "2020-06-30": 0, "2020-03-31": "", "2019-12-31": 0, "2019-09-30": 0, "2019-06-30": 0, "2019-03-31": "", "2018-12-31": 0, "2018-09-30": 0, "2018-06-30": 0, "2018-03-31": "", "2017-12-31": 0, "2017-09-30": 0, "2017-06-30": 0, "2017-03-31": "", "2016-12-31": 0, "2016-09-30": 0, "2016-06-30": 0, "2016-03-31": "", "2015-12-31": 0, "2015-09-30": 0, "2015-06-30": 0, "2015-03-31": "", "2014-12-31": 0, "2014-09-30": 0, "2014-06-30": 0, "2014-03-31": "", "2013-12-31": 0, "2013-09-30": 0, "2013-06-30": 0, "2013-03-31": "", "2012-12-31": 0, "2012-09-30": 0, "2012-06-30": 0, "2012-03-31": "", "2011-12-31": 0, "2011-09-30": 0, "2011-06-30": 0, "2011-03-31": "", "2010-12-31": 0, "2010-09-30": 0, "2010-06-30": 0, "2010-03-31": "", "2009-12-31": 0, "2009-09-30": 0, "2009-06-30": 0, "2009-03-31": "", "2008-12-31": 0, "2008-09-30": 0, "2008-06-30": 0, "2008-03-31": "", "2007-12-31": 0, "2007-09-30": 0, "2007-06-30": 0, "2007-03-31": "", "2006-12-31": 0, "2006-09-30": 0, "2006-06-30": 0, "2006-03-31": "", "2005-12-31": 0, "2005-09-30": 0, "2005-06-30": 0, "2005-03-31": ""}, "Change In Inventories": {"2020-12-31": 0, "2020-09-30": 0, "2020-06-30": 0, "2020-03-31": "", "2019-12-31": 0, "2019-09-30": 0, "2019-06-30": 0, "2019-03-31": "", "2018-12-31": 0, "2018-09-30": 0, "2018-06-30": 0, "2018-03-31": "", "2017-12-31": 0, "2017-09-30": 0, "2017-06-30": 0, "2017-03-31": "", "2016-12-31": 0, "2016-09-30": 0, "2016-06-30": 0, "2016-03-31": "", "2015-12-31": 0, "2015-09-30": 0, "2015-06-30": 0, "2015-03-31": "", "2014-12-31": 0, "2014-09-30": 0, "2014-06-30": 0, "2014-03-31": "", "2013-12-31": 0, "2013-09-30": 0, "2013-06-30": 0, "2013-03-31": "", "2012-12-31": 0, "2012-09-30": 0, "2012-06-30": 0, "2012-03-31": "", "2011-12-31": 0, "2011-09-30": 0, "2011-06-30": 0, "2011-03-31": "", "2010-12-31": 0, "2010-09-30": 0, "2010-06-30": 0, "2010-03-31": "", "2009-12-31": 0, "2009-09-30": 0, "2009-06-30": 0, "2009-03-31": "", "2008-12-31": 0, "2008-09-30": 0, "2008-06-30": 0, "2008-03-31": "", "2007-12-31": 0, "2007-09-30": 0, "2007-06-30": 0, "2007-03-31": "", "2006-12-31": 0, "2006-09-30": 0, "2006-06-30": 0, "2006-03-31": "", "2005-12-31": 0, "2005-09-30": 0, "2005-06-30": 0, "2005-03-31": ""}, "Change In Accounts Payable": {"2020-12-31": 0, "2020-09-30": 0, "2020-06-30": 0, "2020-03-31": "", "2019-12-31": 0, "2019-09-30": 0, "2019-06-30": 0, "2019-03-31": "", "2018-12-31": 0, "2018-09-30": 0, "2018-06-30": 0, "2018-03-31": "", "2017-12-31": 0, "2017-09-30": 0, "2017-06-30": 0, "2017-03-31": "", "2016-12-31": 0, "2016-09-30": 0, "2016-06-30": 0, "2016-03-31": "", "2015-12-31": 0, "2015-09-30": 0, "2015-06-30": 0, "2015-03-31": "", "2014-12-31": 0, "2014-09-30": 0, "2014-06-30": 0, "2014-03-31": "", "2013-12-31": 0, "2013-09-30": 0, "2013-06-30": 0, "2013-03-31": "", "2012-12-31": 0, "2012-09-30": 0, "2012-06-30": 0, "2012-03-31": "", "2011-12-31": 0, "2011-09-30": 0, "2011-06-30": 0, "2011-03-31": "", "2010-12-31": 0, "2010-09-30": 0, "2010-06-30": 0, "2010-03-31": "", "2009-12-31": 0, "2009-09-30": 0, "2009-06-30": 0, "2009-03-31": "", "2008-12-31": 0, "2008-09-30": 0, "2008-06-30": 0, "2008-03-31": "", "2007-12-31": 0, "2007-09-30": 0, "2007-06-30": 0, "2007-03-31": "", "2006-12-31": 0, "2006-09-30": 0, "2006-06-30": 0, "2006-03-31": "", "2005-12-31": 0, "2005-09-30": 0, "2005-06-30": 0, "2005-03-31": ""}, "Change In Assets/Liabilities": {"2020-12-31": 4.478, "2020-09-30": 3.916, "2020-06-30": -9.5, "2020-03-31": "1.10600", "2019-12-31": 10.193, "2019-09-30": 4.607, "2019-06-30": -2.567, "2019-03-31": "-4.27600", "2018-12-31": 3.318, "2018-09-30": 2.153, "2018-06-30": -2.128, "2018-03-31": "-3.37100", "2017-12-31": -0.729, "2017-09-30": -1.34, "2017-06-30": 2.047, "2017-03-31": "-3.15200", "2016-12-31": 1.158, "2016-09-30": 4.269, "2016-06-30": -4.363, "2016-03-31": "1.17000", "2015-12-31": 2.53, "2015-09-30": 4.883, "2015-06-30": -9.153, "2015-03-31": "3.89400", "2014-12-31": 7.029, "2014-09-30": 7.226, "2014-06-30": 0.211, "2014-03-31": "2.87900", "2013-12-31": 17.924, "2013-09-30": -20.558, "2013-06-30": -1.154, "2013-03-31": "2.22200", "2012-12-31": -4.555, "2012-09-30": 0.93, "2012-06-30": -1.579, "2012-03-31": "-2.64600", "2011-12-31": 0.942, "2011-09-30": -1.057, "2011-06-30": 0.766, "2011-03-31": "-0.26300", "2010-12-31": -3.523, "2010-09-30": 2.795, "2010-06-30": 0.369, "2010-03-31": "", "2009-12-31": -2.135, "2009-09-30": 0, "2009-06-30": 0, "2009-03-31": "", "2008-12-31": -0.927, "2008-09-30": 0, "2008-06-30": 0, "2008-03-31": "", "2007-12-31": 3.712, "2007-09-30": 0, "2007-06-30": 0, "2007-03-31": "", "2006-12-31": 2.301, "2006-09-30": 0, "2006-06-30": 0, "2006-03-31": "", "2005-12-31": -4.095, "2005-09-30": 0, "2005-06-30": 0, "2005-03-31": ""}, "Total Change In Assets/Liabilities": {"2020-12-31": -38.617, "2020-09-30": 44.446, "2020-06-30": -39.743, "2020-03-31": "33.91400", "2019-12-31": -24.537, "2019-09-30": 56.402, "2019-06-30": -43.976, "2019-03-31": "49.61900", "2018-12-31": -52.296, "2018-09-30": 54.783, "2018-06-30": -51.44, "2018-03-31": "48.78000", "2017-12-31": -64.991, "2017-09-30": 52.617, "2017-06-30": -43.604, "2017-03-31": "39.33000", "2016-12-31": -46.501, "2016-09-30": 44.458, "2016-06-30": -29.791, "2016-03-31": "36.37000", "2015-12-31": -42.825, "2015-09-30": 36.439, "2015-06-30": -25.97, "2015-03-31": "25.63500", "2014-12-31": -12.726, "2014-09-30": 41.915, "2014-06-30": -5.621, "2014-03-31": "18.01000", "2013-12-31": -1.095, "2013-09-30": 0.966, "2013-06-30": -12.03, "2013-03-31": "10.66500", "2012-12-31": -18.362, "2012-09-30": 21.964, "2012-06-30": -11.056, "2012-03-31": "11.96400", "2011-12-31": -13.643, "2011-09-30": 11.849, "2011-06-30": -3.216, "2011-03-31": "9.01800", "2010-12-31": -18.239, "2010-09-30": 18.84, "2010-06-30": 3.342, "2010-03-31": "", "2009-12-31": -4.499, "2009-09-30": 0, "2009-06-30": 0, "2009-03-31": "", "2008-12-31": -8.418, "2008-09-30": 0, "2008-06-30": 0, "2008-03-31": "", "2007-12-31": 11.85, "2007-09-30": 0, "2007-06-30": 0, "2007-03-31": "", "2006-12-31": 8.463, "2006-09-30": 0, "2006-06-30": 0, "2006-03-31": "", "2005-12-31": 0.614, "2005-09-30": 0, "2005-06-30": 0, "2005-03-31": ""}, "Cash Flow From Operating Activities": {"2020-12-31": -653.437, "2020-09-30": 227.327, "2020-06-30": 159.184, "2020-03-31": "266.92600", "2019-12-31": 212.152, "2019-09-30": 277.094, "2019-06-30": 174.074, "2019-03-31": "255.75900", "2018-12-31": 145.417, "2018-09-30": 257.616, "2018-06-30": 155.163, "2018-03-31": "268.35800", "2017-12-31": 146.04, "2017-09-30": 251.043, "2017-06-30": 149.218, "2017-03-31": "223.30600", "2016-12-31": 136.295, "2016-09-30": 230.144, "2016-06-30": 149.743, "2016-03-31": "200.61000", "2015-12-31": 130.26, "2015-09-30": 200.86, "2015-06-30": 124.499, "2015-03-31": "162.54900", "2014-12-31": 135.151, "2014-09-30": 169.171, "2014-06-30": 97.096, "2014-03-31": "91.89400", "2013-12-31": 79.9, "2013-09-30": 74.496, "2013-06-30": 64.894, "2013-03-31": "85.69200", "2012-12-31": 48.164, "2012-09-30": 89.943, "2012-06-30": 57.232, "2012-03-31": "72.16000", "2011-12-31": 45.877, "2011-09-30": 66.343, "2011-06-30": 47.044, "2011-03-31": "57.30700", "2010-12-31": 27.246, "2010-09-30": 58.87, "2010-06-30": 36.439, "2010-03-31": "52.97500", "2009-12-31": 25.925, "2009-09-30": 58.428, "2009-06-30": 34.171, "2009-03-31": "55.06300", "2008-12-31": 38.193, "2008-09-30": 53.315, "2008-06-30": 42.498, "2008-03-31": "47.23500", "2007-12-31": 32.729, "2007-09-30": 58.496, "2007-06-30": 39.721, "2007-03-31": "59.93100", "2006-12-31": 21.395, "2006-09-30": 68.027, "2006-06-30": 26.642, "2006-03-31": "43.87100", "2005-12-31": 17.957, "2005-09-30": 40.023, "2005-06-30": 28.147, "2005-03-31": "38.48200"}, "Net Change In Property, Plant, And Equipment": {"2020-12-31": 375.243, "2020-09-30": -20.103, "2020-06-30": 164.29, "2020-03-31": "-519.43000", "2019-12-31": -92.472, "2019-09-30": -141.933, "2019-06-30": -90.902, "2019-03-31": "-115.52200", "2018-12-31": 113.31, "2018-09-30": -101, "2018-06-30": 54.426, "2018-03-31": "-71.91600", "2017-12-31": -94.326, "2017-09-30": -90.285, "2017-06-30": -59.748, "2017-03-31": "-110.26900", "2016-12-31": -62.299, "2016-09-30": -66.139, "2016-06-30": -57.172, "2016-03-31": "-114.79600", "2015-12-31": -10.234, "2015-09-30": -71.756, "2015-06-30": -178.285, "2015-03-31": "-250.96600", "2014-12-31": 2.994, "2014-09-30": -363.635, "2014-06-30": -146.177, "2014-03-31": "-52.59900", "2013-12-31": -144.175, "2013-09-30": -44.327, "2013-06-30": -32.245, "2013-03-31": "-184.49600", "2012-12-31": -277.346, "2012-09-30": -110.498, "2012-06-30": -58.35, "2012-03-31": "-40.98800", "2011-12-31": -48.43, "2011-09-30": -34.809, "2011-06-30": -46.98, "2011-03-31": "-78.73200", "2010-12-31": -344.059, "2010-09-30": -69.751, "2010-06-30": -38.056, "2010-03-31": "-34.35400", "2009-12-31": -79.416, "2009-09-30": -27.865, "2009-06-30": -22.137, "2009-03-31": "-24.84700", "2008-12-31": -47.469, "2008-09-30": -89.993, "2008-06-30": -72.552, "2008-03-31": "-31.29800", "2007-12-31": 18.7299, "2007-09-30": -157.412, "2007-06-30": -184.146, "2007-03-31": "-15.80900", "2006-12-31": -53.874, "2006-09-30": -136.854, "2006-06-30": -25.581, "2006-03-31": "-67.82300", "2005-12-31": -14.078, "2005-09-30": -31.955, "2005-06-30": -18.884, "2005-03-31": "-19.59400"}, "Net Change In Intangible Assets": {"2020-12-31": 0, "2020-09-30": 0, "2020-06-30": 0, "2020-03-31": "", "2019-12-31": 0, "2019-09-30": 0, "2019-06-30": 0, "2019-03-31": "", "2018-12-31": 0, "2018-09-30": 0, "2018-06-30": 0, "2018-03-31": "", "2017-12-31": 0, "2017-09-30": 0, "2017-06-30": 0, "2017-03-31": "", "2016-12-31": 0, "2016-09-30": 0, "2016-06-30": 0, "2016-03-31": "", "2015-12-31": 0, "2015-09-30": 0, "2015-06-30": 0, "2015-03-31": "", "2014-12-31": 0, "2014-09-30": 0, "2014-06-30": 0, "2014-03-31": "", "2013-12-31": 0, "2013-09-30": 0, "2013-06-30": 0, "2013-03-31": "", "2012-12-31": 0, "2012-09-30": 0, "2012-06-30": 0, "2012-03-31": "", "2011-12-31": 0, "2011-09-30": 0, "2011-06-30": 0, "2011-03-31": "", "2010-12-31": 0, "2010-09-30": 0, "2010-06-30": 0, "2010-03-31": "", "2009-12-31": 0, "2009-09-30": 0, "2009-06-30": 0, "2009-03-31": "", "2008-12-31": 0, "2008-09-30": 0, "2008-06-30": 0, "2008-03-31": "", "2007-12-31": 0, "2007-09-30": 0, "2007-06-30": 0, "2007-03-31": "", "2006-12-31": 0, "2006-09-30": 0, "2006-06-30": 0, "2006-03-31": "", "2005-12-31": 0, "2005-09-30": 0, "2005-06-30": 0, "2005-03-31": ""}, "Net Acquisitions/Divestitures": {"2020-12-31": 0, "2020-09-30": 0, "2020-06-30": 0, "2020-03-31": "", "2019-12-31": 0, "2019-09-30": 0, "2019-06-30": 0, "2019-03-31": "", "2018-12-31": 0, "2018-09-30": 0, "2018-06-30": 0, "2018-03-31": "", "2017-12-31": 0, "2017-09-30": 0, "2017-06-30": 0, "2017-03-31": "", "2016-12-31": 0, "2016-09-30": 0, "2016-06-30": 0, "2016-03-31": "", "2015-12-31": 0, "2015-09-30": 0, "2015-06-30": 0, "2015-03-31": "", "2014-12-31": 0, "2014-09-30": 0, "2014-06-30": 0, "2014-03-31": "", "2013-12-31": 0, "2013-09-30": 0, "2013-06-30": 0, "2013-03-31": "", "2012-12-31": 0, "2012-09-30": 0, "2012-06-30": 0, "2012-03-31": "", "2011-12-31": 0, "2011-09-30": 0, "2011-06-30": 0, "2011-03-31": "", "2010-12-31": 96.596, "2010-09-30": -89.839, "2010-06-30": -6.757, "2010-03-31": "", "2009-12-31": 0, "2009-09-30": 0, "2009-06-30": 0, "2009-03-31": "", "2008-12-31": 0, "2008-09-30": 0, "2008-06-30": 0, "2008-03-31": "", "2007-12-31": 0, "2007-09-30": 0, "2007-06-30": 0, "2007-03-31": "", "2006-12-31": 0, "2006-09-30": 0, "2006-06-30": 0, "2006-03-31": "", "2005-12-31": 0, "2005-09-30": 0, "2005-06-30": 0, "2005-03-31": ""}, "Net Change In Short-term Investments": {"2020-12-31": -17.981, "2020-09-30": 24.669, "2020-06-30": 3.878, "2020-03-31": "-10.56600", "2019-12-31": 86.561, "2019-09-30": 4.384, "2019-06-30": 1.694, "2019-03-31": "8.43400", "2018-12-31": 0.198, "2018-09-30": 2.391, "2018-06-30": -5.162, "2018-03-31": "-3.85800", "2017-12-31": -0.121, "2017-09-30": -27.442, "2017-06-30": -8.813, "2017-03-31": "3.96400", "2016-12-31": 15.75, "2016-09-30": 1.102, "2016-06-30": -8.874, "2016-03-31": "3.70100", "2015-12-31": 1.341, "2015-09-30": -1.452, "2015-06-30": 1.251, "2015-03-31": "-6.53300", "2014-12-31": -2.522, "2014-09-30": -0.092, "2014-06-30": -2.825, "2014-03-31": "-6.32400", "2013-12-31": 1.342, "2013-09-30": 0.055, "2013-06-30": -7.461, "2013-03-31": "13.79400", "2012-12-31": 55.381, "2012-09-30": -38.12, "2012-06-30": -25.203, "2012-03-31": "-4.09000", "2011-12-31": 5.001, "2011-09-30": -1.243, "2011-06-30": 1.199, "2011-03-31": "19.99300", "2010-12-31": 4.47, "2010-09-30": -0.048, "2010-06-30": 23.658, "2010-03-31": "23.98500", "2009-12-31": -2.194, "2009-09-30": -17.946, "2009-06-30": -68.372, "2009-03-31": "-4.92600", "2008-12-31": 34.251, "2008-09-30": -56.111, "2008-06-30": 1.542, "2008-03-31": "-2.02800", "2007-12-31": 3.826, "2007-09-30": -2.028, "2007-06-30": 1.969, "2007-03-31": "-5.78400", "2006-12-31": 0, "2006-09-30": 0, "2006-06-30": 0, "2006-03-31": "", "2005-12-31": 0, "2005-09-30": 0, "2005-06-30": 0, "2005-03-31": ""}, "Net Change In Long-Term Investments": {"2020-12-31": 0, "2020-09-30": 0, "2020-06-30": 0, "2020-03-31": "", "2019-12-31": 0, "2019-09-30": 0, "2019-06-30": 0, "2019-03-31": "", "2018-12-31": 0, "2018-09-30": 0, "2018-06-30": 0, "2018-03-31": "", "2017-12-31": 0, "2017-09-30": 0, "2017-06-30": 0, "2017-03-31": "", "2016-12-31": 0, "2016-09-30": 0, "2016-06-30": 0, "2016-03-31": "", "2015-12-31": 0, "2015-09-30": 0, "2015-06-30": -11.072, "2015-03-31": "11.07200", "2014-12-31": -13.9, "2014-09-30": 0, "2014-06-30": 13.9, "2014-03-31": "", "2013-12-31": 0, "2013-09-30": 0, "2013-06-30": 0, "2013-03-31": "", "2012-12-31": 0, "2012-09-30": 0, "2012-06-30": 0, "2012-03-31": "", "2011-12-31": 0, "2011-09-30": 0, "2011-06-30": 0, "2011-03-31": "", "2010-12-31": 0, "2010-09-30": 0, "2010-06-30": 0, "2010-03-31": "", "2009-12-31": 0, "2009-09-30": 0, "2009-06-30": 0, "2009-03-31": "", "2008-12-31": 0, "2008-09-30": 0, "2008-06-30": 0, "2008-03-31": "", "2007-12-31": 0, "2007-09-30": 0, "2007-06-30": 0, "2007-03-31": "", "2006-12-31": 0, "2006-09-30": 0, "2006-06-30": 0, "2006-03-31": "", "2005-12-31": 0, "2005-09-30": 0, "2005-06-30": 0, "2005-03-31": ""}, "Net Change In Investments - Total": {"2020-12-31": -17.981, "2020-09-30": 24.669, "2020-06-30": 3.878, "2020-03-31": "-10.56600", "2019-12-31": 86.561, "2019-09-30": 4.384, "2019-06-30": 1.694, "2019-03-31": "8.43400", "2018-12-31": 0.198, "2018-09-30": 2.391, "2018-06-30": -5.162, "2018-03-31": "-3.85800", "2017-12-31": -0.121, "2017-09-30": -27.442, "2017-06-30": -8.813, "2017-03-31": "3.96400", "2016-12-31": 15.75, "2016-09-30": 1.102, "2016-06-30": -8.874, "2016-03-31": "3.70100", "2015-12-31": 1.341, "2015-09-30": -1.452, "2015-06-30": -9.821, "2015-03-31": "4.53900", "2014-12-31": -16.422, "2014-09-30": -0.092, "2014-06-30": 11.075, "2014-03-31": "-6.32400", "2013-12-31": 1.342, "2013-09-30": 0.055, "2013-06-30": -7.461, "2013-03-31": "13.79400", "2012-12-31": 55.381, "2012-09-30": -38.12, "2012-06-30": -25.203, "2012-03-31": "-4.09000", "2011-12-31": 5.001, "2011-09-30": -1.243, "2011-06-30": 1.199, "2011-03-31": "19.99300", "2010-12-31": 4.47, "2010-09-30": -0.048, "2010-06-30": 23.658, "2010-03-31": "23.98500", "2009-12-31": -2.194, "2009-09-30": -17.946, "2009-06-30": -68.372, "2009-03-31": "-4.92600", "2008-12-31": 34.251, "2008-09-30": -56.111, "2008-06-30": 1.542, "2008-03-31": "-2.02800", "2007-12-31": 3.826, "2007-09-30": -2.028, "2007-06-30": 1.969, "2007-03-31": "-5.78400", "2006-12-31": 0, "2006-09-30": 0, "2006-06-30": 0, "2006-03-31": "", "2005-12-31": 0, "2005-09-30": 0, "2005-06-30": 0, "2005-03-31": ""}, "Investing Activities - Other": {"2020-12-31": -55.274, "2020-09-30": -18.751, "2020-06-30": -10.334, "2020-03-31": "84.35900", "2019-12-31": 182.473, "2019-09-30": -235.237, "2019-06-30": -23.011, "2019-03-31": "-112.16000", "2018-12-31": -37.577, "2018-09-30": 21.793, "2018-06-30": -9.283, "2018-03-31": "-23.21500", "2017-12-31": 11.799, "2017-09-30": -103.926, "2017-06-30": -15.179, "2017-03-31": "-73.59400", "2016-12-31": -101.707, "2016-09-30": -18.646, "2016-06-30": -34.327, "2016-03-31": "30.33600", "2015-12-31": -56.342, "2015-09-30": -11.959, "2015-06-30": -100.192, "2015-03-31": "-40.42900", "2014-12-31": 18.607, "2014-09-30": -52.471, "2014-06-30": -540.445, "2014-03-31": "-1.66700", "2013-12-31": -1.876, "2013-09-30": 16.966, "2013-06-30": -136.238, "2013-03-31": "64.96500", "2012-12-31": -72.107, "2012-09-30": -53.27, "2012-06-30": -188.574, "2012-03-31": "1.02700", "2011-12-31": -123.842, "2011-09-30": -72.341, "2011-06-30": -20.152, "2011-03-31": "-25.44700", "2010-12-31": -16.357, "2010-09-30": 31.276, "2010-06-30": -24.506, "2010-03-31": "-67.12600", "2009-12-31": 6.157, "2009-09-30": -3.053, "2009-06-30": -0.535, "2009-03-31": "26.17600", "2008-12-31": -27.836, "2008-09-30": -2, "2008-06-30": 1.161, "2008-03-31": "7.31000", "2007-12-31": -14.641, "2007-09-30": -10.134, "2007-06-30": -8.396, "2007-03-31": "-4.04500", "2006-12-31": 5.016, "2006-09-30": -23.942, "2006-06-30": -3.908, "2006-03-31": "-5.91000", "2005-12-31": 2.452, "2005-09-30": 0.872, "2005-06-30": 41.402, "2005-03-31": "8.94200"}, "Cash Flow From Investing Activities": {"2020-12-31": 301.988, "2020-09-30": -14.185, "2020-06-30": 157.834, "2020-03-31": "-445.63700", "2019-12-31": 176.562, "2019-09-30": -372.786, "2019-06-30": -112.219, "2019-03-31": "-219.24800", "2018-12-31": 75.931, "2018-09-30": -76.816, "2018-06-30": 39.981, "2018-03-31": "-98.98900", "2017-12-31": -82.648, "2017-09-30": -221.653, "2017-06-30": -83.74, "2017-03-31": "-179.89900", "2016-12-31": -148.256, "2016-09-30": -83.683, "2016-06-30": -100.373, "2016-03-31": "-80.75900", "2015-12-31": -65.235, "2015-09-30": -85.167, "2015-06-30": -288.298, "2015-03-31": "-286.85600", "2014-12-31": 5.179, "2014-09-30": -416.198, "2014-06-30": -675.547, "2014-03-31": "-60.59000", "2013-12-31": -144.709, "2013-09-30": -27.306, "2013-06-30": -175.944, "2013-03-31": "-105.73700", "2012-12-31": -294.072, "2012-09-30": -201.888, "2012-06-30": -272.127, "2012-03-31": "-44.05100", "2011-12-31": -167.271, "2011-09-30": -108.393, "2011-06-30": -65.933, "2011-03-31": "-84.18600", "2010-12-31": -259.35, "2010-09-30": -128.362, "2010-06-30": -45.661, "2010-03-31": "-77.49500", "2009-12-31": -75.453, "2009-09-30": -48.864, "2009-06-30": -91.044, "2009-03-31": "-3.59700", "2008-12-31": -41.054, "2008-09-30": -148.104, "2008-06-30": -69.849, "2008-03-31": "-26.01600", "2007-12-31": 7.915, "2007-09-30": -169.574, "2007-06-30": -190.573, "2007-03-31": "-25.63800", "2006-12-31": -48.858, "2006-09-30": -160.796, "2006-06-30": -29.489, "2006-03-31": "-73.73300", "2005-12-31": -11.626, "2005-09-30": -31.083, "2005-06-30": 22.518, "2005-03-31": "-10.65200"}, "Net Long-Term Debt": {"2020-12-31": -810.7511, "2020-09-30": 295.1951, "2020-06-30": -175.021, "2020-03-31": "690.57700", "2019-12-31": -238.3423, "2019-09-30": 170.3102, "2019-06-30": 4.4469, "2019-03-31": "137.25900", "2018-12-31": -68.081, "2018-09-30": -54.1581, "2018-06-30": -24.4109, "2018-03-31": "36.02500", "2017-12-31": 75.271, "2017-09-30": -44.778, "2017-06-30": 67.1149, "2017-03-31": "-6.78700", "2016-12-31": 7.1211, "2016-09-30": -27.302, "2016-06-30": 271.451, "2016-03-31": "-4.00800", "2015-12-31": 5.316, "2015-09-30": -49.5311, "2015-06-30": -27.0129, "2015-03-31": "219.73200", "2014-12-31": -130.0961, "2014-09-30": 165.6481, "2014-06-30": 322.639, "2014-03-31": "-78.80500", "2013-12-31": 113.1949, "2013-09-30": -4.434, "2013-06-30": 153.972, "2013-03-31": "-44.57200", "2012-12-31": 223.54, "2012-09-30": 59.569, "2012-06-30": 110.017, "2012-03-31": "-18.59000", "2011-12-31": 99.242, "2011-09-30": -3.919, "2011-06-30": -128.419, "2011-03-31": "112.64500", "2010-12-31": 198.783, "2010-09-30": 80.286, "2010-06-30": 6.93, "2010-03-31": "40.17500", "2009-12-31": -10.653, "2009-09-30": 26.874, "2009-06-30": 17.117, "2009-03-31": "59.16900", "2008-12-31": 50.533, "2008-09-30": 7.103, "2008-06-30": 79.727, "2008-03-31": "27.78100", "2007-12-31": 16.636, "2007-09-30": 141.821, "2007-06-30": -35.029, "2007-03-31": "64.58600", "2006-12-31": 9.38, "2006-09-30": -18.516, "2006-06-30": 13.562, "2006-03-31": "52.83700", "2005-12-31": 42.575, "2005-09-30": 1.369, "2005-06-30": -4.443, "2005-03-31": "1.23200"}, "Net Current Debt": {"2020-12-31": 0, "2020-09-30": 0, "2020-06-30": 0, "2020-03-31": "", "2019-12-31": 0, "2019-09-30": 0, "2019-06-30": 0, "2019-03-31": "", "2018-12-31": 0, "2018-09-30": 0, "2018-06-30": 0, "2018-03-31": "", "2017-12-31": 0, "2017-09-30": 0, "2017-06-30": 0, "2017-03-31": "", "2016-12-31": 0, "2016-09-30": 0, "2016-06-30": 0, "2016-03-31": "", "2015-12-31": 0, "2015-09-30": 0, "2015-06-30": 0, "2015-03-31": "", "2014-12-31": 0, "2014-09-30": 0, "2014-06-30": 0, "2014-03-31": "", "2013-12-31": 0, "2013-09-30": 0, "2013-06-30": 0, "2013-03-31": "", "2012-12-31": 0, "2012-09-30": 0, "2012-06-30": 0, "2012-03-31": "", "2011-12-31": 0, "2011-09-30": 0, "2011-06-30": 0, "2011-03-31": "", "2010-12-31": 0, "2010-09-30": 0, "2010-06-30": 0, "2010-03-31": "", "2009-12-31": 0, "2009-09-30": 0, "2009-06-30": 0, "2009-03-31": "", "2008-12-31": 0, "2008-09-30": 0, "2008-06-30": 0, "2008-03-31": "", "2007-12-31": 0, "2007-09-30": 0, "2007-06-30": 0, "2007-03-31": "", "2006-12-31": 0, "2006-09-30": 0, "2006-06-30": 0, "2006-03-31": "", "2005-12-31": 0, "2005-09-30": 0, "2005-06-30": 0, "2005-03-31": ""}, "Debt Issuance/Retirement Net - Total": {"2020-12-31": -810.7511, "2020-09-30": 295.1951, "2020-06-30": -175.021, "2020-03-31": "690.57700", "2019-12-31": -238.3423, "2019-09-30": 170.3102, "2019-06-30": 4.4469, "2019-03-31": "137.25900", "2018-12-31": -68.081, "2018-09-30": -54.1581, "2018-06-30": -24.4109, "2018-03-31": "36.02500", "2017-12-31": 75.271, "2017-09-30": -44.778, "2017-06-30": 67.1149, "2017-03-31": "-6.78700", "2016-12-31": 7.1211, "2016-09-30": -27.302, "2016-06-30": 271.451, "2016-03-31": "-4.00800", "2015-12-31": 5.316, "2015-09-30": -49.5311, "2015-06-30": -27.0129, "2015-03-31": "219.73200", "2014-12-31": -130.0961, "2014-09-30": 165.6481, "2014-06-30": 322.639, "2014-03-31": "-78.80500", "2013-12-31": 113.1949, "2013-09-30": -4.434, "2013-06-30": 153.972, "2013-03-31": "-44.57200", "2012-12-31": 223.54, "2012-09-30": 59.569, "2012-06-30": 110.017, "2012-03-31": "-18.59000", "2011-12-31": 99.242, "2011-09-30": -3.919, "2011-06-30": -128.419, "2011-03-31": "112.64500", "2010-12-31": 198.783, "2010-09-30": 80.286, "2010-06-30": 6.93, "2010-03-31": "40.17500", "2009-12-31": -10.653, "2009-09-30": 26.874, "2009-06-30": 17.117, "2009-03-31": "59.16900", "2008-12-31": 50.533, "2008-09-30": 7.103, "2008-06-30": 79.727, "2008-03-31": "27.78100", "2007-12-31": 16.636, "2007-09-30": 141.821, "2007-06-30": -35.029, "2007-03-31": "64.58600", "2006-12-31": 9.38, "2006-09-30": -18.516, "2006-06-30": 13.562, "2006-03-31": "52.83700", "2005-12-31": 42.575, "2005-09-30": 1.369, "2005-06-30": -4.443, "2005-03-31": "1.23200"}, "Net Common Equity Issued/Repurchased": {"2020-12-31": 208.353, "2020-09-30": -26.681, "2020-06-30": -19.62, "2020-03-31": "-162.05200", "2019-12-31": 1.035, "2019-09-30": 100.31, "2019-06-30": 1.982, "2019-03-31": "-50.31000", "2018-12-31": -44.433, "2018-09-30": 0.757, "2018-06-30": 0.356, "2018-03-31": "-2.61900", "2017-12-31": 11.234, "2017-09-30": 1.85, "2017-06-30": 96.877, "2017-03-31": "5.72900", "2016-12-31": 0.024, "2016-09-30": 6.015, "2016-06-30": 6.383, "2016-03-31": "5.09800", "2015-12-31": 28.669, "2015-09-30": 38.998, "2015-06-30": 100.805, "2015-03-31": "190.20500", "2014-12-31": 86.428, "2014-09-30": 172.153, "2014-06-30": 125.065, "2014-03-31": "158.77200", "2013-12-31": 15.046, "2013-09-30": 0.566, "2013-06-30": 2.823, "2013-03-31": "124.27200", "2012-12-31": 89.336, "2012-09-30": 98.683, "2012-06-30": 139.821, "2012-03-31": "32.52300", "2011-12-31": 67.195, "2011-09-30": 89.147, "2011-06-30": 134.778, "2011-03-31": "39.79700", "2010-12-31": 136.471, "2010-09-30": 54.534, "2010-06-30": 46.812, "2010-03-31": "18.40300", "2009-12-31": 38.763, "2009-09-30": 84.317, "2009-06-30": 75.931, "2009-03-31": "-19.82800", "2008-12-31": 9.14, "2008-09-30": 135.633, "2008-06-30": 5.939, "2008-03-31": "-16.80000", "2007-12-31": -29.95, "2007-09-30": -9.371, "2007-06-30": 221.444, "2007-03-31": "-6.00700", "2006-12-31": 22.199, "2006-09-30": 18.508, "2006-06-30": 14.113, "2006-03-31": "-2.26000", "2005-12-31": -19.191, "2005-09-30": 1.265, "2005-06-30": 0.045, "2005-03-31": "-2.63000"}, "Net Total Equity Issued/Repurchased": {"2020-12-31": 208.353, "2020-09-30": -26.681, "2020-06-30": -19.62, "2020-03-31": "-162.05200", "2019-12-31": 1.035, "2019-09-30": 100.31, "2019-06-30": 1.982, "2019-03-31": "-50.31000", "2018-12-31": -44.433, "2018-09-30": 0.757, "2018-06-30": 0.356, "2018-03-31": "-2.61900", "2017-12-31": 11.234, "2017-09-30": 1.85, "2017-06-30": 96.877, "2017-03-31": "5.72900", "2016-12-31": 0.024, "2016-09-30": 6.015, "2016-06-30": -67.367, "2016-03-31": "5.09800", "2015-12-31": 28.669, "2015-09-30": 38.998, "2015-06-30": 100.805, "2015-03-31": "190.20500", "2014-12-31": 86.428, "2014-09-30": 172.153, "2014-06-30": 125.065, "2014-03-31": "158.77200", "2013-12-31": 15.046, "2013-09-30": 0.566, "2013-06-30": 2.823, "2013-03-31": "124.27200", "2012-12-31": 89.336, "2012-09-30": 98.683, "2012-06-30": 139.821, "2012-03-31": "32.52300", "2011-12-31": 67.195, "2011-09-30": 88.929, "2011-06-30": 102.405, "2011-03-31": "39.79700", "2010-12-31": 136.471, "2010-09-30": 54.534, "2010-06-30": 46.812, "2010-03-31": "18.40300", "2009-12-31": 37.674, "2009-09-30": 26.275, "2009-06-30": 75.931, "2009-03-31": "-52.40000", "2008-12-31": -0.925, "2008-09-30": 135.633, "2008-06-30": 5.939, "2008-03-31": "-16.80000", "2007-12-31": -29.95, "2007-09-30": -9.371, "2007-06-30": 221.444, "2007-03-31": "-6.00700", "2006-12-31": 23.78, "2006-09-30": 158.06, "2006-06-30": 14.113, "2006-03-31": "-2.26000", "2005-12-31": -23.719, "2005-09-30": 1.265, "2005-06-30": 0.045, "2005-03-31": "-2.63000"}, "Total Common And Preferred Stock Dividends Paid": {"2020-12-31": 423.865, "2020-09-30": -143.415, "2020-06-30": -144.093, "2020-03-31": "-136.35700", "2019-12-31": -136.62, "2019-09-30": -134.599, "2019-06-30": -135.025, "2019-03-31": "-129.50300", "2018-12-31": -129.785, "2018-09-30": -129.927, "2018-06-30": -131.991, "2018-03-31": "-121.52900", "2017-12-31": -121.662, "2017-09-30": -121.526, "2017-06-30": -123.707, "2017-03-31": "-110.28200", "2016-12-31": -110.34, "2016-09-30": -111.76, "2016-06-30": -114.034, "2016-03-31": "-100.33400", "2015-12-31": -100.523, "2015-09-30": -99.737, "2015-06-30": -100.815, "2015-03-31": "-87.23700", "2014-12-31": -87.422, "2014-09-30": -88.146, "2014-06-30": -2.114, "2014-03-31": "-100.35700", "2013-12-31": -50.902, "2013-09-30": -50.845, "2013-06-30": -52.262, "2013-03-31": "-45.14700", "2012-12-31": -44.622, "2012-09-30": -43.754, "2012-06-30": -44.256, "2012-03-31": "-40.30900", "2011-12-31": -39.5, "2011-09-30": -38.927, "2011-06-30": -39.135, "2011-03-31": "-38.02300", "2010-12-31": -36.78, "2010-09-30": -38.471, "2010-06-30": -37.809, "2010-03-31": "-35.36400", "2009-12-31": -35.163, "2009-09-30": -35.614, "2009-06-30": -33.844, "2009-03-31": "-34.58900", "2008-12-31": -34.939, "2008-09-30": -33.67, "2008-06-30": -33.742, "2008-03-31": "-31.35300", "2007-12-31": -31.329, "2007-09-30": -31.955, "2007-06-30": -29.863, "2007-03-31": "-87.20700", "2006-12-31": -26.062, "2006-09-30": -25.639, "2006-06-30": -25.666, "2006-03-31": "-24.73600", "2005-12-31": -25.043, "2005-09-30": -25.003, "2005-06-30": -25.267, "2005-03-31": "-24.11500"}, "Financial Activities - Other": {"2020-12-31": 42.001, "2020-09-30": -25.641, "2020-06-30": -4.156, "2020-03-31": "-12.20400", "2019-12-31": -25.419, "2019-09-30": -3.574, "2019-06-30": -2.414, "2019-03-31": "-21.22600", "2018-12-31": -2.28, "2018-09-30": -0.422, "2018-06-30": -0.6, "2018-03-31": "-3.29400", "2017-12-31": -30.382, "2017-09-30": -1.539, "2017-06-30": -6.139, "2017-03-31": "-2.11700", "2016-12-31": -3.081, "2016-09-30": -0.762, "2016-06-30": -5.069, "2016-03-31": "-2.12600", "2015-12-31": -4.472, "2015-09-30": 0.003, "2015-06-30": -0.334, "2015-03-31": "-6.61000", "2014-12-31": -1.507, "2014-09-30": -2.697, "2014-06-30": -9.464, "2014-03-31": "-9.48700", "2013-12-31": -3.548, "2013-09-30": -3.185, "2013-06-30": -4.11, "2013-03-31": "-2.27000", "2012-12-31": -5.683, "2012-09-30": -4.742, "2012-06-30": -0.299, "2012-03-31": "-0.87800", "2011-12-31": -1.674, "2011-09-30": -3.822, "2011-06-30": -4.836, "2011-03-31": "-3.61000", "2010-12-31": -67.285, "2010-09-30": -20.556, "2010-06-30": -20.656, "2010-03-31": "2.95800", "2009-12-31": -3.612, "2009-09-30": -10.592, "2009-06-30": -2.108, "2009-03-31": "-0.34300", "2008-12-31": -3.303, "2008-09-30": -1.868, "2008-06-30": -13.935, "2008-03-31": "-0.44600", "2007-12-31": 3.716, "2007-09-30": 8.235, "2007-06-30": -8.151, "2007-03-31": "-0.28900", "2006-12-31": -0.115, "2006-09-30": -0.016, "2006-06-30": 0.451, "2006-03-31": "-0.90700", "2005-12-31": -5.172, "2005-09-30": -0.282, "2005-06-30": -0.441, "2005-03-31": "-0.44400"}, "Cash Flow From Financial Activities": {"2020-12-31": -136.532, "2020-09-30": 99.458, "2020-06-30": -342.89, "2020-03-31": "379.96400", "2019-12-31": -399.346, "2019-09-30": 132.447, "2019-06-30": -131.01, "2019-03-31": "-63.78000", "2018-12-31": -244.579, "2018-09-30": -183.75, "2018-06-30": -156.646, "2018-03-31": "-91.41700", "2017-12-31": -65.539, "2017-09-30": -165.993, "2017-06-30": 34.146, "2017-03-31": "-113.45700", "2016-12-31": -106.276, "2016-09-30": -133.809, "2016-06-30": 84.981, "2016-03-31": "-101.37000", "2015-12-31": -71.01, "2015-09-30": -110.267, "2015-06-30": -27.357, "2015-03-31": "316.09000", "2014-12-31": -132.597, "2014-09-30": 246.958, "2014-06-30": 436.126, "2014-03-31": "-29.87700", "2013-12-31": 73.791, "2013-09-30": -57.898, "2013-06-30": 100.423, "2013-03-31": "32.28300", "2012-12-31": 262.571, "2012-09-30": 109.756, "2012-06-30": 205.283, "2012-03-31": "-27.25400", "2011-12-31": 125.263, "2011-09-30": 42.261, "2011-06-30": -69.985, "2011-03-31": "110.80900", "2010-12-31": 231.189, "2010-09-30": 75.793, "2010-06-30": -4.723, "2010-03-31": "26.17200", "2009-12-31": -11.754, "2009-09-30": 6.943, "2009-06-30": 57.096, "2009-03-31": "-28.16300", "2008-12-31": 11.366, "2008-09-30": 107.198, "2008-06-30": 37.989, "2008-03-31": "-20.81800", "2007-12-31": -40.927, "2007-09-30": 108.73, "2007-06-30": 148.401, "2007-03-31": "-28.91700", "2006-12-31": 6.983, "2006-09-30": 113.889, "2006-06-30": 2.46, "2006-03-31": "24.93400", "2005-12-31": -11.359, "2005-09-30": -22.651, "2005-06-30": -30.106, "2005-03-31": "-25.95700"}, "Net Cash Flow": {"2020-12-31": -487.981, "2020-09-30": 312.6, "2020-06-30": -25.872, "2020-03-31": "201.25300", "2019-12-31": -10.632, "2019-09-30": 36.755, "2019-06-30": -69.155, "2019-03-31": "-27.26900", "2018-12-31": -23.231, "2018-09-30": -2.95, "2018-06-30": 38.498, "2018-03-31": "77.95200", "2017-12-31": -2.147, "2017-09-30": -136.603, "2017-06-30": 99.624, "2017-03-31": "-70.05000", "2016-12-31": -118.237, "2016-09-30": 12.652, "2016-06-30": 134.351, "2016-03-31": "18.48100", "2015-12-31": -5.985, "2015-09-30": 5.426, "2015-06-30": -188.958, "2015-03-31": "193.59000", "2014-12-31": 7.733, "2014-09-30": -0.069, "2014-06-30": -1.972, "2014-03-31": "1.42700", "2013-12-31": 8.982, "2013-09-30": -10.708, "2013-06-30": -10.627, "2013-03-31": "12.23800", "2012-12-31": 16.663, "2012-09-30": -2.189, "2012-06-30": -9.612, "2012-03-31": "0.85500", "2011-12-31": 3.869, "2011-09-30": 0.211, "2011-06-30": -88.874, "2011-03-31": "83.93000", "2010-12-31": -0.915, "2010-09-30": 6.301, "2010-06-30": -13.945, "2010-03-31": "1.65200", "2009-12-31": -61.282, "2009-09-30": 16.507, "2009-06-30": 0.223, "2009-03-31": "23.30300", "2008-12-31": 8.505, "2008-09-30": 12.409, "2008-06-30": 10.638, "2008-03-31": "0.40100", "2007-12-31": -0.283, "2007-09-30": -2.348, "2007-06-30": -2.451, "2007-03-31": "5.37600", "2006-12-31": -20.48, "2006-09-30": 21.12, "2006-06-30": -0.387, "2006-03-31": "-4.92800", "2005-12-31": -5.028, "2005-09-30": -13.711, "2005-06-30": 20.559, "2005-03-31": "1.87300"}, "Stock-Based Compensation": {"2020-12-31": -4.923, "2020-09-30": 0.88, "2020-06-30": 2.638, "2020-03-31": "1.40500", "2019-12-31": 0.262, "2019-09-30": 1.427, "2019-06-30": 3.253, "2019-03-31": "2.06800", "2018-12-31": -0.074, "2018-09-30": 1.303, "2018-06-30": 3.816, "2018-03-31": "2.09000", "2017-12-31": 4.392, "2017-09-30": 1.533, "2017-06-30": 2.108, "2017-03-31": "1.25300", "2016-12-31": 5.375, "2016-09-30": 1.238, "2016-06-30": 1.708, "2016-03-31": "1.49000", "2015-12-31": 0.55, "2015-09-30": 2.054, "2015-06-30": 2.087, "2015-03-31": "1.37000", "2014-12-31": 3.744, "2014-09-30": 1.371, "2014-06-30": 2.392, "2014-03-31": "1.23300", "2013-12-31": 1.371, "2013-09-30": 1.011, "2013-06-30": 0.994, "2013-03-31": "1.13200", "2012-12-31": 1.261, "2012-09-30": 0.955, "2012-06-30": 0.939, "2012-03-31": "0.98600", "2011-12-31": 1.309, "2011-09-30": 0.562, "2011-06-30": 0.629, "2011-03-31": "0.42700", "2010-12-31": 0.891, "2010-09-30": 0.621, "2010-06-30": 1.739, "2010-03-31": "", "2009-12-31": 3.412, "2009-09-30": 0, "2009-06-30": 0, "2009-03-31": "", "2008-12-31": 3.94, "2008-09-30": 0, "2008-06-30": 0, "2008-03-31": "", "2007-12-31": 0, "2007-09-30": 0, "2007-06-30": 0, "2007-03-31": "", "2006-12-31": 0, "2006-09-30": 0, "2006-06-30": 0, "2006-03-31": "", "2005-12-31": 0, "2005-09-30": 0, "2005-06-30": 0, "2005-03-31": ""}, "Common Stock Dividends Paid": {"2020-12-31": 423.865, "2020-09-30": -143.415, "2020-06-30": -144.093, "2020-03-31": "-136.35700", "2019-12-31": -136.62, "2019-09-30": -134.599, "2019-06-30": -135.025, "2019-03-31": "-129.50300", "2018-12-31": -129.785, "2018-09-30": -129.927, "2018-06-30": -131.991, "2018-03-31": "-121.52900", "2017-12-31": -121.662, "2017-09-30": -121.526, "2017-06-30": -123.707, "2017-03-31": "-110.28200", "2016-12-31": -110.34, "2016-09-30": -111.76, "2016-06-30": -114.034, "2016-03-31": "-100.33400", "2015-12-31": -100.523, "2015-09-30": -99.737, "2015-06-30": -100.815, "2015-03-31": "-87.23700", "2014-12-31": -87.422, "2014-09-30": -88.146, "2014-06-30": -2.114, "2014-03-31": "-100.35700", "2013-12-31": -50.902, "2013-09-30": -50.845, "2013-06-30": -52.262, "2013-03-31": "-45.14700", "2012-12-31": -44.622, "2012-09-30": -43.754, "2012-06-30": -44.256, "2012-03-31": "-40.30900", "2011-12-31": -39.5, "2011-09-30": -38.927, "2011-06-30": -39.135, "2011-03-31": "-38.02300", "2010-12-31": -36.78, "2010-09-30": -38.471, "2010-06-30": -37.809, "2010-03-31": "-35.36400", "2009-12-31": -35.163, "2009-09-30": -35.614, "2009-06-30": -33.844, "2009-03-31": "-34.58900", "2008-12-31": -34.939, "2008-09-30": -33.67, "2008-06-30": -33.742, "2008-03-31": "-31.35300", "2007-12-31": -31.329, "2007-09-30": -31.955, "2007-06-30": -29.863, "2007-03-31": "-87.20700", "2006-12-31": -26.062, "2006-09-30": -25.639, "2006-06-30": -25.666, "2006-03-31": "-24.73600", "2005-12-31": -25.043, "2005-09-30": -25.003, "2005-06-30": -25.267, "2005-03-31": "-24.11500"}}, "financial ratios": {"Current Ratio": {"2019-12-31": "", "2018-12-31": "", "2017-12-31": "", "2016-12-31": "", "2015-12-31": "", "2014-12-31": "", "2013-12-31": "", "2012-12-31": "", "2011-12-31": "", "2010-12-31": "", "2009-12-31": "", "2008-12-31": "", "2007-12-31": "", "2006-12-31": "", "2005-12-31": ""}, "Long-term Debt / Capital": {"2019-12-31": "0.47570", "2018-12-31": "0.46720", "2017-12-31": "0.47070", "2016-12-31": "0.46930", "2015-12-31": "0.45630", "2014-12-31": "0.45300", "2013-12-31": "0.60240", "2012-12-31": "0.59930", "2011-12-31": "0.60240", "2010-12-31": "0.62430", "2009-12-31": "0.59110", "2008-12-31": "0.58750", "2007-12-31": "0.63910", "2006-12-31": "0.65060", "2005-12-31": "0.69990"}, "Debt/Equity Ratio": {"2019-12-31": "0.90710", "2018-12-31": "0.87680", "2017-12-31": "0.88940", "2016-12-31": "0.88410", "2015-12-31": "0.83930", "2014-12-31": "0.82800", "2013-12-31": "1.51480", "2012-12-31": "1.49570", "2011-12-31": "1.51520", "2010-12-31": "1.66160", "2009-12-31": "1.44570", "2008-12-31": "1.42410", "2007-12-31": "1.77060", "2006-12-31": "1.86190", "2005-12-31": "2.33220"}, "Gross Margin": {"2019-12-31": "", "2018-12-31": "", "2017-12-31": "", "2016-12-31": "", "2015-12-31": "", "2014-12-31": "", "2013-12-31": "", "2012-12-31": "", "2011-12-31": "", "2010-12-31": "", "2009-12-31": "", "2008-12-31": "", "2007-12-31": "", "2006-12-31": "", "2005-12-31": ""}, "Operating Margin": {"2019-12-31": "33.16610", "2018-12-31": "32.15080", "2017-12-31": "32.73860", "2016-12-31": "32.51930", "2015-12-31": "27.72710", "2014-12-31": "20.75460", "2013-12-31": "30.90540", "2012-12-31": "31.21070", "2011-12-31": "28.79880", "2010-12-31": "26.96460", "2009-12-31": "26.14820", "2008-12-31": "33.78320", "2007-12-31": "34.47720", "2006-12-31": "35.81090", "2005-12-31": "34.35420"}, "EBIT Margin": {"2019-12-31": "33.16610", "2018-12-31": "32.15080", "2017-12-31": "32.73860", "2016-12-31": "32.51930", "2015-12-31": "27.72710", "2014-12-31": "20.75460", "2013-12-31": "30.90540", "2012-12-31": "31.21070", "2011-12-31": "28.79880", "2010-12-31": "26.96460", "2009-12-31": "26.14820", "2008-12-31": "33.78320", "2007-12-31": "34.47720", "2006-12-31": "35.81090", "2005-12-31": "34.35420"}, "EBITDA Margin": {"2019-12-31": "64.73450", "2018-12-31": "64.98240", "2017-12-31": "65.57200", "2016-12-31": "64.37690", "2015-12-31": "63.03100", "2014-12-31": "55.42160", "2013-12-31": "63.38770", "2012-12-31": "63.98100", "2011-12-31": "62.48550", "2010-12-31": "57.68000", "2009-12-31": "55.43230", "2008-12-31": "63.23960", "2007-12-31": "63.62310", "2006-12-31": "61.48540", "2005-12-31": "60.46770"}, "Pre-Tax Profit Margin": {"2019-12-31": "31.80810", "2018-12-31": "29.54170", "2017-12-31": "33.58340", "2016-12-31": "33.88020", "2015-12-31": "20.78350", "2014-12-31": "13.84620", "2013-12-31": "23.07310", "2012-12-31": "23.85360", "2011-12-31": "10.04580", "2010-12-31": "11.98260", "2009-12-31": "10.83010", "2008-12-31": "19.74640", "2007-12-31": "15.14000", "2006-12-31": "9.95590", "2005-12-31": "15.88580"}, "Net Profit Margin": {"2019-12-31": "30.08490", "2018-12-31": "27.86700", "2017-12-31": "31.75150", "2016-12-31": "31.77150", "2015-12-31": "18.99400", "2014-12-31": "12.03570", "2013-12-31": "24.69920", "2012-12-31": "22.38840", "2011-12-31": "8.63600", "2010-12-31": "8.22950", "2009-12-31": "20.10370", "2008-12-31": "12.95170", "2007-12-31": "27.46530", "2006-12-31": "17.24110", "2005-12-31": "24.75060"}, "Asset Turnover": {"2019-12-31": "0.11490", "2018-12-31": "0.11310", "2017-12-31": "0.10910", "2016-12-31": "0.10590", "2015-12-31": "0.09950", "2014-12-31": "0.08420", "2013-12-31": "0.11770", "2012-12-31": "0.11040", "2011-12-31": "0.11580", "2010-12-31": "0.10990", "2009-12-31": "0.12560", "2008-12-31": "0.12910", "2007-12-31": "0.12570", "2006-12-31": "0.13440", "2005-12-31": "0.14030"}, "Inventory Turnover Ratio": {"2019-12-31": "", "2018-12-31": "", "2017-12-31": "", "2016-12-31": "", "2015-12-31": "", "2014-12-31": "", "2013-12-31": "", "2012-12-31": "", "2011-12-31": "", "2010-12-31": "", "2009-12-31": "", "2008-12-31": "", "2007-12-31": "", "2006-12-31": "", "2005-12-31": ""}, "Receiveable Turnover": {"2019-12-31": "", "2018-12-31": "", "2017-12-31": "", "2016-12-31": "", "2015-12-31": "", "2014-12-31": "", "2013-12-31": "", "2012-12-31": "", "2011-12-31": "", "2010-12-31": "", "2009-12-31": "", "2008-12-31": "", "2007-12-31": "", "2006-12-31": "", "2005-12-31": ""}, "Days Sales In Receivables": {"2019-12-31": "", "2018-12-31": "", "2017-12-31": "", "2016-12-31": "", "2015-12-31": "", "2014-12-31": "", "2013-12-31": "", "2012-12-31": "", "2011-12-31": "", "2010-12-31": "", "2009-12-31": "", "2008-12-31": "", "2007-12-31": "", "2006-12-31": "", "2005-12-31": ""}, "ROE - Return On Equity": {"2019-12-31": "7.25300", "2018-12-31": "6.46870", "2017-12-31": "7.16050", "2016-12-31": "6.96750", "2015-12-31": "3.96340", "2014-12-31": "2.21760", "2013-12-31": "7.32050", "2012-12-31": "7.06680", "2011-12-31": "3.17290", "2010-12-31": "3.69640", "2009-12-31": "3.54670", "2008-12-31": "7.60140", "2007-12-31": "7.41350", "2006-12-31": "5.57520", "2005-12-31": "8.52080"}, "Return On Tangible Equity": {"2019-12-31": "7.25300", "2018-12-31": "6.46870", "2017-12-31": "7.16050", "2016-12-31": "6.96750", "2015-12-31": "3.91730", "2014-12-31": "2.20810", "2013-12-31": "7.05090", "2012-12-31": "6.77400", "2011-12-31": "3.01380", "2010-12-31": "3.61650", "2009-12-31": "3.46520", "2008-12-31": "6.54680", "2007-12-31": "6.06020", "2006-12-31": "4.31830", "2005-12-31": "8.15420"}, "ROA - Return On Assets": {"2019-12-31": "3.65550", "2018-12-31": "3.33990", "2017-12-31": "3.66560", "2016-12-31": "3.58840", "2015-12-31": "2.06720", "2014-12-31": "1.16630", "2013-12-31": "2.71610", "2012-12-31": "2.63350", "2011-12-31": "1.16320", "2010-12-31": "1.31700", "2009-12-31": "1.36060", "2008-12-31": "2.54840", "2007-12-31": "1.90370", "2006-12-31": "1.31700", "2005-12-31": "2.11550"}, "ROI - Return On Investment": {"2019-12-31": "3.80310", "2018-12-31": "3.44670", "2017-12-31": "3.78990", "2016-12-31": "3.69790", "2015-12-31": "2.12980", "2014-12-31": "1.19850", "2013-12-31": "2.79740", "2012-12-31": "2.71420", "2011-12-31": "1.19820", "2010-12-31": "1.35880", "2009-12-31": "1.41690", "2008-12-31": "2.70070", "2007-12-31": "2.18730", "2006-12-31": "1.50890", "2005-12-31": "2.44710"}, "Book Value Per Share": {"2019-12-31": "97.18480", "2018-12-31": "97.03820", "2017-12-31": "96.84240", "2016-12-31": "96.02360", "2015-12-31": "96.92750", "2014-12-31": "96.35330", "2013-12-31": "53.51510", "2012-12-31": "51.70990", "2011-12-31": "45.97730", "2010-12-31": "43.39550", "2009-12-31": "44.29430", "2008-12-31": "46.67030", "2007-12-31": "37.63440", "2006-12-31": "32.37620", "2005-12-31": "25.41520"}, "Operating Cash Flow Per Share": {"2019-12-31": 1.4309, "2018-12-31": 0.8286, "2017-12-31": 0.7501, "2016-12-31": 1.4275, "2015-12-31": 0.8004, "2014-12-31": 0.5322, "2013-12-31": 0.553, "2012-12-31": 0.9782, "2011-12-31": 0.7341, "2010-12-31": 0.0679, "2009-12-31": -1.315, "2008-12-31": -0.454, "2007-12-31": 0.8134, "2006-12-31": 1.4631, "2005-12-31": 5.3279}, "Free Cash Flow Per Share": {"2019-12-31": -5.1761, "2018-12-31": 6.1317, "2017-12-31": -0.0512, "2016-12-31": 4.705, "2015-12-31": 2.8094, "2014-12-31": 1.5195, "2013-12-31": 3.5689, "2012-12-31": -6.4878, "2011-12-31": 10.6825, "2010-12-31": -11.0985, "2009-12-31": 3.0194, "2008-12-31": 3.5167, "2007-12-31": -0.6131, "2006-12-31": -6.988, "2005-12-31": 1.7145}}, "financial ratios, quarterly": {"Current Ratio": {"2020-09-30": "", "2020-06-30": "", "2020-03-31": "", "2019-12-31": "", "2019-09-30": "", "2019-06-30": "", "2019-03-31": "", "2018-12-31": "", "2018-09-30": "", "2018-06-30": "", "2018-03-31": "", "2017-12-31": "", "2017-09-30": "", "2017-06-30": "", "2017-03-31": "", "2016-12-31": "", "2016-09-30": "", "2016-06-30": "", "2016-03-31": "", "2015-12-31": "", "2015-09-30": "", "2015-06-30": "", "2015-03-31": "", "2014-12-31": "", "2014-09-30": "", "2014-06-30": "", "2014-03-31": "", "2013-12-31": "", "2013-09-30": "", "2013-06-30": "", "2013-03-31": "", "2012-12-31": "", "2012-09-30": "", "2012-06-30": "", "2012-03-31": "", "2011-12-31": "", "2011-09-30": "", "2011-06-30": "", "2011-03-31": "", "2010-12-31": "", "2010-09-30": "", "2010-06-30": "", "2010-03-31": "", "2009-12-31": "", "2009-09-30": "", "2009-06-30": "", "2009-03-31": "", "2008-12-31": "", "2008-09-30": "", "2008-06-30": "", "2008-03-31": "", "2007-12-31": "", "2007-09-30": "", "2007-06-30": "", "2007-03-31": "", "2006-12-31": "", "2006-09-30": "", "2006-06-30": "", "2006-03-31": "", "2005-12-31": "", "2005-09-30": "", "2005-06-30": "", "2005-03-31": ""}, "Long-term Debt / Capital": {"2020-09-30": "0.51330", "2020-06-30": "0.49870", "2020-03-31": "0.50300", "2019-12-31": "0.47570", "2019-09-30": "0.48530", "2019-06-30": "0.47930", "2019-03-31": "0.47590", "2018-12-31": "0.46720", "2018-09-30": "0.46680", "2018-06-30": "0.46780", "2018-03-31": "0.46830", "2017-12-31": "0.47070", "2017-09-30": "0.46800", "2017-06-30": "0.46800", "2017-03-31": "0.46720", "2016-12-31": "0.46930", "2016-09-30": "0.47450", "2016-06-30": "0.47480", "2016-03-31": "0.46170", "2015-12-31": "0.45630", "2015-09-30": "0.45650", "2015-06-30": "0.45840", "2015-03-31": "0.46320", "2014-12-31": "0.45300", "2014-09-30": "0.46170", "2014-06-30": "0.45900", "2014-03-31": "0.45340", "2013-12-31": "0.60240", "2013-09-30": "0.59380", "2013-06-30": "0.59710", "2013-03-31": "0.58240", "2012-12-31": "0.59930", "2012-09-30": "0.59250", "2012-06-30": "0.59200", "2012-03-31": "0.59760", "2011-12-31": "0.60240", "2011-09-30": "0.59940", "2011-06-30": "0.60840", "2011-03-31": "0.63340", "2010-12-31": "0.62430", "2010-09-30": "0.62280", "2010-06-30": "0.60650", "2010-03-31": "0.59770", "2009-12-31": "0.59110", "2009-09-30": "0.59750", "2009-06-30": "0.59000", "2009-03-31": "0.60490", "2008-12-31": "0.58750", "2008-09-30": "0.63010", "2008-06-30": "0.66260", "2008-03-31": "0.65090", "2007-12-31": "0.63910", "2007-09-30": "0.62630", "2007-06-30": "0.59600", "2007-03-31": "0.65490", "2006-12-31": "0.65060", "2006-09-30": "0.65500", "2006-06-30": "0.70280", "2006-03-31": "0.70920", "2005-12-31": "0.69990", "2005-09-30": "0.68000", "2005-06-30": "0.67760", "2005-03-31": "0.68490"}, "Debt/Equity Ratio": {"2020-09-30": "1.05470", "2020-06-30": "0.99470", "2020-03-31": "1.01210", "2019-12-31": "0.90710", "2019-09-30": "0.94280", "2019-06-30": "0.92060", "2019-03-31": "0.90800", "2018-12-31": "0.87680", "2018-09-30": "0.87530", "2018-06-30": "0.87900", "2018-03-31": "0.88090", "2017-12-31": "0.88940", "2017-09-30": "0.87960", "2017-06-30": "0.87970", "2017-03-31": "0.87690", "2016-12-31": "0.88410", "2016-09-30": "0.90310", "2016-06-30": "0.90400", "2016-03-31": "0.85770", "2015-12-31": "0.83930", "2015-09-30": "0.83980", "2015-06-30": "0.84630", "2015-03-31": "0.86270", "2014-12-31": "0.82800", "2014-09-30": "0.85770", "2014-06-30": "0.84830", "2014-03-31": "0.82950", "2013-12-31": "1.51480", "2013-09-30": "1.46180", "2013-06-30": "1.48180", "2013-03-31": "1.39470", "2012-12-31": "1.49570", "2012-09-30": "1.45380", "2012-06-30": "1.45080", "2012-03-31": "1.48490", "2011-12-31": "1.51520", "2011-09-30": "1.49630", "2011-06-30": "1.55360", "2011-03-31": "1.72780", "2010-12-31": "1.66160", "2010-09-30": "1.65090", "2010-06-30": "1.54160", "2010-03-31": "1.48560", "2009-12-31": "1.44570", "2009-09-30": "1.48450", "2009-06-30": "1.43890", "2009-03-31": "1.53110", "2008-12-31": "1.42410", "2008-09-30": "1.70340", "2008-06-30": "1.96410", "2008-03-31": "1.86470", "2007-12-31": "1.77060", "2007-09-30": "1.67560", "2007-06-30": "1.47540", "2007-03-31": "1.89770", "2006-12-31": "1.86190", "2006-09-30": "1.89860", "2006-06-30": "2.36520", "2006-03-31": "2.43820", "2005-12-31": "2.33220", "2005-09-30": "2.12500", "2005-06-30": "2.10210", "2005-03-31": "2.17330"}, "Gross Margin": {"2020-09-30": "", "2020-06-30": "", "2020-03-31": "", "2019-12-31": "", "2019-09-30": "", "2019-06-30": "", "2019-03-31": "", "2018-12-31": "", "2018-09-30": "", "2018-06-30": "", "2018-03-31": "", "2017-12-31": "", "2017-09-30": "", "2017-06-30": "", "2017-03-31": "", "2016-12-31": "", "2016-09-30": "", "2016-06-30": "", "2016-03-31": "", "2015-12-31": "", "2015-09-30": "", "2015-06-30": "", "2015-03-31": "", "2014-12-31": "", "2014-09-30": "", "2014-06-30": "", "2014-03-31": "", "2013-12-31": "", "2013-09-30": "", "2013-06-30": "", "2013-03-31": "", "2012-12-31": "", "2012-09-30": "", "2012-06-30": "", "2012-03-31": "", "2011-12-31": "", "2011-09-30": "", "2011-06-30": "", "2011-03-31": "", "2010-12-31": "", "2010-09-30": "", "2010-06-30": "", "2010-03-31": "", "2009-12-31": "", "2009-09-30": "", "2009-06-30": "", "2009-03-31": "", "2008-12-31": "", "2008-09-30": "", "2008-06-30": "", "2008-03-31": "", "2007-12-31": "", "2007-09-30": "", "2007-06-30": "", "2007-03-31": "", "2006-12-31": "", "2006-09-30": "", "2006-06-30": "", "2006-03-31": "", "2005-12-31": "", "2005-09-30": "", "2005-06-30": "", "2005-03-31": ""}, "Operating Margin": {"2020-09-30": "34.77160", "2020-06-30": "32.31770", "2020-03-31": "33.34560", "2019-12-31": "31.96410", "2019-09-30": "33.80440", "2019-06-30": "34.44360", "2019-03-31": "32.47830", "2018-12-31": "30.98100", "2018-09-30": "32.45700", "2018-06-30": "33.34220", "2018-03-31": "31.83450", "2017-12-31": "32.56640", "2017-09-30": "32.71750", "2017-06-30": "33.10520", "2017-03-31": "32.56700", "2016-12-31": "32.06920", "2016-09-30": "33.23870", "2016-06-30": "32.92170", "2016-03-31": "31.82510", "2015-12-31": "29.67180", "2015-09-30": "27.14440", "2015-06-30": "27.33840", "2015-03-31": "26.62500", "2014-12-31": "22.72410", "2014-09-30": "24.04740", "2014-06-30": "14.76360", "2014-03-31": "21.46530", "2013-12-31": "28.60950", "2013-09-30": "31.76330", "2013-06-30": "31.88610", "2013-03-31": "31.46180", "2012-12-31": "31.64120", "2012-09-30": "31.03570", "2012-06-30": "30.90500", "2012-03-31": "31.25440", "2011-12-31": "30.38420", "2011-09-30": "28.78760", "2011-06-30": "28.23700", "2011-03-31": "27.70650", "2010-12-31": "25.31680", "2010-09-30": "25.03950", "2010-06-30": "27.09990", "2010-03-31": "30.51870", "2009-12-31": "22.63320", "2009-09-30": "18.24300", "2009-06-30": "33.81580", "2009-03-31": "29.52880", "2008-12-31": "32.45370", "2008-09-30": "33.90600", "2008-06-30": "33.98430", "2008-03-31": "34.83100", "2007-12-31": "31.22920", "2007-09-30": "35.16930", "2007-06-30": "34.91540", "2007-03-31": "36.58300", "2006-12-31": "36.49710", "2006-09-30": "37.15090", "2006-06-30": "35.43120", "2006-03-31": "34.12360", "2005-12-31": "30.03620", "2005-09-30": "34.05290", "2005-06-30": "33.02890", "2005-03-31": "39.23020"}, "EBIT Margin": {"2020-09-30": "34.77160", "2020-06-30": "32.31770", "2020-03-31": "33.34560", "2019-12-31": "31.96410", "2019-09-30": "33.80440", "2019-06-30": "34.44360", "2019-03-31": "32.47830", "2018-12-31": "30.98100", "2018-09-30": "32.45700", "2018-06-30": "33.34220", "2018-03-31": "31.83450", "2017-12-31": "32.56640", "2017-09-30": "32.71750", "2017-06-30": "33.10520", "2017-03-31": "32.56700", "2016-12-31": "32.06920", "2016-09-30": "33.23870", "2016-06-30": "32.92170", "2016-03-31": "31.82510", "2015-12-31": "29.67180", "2015-09-30": "27.14440", "2015-06-30": "27.33840", "2015-03-31": "26.62500", "2014-12-31": "22.72410", "2014-09-30": "24.04740", "2014-06-30": "14.76360", "2014-03-31": "21.46530", "2013-12-31": "28.60950", "2013-09-30": "31.76330", "2013-06-30": "31.88610", "2013-03-31": "31.46180", "2012-12-31": "31.64120", "2012-09-30": "31.03570", "2012-06-30": "30.90500", "2012-03-31": "31.25440", "2011-12-31": "30.38420", "2011-09-30": "28.78760", "2011-06-30": "28.23700", "2011-03-31": "27.70650", "2010-12-31": "25.31680", "2010-09-30": "25.03950", "2010-06-30": "27.09990", "2010-03-31": "30.51870", "2009-12-31": "22.63320", "2009-09-30": "18.24300", "2009-06-30": "33.81580", "2009-03-31": "29.52880", "2008-12-31": "32.45370", "2008-09-30": "33.90600", "2008-06-30": "33.98430", "2008-03-31": "34.83100", "2007-12-31": "31.22920", "2007-09-30": "35.16930", "2007-06-30": "34.91540", "2007-03-31": "36.58300", "2006-12-31": "36.49710", "2006-09-30": "37.15090", "2006-06-30": "35.43120", "2006-03-31": "34.12360", "2005-12-31": "30.03620", "2005-09-30": "34.05290", "2005-06-30": "33.02890", "2005-03-31": "39.23020"}, "EBITDA Margin": {"2020-09-30": "", "2020-06-30": "", "2020-03-31": "", "2019-12-31": "", "2019-09-30": "", "2019-06-30": "", "2019-03-31": "", "2018-12-31": "", "2018-09-30": "", "2018-06-30": "", "2018-03-31": "", "2017-12-31": "", "2017-09-30": "", "2017-06-30": "", "2017-03-31": "", "2016-12-31": "", "2016-09-30": "", "2016-06-30": "", "2016-03-31": "", "2015-12-31": "", "2015-09-30": "", "2015-06-30": "", "2015-03-31": "", "2014-12-31": "", "2014-09-30": "", "2014-06-30": "", "2014-03-31": "", "2013-12-31": "", "2013-09-30": "", "2013-06-30": "", "2013-03-31": "", "2012-12-31": "", "2012-09-30": "", "2012-06-30": "", "2012-03-31": "", "2011-12-31": "", "2011-09-30": "", "2011-06-30": "", "2011-03-31": "", "2010-12-31": "", "2010-09-30": "", "2010-06-30": "", "2010-03-31": "", "2009-12-31": "", "2009-09-30": "", "2009-06-30": "", "2009-03-31": "", "2008-12-31": "", "2008-09-30": "", "2008-06-30": "", "2008-03-31": "", "2007-12-31": "", "2007-09-30": "", "2007-06-30": "", "2007-03-31": "", "2006-12-31": "", "2006-09-30": "", "2006-06-30": "", "2006-03-31": "", "2005-12-31": "", "2005-09-30": "", "2005-06-30": "", "2005-03-31": ""}, "Pre-Tax Profit Margin": {"2020-09-30": "21.26200", "2020-06-30": "24.31220", "2020-03-31": "83.79020", "2019-12-31": "36.01350", "2019-09-30": "28.80640", "2019-06-30": "27.11600", "2019-03-31": "35.23210", "2018-12-31": "35.23640", "2018-09-30": "24.53860", "2018-06-30": "30.51420", "2018-03-31": "27.82940", "2017-12-31": "31.78020", "2017-09-30": "24.69300", "2017-06-30": "22.35430", "2017-03-31": "55.91790", "2016-12-31": "62.15600", "2016-09-30": "21.31480", "2016-06-30": "23.88880", "2016-03-31": "27.65960", "2015-12-31": "27.59880", "2015-09-30": "15.48850", "2015-06-30": "17.06570", "2015-03-31": "22.89120", "2014-12-31": "16.04340", "2014-09-30": "21.62710", "2014-06-30": "1.78840", "2014-03-31": "16.40030", "2013-12-31": "12.68390", "2013-09-30": "40.73970", "2013-06-30": "19.21890", "2013-03-31": "19.70270", "2012-12-31": "34.94870", "2012-09-30": "14.57230", "2012-06-30": "32.05320", "2012-03-31": "13.44920", "2011-12-31": "10.53330", "2011-09-30": "9.87190", "2011-06-30": "9.02810", "2011-03-31": "10.76470", "2010-12-31": "7.01840", "2010-09-30": "9.83450", "2010-06-30": "13.67870", "2010-03-31": "17.64900", "2009-12-31": "7.02330", "2009-09-30": "0.02460", "2009-06-30": "15.97960", "2009-03-31": "19.77240", "2008-12-31": "20.75770", "2008-09-30": "18.89440", "2008-06-30": "16.29390", "2008-03-31": "23.08490", "2007-12-31": "21.46180", "2007-09-30": "12.50830", "2007-06-30": "11.64750", "2007-03-31": "15.18530", "2006-12-31": "10.47880", "2006-09-30": "12.71610", "2006-06-30": "7.99080", "2006-03-31": "8.51820", "2005-12-31": "12.11040", "2005-09-30": "11.76780", "2005-06-30": "10.25030", "2005-03-31": "28.19350"}, "Net Profit Margin": {"2020-09-30": "19.86480", "2020-06-30": "22.79590", "2020-03-31": "80.28350", "2019-12-31": "34.31810", "2019-09-30": "27.07180", "2019-06-30": "25.51610", "2019-03-31": "33.36620", "2018-12-31": "33.36180", "2018-09-30": "23.07530", "2018-06-30": "28.80220", "2018-03-31": "26.18190", "2017-12-31": "30.02720", "2017-09-30": "23.15050", "2017-06-30": "20.86910", "2017-03-31": "53.35770", "2016-12-31": "59.43660", "2016-09-30": "19.91700", "2016-06-30": "22.39280", "2016-03-31": "24.81880", "2015-12-31": "25.62350", "2015-09-30": "13.89340", "2015-06-30": "15.38180", "2015-03-31": "20.98570", "2014-12-31": "14.38550", "2014-09-30": "19.77530", "2014-06-30": "0.46460", "2014-03-31": "13.60920", "2013-12-31": "20.19620", "2013-09-30": "44.68260", "2013-06-30": "16.54080", "2013-03-31": "17.02850", "2012-12-31": "31.94610", "2012-09-30": "11.78790", "2012-06-30": "27.97050", "2012-03-31": "17.76290", "2011-12-31": "11.66200", "2011-09-30": "6.45070", "2011-06-30": "8.87590", "2011-03-31": "7.48720", "2010-12-31": "4.56860", "2010-09-30": "6.11250", "2010-06-30": "9.46450", "2010-03-31": "12.97340", "2009-12-31": "6.88820", "2009-09-30": "21.37690", "2009-06-30": "11.01490", "2009-03-31": "40.20990", "2008-12-31": "17.31630", "2008-09-30": "11.06120", "2008-06-30": "8.61180", "2008-03-31": "14.78640", "2007-12-31": "51.78010", "2007-09-30": "10.38330", "2007-06-30": "10.33720", "2007-03-31": "38.92030", "2006-12-31": "19.36330", "2006-09-30": "12.04440", "2006-06-30": "26.04820", "2006-03-31": "11.84010", "2005-12-31": "7.24050", "2005-09-30": "9.89320", "2005-06-30": "47.63440", "2005-03-31": "31.09970"}, "Asset Turnover": {"2020-09-30": "0.02770", "2020-06-30": "0.02810", "2020-03-31": "0.02920", "2019-12-31": "0.02950", "2019-09-30": "0.02820", "2019-06-30": "0.02850", "2019-03-31": "0.02830", "2018-12-31": "0.02850", "2018-09-30": "0.02800", "2018-06-30": "0.02780", "2018-03-31": "0.02750", "2017-12-31": "0.02760", "2017-09-30": "0.02750", "2017-06-30": "0.02710", "2017-03-31": "0.02690", "2016-12-31": "0.02690", "2016-09-30": "0.02700", "2016-06-30": "0.02630", "2016-03-31": "0.02600", "2015-12-31": "0.02590", "2015-09-30": "0.02540", "2015-06-30": "0.02460", "2015-03-31": "0.02340", "2014-12-31": "0.02420", "2014-09-30": "0.02320", "2014-06-30": "0.02290", "2014-03-31": "0.02430", "2013-12-31": "0.03040", "2013-09-30": "0.03030", "2013-06-30": "0.02980", "2013-03-31": "0.03000", "2012-12-31": "0.02830", "2012-09-30": "0.03030", "2012-06-30": "0.03060", "2012-03-31": "0.03160", "2011-12-31": "0.02960", "2011-09-30": "0.03050", "2011-06-30": "0.03040", "2011-03-31": "0.02910", "2010-12-31": "0.02800", "2010-09-30": "0.02980", "2010-06-30": "0.03010", "2010-03-31": "0.03060", "2009-12-31": "0.03020", "2009-09-30": "0.03110", "2009-06-30": "0.03200", "2009-03-31": "0.03320", "2008-12-31": "0.03280", "2008-09-30": "0.03270", "2008-06-30": "0.03310", "2008-03-31": "0.03330", "2007-12-31": "0.03090", "2007-09-30": "0.03260", "2007-06-30": "0.03420", "2007-03-31": "0.03520", "2006-12-31": "0.03130", "2006-09-30": "0.03610", "2006-06-30": "0.03630", "2006-03-31": "0.03620", "2005-12-31": "0.02910", "2005-09-30": "0.03720", "2005-06-30": "0.03590", "2005-03-31": "0.03800"}, "Inventory Turnover Ratio": {"2020-09-30": "", "2020-06-30": "", "2020-03-31": "", "2019-12-31": "", "2019-09-30": "", "2019-06-30": "", "2019-03-31": "", "2018-12-31": "", "2018-09-30": "", "2018-06-30": "", "2018-03-31": "", "2017-12-31": "", "2017-09-30": "", "2017-06-30": "", "2017-03-31": "", "2016-12-31": "", "2016-09-30": "", "2016-06-30": "", "2016-03-31": "", "2015-12-31": "", "2015-09-30": "", "2015-06-30": "", "2015-03-31": "", "2014-12-31": "", "2014-09-30": "", "2014-06-30": "", "2014-03-31": "", "2013-12-31": "", "2013-09-30": "", "2013-06-30": "", "2013-03-31": "", "2012-12-31": "", "2012-09-30": "", "2012-06-30": "", "2012-03-31": "", "2011-12-31": "", "2011-09-30": "", "2011-06-30": "", "2011-03-31": "", "2010-12-31": "", "2010-09-30": "", "2010-06-30": "", "2010-03-31": "", "2009-12-31": "", "2009-09-30": "", "2009-06-30": "", "2009-03-31": "", "2008-12-31": "", "2008-09-30": "", "2008-06-30": "", "2008-03-31": "", "2007-12-31": "", "2007-09-30": "", "2007-06-30": "", "2007-03-31": "", "2006-12-31": "", "2006-09-30": "", "2006-06-30": "", "2006-03-31": "", "2005-12-31": "", "2005-09-30": "", "2005-06-30": "", "2005-03-31": ""}, "Receiveable Turnover": {"2020-09-30": "", "2020-06-30": "", "2020-03-31": "", "2019-12-31": "", "2019-09-30": "", "2019-06-30": "", "2019-03-31": "", "2018-12-31": "", "2018-09-30": "", "2018-06-30": "", "2018-03-31": "", "2017-12-31": "", "2017-09-30": "", "2017-06-30": "", "2017-03-31": "", "2016-12-31": "", "2016-09-30": "", "2016-06-30": "", "2016-03-31": "", "2015-12-31": "", "2015-09-30": "", "2015-06-30": "", "2015-03-31": "", "2014-12-31": "", "2014-09-30": "", "2014-06-30": "", "2014-03-31": "", "2013-12-31": "", "2013-09-30": "", "2013-06-30": "", "2013-03-31": "", "2012-12-31": "", "2012-09-30": "", "2012-06-30": "", "2012-03-31": "", "2011-12-31": "", "2011-09-30": "", "2011-06-30": "", "2011-03-31": "", "2010-12-31": "", "2010-09-30": "", "2010-06-30": "", "2010-03-31": "", "2009-12-31": "", "2009-09-30": "", "2009-06-30": "", "2009-03-31": "", "2008-12-31": "", "2008-09-30": "", "2008-06-30": "", "2008-03-31": "", "2007-12-31": "", "2007-09-30": "", "2007-06-30": "", "2007-03-31": "", "2006-12-31": "", "2006-09-30": "", "2006-06-30": "", "2006-03-31": "", "2005-12-31": "", "2005-09-30": "", "2005-06-30": "", "2005-03-31": ""}, "Days Sales In Receivables": {"2020-09-30": "", "2020-06-30": "", "2020-03-31": "", "2019-12-31": "", "2019-09-30": "", "2019-06-30": "", "2019-03-31": "", "2018-12-31": "", "2018-09-30": "", "2018-06-30": "", "2018-03-31": "", "2017-12-31": "", "2017-09-30": "", "2017-06-30": "", "2017-03-31": "", "2016-12-31": "", "2016-09-30": "", "2016-06-30": "", "2016-03-31": "", "2015-12-31": "", "2015-09-30": "", "2015-06-30": "", "2015-03-31": "", "2014-12-31": "", "2014-09-30": "", "2014-06-30": "", "2014-03-31": "", "2013-12-31": "", "2013-09-30": "", "2013-06-30": "", "2013-03-31": "", "2012-12-31": "", "2012-09-30": "", "2012-06-30": "", "2012-03-31": "", "2011-12-31": "", "2011-09-30": "", "2011-06-30": "", "2011-03-31": "", "2010-12-31": "", "2010-09-30": "", "2010-06-30": "", "2010-03-31": "", "2009-12-31": "", "2009-09-30": "", "2009-06-30": "", "2009-03-31": "", "2008-12-31": "", "2008-09-30": "", "2008-06-30": "", "2008-03-31": "", "2007-12-31": "", "2007-09-30": "", "2007-06-30": "", "2007-03-31": "", "2006-12-31": "", "2006-09-30": "", "2006-06-30": "", "2006-03-31": "", "2005-12-31": "", "2005-09-30": "", "2005-06-30": "", "2005-03-31": ""}, "ROE - Return On Equity": {"2020-09-30": "1.25800", "2020-06-30": "1.41790", "2020-03-31": "5.12260", "2019-12-31": "2.11110", "2019-09-30": "1.64770", "2019-06-30": "1.54550", "2019-03-31": "1.98670", "2018-12-31": "1.94620", "2018-09-30": "1.33790", "2018-06-30": "1.64350", "2018-03-31": "1.48860", "2017-12-31": "1.71430", "2017-09-30": "1.33200", "2017-06-30": "1.17730", "2017-03-31": "2.93550", "2016-12-31": "3.25030", "2016-09-30": "1.13460", "2016-06-30": "1.23610", "2016-03-31": "1.39250", "2015-12-31": "1.36930", "2015-09-30": "0.75390", "2015-06-30": "0.80600", "2015-03-31": "1.03990", "2014-12-31": "0.73910", "2014-09-30": "0.97320", "2014-06-30": "0.07880", "2014-03-31": "0.75800", "2013-12-31": "1.04020", "2013-09-30": "3.26660", "2013-06-30": "1.52850", "2013-03-31": "1.52640", "2012-12-31": "2.65220", "2012-09-30": "1.17430", "2012-06-30": "2.59620", "2012-03-31": "1.14720", "2011-12-31": "0.85060", "2011-09-30": "0.82120", "2011-06-30": "0.76490", "2011-03-31": "0.90160", "2010-12-31": "0.55190", "2010-09-30": "0.84100", "2010-06-30": "1.13470", "2010-03-31": "1.43870", "2009-12-31": "0.55380", "2009-09-30": "0.00200", "2009-06-30": "1.42920", "2009-03-31": "1.94130", "2008-12-31": "2.02840", "2008-09-30": "2.30930", "2008-06-30": "2.27340", "2008-03-31": "3.14810", "2007-12-31": "2.58600", "2007-09-30": "1.50650", "2007-06-30": "1.35480", "2007-03-31": "2.27010", "2006-12-31": "1.35390", "2006-09-30": "1.96090", "2006-06-30": "1.14940", "2006-03-31": "1.27430", "2005-12-31": "0.24460", "2005-09-30": "1.45570", "2005-06-30": "2.07380", "2005-03-31": "4.28890"}, "Return On Tangible Equity": {"2020-09-30": "1.25800", "2020-06-30": "1.41790", "2020-03-31": "5.12260", "2019-12-31": "2.11110", "2019-09-30": "1.64770", "2019-06-30": "1.54550", "2019-03-31": "1.98670", "2018-12-31": "1.94620", "2018-09-30": "1.33790", "2018-06-30": "1.64350", "2018-03-31": "1.48860", "2017-12-31": "1.71430", "2017-09-30": "1.33200", "2017-06-30": "1.17730", "2017-03-31": "2.93550", "2016-12-31": "3.25030", "2016-09-30": "1.13460", "2016-06-30": "1.23610", "2016-03-31": "1.39250", "2015-12-31": "1.35330", "2015-09-30": "0.74670", "2015-06-30": "0.79990", "2015-03-31": "1.03390", "2014-12-31": "0.73590", "2014-09-30": "0.96140", "2014-06-30": "0.07780", "2014-03-31": "0.74140", "2013-12-31": "1.00190", "2013-09-30": "3.13900", "2013-06-30": "1.46800", "2013-03-31": "1.46640", "2012-12-31": "2.54230", "2012-09-30": "1.12300", "2012-06-30": "2.47800", "2012-03-31": "1.09040", "2011-12-31": "0.80800", "2011-09-30": "0.77880", "2011-06-30": "0.72370", "2011-03-31": "0.88230", "2010-12-31": "0.54000", "2010-09-30": "0.82120", "2010-06-30": "1.10770", "2010-03-31": "1.40540", "2009-12-31": "0.54100", "2009-09-30": "0.00200", "2009-06-30": "1.30250", "2009-03-31": "1.75630", "2008-12-31": "1.74700", "2008-09-30": "1.92070", "2008-06-30": "1.84100", "2008-03-31": "2.55290", "2007-12-31": "2.11390", "2007-09-30": "1.24120", "2007-06-30": "1.12140", "2007-03-31": "1.77120", "2006-12-31": "1.04860", "2006-09-30": "1.50720", "2006-06-30": "1.10160", "2006-03-31": "1.21910", "2005-12-31": "0.23410", "2005-09-30": "1.39680", "2005-06-30": "1.99080", "2005-03-31": "4.11210"}, "ROA - Return On Assets": {"2020-09-30": "0.58830", "2020-06-30": "0.68360", "2020-03-31": "2.44420", "2019-12-31": "1.06400", "2019-09-30": "0.81320", "2019-06-30": "0.77390", "2019-03-31": "0.99780", "2018-12-31": "1.00490", "2018-09-30": "0.68790", "2018-06-30": "0.84750", "2018-03-31": "0.76440", "2017-12-31": "0.87760", "2017-09-30": "0.67960", "2017-06-30": "0.60520", "2017-03-31": "1.50670", "2016-12-31": "1.67400", "2016-09-30": "0.57620", "2016-06-30": "0.62940", "2016-03-31": "0.72020", "2015-12-31": "0.71420", "2015-09-30": "0.39280", "2015-06-30": "0.41960", "2015-03-31": "0.53580", "2014-12-31": "0.38870", "2014-09-30": "0.50210", "2014-06-30": "0.04090", "2014-03-31": "0.39810", "2013-12-31": "0.38590", "2013-09-30": "1.23320", "2013-06-30": "0.57290", "2013-03-31": "0.59070", "2012-12-31": "0.98840", "2012-09-30": "0.44210", "2012-06-30": "0.97920", "2012-03-31": "0.42460", "2011-12-31": "0.31180", "2011-09-30": "0.30120", "2011-06-30": "0.27450", "2011-03-31": "0.31300", "2010-12-31": "0.19660", "2010-09-30": "0.29280", "2010-06-30": "0.41230", "2010-03-31": "0.53980", "2009-12-31": "0.21240", "2009-09-30": "0.00080", "2009-06-30": "0.51130", "2009-03-31": "0.65730", "2008-12-31": "0.68000", "2008-09-30": "0.61750", "2008-06-30": "0.54000", "2008-03-31": "0.76880", "2007-12-31": "0.66410", "2007-09-30": "0.40760", "2007-06-30": "0.39840", "2007-03-31": "0.53460", "2006-12-31": "0.31980", "2006-09-30": "0.45260", "2006-06-30": "0.28420", "2006-03-31": "0.30640", "2005-12-31": "0.06070", "2005-09-30": "0.38460", "2005-06-30": "0.55370", "2005-03-31": "1.11780"}, "ROI - Return On Investment": {"2020-09-30": "0.61220", "2020-06-30": "0.71080", "2020-03-31": "2.54590", "2019-12-31": "1.10690", "2019-09-30": "0.84810", "2019-06-30": "0.80470", "2019-03-31": "1.04130", "2018-12-31": "1.03700", "2018-09-30": "0.71340", "2018-06-30": "0.87470", "2018-03-31": "0.79140", "2017-12-31": "0.90740", "2017-09-30": "0.70870", "2017-06-30": "0.62630", "2017-03-31": "1.56400", "2016-12-31": "1.72510", "2016-09-30": "0.59620", "2016-06-30": "0.64920", "2016-03-31": "0.74960", "2015-12-31": "0.73580", "2015-09-30": "0.40500", "2015-06-30": "0.43150", "2015-03-31": "0.55170", "2014-12-31": "0.39940", "2014-09-30": "0.51750", "2014-06-30": "0.04210", "2014-03-31": "0.40520", "2013-12-31": "0.39750", "2013-09-30": "1.27510", "2013-06-30": "0.59150", "2013-03-31": "0.61240", "2012-12-31": "1.01870", "2012-09-30": "0.45760", "2012-06-30": "1.01110", "2012-03-31": "0.43880", "2011-12-31": "0.32120", "2011-09-30": "0.31200", "2011-06-30": "0.28340", "2011-03-31": "0.32340", "2010-12-31": "0.20290", "2010-09-30": "0.30980", "2010-06-30": "0.43580", "2010-03-31": "0.56540", "2009-12-31": "0.22120", "2009-09-30": "0.00080", "2009-06-30": "0.53400", "2009-03-31": "0.69390", "2008-12-31": "0.72070", "2008-09-30": "0.71050", "2008-06-30": "0.62110", "2008-03-31": "0.89110", "2007-12-31": "0.76300", "2007-09-30": "0.46390", "2007-06-30": "0.45300", "2007-03-31": "0.61120", "2006-12-31": "0.36640", "2006-09-30": "0.52000", "2006-06-30": "0.32730", "2006-03-31": "0.35460", "2005-12-31": "0.07030", "2005-09-30": "0.44700", "2005-06-30": "0.64180", "2005-03-31": "1.29580"}, "Book Value Per Share": {"2020-09-30": "96.11230", "2020-06-30": "97.24140", "2020-03-31": "98.11580", "2019-12-31": "96.88770", "2019-09-30": "97.07640", "2019-06-30": "96.53750", "2019-03-31": "96.12870", "2018-12-31": "97.03820", "2018-09-30": "97.43440", "2018-06-30": "98.02700", "2018-03-31": "98.30050", "2017-12-31": "96.84240", "2017-09-30": "96.72270", "2017-06-30": "97.56210", "2017-03-31": "97.43790", "2016-12-31": "96.02360", "2016-09-30": "94.37760", "2016-06-30": "94.91710", "2016-03-31": "95.39240", "2015-12-31": "96.92750", "2015-09-30": "97.06180", "2015-06-30": "97.54530", "2015-03-31": "97.50630", "2014-12-31": "96.35330", "2014-09-30": "96.36950", "2014-06-30": "95.86010", "2014-03-31": "92.77330", "2013-12-31": "53.51510", "2013-09-30": "53.53410", "2013-06-30": "52.90730", "2013-03-31": "53.34700", "2012-12-31": "51.70990", "2012-09-30": "49.99270", "2012-06-30": "48.89240", "2012-03-31": "46.22500", "2011-12-31": "45.97730", "2011-09-30": "45.25250", "2011-06-30": "44.34360", "2011-03-31": "43.30150", "2010-12-31": "43.39550", "2010-09-30": "41.52650", "2010-06-30": "41.85690", "2010-03-31": "43.66460", "2009-12-31": "44.29430", "2009-09-30": "44.12870", "2009-06-30": "46.72640", "2009-03-31": "45.40800", "2008-12-31": "46.67030", "2008-09-30": "40.71970", "2008-06-30": "36.25670", "2008-03-31": "36.52510", "2007-12-31": "37.63440", "2007-09-30": "38.54230", "2007-06-30": "39.45560", "2007-03-31": "33.13300", "2006-12-31": "32.37620", "2006-09-30": "31.86770", "2006-06-30": "26.06770", "2006-03-31": "25.22060", "2005-12-31": "25.41520", "2005-09-30": "26.79100", "2005-06-30": "27.06150", "2005-03-31": "26.29810"}, "Operating Cash Flow Per Share": {"2020-09-30": 3.503, "2020-06-30": 2.4803, "2020-03-31": "4.03240", "2019-12-31": 3.2229, "2019-09-30": 4.1852, "2019-06-30": 2.6423, "2019-03-31": "3.88790", "2018-12-31": 2.2034, "2018-09-30": 3.8963, "2018-06-30": 2.3468, "2018-03-31": "4.06090", "2017-12-31": 2.242, "2017-09-30": 3.7771, "2017-06-30": 2.269, "2017-03-31": "3.39070", "2016-12-31": 2.0821, "2016-09-30": 3.5038, "2016-06-30": 2.2828, "2016-03-31": "3.06000", "2015-12-31": 2.0292, "2015-09-30": 3.054, "2015-06-30": 1.8938, "2015-03-31": "2.52420", "2014-12-31": 3.022, "2014-09-30": 2.6335, "2014-06-30": 0.6226, "2014-03-31": "2.42270", "2013-12-31": 2.1563, "2013-09-30": 1.985, "2013-06-30": 1.717, "2013-03-31": "2.31030", "2012-12-31": 1.4718, "2012-09-30": 2.4158, "2012-06-30": 1.615, "2012-03-31": "2.11300", "2011-12-31": 1.4974, "2011-09-30": 1.8927, "2011-06-30": 1.4307, "2011-03-31": "1.81660", "2010-12-31": 0.921, "2010-09-30": 1.9413, "2010-06-30": 1.2155, "2010-03-31": "1.82550", "2009-12-31": 0.9248, "2009-09-30": 1.5876, "2009-06-30": 1.404, "2009-03-31": "1.91900", "2008-12-31": 1.5352, "2008-09-30": 2.0479, "2008-06-30": 1.6686, "2008-03-31": "1.89870", "2007-12-31": 1.4161, "2007-09-30": 2.2187, "2007-06-30": 1.4946, "2007-03-31": "2.47500", "2006-12-31": 0.94, "2006-09-30": 2.815, "2006-06-30": 1.1364, "2006-03-31": "1.89960", "2005-12-31": 0.7725, "2005-09-30": 1.7047, "2005-06-30": 1.2012, "2005-03-31": "1.64950"}, "Free Cash Flow Per Share": {"2020-09-30": 3.1794, "2020-06-30": 4.8992, "2020-03-31": "-3.81450", "2019-12-31": 1.8178, "2019-09-30": 2.041, "2019-06-30": 1.2623, "2019-03-31": "2.13180", "2018-12-31": 3.9175, "2018-09-30": 2.3684, "2018-06-30": 3.1704, "2018-03-31": "2.97270", "2017-12-31": 0.7998, "2017-09-30": 2.4208, "2017-06-30": 1.3604, "2017-03-31": "1.71630", "2016-12-31": 1.1306, "2016-09-30": 2.4976, "2016-06-30": 1.4113, "2016-03-31": "1.30900", "2015-12-31": 1.8441, "2015-09-30": 1.988, "2015-06-30": -0.8156, "2015-03-31": "-1.37300", "2014-12-31": 2.0726, "2014-09-30": -3.0808, "2014-06-30": -1.1937, "2014-03-31": "1.03600", "2013-12-31": -1.7242, "2013-09-30": 0.8081, "2013-06-30": 0.8945, "2013-03-31": "-2.66380", "2012-12-31": -6.5204, "2012-09-30": -0.5998, "2012-06-30": -0.0469, "2012-03-31": "0.91280", "2011-12-31": -0.0728, "2011-09-30": 0.971, "2011-06-30": 0.0144, "2011-03-31": "-0.67910", "2010-12-31": -10.6547, "2010-09-30": -0.3726, "2010-06-30": -0.0634, "2010-03-31": "0.64170", "2009-12-31": -1.772, "2009-09-30": 0.8482, "2009-06-30": 0.5202, "2009-03-31": "1.05310", "2008-12-31": -0.376, "2008-09-30": -1.4327, "2008-06-30": -1.2018, "2008-03-31": "0.64060", "2007-12-31": 1.9088, "2007-09-30": -3.7999, "2007-06-30": -5.8176, "2007-03-31": "1.82210", "2006-12-31": -1.3999, "2006-09-30": -2.888, "2006-06-30": 0.0515, "2006-03-31": "-1.03710", "2005-12-31": 0.1675, "2005-09-30": 0.3426, "2005-06-30": 0.3948, "2005-03-31": "0.80960"}}, "revenue": {"Essex Property Trust Annual Revenue (Millions of US $)": {"2020": "$1,496", "2019": "$1,460", "2018": "$1,400", "2017": "$1,364", "2016": "$1,294", "2015": "$1,194", "2014": "$971", "2013": "$611", "2012": "$535", "2011": "$467", "2010": "$410", "2009": "$409", "2008": "$408", "2007": "$375", "2006": "$334", "2005": "$314"}, "Essex Property Trust Quarterly Revenue (Millions of US $)": {"2020-12-31": "$362", "2020-09-30": "$371", "2020-06-30": "$370", "2020-03-31": "$392", "2019-12-31": "$375", "2019-09-30": "$367", "2019-06-30": "$362", "2019-03-31": "$356", "2018-12-31": "$353", "2018-09-30": "$351", "2018-06-30": "$349", "2018-03-31": "$347", "2017-12-31": "$345", "2017-09-30": "$344", "2017-06-30": "$339", "2017-03-31": "$335", "2016-12-31": "$329", "2016-09-30": "$329", "2016-06-30": "$322", "2016-03-31": "$314", "2015-12-31": "$311", "2015-09-30": "$305", "2015-06-30": "$296", "2015-03-31": "$283", "2014-12-31": "$279", "2014-09-30": "$271", "2014-06-30": "$260", "2014-03-31": "$161", "2013-12-31": "$158", "2013-09-30": "$154", "2013-06-30": "$151", "2013-03-31": "$148", "2012-12-31": "$137", "2012-09-30": "$138", "2012-06-30": "$133", "2012-03-31": "$128", "2011-12-31": "$120", "2011-09-30": "$119", "2011-06-30": "$116", "2011-03-31": "$112", "2010-12-31": "$105", "2010-09-30": "$104", "2010-06-30": "$100", "2010-03-31": "$101", "2009-12-31": "$98", "2009-09-30": "$102", "2009-06-30": "$104", "2009-03-31": "$105", "2008-12-31": "$104", "2008-09-30": "$103", "2008-06-30": "$102", "2008-03-31": "$100", "2007-12-31": "$92", "2007-09-30": "$96", "2007-06-30": "$96", "2007-03-31": "$91", "2006-12-31": "$78", "2006-09-30": "$89", "2006-06-30": "$85", "2006-03-31": "$83", "2005-12-31": "$65", "2005-09-30": "$83", "2005-06-30": "$81", "2005-03-31": "$85"}}, "gross-profit": {"Essex Property Trust Annual Gross Profit (Millions of US $)": {"2020": "$1,021", "2019": "$1,030", "2018": "$984", "2017": "$958", "2016": "$905", "2015": "$831", "2014": "$658", "2013": "$413", "2012": "$363", "2011": "$305", "2010": "$264", "2009": "$270", "2008": "$276", "2007": "$253", "2006": "$224", "2005": "$210"}, "Essex Property Trust Quarterly Gross Profit (Millions of US $)": {"2020-12-31": "$243", "2020-09-30": "$250", "2020-06-30": "$252", "2020-03-31": "$276", "2019-12-31": "$266", "2019-09-30": "$256", "2019-06-30": "$258", "2019-03-31": "$250", "2018-12-31": "$247", "2018-09-30": "$245", "2018-06-30": "$247", "2018-03-31": "$245", "2017-12-31": "$241", "2017-09-30": "$240", "2017-06-30": "$241", "2017-03-31": "$236", "2016-12-31": "$260", "2016-09-30": "$230", "2016-06-30": "$226", "2016-03-31": "$220", "2015-12-31": "$219", "2015-09-30": "$211", "2015-06-30": "$206", "2015-03-31": "$196", "2014-12-31": "$191", "2014-09-30": "$183", "2014-06-30": "$176", "2014-03-31": "$109", "2013-12-31": "$105", "2013-09-30": "$104", "2013-06-30": "$103", "2013-03-31": "$100", "2012-12-31": "$93", "2012-09-30": "$91", "2012-06-30": "$89", "2012-03-31": "$86", "2011-12-31": "$80", "2011-09-30": "$77", "2011-06-30": "$75", "2011-03-31": "$73", "2010-12-31": "$68", "2010-09-30": "$67", "2010-06-30": "$65", "2010-03-31": "$67", "2009-12-31": "$63", "2009-09-30": "$66", "2009-06-30": "$70", "2009-03-31": "$72", "2008-12-31": "$70", "2008-09-30": "$69", "2008-06-30": "$69", "2008-03-31": "$68", "2007-12-31": "$62", "2007-09-30": "$65", "2007-06-30": "$65", "2007-03-31": "$61", "2006-12-31": "$54", "2006-09-30": "$59", "2006-06-30": "$56", "2006-03-31": "$54", "2005-12-31": "$43", "2005-09-30": "$55", "2005-06-30": "$53", "2005-03-31": "$58"}}, "operating-income": {"Essex Property Trust Annual Operating Income (Millions of US $)": {"2020": "$426", "2019": "$484", "2018": "$450", "2017": "$447", "2016": "$421", "2015": "$331", "2014": "$202", "2013": "$189", "2012": "$167", "2011": "$135", "2010": "$111", "2009": "$107", "2008": "$138", "2007": "$129", "2006": "$120", "2005": "$108"}, "Essex Property Trust Quarterly Operating Income (Millions of US $)": {"2020-12-31": "$112", "2020-09-30": "$129", "2020-06-30": "$120", "2020-03-31": "$131", "2019-12-31": "$120", "2019-09-30": "$124", "2019-06-30": "$125", "2019-03-31": "$116", "2018-12-31": "$109", "2018-09-30": "$114", "2018-06-30": "$116", "2018-03-31": "$111", "2017-12-31": "$112", "2017-09-30": "$113", "2017-06-30": "$112", "2017-03-31": "$109", "2016-12-31": "$106", "2016-09-30": "$109", "2016-06-30": "$106", "2016-03-31": "$100", "2015-12-31": "$92", "2015-09-30": "$83", "2015-06-30": "$81", "2015-03-31": "$75", "2014-12-31": "$63", "2014-09-30": "$65", "2014-06-30": "$38", "2014-03-31": "$35", "2013-12-31": "$45", "2013-09-30": "$49", "2013-06-30": "$48", "2013-03-31": "$47", "2012-12-31": "$43", "2012-09-30": "$43", "2012-06-30": "$41", "2012-03-31": "$40", "2011-12-31": "$36", "2011-09-30": "$34", "2011-06-30": "$33", "2011-03-31": "$31", "2010-12-31": "$26", "2010-09-30": "$26", "2010-06-30": "$27", "2010-03-31": "$31", "2009-12-31": "$22", "2009-09-30": "$19", "2009-06-30": "$35", "2009-03-31": "$31", "2008-12-31": "$34", "2008-09-30": "$35", "2008-06-30": "$35", "2008-03-31": "$35", "2007-12-31": "$29", "2007-09-30": "$34", "2007-06-30": "$33", "2007-03-31": "$33", "2006-12-31": "$28", "2006-09-30": "$33", "2006-06-30": "$30", "2006-03-31": "$28", "2005-12-31": "$20", "2005-09-30": "$28", "2005-06-30": "$27", "2005-03-31": "$33"}}, "ebitda": {"Essex Property Trust Annual EBITDA (Millions of US $)": {"2019": "$945", "2018": "$910", "2017": "$894", "2016": "$833", "2015": "$753", "2014": "$538", "2013": "$387", "2012": "$342", "2011": "$292", "2010": "$237", "2009": "$227", "2008": "$258", "2007": "$238", "2006": "$205", "2005": "$190"}, "Essex Property Trust Quarterly EBITDA (Millions of US $)": {"2020-09-30": "$259", "2020-06-30": "$253", "2020-03-31": "$262", "2019-12-31": "$233", "2019-09-30": "$241", "2019-06-30": "$240", "2019-03-31": "$231", "2018-12-31": "$225", "2018-09-30": "$230", "2018-06-30": "$231", "2018-03-31": "$225", "2017-12-31": "$226", "2017-09-30": "$225", "2017-06-30": "$225", "2017-03-31": "$218", "2016-12-31": "$210", "2016-09-30": "$213", "2016-06-30": "$208", "2016-03-31": "$202", "2015-12-31": "$201", "2015-09-30": "$192", "2015-06-30": "$187", "2015-03-31": "$173", "2014-12-31": "$158", "2014-09-30": "$161", "2014-06-30": "$134", "2014-03-31": "$86", "2013-12-31": "$96", "2013-09-30": "$99", "2013-06-30": "$98", "2013-03-31": "$94", "2012-12-31": "$90", "2012-09-30": "$87", "2012-06-30": "$84", "2012-03-31": "$82", "2011-12-31": "$77", "2011-09-30": "$74", "2011-06-30": "$71", "2011-03-31": "$70", "2010-12-31": "$63", "2010-09-30": "$54", "2010-06-30": "$27", "2010-03-31": "$31", "2009-12-31": "$22", "2009-09-30": "$19", "2009-06-30": "$35", "2009-03-31": "$31", "2008-12-31": "$34", "2008-09-30": "$35", "2008-06-30": "$35", "2008-03-31": "$35", "2007-12-31": "$29", "2007-09-30": "$34", "2007-06-30": "$33", "2007-03-31": "$33", "2006-12-31": "$28", "2006-09-30": "$33", "2006-06-30": "$30", "2006-03-31": "$28", "2005-12-31": "$20", "2005-09-30": "$28", "2005-06-30": "$27", "2005-03-31": "$33"}}, "net-income": {"Essex Property Trust Annual Net Income (Millions of US $)": {"2020": "$569", "2019": "$439", "2018": "$390", "2017": "$433", "2016": "$411", "2015": "$227", "2014": "$117", "2013": "$151", "2012": "$120", "2011": "$40", "2010": "$34", "2009": "$82", "2008": "$53", "2007": "$103", "2006": "$58", "2005": "$78"}, "Essex Property Trust Quarterly Net Income (Millions of US $)": {"2020-12-31": "$96", "2020-09-30": "$74", "2020-06-30": "$84", "2020-03-31": "$315", "2019-12-31": "$129", "2019-09-30": "$99", "2019-06-30": "$92", "2019-03-31": "$119", "2018-12-31": "$118", "2018-09-30": "$81", "2018-06-30": "$100", "2018-03-31": "$91", "2017-12-31": "$104", "2017-09-30": "$80", "2017-06-30": "$71", "2017-03-31": "$179", "2016-12-31": "$196", "2016-09-30": "$66", "2016-06-30": "$72", "2016-03-31": "$78", "2015-12-31": "$80", "2015-09-30": "$42", "2015-06-30": "$46", "2015-03-31": "$59", "2014-12-31": "$40", "2014-09-30": "$54", "2014-06-30": "$1", "2014-03-31": "$22", "2013-12-31": "$32", "2013-09-30": "$69", "2013-06-30": "$25", "2013-03-31": "$25", "2012-12-31": "$44", "2012-09-30": "$16", "2012-06-30": "$37", "2012-03-31": "$23", "2011-12-31": "$14", "2011-09-30": "$8", "2011-06-30": "$10", "2011-03-31": "$8", "2010-12-31": "$5", "2010-09-30": "$6", "2010-06-30": "$9", "2010-03-31": "$13", "2009-12-31": "$7", "2009-09-30": "$22", "2009-06-30": "$11", "2009-03-31": "$42", "2008-12-31": "$18", "2008-09-30": "$11", "2008-06-30": "$9", "2008-03-31": "$15", "2007-12-31": "$48", "2007-09-30": "$10", "2007-06-30": "$10", "2007-03-31": "$35", "2006-12-31": "$15", "2006-09-30": "$11", "2006-06-30": "$22", "2006-03-31": "$10", "2005-12-31": "$5", "2005-09-30": "$8", "2005-06-30": "$38", "2005-03-31": "$26"}}, "eps-earnings-per-share-diluted": {"Essex Property Trust Annual EPS": {"2020": "$8.69", "2019": "$6.66", "2018": "$5.90", "2017": "$6.57", "2016": "$6.27", "2015": "$3.49", "2014": "$2.06", "2013": "$4.04", "2012": "$3.41", "2011": "$1.24", "2010": "$1.14", "2009": "$2.91", "2008": "$2.09", "2007": "$4.10", "2006": "$2.45", "2005": "$3.32"}, "Essex Property Trust Quarterly EPS": {"2020-12-31": "$1.47", "2020-09-30": "$1.13", "2020-06-30": "$1.29", "2020-03-31": "$4.76", "2019-12-31": "$1.94", "2019-09-30": "$1.51", "2019-06-30": "$1.40", "2019-03-31": "$1.81", "2018-12-31": "$1.78", "2018-09-30": "$1.22", "2018-06-30": "$1.52", "2018-03-31": "$1.38", "2017-12-31": "$1.56", "2017-09-30": "$1.21", "2017-06-30": "$1.08", "2017-03-31": "$2.72", "2016-12-31": "$2.98", "2016-09-30": "$1.00", "2016-06-30": "$1.10", "2016-03-31": "$1.19", "2015-12-31": "$1.22", "2015-09-30": "$0.65", "2015-06-30": "$0.70", "2015-03-31": "$0.92", "2014-12-31": "$0.61", "2014-09-30": "$0.85", "2014-06-30": "$0.02", "2014-03-31": "$0.58", "2013-12-31": "$0.85", "2013-09-30": "$1.84", "2013-06-30": "$0.67", "2013-03-31": "$0.68", "2012-12-31": "$1.22", "2012-09-30": "$0.45", "2012-06-30": "$1.07", "2012-03-31": "$0.67", "2011-12-31": "$0.42", "2011-09-30": "$0.23", "2011-06-30": "$0.32", "2011-03-31": "$0.27", "2010-12-31": "$0.16", "2010-09-30": "$0.21", "2010-06-30": "$0.32", "2010-03-31": "$0.45", "2009-12-31": "$0.21", "2009-09-30": "$0.74", "2009-06-30": "$0.43", "2009-03-31": "$1.53", "2008-12-31": "$0.70", "2008-09-30": "$0.45", "2008-06-30": "$0.35", "2008-03-31": "$0.59", "2007-12-31": "$1.86", "2007-09-30": "$0.39", "2007-06-30": "$0.39", "2007-03-31": "$1.46", "2006-12-31": "$0.62", "2006-09-30": "$0.45", "2006-06-30": "$0.95", "2006-03-31": "$0.43", "2005-12-31": "$0.20", "2005-09-30": "$0.35", "2005-06-30": "$1.64", "2005-03-31": "$1.13"}}, "shares-outstanding": {"Essex Property Trust Annual Shares Outstanding (Millions of Shares)": {"2020": "66", "2019": "66", "2018": "66", "2017": "66", "2016": "66", "2015": "65", "2014": "57", "2013": "37", "2012": "35", "2011": "33", "2010": "30", "2009": "30", "2008": "25", "2007": "25", "2006": "24", "2005": "23"}, "Essex Property Trust Quarterly Shares Outstanding (Millions of Shares)": {"2020-12-31": "65", "2020-09-30": "65", "2020-06-30": "65", "2020-03-31": "66", "2019-12-31": "66", "2019-09-30": "66", "2019-06-30": "66", "2019-03-31": "66", "2018-12-31": "66", "2018-09-30": "66", "2018-06-30": "66", "2018-03-31": "66", "2017-12-31": "66", "2017-09-30": "66", "2017-06-30": "66", "2017-03-31": "66", "2016-12-31": "66", "2016-09-30": "66", "2016-06-30": "66", "2016-03-31": "66", "2015-12-31": "65", "2015-09-30": "65", "2015-06-30": "65", "2015-03-31": "64", "2014-12-31": "57", "2014-09-30": "63", "2014-06-30": "62", "2014-03-31": "38", "2013-12-31": "37", "2013-09-30": "37", "2013-06-30": "37", "2013-03-31": "37", "2012-12-31": "35", "2012-09-30": "36", "2012-06-30": "35", "2012-03-31": "34", "2011-12-31": "33", "2011-09-30": "33", "2011-06-30": "32", "2011-03-31": "32", "2010-12-31": "30", "2010-09-30": "30", "2010-06-30": "29", "2010-03-31": "29", "2009-12-31": "30", "2009-09-30": "30", "2009-06-30": "27", "2009-03-31": "29", "2008-12-31": "25", "2008-09-30": "25", "2008-06-30": "25", "2008-03-31": "25", "2007-12-31": "25", "2007-09-30": "26", "2007-06-30": "25", "2007-03-31": "24", "2006-12-31": "24", "2006-09-30": "24", "2006-06-30": "23", "2006-03-31": "23", "2005-12-31": "23", "2005-09-30": "23", "2005-06-30": "23", "2005-03-31": "23"}}, "total-assets": {"Essex Property Trust Annual Total Assets (Millions of US $)": {"2019": "$12,705", "2018": "$12,384", "2017": "$12,496", "2016": "$12,217", "2015": "$12,008", "2014": "$11,527", "2013": "$5,187", "2012": "$4,847", "2011": "$4,037", "2010": "$3,733", "2009": "$3,255", "2008": "$3,165", "2007": "$2,980", "2006": "$2,486", "2005": "$2,239"}, "Essex Property Trust Quarterly Total Assets (Millions of US $)": {"2020-09-30": "$13,401", "2020-06-30": "$13,177", "2020-03-31": "$13,451", "2019-12-31": "$12,705", "2019-09-30": "$12,998", "2019-06-30": "$12,671", "2019-03-31": "$12,578", "2018-12-31": "$12,384", "2018-09-30": "$12,518", "2018-06-30": "$12,556", "2018-03-31": "$12,643", "2017-12-31": "$12,496", "2017-09-30": "$12,513", "2017-06-30": "$12,525", "2017-03-31": "$12,447", "2016-12-31": "$12,217", "2016-09-30": "$12,177", "2016-06-30": "$12,207", "2016-03-31": "$12,067", "2015-12-31": "$12,008", "2015-09-30": "$12,013", "2015-06-30": "$12,045", "2015-03-31": "$12,085", "2014-12-31": "$11,527", "2014-09-30": "$11,667", "2014-06-30": "$11,348", "2014-03-31": "$6,633", "2013-12-31": "$5,187", "2013-09-30": "$5,086", "2013-06-30": "$5,059", "2013-03-31": "$4,936", "2012-12-31": "$4,847", "2012-09-30": "$4,535", "2012-06-30": "$4,339", "2012-03-31": "$4,051", "2011-12-31": "$4,037", "2011-09-30": "$3,905", "2011-06-30": "$3,826", "2011-03-31": "$3,867", "2010-12-31": "$3,733", "2010-09-30": "$3,504", "2010-06-30": "$3,324", "2010-03-31": "$3,308", "2009-12-31": "$3,255", "2009-09-30": "$3,265", "2009-06-30": "$3,239", "2009-03-31": "$3,162", "2008-12-31": "$3,165", "2008-09-30": "$3,159", "2008-06-30": "$3,064", "2008-03-31": "$3,001", "2007-12-31": "$2,980", "2007-09-30": "$2,954", "2007-06-30": "$2,793", "2007-03-31": "$2,576", "2006-12-31": "$2,486", "2006-09-30": "$2,459", "2006-06-30": "$2,328", "2006-03-31": "$2,297", "2005-12-31": "$2,239", "2005-09-30": "$2,246", "2005-06-30": "$2,246", "2005-03-31": "$2,231"}}, "cash-on-hand": {"Essex Property Trust Annual Cash on Hand (Millions of US $)": {"2019": "$81", "2018": "$151", "2017": "$61", "2016": "$170", "2015": "$123", "2014": "$96", "2013": "$54", "2012": "$42", "2011": "$35", "2010": "$36", "2009": "$38", "2008": "$55", "2007": "$22", "2006": "$24", "2005": "$28"}, "Essex Property Trust Quarterly Cash on Hand (Millions of US $)": {"2020-09-30": "$569", "2020-06-30": "$256", "2020-03-31": "$282", "2019-12-31": "$81", "2019-09-30": "$92", "2019-06-30": "$55", "2019-03-31": "$124", "2018-12-31": "$151", "2018-09-30": "$175", "2018-06-30": "$178", "2018-03-31": "$139", "2017-12-31": "$61", "2017-09-30": "$63", "2017-06-30": "$200", "2017-03-31": "$100", "2016-12-31": "$170", "2016-09-30": "$211", "2016-06-30": "$215", "2016-03-31": "$80", "2015-12-31": "$123", "2015-09-30": "$72", "2015-06-30": "$65", "2015-03-31": "$255", "2014-12-31": "$96", "2014-09-30": "$88", "2014-06-30": "$48", "2014-03-31": "$49", "2013-12-31": "$54", "2013-09-30": "$56", "2013-06-30": "$45", "2013-03-31": "$56", "2012-12-31": "$42", "2012-09-30": "$27", "2012-06-30": "$28", "2012-03-31": "$37", "2011-12-31": "$35", "2011-09-30": "$33", "2011-06-30": "$33", "2011-03-31": "$121", "2010-12-31": "$36", "2010-09-30": "$36", "2010-06-30": "$28", "2010-03-31": "$40", "2009-12-31": "$38", "2009-09-30": "$99", "2009-06-30": "$80", "2009-03-31": "$79", "2008-12-31": "$55", "2008-09-30": "$46", "2008-06-30": "$33", "2008-03-31": "$23", "2007-12-31": "$22", "2007-09-30": "$22", "2007-06-30": "$24", "2007-03-31": "$26", "2006-12-31": "$24", "2006-09-30": "$45", "2006-06-30": "$23", "2006-03-31": "$24", "2005-12-31": "$28", "2005-09-30": "$34", "2005-06-30": "$47", "2005-03-31": "$29"}}, "long-term-debt": {"Essex Property Trust Annual Long Term Debt (Millions of US $)": {"2019": "$5,809", "2018": "$5,606", "2017": "$5,689", "2016": "$5,563", "2015": "$5,319", "2014": "$5,081", "2013": "$3,034", "2012": "$2,819", "2011": "$2,361", "2010": "$2,259", "2009": "$1,847", "2008": "$1,754", "2007": "$1,658", "2006": "$1,412", "2005": "$1,355"}, "Essex Property Trust Quarterly Long Term Debt (Millions of US $)": {"2020-09-30": "$6,610", "2020-06-30": "$6,319", "2020-03-31": "$6,496", "2019-12-31": "$5,809", "2019-09-30": "$6,048", "2019-06-30": "$5,841", "2019-03-31": "$5,736", "2018-12-31": "$5,606", "2018-09-30": "$5,634", "2018-06-30": "$5,691", "2018-03-31": "$5,719", "2017-12-31": "$5,689", "2017-09-30": "$5,615", "2017-06-30": "$5,663", "2017-03-31": "$5,603", "2016-12-31": "$5,563", "2016-09-30": "$5,585", "2016-06-30": "$5,618", "2016-03-31": "$5,353", "2015-12-31": "$5,319", "2015-09-30": "$5,317", "2015-06-30": "$5,369", "2015-03-31": "$5,436", "2014-12-31": "$5,081", "2014-09-30": "$5,226", "2014-06-30": "$5,066", "2014-03-31": "$2,954", "2013-12-31": "$3,034", "2013-09-30": "$2,921", "2013-06-30": "$2,926", "2013-03-31": "$2,774", "2012-12-31": "$2,819", "2012-09-30": "$2,596", "2012-06-30": "$2,488", "2012-03-31": "$2,343", "2011-12-31": "$2,361", "2011-09-30": "$2,260", "2011-06-30": "$2,254", "2011-03-31": "$2,370", "2010-12-31": "$2,259", "2010-09-30": "$2,062", "2010-06-30": "$1,907", "2010-03-31": "$1,888", "2009-12-31": "$1,847", "2009-09-30": "$1,857", "2009-06-30": "$1,829", "2009-03-31": "$1,812", "2008-12-31": "$1,754", "2008-09-30": "$1,730", "2008-06-30": "$1,765", "2008-03-31": "$1,685", "2007-12-31": "$1,658", "2007-09-30": "$1,626", "2007-06-30": "$1,464", "2007-03-31": "$1,476", "2006-12-31": "$1,412", "2006-09-30": "$1,402", "2006-06-30": "$1,421", "2006-03-31": "$1,408", "2005-12-31": "$1,355", "2005-09-30": "$1,314", "2005-06-30": "$1,313", "2005-03-31": "$1,318"}}, "total-liabilities": {"Essex Property Trust Annual Total Liabilities (Millions of US $)": {"2019": "$6,302", "2018": "$5,990", "2017": "$6,099", "2016": "$5,925", "2015": "$5,671", "2014": "$5,391", "2013": "$3,184", "2012": "$2,963", "2011": "$2,479", "2010": "$2,374", "2009": "$1,977", "2008": "$1,933", "2007": "$2,044", "2006": "$1,728", "2005": "$1,658"}, "Essex Property Trust Quarterly Total Liabilities (Millions of US $)": {"2020-09-30": "$7,134", "2020-06-30": "$6,825", "2020-03-31": "$7,033", "2019-12-31": "$6,302", "2019-09-30": "$6,583", "2019-06-30": "$6,326", "2019-03-31": "$6,261", "2018-12-31": "$5,990", "2018-09-30": "$6,082", "2018-06-30": "$6,081", "2018-03-31": "$6,151", "2017-12-31": "$6,099", "2017-09-30": "$6,129", "2017-06-30": "$6,087", "2017-03-31": "$6,058", "2016-12-31": "$5,925", "2016-09-30": "$5,993", "2016-06-30": "$5,992", "2016-03-31": "$5,826", "2015-12-31": "$5,671", "2015-09-30": "$5,681", "2015-06-30": "$5,700", "2015-03-31": "$5,784", "2014-12-31": "$5,391", "2014-09-30": "$5,573", "2014-06-30": "$5,376", "2014-03-31": "$3,071", "2013-12-31": "$3,184", "2013-09-30": "$3,088", "2013-06-30": "$3,085", "2013-03-31": "$2,948", "2012-12-31": "$2,963", "2012-09-30": "$2,749", "2012-06-30": "$2,624", "2012-03-31": "$2,474", "2011-12-31": "$2,479", "2011-09-30": "$2,395", "2011-06-30": "$2,375", "2011-03-31": "$2,495", "2010-12-31": "$2,374", "2010-09-30": "$2,254", "2010-06-30": "$2,087", "2010-03-31": "$2,038", "2009-12-31": "$1,977", "2009-09-30": "$2,014", "2009-06-30": "$1,968", "2009-03-31": "$1,979", "2008-12-31": "$1,933", "2008-09-30": "$2,144", "2008-06-30": "$2,165", "2008-03-31": "$2,097", "2007-12-31": "$2,044", "2007-09-30": "$1,984", "2007-06-30": "$1,801", "2007-03-31": "$1,799", "2006-12-31": "$1,728", "2006-09-30": "$1,721", "2006-06-30": "$1,727", "2006-03-31": "$1,719", "2005-12-31": "$1,658", "2005-09-30": "$1,628", "2005-06-30": "$1,622", "2005-03-31": "$1,625"}}, "total-share-holder-equity": {"Essex Property Trust Annual Share Holder Equity (Millions of US $)": {"2019": "$6,404", "2018": "$6,394", "2017": "$6,397", "2016": "$6,292", "2015": "$6,337", "2014": "$6,136", "2013": "$2,003", "2012": "$1,884", "2011": "$1,558", "2010": "$1,359", "2009": "$1,278", "2008": "$1,232", "2007": "$936", "2006": "$758", "2005": "$581"}, "Essex Property Trust Quarterly Share Holder Equity (Millions of US $)": {"2020-09-30": "$6,267", "2020-06-30": "$6,353", "2020-03-31": "$6,418", "2019-12-31": "$6,404", "2019-09-30": "$6,415", "2019-06-30": "$6,345", "2019-03-31": "$6,317", "2018-12-31": "$6,394", "2018-09-30": "$6,436", "2018-06-30": "$6,475", "2018-03-31": "$6,492", "2017-12-31": "$6,397", "2017-09-30": "$6,384", "2017-06-30": "$6,438", "2017-03-31": "$6,389", "2016-12-31": "$6,292", "2016-09-30": "$6,184", "2016-06-30": "$6,215", "2016-03-31": "$6,241", "2015-12-31": "$6,337", "2015-09-30": "$6,332", "2015-06-30": "$6,345", "2015-03-31": "$6,301", "2014-12-31": "$6,136", "2014-09-30": "$6,093", "2014-06-30": "$5,972", "2014-03-31": "$3,562", "2013-12-31": "$2,003", "2013-09-30": "$1,998", "2013-06-30": "$1,974", "2013-03-31": "$1,989", "2012-12-31": "$1,884", "2012-09-30": "$1,785", "2012-06-30": "$1,715", "2012-03-31": "$1,578", "2011-12-31": "$1,558", "2011-09-30": "$1,511", "2011-06-30": "$1,451", "2011-03-31": "$1,372", "2010-12-31": "$1,359", "2010-09-30": "$1,249", "2010-06-30": "$1,237", "2010-03-31": "$1,271", "2009-12-31": "$1,278", "2009-09-30": "$1,251", "2009-06-30": "$1,271", "2009-03-31": "$1,183", "2008-12-31": "$1,232", "2008-09-30": "$1,016", "2008-06-30": "$899", "2008-03-31": "$904", "2007-12-31": "$936", "2007-09-30": "$970", "2007-06-30": "$992", "2007-03-31": "$778", "2006-12-31": "$758", "2006-09-30": "$739", "2006-06-30": "$601", "2006-03-31": "$577", "2005-12-31": "$581", "2005-09-30": "$618", "2005-06-30": "$625", "2005-03-31": "$606"}}, "profit-margins": {"current": "38.03%"}, "gross margin": {"2020-12-31": "68.29%", "2020-09-30": "69.23%", "2020-06-30": "69.81%", "2020-03-31": "70.59%", "2019-12-31": "70.55%", "2019-09-30": "70.31%", "2019-06-30": "70.32%", "2019-03-31": "70.19%", "2018-12-31": "70.29%", "2018-09-30": "70.26%", "2018-06-30": "70.25%", "2018-03-31": "70.33%", "2017-12-31": "70.29%", "2017-09-30": "72.53%", "2017-06-30": "72.60%", "2017-03-31": "72.40%", "2016-12-31": "72.33%", "2016-09-30": "70.14%", "2016-06-30": "69.97%", "2016-03-31": "69.82%", "2015-12-31": "69.62%", "2015-09-30": "69.13%", "2015-06-30": "68.73%", "2015-03-31": "68.25%", "2014-12-31": "67.87%", "2014-09-30": "67.41%", "2014-06-30": "67.39%", "2014-03-31": "67.47%", "2013-12-31": "67.43%", "2013-09-30": "67.80%", "2013-06-30": "67.42%", "2013-03-31": "67.09%", "2012-12-31": "66.98%", "2012-09-30": "66.67%", "2012-06-30": "66.40%", "2012-03-31": "65.84%", "2011-12-31": "65.31%", "2011-09-30": "64.82%", "2011-06-30": "64.76%", "2011-03-31": "64.85%", "2010-12-31": "65.12%", "2010-09-30": "65.01%", "2010-06-30": "65.09%", "2010-03-31": "65.68%", "2009-12-31": "66.26%", "2009-09-30": "66.99%", "2009-06-30": "67.55%", "2009-03-31": "67.63%", "2008-12-31": "67.48%", "2008-09-30": "67.51%", "2008-06-30": "67.69%", "2008-03-31": "67.71%", "2007-12-31": "67.47%", "2007-09-30": "67.87%", "2007-06-30": "67.51%", "2007-03-31": "67.06%", "2006-12-31": "66.57%", "2006-09-30": "65.84%", "2006-06-30": "65.82%", "2006-03-31": "65.71%", "2005-12-31": "66.56%"}, "operating margin": {"2020-12-31": "32.91%", "2020-09-30": "33.16%", "2020-06-30": "32.91%", "2020-03-31": "33.42%", "2019-12-31": "33.22%", "2019-09-30": "32.96%", "2019-06-30": "32.63%", "2019-03-31": "32.29%", "2018-12-31": "32.14%", "2018-09-30": "32.54%", "2018-06-30": "32.64%", "2018-03-31": "32.58%", "2017-12-31": "32.72%", "2017-09-30": "32.67%", "2017-06-30": "32.73%", "2017-03-31": "32.70%", "2016-12-31": "32.53%", "2016-09-30": "31.90%", "2016-06-30": "30.43%", "2016-03-31": "29.04%", "2015-12-31": "27.70%", "2015-09-30": "25.97%", "2015-06-30": "25.16%", "2015-03-31": "22.05%", "2014-12-31": "20.70%", "2014-09-30": "21.53%", "2014-06-30": "22.78%", "2014-03-31": "28.37%", "2013-12-31": "30.93%", "2013-09-30": "31.69%", "2013-06-30": "31.53%", "2013-03-31": "31.29%", "2012-12-31": "31.16%", "2012-09-30": "30.83%", "2012-06-30": "30.20%", "2012-03-31": "29.61%", "2011-12-31": "28.69%", "2011-09-30": "27.43%", "2011-06-30": "26.54%", "2011-03-31": "26.13%", "2010-12-31": "26.83%", "2010-09-30": "26.30%", "2010-06-30": "24.69%", "2010-03-31": "26.42%", "2009-12-31": "26.16%", "2009-09-30": "28.67%", "2009-06-30": "32.45%", "2009-03-31": "32.61%", "2008-12-31": "33.99%", "2008-09-30": "33.75%", "2008-06-30": "34.10%", "2008-03-31": "34.11%", "2007-12-31": "34.40%", "2007-09-30": "35.46%", "2007-06-30": "35.88%", "2007-03-31": "36.15%", "2006-12-31": "35.52%", "2006-09-30": "34.47%", "2006-06-30": "33.54%", "2006-03-31": "33.01%", "2005-12-31": "34.39%"}, "ebitda margin": {"2020-09-30": "66.78%", "2020-06-30": "65.76%", "2020-03-31": "65.24%", "2019-12-31": "64.73%", "2019-09-30": "65.16%", "2019-06-30": "65.12%", "2019-03-31": "65.08%", "2018-12-31": "65.07%", "2018-09-30": "65.52%", "2018-06-30": "65.49%", "2018-03-31": "65.53%", "2017-12-31": "65.59%", "2017-09-30": "65.18%", "2017-06-30": "65.02%", "2017-03-31": "64.56%", "2016-12-31": "64.37%", "2016-09-30": "64.58%", "2016-06-30": "64.14%", "2016-03-31": "63.78%", "2015-12-31": "63.01%", "2015-09-30": "61.05%", "2015-06-30": "60.14%", "2015-03-31": "57.27%", "2014-12-31": "55.51%", "2014-09-30": "56.12%", "2014-06-30": "56.62%", "2014-03-31": "60.74%", "2013-12-31": "63.34%", "2013-09-30": "64.58%", "2013-06-30": "64.29%", "2013-03-31": "63.85%", "2012-12-31": "63.99%", "2012-09-30": "63.58%", "2012-06-30": "63.40%", "2012-03-31": "62.94%", "2011-12-31": "62.53%", "2011-09-30": "61.50%", "2011-06-30": "59.04%", "2011-03-31": "50.83%", "2010-12-31": "42.68%", "2010-09-30": "33.25%", "2010-06-30": "24.69%", "2010-03-31": "26.42%", "2009-12-31": "26.16%", "2009-09-30": "28.67%", "2009-06-30": "32.45%", "2009-03-31": "32.61%", "2008-12-31": "33.99%", "2008-09-30": "33.75%", "2008-06-30": "34.10%", "2008-03-31": "34.11%", "2007-12-31": "34.40%", "2007-09-30": "35.46%", "2007-06-30": "35.88%", "2007-03-31": "36.15%", "2006-12-31": "35.52%", "2006-09-30": "34.47%", "2006-06-30": "33.54%", "2006-03-31": "33.01%", "2005-12-31": "34.39%"}, "pre tax profit margin": {"2020-12-31": "40.13%", "2020-09-30": "41.98%", "2020-06-30": "43.88%", "2020-03-31": "44.65%", "2019-12-31": "31.85%", "2019-09-30": "31.57%", "2019-06-30": "30.52%", "2019-03-31": "31.37%", "2018-12-31": "29.50%", "2018-09-30": "28.66%", "2018-06-30": "28.74%", "2018-03-31": "26.76%", "2017-12-31": "33.68%", "2017-09-30": "41.13%", "2017-06-30": "40.47%", "2017-03-31": "41.06%", "2016-12-31": "33.93%", "2016-09-30": "25.08%", "2016-06-30": "23.72%", "2016-03-31": "22.10%", "2015-12-31": "20.84%", "2015-09-30": "17.88%", "2015-06-30": "19.49%", "2015-03-31": "15.92%", "2014-12-31": "13.90%", "2014-09-30": "12.94%", "2014-06-30": "15.55%", "2014-03-31": "22.12%", "2013-12-31": "23.08%", "2013-09-30": "28.64%", "2013-06-30": "21.95%", "2013-03-31": "25.00%", "2012-12-31": "23.69%", "2012-09-30": "17.73%", "2012-06-30": "16.80%", "2012-03-31": "10.97%", "2011-12-31": "10.28%", "2011-09-30": "9.29%", "2011-06-30": "9.15%", "2011-03-31": "10.21%", "2010-12-31": "11.95%", "2010-09-30": "12.16%", "2010-06-30": "9.73%", "2010-03-31": "10.37%", "2009-12-31": "11.00%", "2009-09-30": "14.46%", "2009-06-30": "19.23%", "2009-03-31": "19.32%", "2008-12-31": "20.05%", "2008-09-30": "20.15%", "2008-06-30": "18.46%", "2008-03-31": "17.19%", "2007-12-31": "15.20%", "2007-09-30": "12.47%", "2007-06-30": "12.43%", "2007-03-31": "11.66%", "2006-12-31": "9.85%", "2006-09-30": "10.25%", "2006-06-30": "10.13%", "2006-03-31": "10.58%", "2005-12-31": "15.92%"}, "net profit margin": {"2020-12-31": "38.06%", "2020-09-30": "39.92%", "2020-06-30": "41.69%", "2020-03-31": "42.45%", "2019-12-31": "30.07%", "2019-09-30": "29.76%", "2019-06-30": "28.83%", "2019-03-31": "29.67%", "2018-12-31": "27.86%", "2018-09-30": "27.01%", "2018-06-30": "27.08%", "2018-03-31": "25.16%", "2017-12-31": "31.84%", "2017-09-30": "39.05%", "2017-06-30": "38.44%", "2017-03-31": "39.01%", "2016-12-31": "31.84%", "2016-09-30": "23.20%", "2016-06-30": "21.73%", "2016-03-31": "20.07%", "2015-12-31": "19.00%", "2015-09-30": "16.08%", "2015-06-30": "17.63%", "2015-03-31": "14.09%", "2014-12-31": "12.05%", "2014-09-30": "12.82%", "2014-06-30": "16.92%", "2014-03-31": "23.72%", "2013-12-31": "24.71%", "2013-09-30": "27.63%", "2013-06-30": "19.16%", "2013-03-31": "21.94%", "2012-12-31": "22.39%", "2012-09-30": "17.34%", "2012-06-30": "16.40%", "2012-03-31": "11.39%", "2011-12-31": "8.57%", "2011-09-30": "6.86%", "2011-06-30": "6.64%", "2011-03-31": "6.65%", "2010-12-31": "8.05%", "2010-09-30": "8.68%", "2010-06-30": "12.72%", "2010-03-31": "13.09%", "2009-12-31": "20.05%", "2009-09-30": "22.41%", "2009-06-30": "19.71%", "2009-03-31": "19.32%", "2008-12-31": "12.96%", "2008-09-30": "20.91%", "2008-06-30": "21.03%", "2008-03-31": "21.61%", "2007-12-31": "27.47%", "2007-09-30": "19.39%", "2007-06-30": "20.06%", "2007-03-31": "24.20%", "2006-12-31": "17.31%", "2006-09-30": "14.91%", "2006-06-30": "14.24%", "2006-03-31": "19.55%", "2005-12-31": "24.52%"}, "pe ratio": {"current": "20.15", "2021-02-05": "35.95", "2020-12-31": "33.07", "2020-09-30": "21.80", "2020-06-30": "23.64", "2020-03-31": "22.26", "2019-12-31": "43.45", "2019-09-30": "48.10", "2019-06-30": "44.73", "2019-03-31": "43.18", "2018-12-31": "39.01", "2018-09-30": "40.70", "2018-06-30": "39.21", "2018-03-31": "42.45", "2017-12-31": "33.64", "2017-09-30": "28.95", "2017-06-30": "29.90", "2017-03-31": "26.66", "2016-12-31": "33.06", "2016-09-30": "43.72", "2016-06-30": "48.20", "2016-03-31": "54.29", "2015-12-31": "59.47", "2015-09-30": "66.40", "2015-06-30": "58.68", "2015-03-31": "78.83", "2014-12-31": "81.59", "2014-09-30": "63.62", "2014-06-30": "46.03", "2014-03-31": "35.74", "2013-12-31": "29.20", "2013-09-30": "27.30", "2013-06-30": "42.55", "2013-03-31": "35.33", "2012-12-31": "34.23", "2012-09-30": "44.87", "2012-06-30": "50.51", "2012-03-31": "71.92", "2011-12-31": "87.57", "2011-09-30": "93.97", "2011-06-30": "107.18", "2011-03-31": "97.48", "2010-12-31": "74.97", "2010-09-30": "66.52", "2010-06-30": "40.94", "2010-03-31": "35.17", "2009-12-31": "20.45", "2009-09-30": "16.63", "2009-06-30": "13.86", "2009-03-31": "12.76", "2008-12-31": "23.65", "2008-09-30": "22.48", "2008-06-30": "20.64", "2008-03-31": "21.82", "2007-12-31": "14.89", "2007-09-30": "26.41", "2007-06-30": "25.39", "2007-03-31": "23.55", "2006-12-31": "33.11"}, "price sales": {"2021-02-05": "11.30", "2020-12-31": "10.40", "2020-09-30": "8.67", "2020-06-30": "9.84", "2020-03-31": "9.44", "2019-12-31": "13.08", "2019-09-30": "14.33", "2019-06-30": "12.88", "2019-03-31": "12.81", "2018-12-31": "10.87", "2018-09-30": "10.99", "2018-06-30": "10.62", "2018-03-31": "10.67", "2017-12-31": "10.70", "2017-09-30": "11.30", "2017-06-30": "11.47", "2017-03-31": "10.38", "2016-12-31": "10.51", "2016-09-30": "10.12", "2016-06-30": "10.48", "2016-03-31": "10.86", "2015-12-31": "11.28", "2015-09-30": "10.38", "2015-06-30": "10.01", "2015-03-31": "10.98", "2014-12-31": "9.89", "2014-09-30": "8.86", "2014-06-30": "9.19", "2014-03-31": "8.47", "2013-12-31": "7.21", "2013-09-30": "7.51", "2013-06-30": "8.14", "2013-03-31": "7.76", "2012-12-31": "7.62", "2012-09-30": "7.77", "2012-06-30": "8.15", "2012-03-31": "8.07", "2011-12-31": "7.52", "2011-09-30": "6.44", "2011-06-30": "7.24", "2011-03-31": "6.69", "2010-12-31": "6.14", "2010-09-30": "5.92", "2010-06-30": "5.27", "2010-03-31": "4.66", "2009-12-31": "4.23", "2009-09-30": "3.77", "2009-06-30": "2.79", "2009-03-31": "2.50", "2008-12-31": "3.21", "2008-09-30": "5.01", "2008-06-30": "4.56", "2008-03-31": "4.90", "2007-12-31": "4.23", "2007-09-30": "5.18", "2007-06-30": "5.09", "2007-03-31": "5.69", "2006-12-31": "5.70"}, "price book": {"current": "2.69", "2021-02-05": "2.69", "2020-09-30": "2.07", "2020-06-30": "2.31", "2020-03-31": "2.18", "2019-12-31": "2.99", "2019-09-30": "3.22", "2019-06-30": "2.88", "2019-03-31": "2.84", "2018-12-31": "2.37", "2018-09-30": "2.38", "2018-06-30": "2.27", "2018-03-31": "2.26", "2017-12-31": "2.29", "2017-09-30": "2.39", "2017-06-30": "2.38", "2017-03-31": "2.13", "2016-12-31": "2.16", "2016-09-30": "2.09", "2016-06-30": "2.11", "2016-03-31": "2.14", "2015-12-31": "2.14", "2015-09-30": "1.98", "2015-06-30": "1.86", "2015-03-31": "2.00", "2014-12-31": "1.81", "2014-09-30": "1.56", "2014-06-30": "1.61", "2014-03-31": "1.52", "2013-12-31": "2.20", "2013-09-30": "2.25", "2013-06-30": "2.43", "2013-03-31": "2.27", "2012-12-31": "2.26", "2012-09-30": "2.34", "2012-06-30": "2.47", "2012-03-31": "2.55", "2011-12-31": "2.36", "2011-09-30": "2.03", "2011-06-30": "2.32", "2011-03-31": "2.16", "2010-12-31": "1.97", "2010-09-30": "1.95", "2010-06-30": "1.71", "2010-03-31": "1.50", "2009-12-31": "1.36", "2009-09-30": "1.28", "2009-06-30": "0.93", "2009-03-31": "0.87", "2008-12-31": "1.11", "2008-09-30": "1.94", "2008-06-30": "1.95", "2008-03-31": "2.05", "2007-12-31": "1.69", "2007-09-30": "1.97", "2007-06-30": "1.89", "2007-03-31": "2.48", "2006-12-31": "2.52", "2006-09-30": "2.38", "2006-06-30": "2.66", "2006-03-31": "2.66"}, "price fcf": {"2021-02-05": "", "2020-09-30": "$6.08", "2020-06-30": "$4.94", "2020-03-31": "$1.31", "2019-12-31": "$7.25", "2019-09-30": "$9.35", "2019-06-30": "$9.68", "2019-03-31": "$11.59", "2018-12-31": "$12.43", "2018-09-30": "$9.31", "2018-06-30": "$9.36", "2018-03-31": "$7.55", "2017-12-31": "$6.30", "2017-09-30": "$6.63", "2017-06-30": "$6.70", "2017-03-31": "$6.76", "2016-12-31": "$6.35", "2016-09-30": "$7.06", "2016-06-30": "$6.55", "2016-03-31": "$4.33", "2015-12-31": "$1.64", "2015-09-30": "$1.87", "2015-06-30": "$-3.20", "2015-03-31": "$-3.57", "2014-12-31": "$-1.17", "2014-09-30": "$-4.96", "2014-06-30": "$-1.07", "2014-03-31": "$1.01", "2013-12-31": "$-2.69", "2013-09-30": "$-7.48", "2013-06-30": "$-8.89", "2013-03-31": "$-9.83", "2012-12-31": "$-6.25", "2012-09-30": "$0.19", "2012-06-30": "$1.76", "2012-03-31": "$1.83", "2011-12-31": "$0.23", "2011-09-30": "$-10.35", "2011-06-30": "$-11.69", "2011-03-31": "$-11.77", "2010-12-31": "$-10.45", "2010-09-30": "$-1.57", "2010-06-30": "$-0.35", "2010-03-31": "$0.24", "2009-12-31": "$0.65", "2009-09-30": "$2.05", "2009-06-30": "$-0.24", "2009-03-31": "$-1.96", "2008-12-31": "$-2.37", "2008-09-30": "$-0.09", "2008-06-30": "$-2.45", "2008-03-31": "$-7.07", "2007-12-31": "$-5.89", "2007-09-30": "$-9.20", "2007-06-30": "$-8.28", "2007-03-31": "$-2.41", "2006-12-31": "$-5.27"}, "net worth": {"value": "$16.83B"}, "current ratio": {"2020-12-31": "0.00", "2020-09-30": "3.14", "2020-06-30": "1.83", "2020-03-31": "1.64", "2019-12-31": "1.36", "2019-09-30": "1.59", "2019-06-30": "0.92", "2019-03-31": "1.08", "2018-12-31": "1.76", "2018-09-30": "1.32", "2018-06-30": "1.85", "2018-03-31": "1.17", "2017-12-31": "1.27", "2017-09-30": "0.83", "2017-06-30": "1.83", "2017-03-31": "0.82", "2016-12-31": "1.53", "2016-09-30": "1.26", "2016-06-30": "1.62", "2016-03-31": "0.58", "2015-12-31": "1.08", "2015-09-30": "0.53", "2015-06-30": "0.62", "2015-03-31": "1.75", "2014-12-31": "0.89", "2014-09-30": "0.66", "2014-06-30": "0.86", "2014-03-31": "1.02", "2013-12-31": "1.82", "2013-09-30": "1.47", "2013-06-30": "2.04", "2013-03-31": "0.78", "2012-12-31": "1.67", "2012-09-30": "1.01", "2012-06-30": "1.26", "2012-03-31": "1.38", "2011-12-31": "2.11", "2011-09-30": "1.34", "2011-06-30": "1.67", "2011-03-31": "3.13", "2010-12-31": "1.90", "2010-09-30": "1.61", "2010-06-30": "2.00", "2010-03-31": "1.59", "2009-12-31": "1.93", "2009-09-30": "2.77", "2009-06-30": "2.59", "2009-03-31": "2.56", "2008-12-31": "2.68", "2008-09-30": "1.43", "2008-06-30": "1.54", "2008-03-31": "1.07", "2007-12-31": "1.63", "2007-09-30": "1.06", "2007-06-30": "1.34", "2007-03-31": "1.13", "2006-12-31": "1.11", "2006-09-30": "1.30", "2006-06-30": "1.47", "2006-03-31": "0.95", "2005-12-31": "1.05", "2005-09-30": "0.97", "2005-06-30": "1.47", "2005-03-31": "1.05"}, "quick ratio": {"2020-12-31": "0.00", "2020-09-30": "0.00", "2020-06-30": "0.00", "2020-03-31": "0.00", "2019-12-31": "0.00", "2019-09-30": "0.00", "2019-06-30": "0.00", "2019-03-31": "0.00", "2018-12-31": "0.00", "2018-09-30": "0.00", "2018-06-30": "0.00", "2018-03-31": "0.00", "2017-12-31": "0.00", "2017-09-30": "0.00", "2017-06-30": "0.00", "2017-03-31": "0.00", "2016-12-31": "0.00", "2016-09-30": "0.00", "2016-06-30": "0.00", "2016-03-31": "0.00", "2015-12-31": "0.00", "2015-09-30": "0.00", "2015-06-30": "0.00", "2015-03-31": "0.00", "2014-12-31": "0.00", "2014-09-30": "0.00", "2014-06-30": "0.00", "2014-03-31": "0.00", "2013-12-31": "0.00", "2013-09-30": "0.00", "2013-06-30": "0.00", "2013-03-31": "0.00", "2012-12-31": "0.00", "2012-09-30": "0.00", "2012-06-30": "0.00", "2012-03-31": "0.00", "2011-12-31": "0.00", "2011-09-30": "0.00", "2011-06-30": "0.00", "2011-03-31": "0.00", "2010-12-31": "0.00", "2010-09-30": "0.00", "2010-06-30": "0.00", "2010-03-31": "0.00", "2009-12-31": "0.00", "2009-09-30": "0.00", "2009-06-30": "0.00", "2009-03-31": "0.00", "2008-12-31": "0.00", "2008-09-30": "0.00", "2008-06-30": "0.00", "2008-03-31": "0.00", "2007-12-31": "0.00", "2007-09-30": "0.00", "2007-06-30": "0.00", "2007-03-31": "0.00", "2006-12-31": "0.00", "2006-09-30": "0.00", "2006-06-30": "0.00", "2006-03-31": "0.00", "2005-12-31": "0.00", "2005-09-30": "0.00", "2005-06-30": "0.00", "2005-03-31": "0.00"}, "debt equity ratio": {"current": "1.05", "2020-12-31": "1.09", "2020-09-30": "1.14", "2020-06-30": "1.07", "2020-03-31": "1.10", "2019-12-31": "0.98", "2019-09-30": "1.03", "2019-06-30": "1.00", "2019-03-31": "0.99", "2018-12-31": "0.94", "2018-09-30": "0.95", "2018-06-30": "0.94", "2018-03-31": "0.95", "2017-12-31": "0.95", "2017-09-30": "0.96", "2017-06-30": "0.95", "2017-03-31": "0.95", "2016-12-31": "0.94", "2016-09-30": "0.97", "2016-06-30": "0.96", "2016-03-31": "0.93", "2015-12-31": "0.90", "2015-09-30": "0.90", "2015-06-30": "0.90", "2015-03-31": "0.92", "2014-12-31": "0.88", "2014-09-30": "0.92", "2014-06-30": "0.90", "2014-03-31": "0.86", "2013-12-31": "1.59", "2013-09-30": "1.55", "2013-06-30": "1.56", "2013-03-31": "1.48", "2012-12-31": "1.57", "2012-09-30": "1.54", "2012-06-30": "1.53", "2012-03-31": "1.57", "2011-12-31": "1.59", "2011-09-30": "1.59", "2011-06-30": "1.64", "2011-03-31": "1.82", "2010-12-31": "1.75", "2010-09-30": "1.81", "2010-06-30": "1.69", "2010-03-31": "1.60", "2009-12-31": "1.55", "2009-09-30": "1.61", "2009-06-30": "1.55", "2009-03-31": "1.67", "2008-12-31": "1.57", "2008-09-30": "2.11", "2008-06-30": "2.41", "2008-03-31": "2.32", "2007-12-31": "2.18", "2007-09-30": "2.05", "2007-06-30": "1.82", "2007-03-31": "2.31", "2006-12-31": "2.28", "2006-09-30": "2.33", "2006-06-30": "2.88", "2006-03-31": "2.98", "2005-12-31": "2.85", "2005-09-30": "2.63", "2005-06-30": "2.60", "2005-03-31": "2.68"}, "return on equity": {"2020-12-31": "9.02%", "2020-09-30": "9.46%", "2020-06-30": "9.80%", "2020-03-31": "9.93%", "2019-12-31": "6.89%", "2019-09-30": "6.72%", "2019-06-30": "6.43%", "2019-03-31": "6.53%", "2018-12-31": "6.05%", "2018-09-30": "5.83%", "2018-06-30": "5.83%", "2018-03-31": "5.38%", "2017-12-31": "6.78%", "2017-09-30": "8.25%", "2017-06-30": "8.09%", "2017-03-31": "8.18%", "2016-12-31": "6.61%", "2016-09-30": "4.74%", "2016-06-30": "4.33%", "2016-03-31": "3.90%", "2015-12-31": "3.59%", "2015-09-30": "2.98%", "2015-06-30": "3.20%", "2015-03-31": "2.51%", "2014-12-31": "2.15%", "2014-09-30": "2.47%", "2014-06-30": "3.66%", "2014-03-31": "6.21%", "2013-12-31": "7.58%", "2013-09-30": "8.31%", "2013-06-30": "5.77%", "2013-03-31": "6.62%", "2012-12-31": "6.89%", "2012-09-30": "5.42%", "2012-06-30": "5.16%", "2012-03-31": "3.61%", "2011-12-31": "2.72%", "2011-09-30": "2.18%", "2011-06-30": "2.14%", "2011-03-31": "2.15%", "2010-12-31": "2.58%", "2010-09-30": "2.78%", "2010-06-30": "4.05%", "2010-03-31": "4.18%", "2009-12-31": "6.58%", "2009-09-30": "7.53%", "2009-06-30": "6.98%", "2009-03-31": "7.39%", "2008-12-31": "5.23%", "2008-09-30": "8.84%", "2008-06-30": "8.84%", "2008-03-31": "8.73%", "2007-12-31": "11.21%", "2007-09-30": "8.00%", "2007-06-30": "8.69%", "2007-03-31": "11.54%", "2006-12-31": "8.67%", "2006-09-30": "7.69%", "2006-06-30": "7.57%", "2006-03-31": "10.16%", "2005-12-31": "12.67%"}, "return on assets": {"2020-12-31": "4.30%", "2020-09-30": "4.57%", "2020-06-30": "4.79%", "2020-03-31": "4.90%", "2019-12-31": "3.45%", "2019-09-30": "3.38%", "2019-06-30": "3.27%", "2019-03-31": "3.34%", "2018-12-31": "3.11%", "2018-09-30": "3.00%", "2018-06-30": "2.99%", "2018-03-31": "2.76%", "2017-12-31": "3.47%", "2017-09-30": "4.23%", "2017-06-30": "4.15%", "2017-03-31": "4.18%", "2016-12-31": "3.39%", "2016-09-30": "2.44%", "2016-06-30": "2.25%", "2016-03-31": "2.04%", "2015-12-31": "1.89%", "2015-09-30": "1.57%", "2015-06-30": "1.68%", "2015-03-31": "1.32%", "2014-12-31": "1.14%", "2014-09-30": "1.25%", "2014-06-30": "1.76%", "2014-03-31": "2.70%", "2013-12-31": "2.98%", "2013-09-30": "3.27%", "2013-06-30": "2.27%", "2013-03-31": "2.62%", "2012-12-31": "2.70%", "2012-09-30": "2.12%", "2012-06-30": "2.01%", "2012-03-31": "1.39%", "2011-12-31": "1.02%", "2011-09-30": "0.81%", "2011-06-30": "0.78%", "2011-03-31": "0.78%", "2010-12-31": "0.95%", "2010-09-30": "1.05%", "2010-06-30": "1.55%", "2010-03-31": "1.62%", "2009-12-31": "2.54%", "2009-09-30": "2.90%", "2009-06-30": "2.58%", "2009-03-31": "2.55%", "2008-12-31": "1.71%", "2008-09-30": "2.72%", "2008-06-30": "2.73%", "2008-03-31": "2.83%", "2007-12-31": "3.65%", "2007-09-30": "2.59%", "2007-06-30": "2.75%", "2007-03-31": "3.37%", "2006-12-31": "2.42%", "2006-09-30": "2.06%", "2006-06-30": "1.98%", "2006-03-31": "2.70%", "2005-12-31": "3.44%"}, "return on investments": {"2020-12-31": "3.87%", "2020-09-30": "3.95%", "2020-06-30": "3.94%", "2020-03-31": "4.02%", "2019-12-31": "3.97%", "2019-09-30": "3.89%", "2019-06-30": "3.84%", "2019-03-31": "3.77%", "2018-12-31": "3.72%", "2018-09-30": "3.73%", "2018-06-30": "3.73%", "2018-03-31": "3.70%", "2017-12-31": "3.70%", "2017-09-30": "3.67%", "2017-06-30": "3.65%", "2017-03-31": "3.62%", "2016-12-31": "3.58%", "2016-09-30": "3.47%", "2016-06-30": "3.26%", "2016-03-31": "3.05%", "2015-12-31": "2.83%", "2015-09-30": "2.61%", "2015-06-30": "2.47%", "2015-03-31": "2.13%", "2014-12-31": "2.01%", "2014-09-30": "2.16%", "2014-06-30": "2.43%", "2014-03-31": "3.31%", "2013-12-31": "3.85%", "2013-09-30": "3.88%", "2013-06-30": "3.86%", "2013-03-31": "3.86%", "2012-12-31": "3.88%", "2012-09-30": "3.90%", "2012-06-30": "3.82%", "2012-03-31": "3.73%", "2011-12-31": "3.54%", "2011-09-30": "3.34%", "2011-06-30": "3.23%", "2011-03-31": "3.18%", "2010-12-31": "3.33%", "2010-09-30": "3.33%", "2010-06-30": "3.16%", "2010-03-31": "3.43%", "2009-12-31": "3.47%", "2009-09-30": "3.90%", "2009-06-30": "4.57%", "2009-03-31": "4.74%", "2008-12-31": "5.06%", "2008-09-30": "5.06%", "2008-06-30": "5.09%", "2008-03-31": "5.12%", "2007-12-31": "5.21%", "2007-09-30": "5.40%", "2007-06-30": "5.63%", "2007-03-31": "5.78%", "2006-12-31": "5.72%", "2006-09-30": "5.49%", "2006-06-30": "5.38%", "2006-03-31": "5.29%", "2005-12-31": "5.59%"}, "return on tangible equity": {"2020-09-30": "9.46%", "2020-06-30": "9.80%", "2020-03-31": "9.93%", "2019-12-31": "6.89%", "2019-09-30": "6.72%", "2019-06-30": "6.43%", "2019-03-31": "6.53%", "2018-12-31": "6.05%", "2018-09-30": "5.83%", "2018-06-30": "5.83%", "2018-03-31": "5.38%", "2017-12-31": "6.78%", "2017-09-30": "8.25%", "2017-06-30": "8.09%", "2017-03-31": "8.18%", "2016-12-31": "6.61%", "2016-09-30": "4.74%", "2016-06-30": "4.33%", "2016-03-31": "3.90%", "2015-12-31": "3.60%", "2015-09-30": "2.99%", "2015-06-30": "3.21%", "2015-03-31": "2.52%", "2014-12-31": "2.16%", "2014-09-30": "2.47%", "2014-06-30": "3.67%", "2014-03-31": "6.21%", "2013-12-31": "7.59%", "2013-09-30": "8.31%", "2013-06-30": "5.77%", "2013-03-31": "6.62%", "2012-12-31": "6.89%", "2012-09-30": "5.42%", "2012-06-30": "5.16%", "2012-03-31": "3.61%", "2011-12-31": "2.72%", "2011-09-30": "2.18%", "2011-06-30": "2.14%", "2011-03-31": "2.15%", "2010-12-31": "2.58%", "2010-09-30": "2.78%", "2010-06-30": "4.05%", "2010-03-31": "4.18%", "2009-12-31": "6.58%", "2009-09-30": "7.53%", "2009-06-30": "6.98%", "2009-03-31": "7.39%", "2008-12-31": "5.23%", "2008-09-30": "8.84%", "2008-06-30": "8.84%", "2008-03-31": "8.73%", "2007-12-31": "11.21%", "2007-09-30": "8.00%", "2007-06-30": "8.69%", "2007-03-31": "11.54%", "2006-12-31": "8.67%", "2006-09-30": "7.69%", "2006-06-30": "7.57%", "2006-03-31": "10.16%", "2005-12-31": "12.67%"}, "dividend yield history": {"last payout": "$8.31", "last yield": "3.22%"}}