{"ticker": "WTRG", "price": {"title": "Essential Utilities Historical Annual Stock Price Data", "value": 48.13, "historical": {"2021": {"Average Stock Price": "46.8154", "Year Open": "46.1900", "Year High": "48.7200", "Year Low": "45.4600", "Year Close": "48.1300", "Annual % Change": "1.78%"}, "2020": {"Average Stock Price": "44.1844", "Year Open": "45.8800", "Year High": "54.0700", "Year Low": "32.6500", "Year Close": "47.2900", "Annual % Change": "0.75%"}, "2019": {"Average Stock Price": "40.5992", "Year Open": "32.8300", "Year High": "47.0800", "Year Low": "32.8300", "Year Close": "46.9400", "Annual % Change": "37.29%"}, "2018": {"Average Stock Price": "35.1845", "Year Open": "38.6500", "Year High": "38.6500", "Year Low": "32.3700", "Year Close": "34.1900", "Annual % Change": "-12.85%"}, "2017": {"Average Stock Price": "33.3769", "Year Open": "29.9800", "Year High": "39.3300", "Year Low": "29.5400", "Year Close": "39.2300", "Annual % Change": "30.59%"}, "2016": {"Average Stock Price": "31.4508", "Year Open": "29.4700", "Year High": "35.6600", "Year Low": "28.6700", "Year Close": "30.0400", "Annual % Change": "0.81%"}, "2015": {"Average Stock Price": "26.8111", "Year Open": "26.8400", "Year High": "30.5100", "Year Low": "24.4900", "Year Close": "29.8000", "Annual % Change": "11.61%"}, "2014": {"Average Stock Price": "24.8609", "Year Open": "23.1300", "Year High": "28.0500", "Year Low": "22.5900", "Year Close": "26.7000", "Annual % Change": "13.18%"}, "2013": {"Average Stock Price": "24.5306", "Year Open": "21.1200", "Year High": "27.9920", "Year Low": "20.7440", "Year Close": "23.5900", "Annual % Change": "16.00%"}, "2012": {"Average Stock Price": "19.1122", "Year Open": "17.4480", "Year High": "21.4800", "Year Low": "16.9440", "Year Close": "20.3360", "Annual % Change": "15.28%"}, "2011": {"Average Stock Price": "17.6603", "Year Open": "18.1440", "Year High": "18.9200", "Year Low": "15.4240", "Year Close": "17.6400", "Annual % Change": "-1.91%"}, "2010": {"Average Stock Price": "15.2108", "Year Open": "13.9840", "Year High": "18.3120", "Year Low": "13.2720", "Year Close": "17.9840", "Annual % Change": "28.38%"}, "2009": {"Average Stock Price": "14.1991", "Year Open": "16.7840", "Year High": "16.9520", "Year Low": "12.3600", "Year Close": "14.0080", "Annual % Change": "-14.96%"}, "2008": {"Average Stock Price": "14.5189", "Year Open": "17.0000", "Year High": "17.5440", "Year Low": "11.7280", "Year Close": "16.4720", "Annual % Change": "-2.88%"}, "2007": {"Average Stock Price": "18.1717", "Year Open": "18.0080", "Year High": "21.1520", "Year Low": "16.9600", "Year Close": "16.9600", "Annual % Change": "-6.94%"}, "2006": {"Average Stock Price": "19.4605", "Year Open": "22.0480", "Year High": "23.6720", "Year Low": "16.4880", "Year Close": "18.2240", "Annual % Change": "-16.56%"}, "2005": {"Average Stock Price": "18.1139", "Year Open": "14.5144", "Year High": "23.1726", "Year Low": "14.0884", "Year Close": "21.8400", "Annual % Change": "48.02%"}, "2004": {"Average Stock Price": "12.7846", "Year Open": "13.2723", "Year High": "14.7544", "Year Low": "11.3463", "Year Close": "14.7544", "Annual % Change": "11.27%"}, "2003": {"Average Stock Price": "11.1769", "Year Open": "9.9266", "Year High": "13.3503", "Year Low": "9.4610", "Year Close": "13.2603", "Annual % Change": "34.10%"}, "2002": {"Average Stock Price": "10.1676", "Year Open": "10.9059", "Year High": "11.9907", "Year Low": "7.8146", "Year Close": "9.8882", "Annual % Change": "-8.65%"}, "2001": {"Average Stock Price": "9.6582", "Year Open": "8.7861", "Year High": "11.6317", "Year Low": "7.6802", "Year Close": "10.8243", "Annual % Change": "15.05%"}, "2000": {"Average Stock Price": "6.7787", "Year Open": "6.1841", "Year High": "9.5273", "Year Low": "5.1857", "Year Close": "9.4082", "Annual % Change": "48.02%"}, "1999": {"Average Stock Price": "7.1166", "Year Open": "8.9275", "Year High": "8.9275", "Year Low": "6.1841", "Year Close": "6.3561", "Annual % Change": "-30.01%"}, "1998": {"Average Stock Price": "7.1020", "Year Open": "6.9699", "Year High": "9.1394", "Year Low": "5.8554", "Year Close": "9.0811", "Annual % Change": "33.87%"}, "1997": {"Average Stock Price": "4.8348", "Year Open": "4.4930", "Year High": "6.7833", "Year Low": "3.6013", "Year Close": "6.7833", "Annual % Change": "48.09%"}, "1996": {"Average Stock Price": "3.7194", "Year Open": "3.2457", "Year High": "4.5806", "Year Low": "3.1490", "Year Close": "4.5806", "Annual % Change": "43.71%"}, "1995": {"Average Stock Price": "2.8228", "Year Open": "2.7265", "Year High": "3.2841", "Year Low": "2.6697", "Year Close": "3.1874", "Annual % Change": "14.45%"}, "1994": {"Average Stock Price": "2.8031", "Year Open": "2.8033", "Year High": "2.9769", "Year Low": "2.6497", "Year Close": "2.7849", "Annual % Change": "-1.36%"}, "1993": {"Average Stock Price": "2.8050", "Year Open": "2.4577", "Year High": "3.1874", "Year Low": "2.4193", "Year Close": "2.8233", "Annual % Change": "14.88%"}, "1992": {"Average Stock Price": "2.3538", "Year Open": "2.3625", "Year High": "2.5345", "Year Low": "2.1321", "Year Close": "2.4577", "Annual % Change": "1.59%"}, "1991": {"Average Stock Price": "2.1437", "Year Open": "1.9017", "Year High": "2.5161", "Year Low": "1.8249", "Year Close": "2.4193", "Annual % Change": "29.84%"}, "1990": {"Average Stock Price": "1.9932", "Year Open": "2.1505", "Year High": "2.2857", "Year Low": "1.5944", "Year Close": "1.8633", "Annual % Change": "-12.61%"}, "1989": {"Average Stock Price": "2.0844", "Year Open": "2.0353", "Year High": "2.2273", "Year Low": "1.9585", "Year Close": "2.1321", "Annual % Change": "5.71%"}, "1988": {"Average Stock Price": "2.2139", "Year Open": "2.1121", "Year High": "2.5545", "Year Low": "1.8817", "Year Close": "2.0169", "Annual % Change": "-6.21%"}}}, "market cap": {"value": "$11.8B"}, "income statement": {"Revenue": {"2019-12-31": "889.69200", "2018-12-31": "838.09100", "2017-12-31": "809.52500", "2016-12-31": "819.87500", "2015-12-31": "814.20400", "2014-12-31": "779.90300", "2013-12-31": "761.89300", "2012-12-31": "750.68500", "2011-12-31": "687.29100", "2010-12-31": "660.18600", "2009-12-31": "633.29200", "2008-12-31": "626.97200", "2007-12-31": "602.49900", "2006-12-31": "533.49100", "2005-12-31": "496.77900"}, "Cost Of Goods Sold": {"2019-12-31": "", "2018-12-31": "", "2017-12-31": "", "2016-12-31": "", "2015-12-31": "", "2014-12-31": "", "2013-12-31": "", "2012-12-31": "", "2011-12-31": "", "2010-12-31": "", "2009-12-31": "", "2008-12-31": "", "2007-12-31": "", "2006-12-31": "", "2005-12-31": ""}, "Gross Profit": {"2019-12-31": "889.69200", "2018-12-31": "838.09100", "2017-12-31": "809.52500", "2016-12-31": "819.87500", "2015-12-31": "814.20400", "2014-12-31": "779.90300", "2013-12-31": "761.89300", "2012-12-31": "750.68500", "2011-12-31": "687.29100", "2010-12-31": "660.18600", "2009-12-31": "633.29200", "2008-12-31": "626.97200", "2007-12-31": "602.49900", "2006-12-31": "533.49100", "2005-12-31": "496.77900"}, "Research And Development Expenses": {"2019-12-31": "", "2018-12-31": "", "2017-12-31": "", "2016-12-31": "", "2015-12-31": "", "2014-12-31": "", "2013-12-31": "", "2012-12-31": "", "2011-12-31": "", "2010-12-31": "", "2009-12-31": "", "2008-12-31": "", "2007-12-31": "", "2006-12-31": "", "2005-12-31": ""}, "SG&A Expenses": {"2019-12-31": "393.05700", "2018-12-31": "368.24000", "2017-12-31": "338.88100", "2016-12-31": "353.56900", "2015-12-31": "364.36700", "2014-12-31": "339.00900", "2013-12-31": "336.24600", "2012-12-31": "316.89900", "2011-12-31": "298.19200", "2010-12-31": "291.13600", "2009-12-31": "293.90100", "2008-12-31": "306.87100", "2007-12-31": "298.47200", "2006-12-31": "252.90300", "2005-12-31": "234.78400"}, "Other Operating Income Or Expenses": {"2019-12-31": "", "2018-12-31": "", "2017-12-31": "", "2016-12-31": "", "2015-12-31": "", "2014-12-31": "", "2013-12-31": "", "2012-12-31": "", "2011-12-31": "", "2010-12-31": "", "2009-12-31": "", "2008-12-31": "", "2007-12-31": "", "2006-12-31": "", "2005-12-31": ""}, "Operating Expenses": {"2019-12-31": "549.53300", "2018-12-31": "514.91300", "2017-12-31": "475.60500", "2016-12-31": "486.57700", "2015-12-31": "493.10400", "2014-12-31": "465.54400", "2013-12-31": "460.23100", "2012-12-31": "433.07900", "2011-12-31": "406.49200", "2010-12-31": "402.85200", "2009-12-31": "405.01200", "2008-12-31": "401.17100", "2007-12-31": "386.48300", "2006-12-31": "327.94400", "2005-12-31": "300.27200"}, "Operating Income": {"2019-12-31": "340.15900", "2018-12-31": "323.17800", "2017-12-31": "333.92000", "2016-12-31": "333.29800", "2015-12-31": "321.10000", "2014-12-31": "314.35900", "2013-12-31": "301.66200", "2012-12-31": "317.60600", "2011-12-31": "280.79900", "2010-12-31": "257.33400", "2009-12-31": "228.28000", "2008-12-31": "225.80100", "2007-12-31": "216.01600", "2006-12-31": "205.54700", "2005-12-31": "196.50700"}, "Total Non-Operating Income/Expense": {"2019-12-31": "-128.63300", "2018-12-31": "-144.85900", "2017-12-31": "-77.26800", "2016-12-31": "-78.13800", "2015-12-31": "-104.34800", "2014-12-31": "-75.25600", "2013-12-31": "-77.55800", "2012-12-31": "-70.54900", "2011-12-31": "-70.00500", "2010-12-31": "-66.01500", "2009-12-31": "-63.25600", "2008-12-31": "-63.29900", "2007-12-31": "-60.47400", "2006-12-31": "-53.29700", "2005-12-31": "-48.43800"}, "Pre-Tax Income": {"2019-12-31": "211.52600", "2018-12-31": "178.31900", "2017-12-31": "256.65200", "2016-12-31": "255.16000", "2015-12-31": "216.75200", "2014-12-31": "239.10300", "2013-12-31": "224.10400", "2012-12-31": "247.05700", "2011-12-31": "210.79400", "2010-12-31": "191.31900", "2009-12-31": "165.02400", "2008-12-31": "162.50200", "2007-12-31": "155.54200", "2006-12-31": "152.25000", "2005-12-31": "148.06900"}, "Income Taxes": {"2019-12-31": "-13.01700", "2018-12-31": "-13.66900", "2017-12-31": "16.91400", "2016-12-31": "20.97800", "2015-12-31": "14.96200", "2014-12-31": "25.21900", "2013-12-31": "21.23300", "2012-12-31": "65.22000", "2011-12-31": "69.11100", "2010-12-31": "74.94000", "2009-12-31": "64.87400", "2008-12-31": "64.58400", "2007-12-31": "60.52800", "2006-12-31": "60.24600", "2005-12-31": "56.91300"}, "Income After Taxes": {"2019-12-31": "224.54300", "2018-12-31": "191.98800", "2017-12-31": "239.73800", "2016-12-31": "234.18200", "2015-12-31": "201.79000", "2014-12-31": "213.88400", "2013-12-31": "202.87100", "2012-12-31": "181.83700", "2011-12-31": "141.68300", "2010-12-31": "116.37900", "2009-12-31": "100.15000", "2008-12-31": "97.91800", "2007-12-31": "95.01400", "2006-12-31": "92.00400", "2005-12-31": "91.15600"}, "Other Income": {"2019-12-31": "", "2018-12-31": "", "2017-12-31": "", "2016-12-31": "", "2015-12-31": "", "2014-12-31": "", "2013-12-31": "", "2012-12-31": "", "2011-12-31": "", "2010-12-31": "", "2009-12-31": "", "2008-12-31": "", "2007-12-31": "", "2006-12-31": "", "2005-12-31": ""}, "Income From Continuous Operations": {"2019-12-31": "224.54300", "2018-12-31": "191.98800", "2017-12-31": "239.73800", "2016-12-31": "234.18200", "2015-12-31": "201.79000", "2014-12-31": "213.88400", "2013-12-31": "202.87100", "2012-12-31": "181.83700", "2011-12-31": "141.68300", "2010-12-31": "116.37900", "2009-12-31": "100.15000", "2008-12-31": "97.91800", "2007-12-31": "95.01400", "2006-12-31": "92.00400", "2005-12-31": "91.15600"}, "Income From Discontinued Operations": {"2019-12-31": "", "2018-12-31": "", "2017-12-31": "", "2016-12-31": "", "2015-12-31": "", "2014-12-31": "19.35500", "2013-12-31": "18.42900", "2012-12-31": "14.72600", "2011-12-31": "1.38600", "2010-12-31": "7.59600", "2009-12-31": "4.20300", "2008-12-31": "", "2007-12-31": "", "2006-12-31": "", "2005-12-31": ""}, "Net Income": {"2019-12-31": "224.54300", "2018-12-31": "191.98800", "2017-12-31": "239.73800", "2016-12-31": "234.18200", "2015-12-31": "201.79000", "2014-12-31": "233.23900", "2013-12-31": "221.30000", "2012-12-31": "196.56300", "2011-12-31": "143.06900", "2010-12-31": "123.97500", "2009-12-31": "104.35300", "2008-12-31": "97.91800", "2007-12-31": "95.01400", "2006-12-31": "92.00400", "2005-12-31": "91.15600"}, "EBITDA": {"2019-12-31": "496.63500", "2018-12-31": "469.85100", "2017-12-31": "470.64400", "2016-12-31": "466.30600", "2015-12-31": "449.83700", "2014-12-31": "440.89400", "2013-12-31": "425.64700", "2012-12-31": "433.78600", "2011-12-31": "389.09900", "2010-12-31": "369.05000", "2009-12-31": "339.39100", "2008-12-31": "320.10100", "2007-12-31": "304.02700", "2006-12-31": "280.58800", "2005-12-31": "261.50000"}, "EBIT": {"2019-12-31": "340.15900", "2018-12-31": "323.17800", "2017-12-31": "333.92000", "2016-12-31": "333.29800", "2015-12-31": "321.10000", "2014-12-31": "314.35900", "2013-12-31": "301.66200", "2012-12-31": "317.60600", "2011-12-31": "280.79900", "2010-12-31": "257.33400", "2009-12-31": "228.28000", "2008-12-31": "225.80100", "2007-12-31": "216.01600", "2006-12-31": "205.54700", "2005-12-31": "196.50700"}, "Basic Shares Outstanding": {"2019-12-31": "215.55000", "2018-12-31": "177.90400", "2017-12-31": "177.61200", "2016-12-31": "177.27300", "2015-12-31": "176.78800", "2014-12-31": "176.86400", "2013-12-31": "176.14000", "2012-12-31": "174.20100", "2011-12-31": "172.72700", "2010-12-31": "171.18500", "2009-12-31": "169.77000", "2008-12-31": "167.87750", "2007-12-31": "166.01750", "2006-12-31": "163.40630", "2005-12-31": "159.20500"}, "Shares Outstanding": {"2019-12-31": "215.93100", "2018-12-31": "178.39900", "2017-12-31": "178.17500", "2016-12-31": "177.84600", "2015-12-31": "177.51700", "2014-12-31": "177.76300", "2013-12-31": "176.81400", "2012-12-31": "174.91800", "2011-12-31": "173.36100", "2010-12-31": "171.62000", "2009-12-31": "170.16130", "2008-12-31": "168.38130", "2007-12-31": "167.00250", "2006-12-31": "164.71750", "2005-12-31": "161.50750"}, "Basic EPS": {"2019-12-31": "1.04000", "2018-12-31": "1.08000", "2017-12-31": "1.35000", "2016-12-31": "1.32000", "2015-12-31": "1.14000", "2014-12-31": "1.32000", "2013-12-31": "1.26000", "2012-12-31": "1.13000", "2011-12-31": "0.83000", "2010-12-31": "0.72800", "2009-12-31": "0.61600", "2008-12-31": "0.58400", "2007-12-31": "0.57600", "2006-12-31": "0.56000", "2005-12-31": "0.57600"}, "EPS - Earnings Per Share": {"2019-12-31": "1.04000", "2018-12-31": "1.08000", "2017-12-31": "1.35000", "2016-12-31": "1.32000", "2015-12-31": "1.14000", "2014-12-31": "1.31000", "2013-12-31": "1.25000", "2012-12-31": "1.12000", "2011-12-31": "0.83000", "2010-12-31": "0.72000", "2009-12-31": "0.61600", "2008-12-31": "0.58400", "2007-12-31": "0.56800", "2006-12-31": "0.56000", "2005-12-31": "0.56800"}}, "income statement, quarterly": {"Revenue": {"2020-09-30": "348.64700", "2020-06-30": "384.46800", "2020-03-31": "255.58500", "2019-12-31": "226.04200", "2019-09-30": "243.62600", "2019-06-30": "218.89200", "2019-03-31": "201.13200", "2018-12-31": "205.74700", "2018-09-30": "226.13700", "2018-06-30": "211.86000", "2018-03-31": "194.34700", "2017-12-31": "203.31200", "2017-09-30": "215.00800", "2017-06-30": "203.41800", "2017-03-31": "187.78700", "2016-12-31": "196.79900", "2016-09-30": "226.59300", "2016-06-30": "203.87600", "2016-03-31": "192.60700", "2015-12-31": "197.06690", "2015-09-30": "221.05100", "2015-06-30": "205.76000", "2015-03-31": "190.32600", "2014-12-31": "191.38900", "2014-09-30": "210.53500", "2014-06-30": "195.30700", "2014-03-31": "182.67200", "2013-12-31": "187.07800", "2013-09-30": "202.32000", "2013-06-30": "193.94300", "2013-03-31": "178.55200", "2012-12-31": "180.40600", "2012-09-30": "214.56500", "2012-06-30": "191.69000", "2012-03-31": "164.02400", "2011-12-31": "154.28000", "2011-09-30": "191.08300", "2011-06-30": "178.31300", "2011-03-31": "163.61500", "2010-12-31": "127.74800", "2010-09-30": "193.47700", "2010-06-30": "178.44400", "2010-03-31": "160.51700", "2009-12-31": "130.64600", "2009-09-30": "180.82600", "2009-06-30": "167.33300", "2009-03-31": "154.48700", "2008-12-31": "159.84000", "2008-09-30": "177.09800", "2008-06-30": "150.75100", "2008-03-31": "139.28300", "2007-12-31": "149.08300", "2007-09-30": "165.49100", "2007-06-30": "150.62400", "2007-03-31": "137.30100", "2006-12-31": "136.84300", "2006-09-30": "146.95000", "2006-06-30": "131.74900", "2006-03-31": "117.94900", "2005-12-31": "122.90800", "2005-09-30": "136.78300", "2005-06-30": "123.10000", "2005-03-31": "113.98800"}, "Cost Of Goods Sold": {"2020-09-30": "16.74400", "2020-06-30": "43.42000", "2020-03-31": "12.77000", "2019-12-31": "", "2019-09-30": "", "2019-06-30": "", "2019-03-31": "", "2018-12-31": "", "2018-09-30": "", "2018-06-30": "", "2018-03-31": "", "2017-12-31": "", "2017-09-30": "", "2017-06-30": "", "2017-03-31": "", "2016-12-31": "", "2016-09-30": "", "2016-06-30": "", "2016-03-31": "", "2015-12-31": "", "2015-09-30": "", "2015-06-30": "", "2015-03-31": "", "2014-12-31": "", "2014-09-30": "", "2014-06-30": "", "2014-03-31": "", "2013-12-31": "", "2013-09-30": "", "2013-06-30": "", "2013-03-31": "", "2012-12-31": "", "2012-09-30": "", "2012-06-30": "", "2012-03-31": "", "2011-12-31": "", "2011-09-30": "", "2011-06-30": "", "2011-03-31": "", "2010-12-31": "", "2010-09-30": "", "2010-06-30": "", "2010-03-31": "", "2009-12-31": "", "2009-09-30": "", "2009-06-30": "", "2009-03-31": "", "2008-12-31": "", "2008-09-30": "", "2008-06-30": "", "2008-03-31": "", "2007-12-31": "", "2007-09-30": "", "2007-06-30": "", "2007-03-31": "", "2006-12-31": "", "2006-09-30": "", "2006-06-30": "", "2006-03-31": "", "2005-12-31": "", "2005-09-30": "", "2005-06-30": "", "2005-03-31": ""}, "Gross Profit": {"2020-09-30": "331.90300", "2020-06-30": "341.04800", "2020-03-31": "242.81500", "2019-12-31": "226.04200", "2019-09-30": "243.62600", "2019-06-30": "218.89200", "2019-03-31": "201.13200", "2018-12-31": "205.74700", "2018-09-30": "226.13700", "2018-06-30": "211.86000", "2018-03-31": "194.34700", "2017-12-31": "203.31200", "2017-09-30": "215.00800", "2017-06-30": "203.41800", "2017-03-31": "187.78700", "2016-12-31": "196.79900", "2016-09-30": "226.59300", "2016-06-30": "203.87600", "2016-03-31": "192.60700", "2015-12-31": "197.06690", "2015-09-30": "221.05100", "2015-06-30": "205.76000", "2015-03-31": "190.32600", "2014-12-31": "191.38900", "2014-09-30": "210.53500", "2014-06-30": "195.30700", "2014-03-31": "182.67200", "2013-12-31": "187.07800", "2013-09-30": "202.32000", "2013-06-30": "193.94300", "2013-03-31": "178.55200", "2012-12-31": "180.40600", "2012-09-30": "214.56500", "2012-06-30": "191.69000", "2012-03-31": "164.02400", "2011-12-31": "154.28000", "2011-09-30": "191.08300", "2011-06-30": "178.31300", "2011-03-31": "163.61500", "2010-12-31": "127.74800", "2010-09-30": "193.47700", "2010-06-30": "178.44400", "2010-03-31": "160.51700", "2009-12-31": "130.64600", "2009-09-30": "180.82600", "2009-06-30": "167.33300", "2009-03-31": "154.48700", "2008-12-31": "159.84000", "2008-09-30": "177.09800", "2008-06-30": "150.75100", "2008-03-31": "139.28300", "2007-12-31": "149.08300", "2007-09-30": "165.49100", "2007-06-30": "150.62400", "2007-03-31": "137.30100", "2006-12-31": "136.84300", "2006-09-30": "146.95000", "2006-06-30": "131.74900", "2006-03-31": "117.94900", "2005-12-31": "122.90800", "2005-09-30": "136.78300", "2005-06-30": "123.10000", "2005-03-31": "113.98800"}, "Research And Development Expenses": {"2020-09-30": "", "2020-06-30": "", "2020-03-31": "", "2019-12-31": "", "2019-09-30": "", "2019-06-30": "", "2019-03-31": "", "2018-12-31": "", "2018-09-30": "", "2018-06-30": "", "2018-03-31": "", "2017-12-31": "", "2017-09-30": "", "2017-06-30": "", "2017-03-31": "", "2016-12-31": "", "2016-09-30": "", "2016-06-30": "", "2016-03-31": "", "2015-12-31": "", "2015-09-30": "", "2015-06-30": "", "2015-03-31": "", "2014-12-31": "", "2014-09-30": "", "2014-06-30": "", "2014-03-31": "", "2013-12-31": "", "2013-09-30": "", "2013-06-30": "", "2013-03-31": "", "2012-12-31": "", "2012-09-30": "", "2012-06-30": "", "2012-03-31": "", "2011-12-31": "", "2011-09-30": "", "2011-06-30": "", "2011-03-31": "", "2010-12-31": "", "2010-09-30": "", "2010-06-30": "", "2010-03-31": "", "2009-12-31": "", "2009-09-30": "", "2009-06-30": "", "2009-03-31": "", "2008-12-31": "", "2008-09-30": "", "2008-06-30": "", "2008-03-31": "", "2007-12-31": "", "2007-09-30": "", "2007-06-30": "", "2007-03-31": "", "2006-12-31": "", "2006-09-30": "", "2006-06-30": "", "2006-03-31": "", "2005-12-31": "", "2005-09-30": "", "2005-06-30": "", "2005-03-31": ""}, "SG&A Expenses": {"2020-09-30": "156.72900", "2020-06-30": "148.03700", "2020-03-31": "123.07300", "2019-12-31": "100.23800", "2019-09-30": "97.22300", "2019-06-30": "101.31300", "2019-03-31": "94.28300", "2018-12-31": "106.79500", "2018-09-30": "84.18800", "2018-06-30": "88.34400", "2018-03-31": "88.91300", "2017-12-31": "90.24200", "2017-09-30": "81.97800", "2017-06-30": "84.03400", "2017-03-31": "82.62700", "2016-12-31": "83.12800", "2016-09-30": "94.52400", "2016-06-30": "88.23600", "2016-03-31": "87.68100", "2015-12-31": "89.83400", "2015-09-30": "93.18200", "2015-06-30": "93.54100", "2015-03-31": "87.81000", "2014-12-31": "86.63100", "2014-09-30": "85.18900", "2014-06-30": "83.40100", "2014-03-31": "83.78800", "2013-12-31": "86.52500", "2013-09-30": "85.01500", "2013-06-30": "83.51400", "2013-03-31": "81.19200", "2012-12-31": "82.53500", "2012-09-30": "84.45900", "2012-06-30": "75.58700", "2012-03-31": "74.31800", "2011-12-31": "68.62100", "2011-09-30": "77.27300", "2011-06-30": "77.51600", "2011-03-31": "74.78200", "2010-12-31": "48.07200", "2010-09-30": "80.35000", "2010-06-30": "82.25300", "2010-03-31": "80.46100", "2009-12-31": "53.98300", "2009-09-30": "80.90600", "2009-06-30": "80.43300", "2009-03-31": "78.57900", "2008-12-31": "76.56700", "2008-09-30": "77.90000", "2008-06-30": "75.99100", "2008-03-31": "76.41300", "2007-12-31": "74.17800", "2007-09-30": "77.91800", "2007-06-30": "74.16500", "2007-03-31": "72.21100", "2006-12-31": "62.03600", "2006-09-30": "67.96700", "2006-06-30": "63.51700", "2006-03-31": "59.38300", "2005-12-31": "59.88500", "2005-09-30": "60.94200", "2005-06-30": "58.65100", "2005-03-31": "55.30600"}, "Other Operating Income Or Expenses": {"2020-09-30": "", "2020-06-30": "", "2020-03-31": "", "2019-12-31": "", "2019-09-30": "", "2019-06-30": "", "2019-03-31": "", "2018-12-31": "", "2018-09-30": "", "2018-06-30": "", "2018-03-31": "", "2017-12-31": "", "2017-09-30": "", "2017-06-30": "", "2017-03-31": "", "2016-12-31": "", "2016-09-30": "", "2016-06-30": "", "2016-03-31": "", "2015-12-31": "", "2015-09-30": "", "2015-06-30": "", "2015-03-31": "", "2014-12-31": "", "2014-09-30": "", "2014-06-30": "", "2014-03-31": "", "2013-12-31": "", "2013-09-30": "", "2013-06-30": "", "2013-03-31": "", "2012-12-31": "", "2012-09-30": "", "2012-06-30": "", "2012-03-31": "", "2011-12-31": "", "2011-09-30": "", "2011-06-30": "", "2011-03-31": "", "2010-12-31": "", "2010-09-30": "", "2010-06-30": "", "2010-03-31": "", "2009-12-31": "", "2009-09-30": "", "2009-06-30": "", "2009-03-31": "", "2008-12-31": "", "2008-09-30": "", "2008-06-30": "", "2008-03-31": "", "2007-12-31": "", "2007-09-30": "", "2007-06-30": "", "2007-03-31": "", "2006-12-31": "", "2006-09-30": "", "2006-06-30": "", "2006-03-31": "", "2005-12-31": "", "2005-09-30": "", "2005-06-30": "", "2005-03-31": ""}, "Operating Expenses": {"2020-09-30": "243.41400", "2020-06-30": "261.34900", "2020-03-31": "182.08800", "2019-12-31": "140.74100", "2019-09-30": "137.15600", "2019-06-30": "137.94300", "2019-03-31": "133.69300", "2018-12-31": "142.95300", "2018-09-30": "121.84400", "2018-06-30": "125.10600", "2018-03-31": "125.01000", "2017-12-31": "125.10000", "2017-09-30": "116.28400", "2017-06-30": "117.56800", "2017-03-31": "116.65300", "2016-12-31": "117.12400", "2016-09-30": "128.79400", "2016-06-30": "120.38300", "2016-03-31": "120.27600", "2015-12-31": "122.45200", "2015-09-30": "125.97900", "2015-06-30": "125.51400", "2015-03-31": "119.15900", "2014-12-31": "118.79200", "2014-09-30": "115.47700", "2014-06-30": "115.37300", "2014-03-31": "115.90200", "2013-12-31": "118.24400", "2013-09-30": "116.18000", "2013-06-30": "114.19300", "2013-03-31": "111.61400", "2012-12-31": "112.20600", "2012-09-30": "114.03000", "2012-06-30": "104.65800", "2012-03-31": "102.18500", "2011-12-31": "93.72600", "2011-09-30": "104.38100", "2011-06-30": "105.69000", "2011-03-31": "102.69500", "2010-12-31": "70.49600", "2010-09-30": "110.15400", "2010-06-30": "112.36900", "2010-03-31": "109.83300", "2009-12-31": "79.45100", "2009-09-30": "109.37100", "2009-06-30": "108.46900", "2009-03-31": "107.72100", "2008-12-31": "101.95800", "2008-09-30": "102.52400", "2008-06-30": "97.62200", "2008-03-31": "99.06700", "2007-12-31": "96.92900", "2007-09-30": "100.14400", "2007-06-30": "95.85400", "2007-03-31": "93.55600", "2006-12-31": "81.53000", "2006-09-30": "87.42700", "2006-06-30": "81.66000", "2006-03-31": "77.32700", "2005-12-31": "76.85600", "2005-09-30": "77.69200", "2005-06-30": "74.50700", "2005-03-31": "71.21700"}, "Operating Income": {"2020-09-30": "105.23300", "2020-06-30": "123.11900", "2020-03-31": "73.49700", "2019-12-31": "85.30100", "2019-09-30": "106.47000", "2019-06-30": "80.94900", "2019-03-31": "67.43900", "2018-12-31": "62.79400", "2018-09-30": "104.29300", "2018-06-30": "86.75400", "2018-03-31": "69.33700", "2017-12-31": "78.21200", "2017-09-30": "98.72400", "2017-06-30": "85.85000", "2017-03-31": "71.13400", "2016-12-31": "79.67500", "2016-09-30": "97.79900", "2016-06-30": "83.49300", "2016-03-31": "72.33100", "2015-12-31": "74.61500", "2015-09-30": "95.07200", "2015-06-30": "80.24600", "2015-03-31": "71.16700", "2014-12-31": "72.59700", "2014-09-30": "95.05800", "2014-06-30": "79.93400", "2014-03-31": "66.77000", "2013-12-31": "68.83400", "2013-09-30": "86.14000", "2013-06-30": "79.75000", "2013-03-31": "66.93800", "2012-12-31": "68.20000", "2012-09-30": "100.53500", "2012-06-30": "87.03200", "2012-03-31": "61.83900", "2011-12-31": "60.55400", "2011-09-30": "86.70200", "2011-06-30": "72.62300", "2011-03-31": "60.92000", "2010-12-31": "57.25200", "2010-09-30": "83.32300", "2010-06-30": "66.07500", "2010-03-31": "50.68400", "2009-12-31": "51.19500", "2009-09-30": "71.45500", "2009-06-30": "58.86400", "2009-03-31": "46.76600", "2008-12-31": "57.88200", "2008-09-30": "74.57400", "2008-06-30": "53.12900", "2008-03-31": "40.21600", "2007-12-31": "52.15410", "2007-09-30": "65.34700", "2007-06-30": "54.77000", "2007-03-31": "43.74500", "2006-12-31": "55.31300", "2006-09-30": "59.52300", "2006-06-30": "50.08900", "2006-03-31": "40.62200", "2005-12-31": "46.05200", "2005-09-30": "59.09100", "2005-06-30": "48.59300", "2005-03-31": "42.77100"}, "Total Non-Operating Income/Expense": {"2020-09-30": "-45.47000", "2020-06-30": "-48.02800", "2020-03-31": "-28.84000", "2019-12-31": "-22.19700", "2019-09-30": "-19.53400", "2019-06-30": "-28.21700", "2019-03-31": "-58.68500", "2018-12-31": "-81.55700", "2018-09-30": "-22.14200", "2018-06-30": "-20.53100", "2018-03-31": "-20.62900", "2017-12-31": "-19.72400", "2017-09-30": "-19.09900", "2017-06-30": "-19.31300", "2017-03-31": "-19.13200", "2016-12-31": "-25.98100", "2016-09-30": "-16.21800", "2016-06-30": "-18.35200", "2016-03-31": "-17.58700", "2015-12-31": "-50.31600", "2015-09-30": "-18.05900", "2015-06-30": "-17.94500", "2015-03-31": "-18.02800", "2014-12-31": "-18.35600", "2014-09-30": "-18.45600", "2014-06-30": "-19.26700", "2014-03-31": "-19.17700", "2013-12-31": "-19.58200", "2013-09-30": "-18.70800", "2013-06-30": "-19.98100", "2013-03-31": "-19.28700", "2012-12-31": "-17.40600", "2012-09-30": "-17.67600", "2012-06-30": "-17.99200", "2012-03-31": "-17.47500", "2011-12-31": "-17.72200", "2011-09-30": "-17.55100", "2011-06-30": "-17.47400", "2011-03-31": "-17.25800", "2010-12-31": "-16.85700", "2010-09-30": "-17.26500", "2010-06-30": "-16.93300", "2010-03-31": "-14.96000", "2009-12-31": "-14.87800", "2009-09-30": "-16.34700", "2009-06-30": "-16.16100", "2009-03-31": "-15.87000", "2008-12-31": "-16.20900", "2008-09-30": "-15.50600", "2008-06-30": "-15.41000", "2008-03-31": "-16.17400", "2007-12-31": "-13.14700", "2007-09-30": "-16.18800", "2007-06-30": "-15.38000", "2007-03-31": "-15.75900", "2006-12-31": "-13.36400", "2006-09-30": "-13.95800", "2006-06-30": "-12.98800", "2006-03-31": "-12.98700", "2005-12-31": "-11.90200", "2005-09-30": "-12.76900", "2005-06-30": "-11.81700", "2005-03-31": "-11.95000"}, "Pre-Tax Income": {"2020-09-30": "59.76300", "2020-06-30": "75.09100", "2020-03-31": "44.65700", "2019-12-31": "63.10400", "2019-09-30": "86.93600", "2019-06-30": "52.73200", "2019-03-31": "8.75400", "2018-12-31": "-18.76300", "2018-09-30": "82.15100", "2018-06-30": "66.22300", "2018-03-31": "48.70800", "2017-12-31": "58.48800", "2017-09-30": "79.62500", "2017-06-30": "66.53700", "2017-03-31": "52.00200", "2016-12-31": "53.69400", "2016-09-30": "81.58100", "2016-06-30": "65.14100", "2016-03-31": "54.74400", "2015-12-31": "24.29900", "2015-09-30": "77.01300", "2015-06-30": "62.30100", "2015-03-31": "53.13900", "2014-12-31": "54.24100", "2014-09-30": "76.60200", "2014-06-30": "60.66700", "2014-03-31": "47.59300", "2013-12-31": "49.25200", "2013-09-30": "67.43200", "2013-06-30": "59.76900", "2013-03-31": "47.65100", "2012-12-31": "50.79400", "2012-09-30": "82.85900", "2012-06-30": "69.04000", "2012-03-31": "44.36400", "2011-12-31": "42.83200", "2011-09-30": "69.15100", "2011-06-30": "55.14900", "2011-03-31": "43.66200", "2010-12-31": "40.39500", "2010-09-30": "66.05800", "2010-06-30": "49.14200", "2010-03-31": "35.72400", "2009-12-31": "36.31700", "2009-09-30": "55.10800", "2009-06-30": "42.70300", "2009-03-31": "30.89600", "2008-12-31": "41.67300", "2008-09-30": "59.06800", "2008-06-30": "37.71900", "2008-03-31": "24.04200", "2007-12-31": "39.00700", "2007-09-30": "49.15900", "2007-06-30": "39.39000", "2007-03-31": "27.98600", "2006-12-31": "41.94900", "2006-09-30": "45.56500", "2006-06-30": "37.10100", "2006-03-31": "27.63500", "2005-12-31": "34.15000", "2005-09-30": "46.32200", "2005-06-30": "36.77600", "2005-03-31": "30.82100"}, "Income Taxes": {"2020-09-30": "4.03100", "2020-06-30": "0.46200", "2020-03-31": "-7.12400", "2019-12-31": "-1.12300", "2019-09-30": "-1.55300", "2019-06-30": "-2.17100", "2019-03-31": "-8.17000", "2018-12-31": "-15.10600", "2018-09-30": "3.93500", "2018-06-30": "-0.36700", "2018-03-31": "-2.13100", "2017-12-31": "5.01500", "2017-09-30": "3.40000", "2017-06-30": "5.56900", "2017-03-31": "2.93000", "2016-12-31": "4.04500", "2016-09-30": "8.41100", "2016-06-30": "5.51500", "2016-03-31": "3.00700", "2015-12-31": "-4.13500", "2015-09-30": "9.58400", "2015-06-30": "4.91900", "2015-03-31": "4.59400", "2014-12-31": "5.28700", "2014-09-30": "8.89100", "2014-06-30": "5.84900", "2014-03-31": "5.19200", "2013-12-31": "2.99800", "2013-09-30": "4.68300", "2013-06-30": "6.76500", "2013-03-31": "6.78700", "2012-12-31": "-12.09000", "2012-09-30": "32.57500", "2012-06-30": "27.26000", "2012-03-31": "17.47500", "2011-12-31": "13.25100", "2011-09-30": "24.29000", "2011-06-30": "18.55400", "2011-03-31": "13.01600", "2010-12-31": "15.71200", "2010-09-30": "25.72800", "2010-06-30": "19.28700", "2010-03-31": "14.21300", "2009-12-31": "13.86100", "2009-09-30": "21.63800", "2009-06-30": "16.85000", "2009-03-31": "12.52500", "2008-12-31": "16.00800", "2008-09-30": "23.68800", "2008-06-30": "15.16700", "2008-03-31": "9.72100", "2007-12-31": "14.09600", "2007-09-30": "19.64100", "2007-06-30": "15.66300", "2007-03-31": "11.12800", "2006-12-31": "16.22600", "2006-09-30": "18.23400", "2006-06-30": "14.71500", "2006-03-31": "11.07100", "2005-12-31": "12.00000", "2005-09-30": "18.40500", "2005-06-30": "14.55800", "2005-03-31": "11.95000"}, "Income After Taxes": {"2020-09-30": "55.73200", "2020-06-30": "74.62900", "2020-03-31": "51.78100", "2019-12-31": "64.22700", "2019-09-30": "88.48900", "2019-06-30": "54.90300", "2019-03-31": "16.92400", "2018-12-31": "-3.65700", "2018-09-30": "78.21600", "2018-06-30": "66.59000", "2018-03-31": "50.83900", "2017-12-31": "53.47300", "2017-09-30": "76.22500", "2017-06-30": "60.96800", "2017-03-31": "49.07200", "2016-12-31": "49.64900", "2016-09-30": "73.17000", "2016-06-30": "59.62600", "2016-03-31": "51.73700", "2015-12-31": "28.43400", "2015-09-30": "67.42900", "2015-06-30": "57.38200", "2015-03-31": "48.54500", "2014-12-31": "48.95400", "2014-09-30": "67.71100", "2014-06-30": "54.81800", "2014-03-31": "42.40100", "2013-12-31": "46.25400", "2013-09-30": "62.74900", "2013-06-30": "53.00400", "2013-03-31": "40.86400", "2012-12-31": "62.88400", "2012-09-30": "50.28400", "2012-06-30": "41.78000", "2012-03-31": "26.88900", "2011-12-31": "29.58100", "2011-09-30": "44.86100", "2011-06-30": "36.59500", "2011-03-31": "30.64600", "2010-12-31": "24.68300", "2010-09-30": "40.33000", "2010-06-30": "29.85500", "2010-03-31": "21.51100", "2009-12-31": "22.45600", "2009-09-30": "33.47000", "2009-06-30": "25.85300", "2009-03-31": "18.37100", "2008-12-31": "25.66500", "2008-09-30": "35.38000", "2008-06-30": "22.55200", "2008-03-31": "14.32100", "2007-12-31": "24.91100", "2007-09-30": "29.51800", "2007-06-30": "23.72700", "2007-03-31": "16.85800", "2006-12-31": "25.72300", "2006-09-30": "27.33100", "2006-06-30": "22.38600", "2006-03-31": "16.56400", "2005-12-31": "22.15000", "2005-09-30": "27.91700", "2005-06-30": "22.21800", "2005-03-31": "18.87100"}, "Other Income": {"2020-09-30": "", "2020-06-30": "", "2020-03-31": "", "2019-12-31": "", "2019-09-30": "", "2019-06-30": "", "2019-03-31": "", "2018-12-31": "", "2018-09-30": "", "2018-06-30": "", "2018-03-31": "", "2017-12-31": "", "2017-09-30": "", "2017-06-30": "", "2017-03-31": "", "2016-12-31": "", "2016-09-30": "", "2016-06-30": "", "2016-03-31": "", "2015-12-31": "", "2015-09-30": "", "2015-06-30": "", "2015-03-31": "", "2014-12-31": "", "2014-09-30": "", "2014-06-30": "", "2014-03-31": "", "2013-12-31": "", "2013-09-30": "", "2013-06-30": "", "2013-03-31": "", "2012-12-31": "", "2012-09-30": "", "2012-06-30": "", "2012-03-31": "", "2011-12-31": "", "2011-09-30": "", "2011-06-30": "", "2011-03-31": "", "2010-12-31": "", "2010-09-30": "", "2010-06-30": "", "2010-03-31": "", "2009-12-31": "", "2009-09-30": "", "2009-06-30": "", "2009-03-31": "", "2008-12-31": "", "2008-09-30": "", "2008-06-30": "", "2008-03-31": "", "2007-12-31": "", "2007-09-30": "", "2007-06-30": "", "2007-03-31": "", "2006-12-31": "", "2006-09-30": "", "2006-06-30": "", "2006-03-31": "", "2005-12-31": "", "2005-09-30": "", "2005-06-30": "", "2005-03-31": ""}, "Income From Continuous Operations": {"2020-09-30": "55.73200", "2020-06-30": "74.62900", "2020-03-31": "51.78100", "2019-12-31": "64.22700", "2019-09-30": "88.48900", "2019-06-30": "54.90300", "2019-03-31": "16.92400", "2018-12-31": "-3.65700", "2018-09-30": "78.21600", "2018-06-30": "66.59000", "2018-03-31": "50.83900", "2017-12-31": "53.47300", "2017-09-30": "76.22500", "2017-06-30": "60.96800", "2017-03-31": "49.07200", "2016-12-31": "49.64900", "2016-09-30": "73.17000", "2016-06-30": "59.62600", "2016-03-31": "51.73700", "2015-12-31": "28.43400", "2015-09-30": "67.42900", "2015-06-30": "57.38200", "2015-03-31": "48.54500", "2014-12-31": "48.95400", "2014-09-30": "67.71100", "2014-06-30": "54.81800", "2014-03-31": "42.40100", "2013-12-31": "46.25400", "2013-09-30": "62.74900", "2013-06-30": "53.00400", "2013-03-31": "40.86400", "2012-12-31": "62.88400", "2012-09-30": "50.28400", "2012-06-30": "41.78000", "2012-03-31": "26.88900", "2011-12-31": "29.58100", "2011-09-30": "44.86100", "2011-06-30": "36.59500", "2011-03-31": "30.64600", "2010-12-31": "24.68300", "2010-09-30": "40.33000", "2010-06-30": "29.85500", "2010-03-31": "21.51100", "2009-12-31": "22.45600", "2009-09-30": "33.47000", "2009-06-30": "25.85300", "2009-03-31": "18.37100", "2008-12-31": "25.66500", "2008-09-30": "35.38000", "2008-06-30": "22.55200", "2008-03-31": "14.32100", "2007-12-31": "24.91100", "2007-09-30": "29.51800", "2007-06-30": "23.72700", "2007-03-31": "16.85800", "2006-12-31": "25.72300", "2006-09-30": "27.33100", "2006-06-30": "22.38600", "2006-03-31": "16.56400", "2005-12-31": "22.15000", "2005-09-30": "27.91700", "2005-06-30": "22.21800", "2005-03-31": "18.87100"}, "Income From Discontinued Operations": {"2020-09-30": "", "2020-06-30": "", "2020-03-31": "", "2019-12-31": "", "2019-09-30": "", "2019-06-30": "", "2019-03-31": "", "2018-12-31": "", "2018-09-30": "", "2018-06-30": "", "2018-03-31": "", "2017-12-31": "", "2017-09-30": "", "2017-06-30": "", "2017-03-31": "", "2016-12-31": "", "2016-09-30": "", "2016-06-30": "", "2016-03-31": "", "2015-12-31": "", "2015-09-30": "", "2015-06-30": "", "2015-03-31": "", "2014-12-31": "17.86100", "2014-09-30": "0.28500", "2014-06-30": "0.75100", "2014-03-31": "0.45800", "2013-12-31": "11.27800", "2013-09-30": "0.86800", "2013-06-30": "0.58200", "2013-03-31": "5.70100", "2012-12-31": "3.67100", "2012-09-30": "0.37500", "2012-06-30": "-0.33500", "2012-03-31": "11.01500", "2011-12-31": "4.42400", "2011-09-30": "-3.73800", "2011-06-30": "0.99500", "2011-03-31": "-0.29500", "2010-12-31": "4.17500", "2010-09-30": "3.42100", "2010-06-30": "", "2010-03-31": "", "2009-12-31": "", "2009-09-30": "", "2009-06-30": "", "2009-03-31": "", "2008-12-31": "", "2008-09-30": "", "2008-06-30": "", "2008-03-31": "", "2007-12-31": "", "2007-09-30": "", "2007-06-30": "", "2007-03-31": "", "2006-12-31": "", "2006-09-30": "", "2006-06-30": "", "2006-03-31": "", "2005-12-31": "", "2005-09-30": "", "2005-06-30": "", "2005-03-31": ""}, "Net Income": {"2020-09-30": "55.73200", "2020-06-30": "74.62900", "2020-03-31": "51.78100", "2019-12-31": "64.22700", "2019-09-30": "88.48900", "2019-06-30": "54.90300", "2019-03-31": "16.92400", "2018-12-31": "-3.65700", "2018-09-30": "78.21600", "2018-06-30": "66.59000", "2018-03-31": "50.83900", "2017-12-31": "53.47300", "2017-09-30": "76.22500", "2017-06-30": "60.96800", "2017-03-31": "49.07200", "2016-12-31": "49.64900", "2016-09-30": "73.17000", "2016-06-30": "59.62600", "2016-03-31": "51.73700", "2015-12-31": "28.43400", "2015-09-30": "67.42900", "2015-06-30": "57.38200", "2015-03-31": "48.54500", "2014-12-31": "66.81500", "2014-09-30": "67.99600", "2014-06-30": "55.56900", "2014-03-31": "42.85900", "2013-12-31": "57.53200", "2013-09-30": "63.61700", "2013-06-30": "53.58600", "2013-03-31": "46.56500", "2012-12-31": "66.55500", "2012-09-30": "50.65900", "2012-06-30": "41.44500", "2012-03-31": "37.90400", "2011-12-31": "34.00500", "2011-09-30": "41.12300", "2011-06-30": "37.59000", "2011-03-31": "30.35100", "2010-12-31": "28.85800", "2010-09-30": "43.75100", "2010-06-30": "29.85500", "2010-03-31": "21.51100", "2009-12-31": "26.65900", "2009-09-30": "33.47000", "2009-06-30": "25.85300", "2009-03-31": "18.37100", "2008-12-31": "25.66500", "2008-09-30": "35.38000", "2008-06-30": "22.55200", "2008-03-31": "14.32100", "2007-12-31": "24.91100", "2007-09-30": "29.51800", "2007-06-30": "23.72700", "2007-03-31": "16.85800", "2006-12-31": "25.72300", "2006-09-30": "27.33100", "2006-06-30": "22.38600", "2006-03-31": "16.56400", "2005-12-31": "22.15000", "2005-09-30": "27.91700", "2005-06-30": "22.21800", "2005-03-31": "18.87100"}, "EBITDA": {"2020-09-30": "175.17400", "2020-06-30": "193.01100", "2020-03-31": "119.74200", "2019-12-31": "125.80400", "2019-09-30": "146.40300", "2019-06-30": "117.57900", "2019-03-31": "106.84900", "2018-12-31": "98.95200", "2018-09-30": "141.94900", "2018-06-30": "123.51600", "2018-03-31": "105.43400", "2017-12-31": "113.07000", "2017-09-30": "133.03000", "2017-06-30": "119.38400", "2017-03-31": "105.16000", "2016-12-31": "113.67100", "2016-09-30": "132.06900", "2016-06-30": "115.64000", "2016-03-31": "104.92600", "2015-12-31": "107.23290", "2015-09-30": "127.86900", "2015-06-30": "112.21900", "2015-03-31": "102.51600", "2014-12-31": "104.75800", "2014-09-30": "125.34600", "2014-06-30": "111.90600", "2014-03-31": "98.88400", "2013-12-31": "100.55300", "2013-09-30": "117.30500", "2013-06-30": "110.42900", "2013-03-31": "97.36000", "2012-12-31": "97.87100", "2012-09-30": "130.10600", "2012-06-30": "116.10300", "2012-03-31": "89.70600", "2011-12-31": "87.16800", "2011-09-30": "112.30100", "2011-06-30": "100.79700", "2011-03-31": "88.83300", "2010-12-31": "82.08900", "2010-09-30": "110.71400", "2010-06-30": "96.19100", "2010-03-31": "80.05600", "2009-12-31": "76.66300", "2009-09-30": "99.92000", "2009-06-30": "86.90000", "2009-03-31": "75.90800", "2008-12-31": "83.27300", "2008-09-30": "99.19800", "2008-06-30": "74.76000", "2008-03-31": "62.87000", "2007-12-31": "74.90510", "2007-09-30": "87.57300", "2007-06-30": "76.45900", "2007-03-31": "65.09000", "2006-12-31": "74.80700", "2006-09-30": "78.98300", "2006-06-30": "68.23200", "2006-03-31": "58.56600", "2005-12-31": "62.52800", "2005-09-30": "75.84100", "2005-06-30": "64.44900", "2005-03-31": "58.68200"}, "EBIT": {"2020-09-30": "105.23300", "2020-06-30": "123.11900", "2020-03-31": "73.49700", "2019-12-31": "85.30100", "2019-09-30": "106.47000", "2019-06-30": "80.94900", "2019-03-31": "67.43900", "2018-12-31": "62.79400", "2018-09-30": "104.29300", "2018-06-30": "86.75400", "2018-03-31": "69.33700", "2017-12-31": "78.21200", "2017-09-30": "98.72400", "2017-06-30": "85.85000", "2017-03-31": "71.13400", "2016-12-31": "79.67500", "2016-09-30": "97.79900", "2016-06-30": "83.49300", "2016-03-31": "72.33100", "2015-12-31": "74.61500", "2015-09-30": "95.07200", "2015-06-30": "80.24600", "2015-03-31": "71.16700", "2014-12-31": "72.59700", "2014-09-30": "95.05800", "2014-06-30": "79.93400", "2014-03-31": "66.77000", "2013-12-31": "68.83400", "2013-09-30": "86.14000", "2013-06-30": "79.75000", "2013-03-31": "66.93800", "2012-12-31": "68.20000", "2012-09-30": "100.53500", "2012-06-30": "87.03200", "2012-03-31": "61.83900", "2011-12-31": "60.55400", "2011-09-30": "86.70200", "2011-06-30": "72.62300", "2011-03-31": "60.92000", "2010-12-31": "57.25200", "2010-09-30": "83.32300", "2010-06-30": "66.07500", "2010-03-31": "50.68400", "2009-12-31": "51.19500", "2009-09-30": "71.45500", "2009-06-30": "58.86400", "2009-03-31": "46.76600", "2008-12-31": "57.88200", "2008-09-30": "74.57400", "2008-06-30": "53.12900", "2008-03-31": "40.21600", "2007-12-31": "52.15400", "2007-09-30": "65.34700", "2007-06-30": "54.77000", "2007-03-31": "43.74500", "2006-12-31": "55.31300", "2006-09-30": "59.52300", "2006-06-30": "50.08900", "2006-03-31": "40.62200", "2005-12-31": "46.05200", "2005-09-30": "59.09100", "2005-06-30": "48.59300", "2005-03-31": "42.77100"}, "Basic Shares Outstanding": {"2020-09-30": "254.28000", "2020-06-30": "254.16700", "2020-03-31": "236.12200", "2019-12-31": "215.55000", "2019-09-30": "232.05300", "2019-06-30": "219.05500", "2019-03-31": "178.21300", "2018-12-31": "177.90400", "2018-09-30": "177.92300", "2018-06-30": "177.90100", "2018-03-31": "177.80100", "2017-12-31": "177.61200", "2017-09-30": "177.66000", "2017-06-30": "177.60900", "2017-03-31": "177.47900", "2016-12-31": "177.27300", "2016-09-30": "177.33600", "2016-06-30": "177.28800", "2016-03-31": "177.10400", "2015-12-31": "176.78800", "2015-09-30": "176.70400", "2015-06-30": "177.08400", "2015-03-31": "176.88800", "2014-12-31": "176.86400", "2014-09-30": "176.90000", "2014-06-30": "177.05800", "2014-03-31": "176.83900", "2013-12-31": "176.14000", "2013-09-30": "176.48300", "2013-06-30": "175.98300", "2013-03-31": "175.41500", "2012-12-31": "174.20100", "2012-09-30": "174.59600", "2012-06-30": "173.88500", "2012-03-31": "173.45250", "2011-12-31": "172.72700", "2011-09-30": "172.87120", "2011-06-30": "172.64250", "2011-03-31": "172.28130", "2010-12-31": "171.18500", "2010-09-30": "171.36870", "2010-06-30": "170.98130", "2010-03-31": "170.63630", "2009-12-31": "169.77000", "2009-09-30": "169.96880", "2009-06-30": "169.53870", "2009-03-31": "169.25750", "2008-12-31": "167.87750", "2008-09-30": "168.66500", "2008-06-30": "167.10370", "2008-03-31": "166.76870", "2007-12-31": "166.01750", "2007-09-30": "166.25380", "2007-06-30": "165.81500", "2007-03-31": "165.44130", "2006-12-31": "163.40630", "2006-09-30": "164.57500", "2006-06-30": "162.32500", "2006-03-31": "161.47630", "2005-12-31": "159.20500", "2005-09-30": "160.30750", "2005-06-30": "159.81380", "2005-03-31": "159.20120"}, "Shares Outstanding": {"2020-09-30": "255.16200", "2020-06-30": "254.43400", "2020-03-31": "255.05400", "2019-12-31": "215.93100", "2019-09-30": "232.46400", "2019-06-30": "219.79000", "2019-03-31": "178.55200", "2018-12-31": "178.39900", "2018-09-30": "178.35700", "2018-06-30": "178.27300", "2018-03-31": "178.23800", "2017-12-31": "178.17500", "2017-09-30": "178.12400", "2017-06-30": "178.04500", "2017-03-31": "177.96900", "2016-12-31": "177.84600", "2016-09-30": "177.81700", "2016-06-30": "178.08400", "2016-03-31": "177.81900", "2015-12-31": "177.51700", "2015-09-30": "177.49500", "2015-06-30": "177.91300", "2015-03-31": "177.79200", "2014-12-31": "177.76300", "2014-09-30": "177.90800", "2014-06-30": "178.01200", "2014-03-31": "177.81000", "2013-12-31": "176.81400", "2013-09-30": "177.57500", "2013-06-30": "177.07800", "2013-03-31": "176.49900", "2012-12-31": "174.91800", "2012-09-30": "175.60800", "2012-06-30": "174.80380", "2012-03-31": "174.32000", "2011-12-31": "173.36100", "2011-09-30": "173.68880", "2011-06-30": "173.47630", "2011-03-31": "172.98000", "2010-12-31": "171.62000", "2010-09-30": "171.74250", "2010-06-30": "171.26500", "2010-03-31": "171.00000", "2009-12-31": "170.16130", "2009-09-30": "170.32500", "2009-06-30": "169.92370", "2009-03-31": "169.84500", "2008-12-31": "168.38130", "2008-09-30": "169.09880", "2008-06-30": "167.57500", "2008-03-31": "167.46250", "2007-12-31": "167.00250", "2007-09-30": "167.29250", "2007-06-30": "166.90000", "2007-03-31": "166.55370", "2006-12-31": "164.71750", "2006-09-30": "165.83250", "2006-06-30": "163.69000", "2006-03-31": "163.61630", "2005-12-31": "161.50750", "2005-09-30": "162.78880", "2005-06-30": "161.87250", "2005-03-31": "161.10750"}, "Basic EPS": {"2020-09-30": "0.22000", "2020-06-30": "0.29000", "2020-03-31": "0.22000", "2019-12-31": "0.32000", "2019-09-30": "0.38000", "2019-06-30": "0.25000", "2019-03-31": "0.09000", "2018-12-31": "-0.02000", "2018-09-30": "0.44000", "2018-06-30": "0.37000", "2018-03-31": "0.29000", "2017-12-31": "0.30000", "2017-09-30": "0.43000", "2017-06-30": "0.34000", "2017-03-31": "0.28000", "2016-12-31": "0.28000", "2016-09-30": "0.41000", "2016-06-30": "0.34000", "2016-03-31": "0.29000", "2015-12-31": "0.17000", "2015-09-30": "0.38000", "2015-06-30": "0.32000", "2015-03-31": "0.27000", "2014-12-31": "0.39000", "2014-09-30": "0.38000", "2014-06-30": "0.31000", "2014-03-31": "0.24000", "2013-12-31": "0.33000", "2013-09-30": "0.36000", "2013-06-30": "0.30000", "2013-03-31": "0.27000", "2012-12-31": "0.38400", "2012-09-30": "0.29000", "2012-06-30": "0.24000", "2012-03-31": "0.21600", "2011-12-31": "0.19800", "2011-09-30": "0.24000", "2011-06-30": "0.21600", "2011-03-31": "0.17600", "2010-12-31": "0.16800", "2010-09-30": "0.25600", "2010-06-30": "0.17600", "2010-03-31": "0.12800", "2009-12-31": "0.15200", "2009-09-30": "0.20000", "2009-06-30": "0.15200", "2009-03-31": "0.11200", "2008-12-31": "0.15200", "2008-09-30": "0.20800", "2008-06-30": "0.13600", "2008-03-31": "0.08800", "2007-12-31": "0.15200", "2007-09-30": "0.17600", "2007-06-30": "0.14400", "2007-03-31": "0.10400", "2006-12-31": "0.15200", "2006-09-30": "0.16800", "2006-06-30": "0.13600", "2006-03-31": "0.10400", "2005-12-31": "0.14400", "2005-09-30": "0.17600", "2005-06-30": "0.13600", "2005-03-31": "0.12000"}, "EPS - Earnings Per Share": {"2020-09-30": "0.22000", "2020-06-30": "0.29000", "2020-03-31": "0.20000", "2019-12-31": "0.32000", "2019-09-30": "0.38000", "2019-06-30": "0.25000", "2019-03-31": "0.09000", "2018-12-31": "-0.02000", "2018-09-30": "0.44000", "2018-06-30": "0.37000", "2018-03-31": "0.29000", "2017-12-31": "0.30000", "2017-09-30": "0.43000", "2017-06-30": "0.34000", "2017-03-31": "0.28000", "2016-12-31": "0.29000", "2016-09-30": "0.41000", "2016-06-30": "0.33000", "2016-03-31": "0.29000", "2015-12-31": "0.17000", "2015-09-30": "0.38000", "2015-06-30": "0.32000", "2015-03-31": "0.27000", "2014-12-31": "0.38000", "2014-09-30": "0.38000", "2014-06-30": "0.31000", "2014-03-31": "0.24000", "2013-12-31": "0.33000", "2013-09-30": "0.36000", "2013-06-30": "0.30000", "2013-03-31": "0.26000", "2012-12-31": "0.37400", "2012-09-30": "0.29000", "2012-06-30": "0.24000", "2012-03-31": "0.21600", "2011-12-31": "0.19800", "2011-09-30": "0.24000", "2011-06-30": "0.21600", "2011-03-31": "0.17600", "2010-12-31": "0.16000", "2010-09-30": "0.25600", "2010-06-30": "0.17600", "2010-03-31": "0.12800", "2009-12-31": "0.15200", "2009-09-30": "0.20000", "2009-06-30": "0.15200", "2009-03-31": "0.11200", "2008-12-31": "0.15200", "2008-09-30": "0.20800", "2008-06-30": "0.13600", "2008-03-31": "0.08800", "2007-12-31": "0.14400", "2007-09-30": "0.17600", "2007-06-30": "0.14400", "2007-03-31": "0.10400", "2006-12-31": "0.15200", "2006-09-30": "0.16800", "2006-06-30": "0.13600", "2006-03-31": "0.10400", "2005-12-31": "0.14400", "2005-09-30": "0.16800", "2005-06-30": "0.13600", "2005-03-31": "0.12000"}}, "balance sheet": {"Cash On Hand": {"2019-12-31": "1868.92200", "2018-12-31": "3.62700", "2017-12-31": "4.20400", "2016-12-31": "3.76300", "2015-12-31": "3.22900", "2014-12-31": "4.13800", "2013-12-31": "5.05800", "2012-12-31": "5.52100", "2011-12-31": "8.20400", "2010-12-31": "5.93400", "2009-12-31": "21.86900", "2008-12-31": "14.94400", "2007-12-31": "14.54000", "2006-12-31": "44.03900", "2005-12-31": "11.87200"}, "Receivables": {"2019-12-31": "67.13700", "2018-12-31": "65.82500", "2017-12-31": "98.59600", "2016-12-31": "97.39400", "2015-12-31": "99.14600", "2014-12-31": "96.99900", "2013-12-31": "102.57700", "2012-12-31": "109.00300", "2011-12-31": "75.54600", "2010-12-31": "111.77000", "2009-12-31": "78.74200", "2008-12-31": "84.52300", "2007-12-31": "82.92100", "2006-12-31": "72.14900", "2005-12-31": "71.01100"}, "Inventory": {"2019-12-31": "18.37900", "2018-12-31": "15.84400", "2017-12-31": "14.36100", "2016-12-31": "12.96100", "2015-12-31": "12.41400", "2014-12-31": "12.78800", "2013-12-31": "11.35300", "2012-12-31": "11.75700", "2011-12-31": "11.01400", "2010-12-31": "9.91200", "2009-12-31": "9.51900", "2008-12-31": "9.82200", "2007-12-31": "8.80300", "2006-12-31": "8.35900", "2005-12-31": "7.79800"}, "Pre-Paid Expenses": {"2019-12-31": "16.25900", "2018-12-31": "23.33700", "2017-12-31": "", "2016-12-31": "12.80400", "2015-12-31": "11.80200", "2014-12-31": "11.74800", "2013-12-31": "11.08100", "2012-12-31": "10.37200", "2011-12-31": "9.77500", "2010-12-31": "10.40300", "2009-12-31": "11.44100", "2008-12-31": "11.75200", "2007-12-31": "9.24700", "2006-12-31": "10.15300", "2005-12-31": "7.59600"}, "Other Current Assets": {"2019-12-31": "42.04100", "2018-12-31": "38.53900", "2017-12-31": "14.08500", "2016-12-31": "", "2015-12-31": "", "2014-12-31": "", "2013-12-31": "", "2012-12-31": "", "2011-12-31": "", "2010-12-31": "", "2009-12-31": "", "2008-12-31": "", "2007-12-31": "", "2006-12-31": "", "2005-12-31": ""}, "Total Current Assets": {"2019-12-31": "2012.73800", "2018-12-31": "147.17200", "2017-12-31": "131.24600", "2016-12-31": "128.65000", "2015-12-31": "128.37000", "2014-12-31": "152.52200", "2013-12-31": "200.85400", "2012-12-31": "260.89400", "2011-12-31": "405.35800", "2010-12-31": "301.51800", "2009-12-31": "121.57100", "2008-12-31": "121.04100", "2007-12-31": "115.51100", "2006-12-31": "134.70000", "2005-12-31": "98.27700"}, "Property, Plant, And Equipment": {"2019-12-31": "6345.79000", "2018-12-31": "5930.32600", "2017-12-31": "5399.86000", "2016-12-31": "5001.61500", "2015-12-31": "4688.92500", "2014-12-31": "4401.99000", "2013-12-31": "4138.56800", "2012-12-31": "3936.16300", "2011-12-31": "3530.94200", "2010-12-31": "3357.35700", "2009-12-31": "3214.55900", "2008-12-31": "2997.38300", "2007-12-31": "2792.79400", "2006-12-31": "2505.99500", "2005-12-31": "2279.95000"}, "Long-Term Investments": {"2019-12-31": "5.98400", "2018-12-31": "6.95900", "2017-12-31": "6.67100", "2016-12-31": "7.02600", "2015-12-31": "7.71600", "2014-12-31": "43.33400", "2013-12-31": "48.69500", "2012-12-31": "38.62000", "2011-12-31": "5.08700", "2010-12-31": "", "2009-12-31": "", "2008-12-31": "", "2007-12-31": "", "2006-12-31": "", "2005-12-31": ""}, "Goodwill And Intangible Assets": {"2019-12-31": "63.82200", "2018-12-31": "52.72600", "2017-12-31": "42.23000", "2016-12-31": "42.20800", "2015-12-31": "33.86600", "2014-12-31": "31.18400", "2013-12-31": "28.22300", "2012-12-31": "28.15200", "2011-12-31": "26.94400", "2010-12-31": "27.91800", "2009-12-31": "43.08300", "2008-12-31": "41.00700", "2007-12-31": "36.63100", "2006-12-31": "22.58000", "2005-12-31": "20.18000"}, "Other Long-Term Assets": {"2019-12-31": "", "2018-12-31": "", "2017-12-31": "", "2016-12-31": "", "2015-12-31": "", "2014-12-31": "0.04700", "2013-12-31": "0.04700", "2012-12-31": "23.57200", "2011-12-31": "88.90500", "2010-12-31": "135.08600", "2009-12-31": "84.83000", "2008-12-31": "52.93100", "2007-12-31": "76.62100", "2006-12-31": "11.49000", "2005-12-31": "68.62500"}, "Total Long-Term Assets": {"2019-12-31": "7336.38000", "2018-12-31": "6817.32400", "2017-12-31": "6201.21700", "2016-12-31": "6030.34100", "2015-12-31": "5589.50300", "2014-12-31": "5254.23000", "2013-12-31": "4850.96300", "2012-12-31": "4597.62300", "2011-12-31": "3943.06200", "2010-12-31": "3770.94800", "2009-12-31": "3628.29100", "2008-12-31": "3376.90400", "2007-12-31": "3111.40100", "2006-12-31": "2743.20300", "2005-12-31": "2536.76900"}, "Total Assets": {"2019-12-31": "9361.98500", "2018-12-31": "6964.49600", "2017-12-31": "6332.46300", "2016-12-31": "6158.99100", "2015-12-31": "5717.87300", "2014-12-31": "5406.75200", "2013-12-31": "5051.81700", "2012-12-31": "4858.51700", "2011-12-31": "4348.42000", "2010-12-31": "4072.46600", "2009-12-31": "3749.86200", "2008-12-31": "3497.94500", "2007-12-31": "3226.91200", "2006-12-31": "2877.90300", "2005-12-31": "2635.04600"}, "Total Current Liabilities": {"2019-12-31": "318.84900", "2018-12-31": "398.97700", "2017-12-31": "284.48800", "2016-12-31": "301.53600", "2015-12-31": "193.19900", "2014-12-31": "225.33500", "2013-12-31": "279.87900", "2012-12-31": "274.16400", "2011-12-31": "446.81800", "2010-12-31": "323.27500", "2009-12-31": "201.00700", "2008-12-31": "193.17100", "2007-12-31": "183.21200", "2006-12-31": "255.61100", "2005-12-31": "271.66000"}, "Long Term Debt": {"2019-12-31": "2943.32700", "2018-12-31": "2398.46400", "2017-12-31": "2007.75300", "2016-12-31": "1737.60500", "2015-12-31": "1720.44700", "2014-12-31": "1560.65500", "2013-12-31": "1468.58300", "2012-12-31": "1543.95400", "2011-12-31": "1395.45700", "2010-12-31": "1491.37000", "2009-12-31": "1386.55700", "2008-12-31": "1248.10400", "2007-12-31": "1215.05300", "2006-12-31": "951.66000", "2005-12-31": "878.43800"}, "Other Non-Current Liabilities": {"2019-12-31": "1271.14600", "2018-12-31": "1312.28800", "2017-12-31": "1313.52800", "2016-12-31": "1000.52900", "2015-12-31": "959.37400", "2014-12-31": "964.58800", "2013-12-31": "902.10110", "2012-12-31": "931.14000", "2011-12-31": "657.68400", "2010-12-31": "626.69700", "2009-12-31": "644.25100", "2008-12-31": "640.87700", "2007-12-31": "542.71900", "2006-12-31": "473.98900", "2005-12-31": "421.12800"}, "Total Long Term Liabilities": {"2019-12-31": "5162.27600", "2018-12-31": "4556.15500", "2017-12-31": "4090.35400", "2016-12-31": "4007.38700", "2015-12-31": "3798.74400", "2014-12-31": "3526.03400", "2013-12-31": "3236.89500", "2012-12-31": "3198.46100", "2011-12-31": "2649.78500", "2010-12-31": "2574.36500", "2009-12-31": "2439.39100", "2008-12-31": "2244.14700", "2007-12-31": "2067.40200", "2006-12-31": "1700.66200", "2005-12-31": "1551.46300"}, "Total Liabilities": {"2019-12-31": "5481.12500", "2018-12-31": "4955.13200", "2017-12-31": "4374.84200", "2016-12-31": "4308.92300", "2015-12-31": "3991.94300", "2014-12-31": "3751.36900", "2013-12-31": "3516.77400", "2012-12-31": "3472.62500", "2011-12-31": "3096.60300", "2010-12-31": "2897.64000", "2009-12-31": "2640.39800", "2008-12-31": "2437.31800", "2007-12-31": "2250.61400", "2006-12-31": "1956.27300", "2005-12-31": "1823.12300"}, "Common Stock Net": {"2019-12-31": "111.93500", "2018-12-31": "90.57600", "2017-12-31": "90.35000", "2016-12-31": "90.15500", "2015-12-31": "89.68200", "2014-12-31": "89.29600", "2013-12-31": "88.96400", "2012-12-31": "70.47200", "2011-12-31": "69.76200", "2010-12-31": "69.22300", "2009-12-31": "68.57400", "2008-12-31": "68.02600", "2007-12-31": "67.05000", "2006-12-31": "66.50900", "2005-12-31": "64.82900"}, "Retained Earnings (Accumulated Deficit)": {"2019-12-31": "1210.07200", "2018-12-31": "1174.24500", "2017-12-31": "1132.55600", "2016-12-31": "1032.84400", "2015-12-31": "930.06100", "2014-12-31": "849.95200", "2013-12-31": "729.27200", "2012-12-31": "611.30300", "2011-12-31": "508.33400", "2010-12-31": "452.47000", "2009-12-31": "409.40200", "2008-12-31": "379.77800", "2007-12-31": "350.36400", "2006-12-31": "319.11300", "2005-12-31": "285.13200"}, "Comprehensive Income": {"2019-12-31": "", "2018-12-31": "", "2017-12-31": "0.86000", "2016-12-31": "0.66900", "2015-12-31": "0.68700", "2014-12-31": "0.78800", "2013-12-31": "0.34600", "2012-12-31": "0.11500", "2011-12-31": "0.25600", "2010-12-31": "0.49900", "2009-12-31": "0.28000", "2008-12-31": "-0.01400", "2007-12-31": "", "2006-12-31": "0.19400", "2005-12-31": "-3.08200"}, "Other Share Holders Equity": {"2019-12-31": "", "2018-12-31": "", "2017-12-31": "", "2016-12-31": "", "2015-12-31": "", "2014-12-31": "", "2013-12-31": "", "2012-12-31": "", "2011-12-31": "", "2010-12-31": "", "2009-12-31": "", "2008-12-31": "", "2007-12-31": "", "2006-12-31": "", "2005-12-31": ""}, "Share Holder Equity": {"2019-12-31": "3880.86000", "2018-12-31": "2009.36400", "2017-12-31": "1957.62100", "2016-12-31": "1850.06800", "2015-12-31": "1725.93000", "2014-12-31": "1655.38300", "2013-12-31": "1535.04300", "2012-12-31": "1385.89200", "2011-12-31": "1251.81700", "2010-12-31": "1174.82600", "2009-12-31": "1109.46400", "2008-12-31": "1060.62700", "2007-12-31": "976.29800", "2006-12-31": "921.63000", "2005-12-31": "811.92300"}, "Total Liabilities And Share Holders Equity": {"2019-12-31": "9361.98500", "2018-12-31": "6964.49600", "2017-12-31": "6332.46300", "2016-12-31": "6158.99100", "2015-12-31": "5717.87300", "2014-12-31": "5406.75200", "2013-12-31": "5051.81700", "2012-12-31": "4858.51700", "2011-12-31": "4348.42000", "2010-12-31": "4072.46600", "2009-12-31": "3749.86200", "2008-12-31": "3497.94500", "2007-12-31": "3226.91200", "2006-12-31": "2877.90300", "2005-12-31": "2635.04600"}}, "balance sheet, quarterly": {"Cash On Hand": {"2020-09-30": "8.49400", "2020-06-30": "7.22700", "2020-03-31": "31.84800", "2019-12-31": "1868.92200", "2019-09-30": "2030.56800", "2019-06-30": "1974.07600", "2019-03-31": "4.05300", "2018-12-31": "3.62700", "2018-09-30": "4.26400", "2018-06-30": "52.94800", "2018-03-31": "3.20200", "2017-12-31": "4.20400", "2017-09-30": "4.13900", "2017-06-30": "7.81100", "2017-03-31": "4.42500", "2016-12-31": "3.76300", "2016-09-30": "3.71200", "2016-06-30": "4.92300", "2016-03-31": "3.98100", "2015-12-31": "3.22900", "2015-09-30": "4.07100", "2015-06-30": "4.61500", "2015-03-31": "9.27400", "2014-12-31": "4.13800", "2014-09-30": "4.84300", "2014-06-30": "3.85800", "2014-03-31": "17.50800", "2013-12-31": "5.05800", "2013-09-30": "6.39300", "2013-06-30": "4.27200", "2013-03-31": "19.35300", "2012-12-31": "5.52100", "2012-09-30": "6.12200", "2012-06-30": "5.04700", "2012-03-31": "5.20300", "2011-12-31": "8.20400", "2011-09-30": "7.98800", "2011-06-30": "6.91700", "2011-03-31": "7.25900", "2010-12-31": "5.93400", "2010-09-30": "13.55400", "2010-06-30": "13.11200", "2010-03-31": "14.78600", "2009-12-31": "21.86900", "2009-09-30": "18.01500", "2009-06-30": "13.82200", "2009-03-31": "16.74400", "2008-12-31": "14.94400", "2008-09-30": "15.96800", "2008-06-30": "14.80000", "2008-03-31": "16.50900", "2007-12-31": "14.54000", "2007-09-30": "15.58200", "2007-06-30": "11.49800", "2007-03-31": "15.10200", "2006-12-31": "44.03900", "2006-09-30": "14.08500", "2006-06-30": "9.29900", "2006-03-31": "51.44500", "2005-12-31": "11.87200", "2005-09-30": "9.47500", "2005-06-30": "5.36500", "2005-03-31": "17.41500"}, "Receivables": {"2020-09-30": "126.77400", "2020-06-30": "152.90200", "2020-03-31": "179.57200", "2019-12-31": "67.13700", "2019-09-30": "75.57300", "2019-06-30": "110.74100", "2019-03-31": "96.41000", "2018-12-31": "65.82500", "2018-09-30": "114.28600", "2018-06-30": "103.93100", "2018-03-31": "91.81800", "2017-12-31": "98.59600", "2017-09-30": "104.89400", "2017-06-30": "98.89000", "2017-03-31": "89.40900", "2016-12-31": "97.39400", "2016-09-30": "109.98600", "2016-06-30": "99.71800", "2016-03-31": "91.76100", "2015-12-31": "99.14600", "2015-09-30": "111.07600", "2015-06-30": "109.47800", "2015-03-31": "95.40500", "2014-12-31": "96.99900", "2014-09-30": "105.74400", "2014-06-30": "100.47400", "2014-03-31": "91.10300", "2013-12-31": "102.57700", "2013-09-30": "114.38500", "2013-06-30": "114.39500", "2013-03-31": "105.57200", "2012-12-31": "109.00300", "2012-09-30": "103.71500", "2012-06-30": "99.02700", "2012-03-31": "77.85700", "2011-12-31": "75.54600", "2011-09-30": "120.31000", "2011-06-30": "127.17900", "2011-03-31": "112.73200", "2010-12-31": "111.77000", "2010-09-30": "114.83200", "2010-06-30": "85.59700", "2010-03-31": "73.69000", "2009-12-31": "78.74200", "2009-09-30": "86.07500", "2009-06-30": "84.85100", "2009-03-31": "77.28000", "2008-12-31": "84.52300", "2008-09-30": "94.08600", "2008-06-30": "81.86400", "2008-03-31": "73.67400", "2007-12-31": "82.92100", "2007-09-30": "94.35600", "2007-06-30": "89.43200", "2007-03-31": "73.66000", "2006-12-31": "72.14900", "2006-09-30": "74.40800", "2006-06-30": "78.49800", "2006-03-31": "57.60000", "2005-12-31": "71.01100", "2005-09-30": "69.60300", "2005-06-30": "64.70100", "2005-03-31": "57.18000"}, "Inventory": {"2020-09-30": "66.61500", "2020-06-30": "50.08400", "2020-03-31": "33.91700", "2019-12-31": "18.37900", "2019-09-30": "17.03500", "2019-06-30": "16.29400", "2019-03-31": "16.20900", "2018-12-31": "15.84400", "2018-09-30": "16.14200", "2018-06-30": "16.04600", "2018-03-31": "15.29000", "2017-12-31": "14.36100", "2017-09-30": "16.55700", "2017-06-30": "16.83800", "2017-03-31": "13.97700", "2016-12-31": "12.96100", "2016-09-30": "12.29800", "2016-06-30": "11.71400", "2016-03-31": "12.49900", "2015-12-31": "12.41400", "2015-09-30": "12.92400", "2015-06-30": "13.58900", "2015-03-31": "12.59100", "2014-12-31": "12.78800", "2014-09-30": "12.58300", "2014-06-30": "12.29400", "2014-03-31": "11.79400", "2013-12-31": "11.35300", "2013-09-30": "12.43300", "2013-06-30": "12.54200", "2013-03-31": "11.99400", "2012-12-31": "11.75700", "2012-09-30": "12.17800", "2012-06-30": "11.67400", "2012-03-31": "10.95400", "2011-12-31": "11.01400", "2011-09-30": "11.63200", "2011-06-30": "11.79400", "2011-03-31": "10.93700", "2010-12-31": "9.91200", "2010-09-30": "10.01300", "2010-06-30": "9.91600", "2010-03-31": "9.98700", "2009-12-31": "9.51900", "2009-09-30": "10.27700", "2009-06-30": "9.72300", "2009-03-31": "9.35800", "2008-12-31": "9.82200", "2008-09-30": "11.12400", "2008-06-30": "10.91200", "2008-03-31": "10.16500", "2007-12-31": "8.80300", "2007-09-30": "9.55800", "2007-06-30": "9.85900", "2007-03-31": "8.58100", "2006-12-31": "8.35900", "2006-09-30": "9.18500", "2006-06-30": "8.47100", "2006-03-31": "8.79600", "2005-12-31": "7.79800", "2005-09-30": "8.36300", "2005-06-30": "7.92800", "2005-03-31": "7.25700"}, "Pre-Paid Expenses": {"2020-09-30": "37.55100", "2020-06-30": "34.19400", "2020-03-31": "32.02400", "2019-12-31": "16.25900", "2019-09-30": "12.75300", "2019-06-30": "15.25100", "2019-03-31": "24.09600", "2018-12-31": "23.33700", "2018-09-30": "13.02700", "2018-06-30": "14.89100", "2018-03-31": "12.27400", "2017-12-31": "", "2017-09-30": "11.20900", "2017-06-30": "13.00900", "2017-03-31": "12.72700", "2016-12-31": "12.80400", "2016-09-30": "11.79900", "2016-06-30": "14.43600", "2016-03-31": "12.71300", "2015-12-31": "11.80200", "2015-09-30": "11.75300", "2015-06-30": "12.47100", "2015-03-31": "11.75300", "2014-12-31": "11.74800", "2014-09-30": "11.31700", "2014-06-30": "12.99500", "2014-03-31": "11.12900", "2013-12-31": "11.08100", "2013-09-30": "9.35300", "2013-06-30": "15.16600", "2013-03-31": "10.33600", "2012-12-31": "10.37200", "2012-09-30": "13.04500", "2012-06-30": "12.17400", "2012-03-31": "9.59900", "2011-12-31": "9.77500", "2011-09-30": "8.07500", "2011-06-30": "11.37500", "2011-03-31": "9.84900", "2010-12-31": "10.40300", "2010-09-30": "10.76600", "2010-06-30": "10.53800", "2010-03-31": "12.02900", "2009-12-31": "11.44100", "2009-09-30": "10.51500", "2009-06-30": "14.13400", "2009-03-31": "11.34900", "2008-12-31": "11.75200", "2008-09-30": "8.69300", "2008-06-30": "12.28600", "2008-03-31": "9.77100", "2007-12-31": "9.24700", "2007-09-30": "9.24700", "2007-06-30": "8.31000", "2007-03-31": "10.86400", "2006-12-31": "10.15300", "2006-09-30": "11.16700", "2006-06-30": "9.66200", "2006-03-31": "7.91900", "2005-12-31": "7.59600", "2005-09-30": "5.93800", "2005-06-30": "4.83400", "2005-03-31": "4.46100"}, "Other Current Assets": {"2020-09-30": "71.80400", "2020-06-30": "68.04700", "2020-03-31": "90.64700", "2019-12-31": "44.43000", "2019-09-30": "42.96400", "2019-06-30": "1.55800", "2019-03-31": "3.00700", "2018-12-31": "38.53900", "2018-09-30": "", "2018-06-30": "", "2018-03-31": "", "2017-12-31": "14.08500", "2017-09-30": "", "2017-06-30": "", "2017-03-31": "", "2016-12-31": "", "2016-09-30": "", "2016-06-30": "", "2016-03-31": "", "2015-12-31": "", "2015-09-30": "", "2015-06-30": "", "2015-03-31": "", "2014-12-31": "", "2014-09-30": "", "2014-06-30": "", "2014-03-31": "", "2013-12-31": "", "2013-09-30": "", "2013-06-30": "", "2013-03-31": "", "2012-12-31": "", "2012-09-30": "", "2012-06-30": "", "2012-03-31": "", "2011-12-31": "", "2011-09-30": "", "2011-06-30": "", "2011-03-31": "", "2010-12-31": "", "2010-09-30": "", "2010-06-30": "", "2010-03-31": "", "2009-12-31": "", "2009-09-30": "", "2009-06-30": "", "2009-03-31": "", "2008-12-31": "", "2008-09-30": "", "2008-06-30": "", "2008-03-31": "", "2007-12-31": "", "2007-09-30": "", "2007-06-30": "", "2007-03-31": "", "2006-12-31": "", "2006-09-30": "", "2006-06-30": "", "2006-03-31": "", "2005-12-31": "", "2005-09-30": "", "2005-06-30": "", "2005-03-31": ""}, "Total Current Assets": {"2020-09-30": "311.23800", "2020-06-30": "312.45400", "2020-03-31": "368.00800", "2019-12-31": "2015.12700", "2019-09-30": "2178.89300", "2019-06-30": "2117.92000", "2019-03-31": "143.77500", "2018-12-31": "147.17200", "2018-09-30": "149.27700", "2018-06-30": "189.37400", "2018-03-31": "124.14200", "2017-12-31": "131.24600", "2017-09-30": "138.34200", "2017-06-30": "138.09100", "2017-03-31": "122.46300", "2016-12-31": "128.65000", "2016-09-30": "141.40100", "2016-06-30": "132.43200", "2016-03-31": "122.73300", "2015-12-31": "128.37000", "2015-09-30": "168.30700", "2015-06-30": "175.36000", "2015-03-31": "164.22500", "2014-12-31": "152.52200", "2014-09-30": "207.52100", "2014-06-30": "201.81800", "2014-03-31": "213.63000", "2013-12-31": "200.85400", "2013-09-30": "211.55600", "2013-06-30": "221.58600", "2013-03-31": "212.97300", "2012-12-31": "260.89400", "2012-09-30": "230.98500", "2012-06-30": "147.23700", "2012-03-31": "243.52400", "2011-12-31": "405.35800", "2011-09-30": "335.95000", "2011-06-30": "178.02900", "2011-03-31": "156.89300", "2010-12-31": "301.51800", "2010-09-30": "149.16500", "2010-06-30": "119.16300", "2010-03-31": "110.49200", "2009-12-31": "121.57100", "2009-09-30": "124.88200", "2009-06-30": "122.53000", "2009-03-31": "114.73100", "2008-12-31": "121.04100", "2008-09-30": "129.87100", "2008-06-30": "119.86200", "2008-03-31": "110.11900", "2007-12-31": "115.51100", "2007-09-30": "128.74300", "2007-06-30": "119.09900", "2007-03-31": "108.20700", "2006-12-31": "134.70000", "2006-09-30": "108.84500", "2006-06-30": "105.93000", "2006-03-31": "125.76000", "2005-12-31": "98.27700", "2005-09-30": "93.37900", "2005-06-30": "82.82800", "2005-03-31": "86.31300"}, "Property, Plant, And Equipment": {"2020-09-30": "9260.46000", "2020-06-30": "9050.76000", "2020-03-31": "8889.83600", "2019-12-31": "6345.79000", "2019-09-30": "6196.95200", "2019-06-30": "6114.84800", "2019-03-31": "6020.34000", "2018-12-31": "5930.32600", "2018-09-30": "5740.80100", "2018-06-30": "5541.97300", "2018-03-31": "5460.21900", "2017-12-31": "5399.86000", "2017-09-30": "5276.47400", "2017-06-30": "5159.15100", "2017-03-31": "5057.82600", "2016-12-31": "5001.61500", "2016-09-30": "4901.48600", "2016-06-30": "4823.48700", "2016-03-31": "4752.88100", "2015-12-31": "4688.92500", "2015-09-30": "4605.51200", "2015-06-30": "4522.28700", "2015-03-31": "4433.14400", "2014-12-31": "4401.99000", "2014-09-30": "4313.81500", "2014-06-30": "4233.84000", "2014-03-31": "4159.45500", "2013-12-31": "4138.56800", "2013-09-30": "4090.37300", "2013-06-30": "4025.13800", "2013-03-31": "3971.16200", "2012-12-31": "3936.16300", "2012-09-30": "3863.36500", "2012-06-30": "3865.25600", "2012-03-31": "3657.56200", "2011-12-31": "3530.94200", "2011-09-30": "3513.15800", "2011-06-30": "3555.85200", "2011-03-31": "3496.80300", "2010-12-31": "3357.35700", "2010-09-30": "3397.30000", "2010-06-30": "3341.19300", "2010-03-31": "3258.30800", "2009-12-31": "3214.55900", "2009-09-30": "3132.35200", "2009-06-30": "3060.48100", "2009-03-31": "3026.69600", "2008-12-31": "2997.38300", "2008-09-30": "2922.51600", "2008-06-30": "2872.24700", "2008-03-31": "2802.12300", "2007-12-31": "2792.79400", "2007-09-30": "2705.60700", "2007-06-30": "2646.77800", "2007-03-31": "2581.74600", "2006-12-31": "2505.99500", "2006-09-30": "2417.59400", "2006-06-30": "2368.90600", "2006-03-31": "2312.17100", "2005-12-31": "2279.95000", "2005-09-30": "2186.19200", "2005-06-30": "2134.32000", "2005-03-31": "2088.79900"}, "Long-Term Investments": {"2020-09-30": "1.75700", "2020-06-30": "5.94300", "2020-03-31": "5.47300", "2019-12-31": "5.98400", "2019-09-30": "6.25300", "2019-06-30": "7.44800", "2019-03-31": "6.84000", "2018-12-31": "6.95900", "2018-09-30": "6.68900", "2018-06-30": "7.47400", "2018-03-31": "7.00400", "2017-12-31": "6.67100", "2017-09-30": "7.37900", "2017-06-30": "6.78600", "2017-03-31": "6.99500", "2016-12-31": "7.02600", "2016-09-30": "8.85900", "2016-06-30": "7.23800", "2016-03-31": "7.46700", "2015-12-31": "7.71600", "2015-09-30": "41.39700", "2015-06-30": "42.53600", "2015-03-31": "42.61900", "2014-12-31": "43.33400", "2014-09-30": "44.65000", "2014-06-30": "46.17000", "2014-03-31": "47.66600", "2013-12-31": "48.69500", "2013-09-30": "45.31600", "2013-06-30": "46.21800", "2013-03-31": "42.47100", "2012-12-31": "38.62000", "2012-09-30": "", "2012-06-30": "", "2012-03-31": "", "2011-12-31": "5.08700", "2011-09-30": "", "2011-06-30": "", "2011-03-31": "", "2010-12-31": "", "2010-09-30": "", "2010-06-30": "", "2010-03-31": "", "2009-12-31": "", "2009-09-30": "", "2009-06-30": "", "2009-03-31": "", "2008-12-31": "", "2008-09-30": "", "2008-06-30": "", "2008-03-31": "", "2007-12-31": "", "2007-09-30": "", "2007-06-30": "", "2007-03-31": "", "2006-12-31": "", "2006-09-30": "", "2006-06-30": "", "2006-03-31": "", "2005-12-31": "", "2005-09-30": "", "2005-06-30": "", "2005-03-31": ""}, "Goodwill And Intangible Assets": {"2020-09-30": "2341.45600", "2020-06-30": "2342.35500", "2020-03-31": "2351.52600", "2019-12-31": "63.82200", "2019-09-30": "52.70100", "2019-06-30": "52.72200", "2019-03-31": "53.06900", "2018-12-31": "52.72600", "2018-09-30": "53.24200", "2018-06-30": "42.05000", "2018-03-31": "42.23000", "2017-12-31": "42.23000", "2017-09-30": "42.23000", "2017-06-30": "42.26600", "2017-03-31": "42.26600", "2016-12-31": "42.20800", "2016-09-30": "41.92100", "2016-06-30": "42.23400", "2016-03-31": "42.30400", "2015-12-31": "33.86600", "2015-09-30": "33.90700", "2015-06-30": "33.94200", "2015-03-31": "33.95400", "2014-12-31": "31.18400", "2014-09-30": "30.29800", "2014-06-30": "27.99900", "2014-03-31": "27.99900", "2013-12-31": "28.22300", "2013-09-30": "27.88200", "2013-06-30": "28.14200", "2013-03-31": "28.14200", "2012-12-31": "28.15200", "2012-09-30": "38.72900", "2012-06-30": "38.78400", "2012-03-31": "26.96700", "2011-12-31": "26.94400", "2011-09-30": "28.46500", "2011-06-30": "40.77800", "2011-03-31": "41.10100", "2010-12-31": "27.91800", "2010-09-30": "41.65100", "2010-06-30": "43.20100", "2010-03-31": "43.08300", "2009-12-31": "43.08300", "2009-09-30": "42.87400", "2009-06-30": "40.84200", "2009-03-31": "40.84200", "2008-12-31": "41.00700", "2008-09-30": "37.97900", "2008-06-30": "36.86700", "2008-03-31": "36.87600", "2007-12-31": "36.63100", "2007-09-30": "34.64200", "2007-06-30": "34.49300", "2007-03-31": "33.45300", "2006-12-31": "22.58000", "2006-09-30": "", "2006-06-30": "", "2006-03-31": "", "2005-12-31": "20.18000", "2005-09-30": "", "2005-06-30": "", "2005-03-31": ""}, "Other Long-Term Assets": {"2020-09-30": "1.24300", "2020-06-30": "1.22300", "2020-03-31": "1.22300", "2019-12-31": "", "2019-09-30": "", "2019-06-30": "", "2019-03-31": "", "2018-12-31": "", "2018-09-30": "", "2018-06-30": "", "2018-03-31": "", "2017-12-31": "", "2017-09-30": "", "2017-06-30": "", "2017-03-31": "", "2016-12-31": "", "2016-09-30": "", "2016-06-30": "", "2016-03-31": "", "2015-12-31": "", "2015-09-30": "", "2015-06-30": "0.01500", "2015-03-31": "0.01500", "2014-12-31": "0.04700", "2014-09-30": "0.04700", "2014-06-30": "0.04700", "2014-03-31": "0.04700", "2013-12-31": "0.04700", "2013-09-30": "11.62600", "2013-06-30": "23.18300", "2013-03-31": "23.18000", "2012-12-31": "23.57200", "2012-09-30": "35.57500", "2012-06-30": "55.08900", "2012-03-31": "90.19200", "2011-12-31": "88.90500", "2011-09-30": "100.57700", "2011-06-30": "134.41100", "2011-03-31": "134.42700", "2010-12-31": "135.08600", "2010-09-30": "42.32900", "2010-06-30": "81.63400", "2010-03-31": "84.85200", "2009-12-31": "84.83000", "2009-09-30": "38.62300", "2009-06-30": "24.51900", "2009-03-31": "28.61100", "2008-12-31": "52.93100", "2008-09-30": "60.26800", "2008-06-30": "62.56800", "2008-03-31": "75.50300", "2007-12-31": "76.62100", "2007-09-30": "53.82000", "2007-06-30": "58.89800", "2007-03-31": "59.70800", "2006-12-31": "11.49000", "2006-09-30": "36.45200", "2006-06-30": "49.00300", "2006-03-31": "62.52200", "2005-12-31": "68.62500", "2005-09-30": "50.70500", "2005-06-30": "70.64300", "2005-03-31": "9.37900"}, "Total Long-Term Assets": {"2020-09-30": "13026.23000", "2020-06-30": "12652.26000", "2020-03-31": "12495.91000", "2019-12-31": "7333.99100", "2019-09-30": "7149.19400", "2019-06-30": "7049.26700", "2019-03-31": "6924.08600", "2018-12-31": "6817.32400", "2018-09-30": "6607.82400", "2018-06-30": "6380.97100", "2018-03-31": "6279.56600", "2017-12-31": "6201.21700", "2017-09-30": "6407.03900", "2017-06-30": "6245.60800", "2017-03-31": "6113.13200", "2016-12-31": "6030.34100", "2016-09-30": "5894.62400", "2016-06-30": "5790.40600", "2016-03-31": "5692.71000", "2015-12-31": "5589.50300", "2015-09-30": "5533.03900", "2015-06-30": "5424.91800", "2015-03-31": "5313.50700", "2014-12-31": "5254.23000", "2014-09-30": "5099.66000", "2014-06-30": "4989.70700", "2014-03-31": "4886.13700", "2013-12-31": "4850.96300", "2013-09-30": "4862.54200", "2013-06-30": "4736.73100", "2013-03-31": "4652.35100", "2012-12-31": "4597.62300", "2012-09-30": "4256.16900", "2012-06-30": "4273.01000", "2012-03-31": "4075.81800", "2011-12-31": "3943.06200", "2011-09-30": "3892.11900", "2011-06-30": "4015.15300", "2011-03-31": "3955.43300", "2010-12-31": "3770.94800", "2010-09-30": "3764.11700", "2010-06-30": "3748.21600", "2010-03-31": "3667.99500", "2009-12-31": "3628.29100", "2009-09-30": "3499.75900", "2009-06-30": "3407.73400", "2009-03-31": "3367.23800", "2008-12-31": "3376.90400", "2008-09-30": "3234.16800", "2008-06-30": "3174.37500", "2008-03-31": "3115.76400", "2007-12-31": "3111.40100", "2007-09-30": "3005.59200", "2007-06-30": "2957.43500", "2007-03-31": "2897.31000", "2006-12-31": "2743.20300", "2006-09-30": "2647.30900", "2006-06-30": "2606.86400", "2006-03-31": "2565.37300", "2005-12-31": "2536.76900", "2005-09-30": "2418.13200", "2005-06-30": "2384.80100", "2005-03-31": "2262.23900"}, "Total Assets": {"2020-09-30": "13399.49000", "2020-06-30": "13028.41000", "2020-03-31": "12928.99000", "2019-12-31": "9361.98500", "2019-09-30": "9340.97000", "2019-06-30": "9180.35000", "2019-03-31": "7080.95000", "2018-12-31": "6964.49600", "2018-09-30": "6757.10100", "2018-06-30": "6570.34500", "2018-03-31": "6403.70800", "2017-12-31": "6332.46300", "2017-09-30": "6545.38100", "2017-06-30": "6383.69900", "2017-03-31": "6235.59500", "2016-12-31": "6158.99100", "2016-09-30": "6036.02500", "2016-06-30": "5922.83900", "2016-03-31": "5815.44300", "2015-12-31": "5717.87300", "2015-09-30": "5701.34500", "2015-06-30": "5600.27800", "2015-03-31": "5477.73200", "2014-12-31": "5406.75200", "2014-09-30": "5307.18100", "2014-06-30": "5191.52500", "2014-03-31": "5099.76700", "2013-12-31": "5051.81700", "2013-09-30": "5074.09800", "2013-06-30": "4958.31700", "2013-03-31": "4865.32400", "2012-12-31": "4858.51700", "2012-09-30": "4487.15400", "2012-06-30": "4420.24700", "2012-03-31": "4319.34200", "2011-12-31": "4348.42000", "2011-09-30": "4228.06900", "2011-06-30": "4193.18200", "2011-03-31": "4112.32600", "2010-12-31": "4072.46600", "2010-09-30": "3913.28200", "2010-06-30": "3867.37900", "2010-03-31": "3778.48700", "2009-12-31": "3749.86200", "2009-09-30": "3624.64100", "2009-06-30": "3530.26400", "2009-03-31": "3481.96900", "2008-12-31": "3497.94500", "2008-09-30": "3364.03900", "2008-06-30": "3294.23700", "2008-03-31": "3225.88300", "2007-12-31": "3226.91200", "2007-09-30": "3134.33500", "2007-06-30": "3076.53400", "2007-03-31": "3005.51700", "2006-12-31": "2877.90300", "2006-09-30": "2756.15400", "2006-06-30": "2712.79400", "2006-03-31": "2691.13300", "2005-12-31": "2635.04600", "2005-09-30": "2511.51100", "2005-06-30": "2467.62900", "2005-03-31": "2348.55200"}, "Total Current Liabilities": {"2020-09-30": "666.95900", "2020-06-30": "448.17900", "2020-03-31": "827.37400", "2019-12-31": "323.46100", "2019-09-30": "352.12300", "2019-06-30": "398.94900", "2019-03-31": "434.09900", "2018-12-31": "398.97700", "2018-09-30": "288.17500", "2018-06-30": "253.98200", "2018-03-31": "259.13500", "2017-12-31": "284.48800", "2017-09-30": "252.95000", "2017-06-30": "332.54700", "2017-03-31": "277.60000", "2016-12-31": "301.53600", "2016-09-30": "251.99800", "2016-06-30": "179.22000", "2016-03-31": "174.34300", "2015-12-31": "193.19900", "2015-09-30": "216.02200", "2015-06-30": "203.39500", "2015-03-31": "205.11900", "2014-12-31": "225.33500", "2014-09-30": "235.39200", "2014-06-30": "277.97300", "2014-03-31": "251.24200", "2013-12-31": "279.87900", "2013-09-30": "318.26900", "2013-06-30": "306.71500", "2013-03-31": "301.95500", "2012-12-31": "274.16400", "2012-09-30": "315.11000", "2012-06-30": "212.31600", "2012-03-31": "324.14200", "2011-12-31": "446.81800", "2011-09-30": "428.66000", "2011-06-30": "306.88200", "2011-03-31": "209.29400", "2010-12-31": "323.27500", "2010-09-30": "206.57800", "2010-06-30": "198.58100", "2010-03-31": "204.49100", "2009-12-31": "201.00700", "2009-09-30": "230.06700", "2009-06-30": "205.77200", "2009-03-31": "192.03500", "2008-12-31": "193.17100", "2008-09-30": "218.28300", "2008-06-30": "163.56400", "2008-03-31": "174.46100", "2007-12-31": "183.21200", "2007-09-30": "315.42400", "2007-06-30": "284.78500", "2007-03-31": "238.25500", "2006-12-31": "255.61100", "2006-09-30": "257.95100", "2006-06-30": "240.55100", "2006-03-31": "268.51000", "2005-12-31": "271.66000", "2005-09-30": "238.21400", "2005-06-30": "230.62100", "2005-03-31": "182.99300"}, "Long Term Debt": {"2020-09-30": "5152.97300", "2020-06-30": "5174.60100", "2020-03-31": "4729.03400", "2019-12-31": "2943.32700", "2019-09-30": "2898.29800", "2019-06-30": "2749.20400", "2019-03-31": "2462.85500", "2018-12-31": "2398.46400", "2018-09-30": "2266.46000", "2018-06-30": "2181.36100", "2018-03-31": "2063.06600", "2017-12-31": "2007.75300", "2017-09-30": "1952.47300", "2017-06-30": "1822.58100", "2017-03-31": "1797.51100", "2016-12-31": "1737.60500", "2016-09-30": "1726.49300", "2016-06-30": "1775.87400", "2016-03-31": "1744.10800", "2015-12-31": "1720.44700", "2015-09-30": "1681.11400", "2015-06-30": "1660.52600", "2015-03-31": "1594.98000", "2014-12-31": "1560.65500", "2014-09-30": "1560.42600", "2014-06-30": "1481.44900", "2014-03-31": "1498.04000", "2013-12-31": "1468.58300", "2013-09-30": "1439.33800", "2013-06-30": "1489.84200", "2013-03-31": "1464.48100", "2012-12-31": "1543.95400", "2012-09-30": "1519.69400", "2012-06-30": "1569.48900", "2012-03-31": "1437.13800", "2011-12-31": "1395.45700", "2011-09-30": "1402.45100", "2011-06-30": "1468.52500", "2011-03-31": "1530.09200", "2010-12-31": "1491.37000", "2010-09-30": "1450.33800", "2010-06-30": "1461.60600", "2010-03-31": "1393.32300", "2009-12-31": "1386.55700", "2009-09-30": "1265.40400", "2009-06-30": "1227.74400", "2009-03-31": "1226.23200", "2008-12-31": "1248.10400", "2008-09-30": "1211.38800", "2008-06-30": "1212.42300", "2008-03-31": "1213.64000", "2007-12-31": "1215.05300", "2007-09-30": "1038.01100", "2007-06-30": "1040.06900", "2007-03-31": "1048.61400", "2006-12-31": "951.66000", "2006-09-30": "917.22700", "2006-06-30": "907.19800", "2006-03-31": "916.45900", "2005-12-31": "878.43800", "2005-09-30": "854.46900", "2005-06-30": "844.53900", "2005-03-31": "811.00000"}, "Other Non-Current Liabilities": {"2020-09-30": "1549.76600", "2020-06-30": "1386.95900", "2020-03-31": "1395.52700", "2019-12-31": "1197.12800", "2019-09-30": "1307.05500", "2019-06-30": "1319.17800", "2019-03-31": "1324.51100", "2018-12-31": "1312.28800", "2018-09-30": "1317.45700", "2018-06-30": "1321.93900", "2018-03-31": "1323.33400", "2017-12-31": "1313.52800", "2017-09-30": "1010.59700", "2017-06-30": "992.45800", "2017-03-31": "992.06800", "2016-12-31": "1000.52900", "2016-09-30": "988.81800", "2016-06-30": "986.37790", "2016-03-31": "983.94200", "2015-12-31": "959.37400", "2015-09-30": "959.85600", "2015-06-30": "953.75200", "2015-03-31": "959.92100", "2014-12-31": "964.58800", "2014-09-30": "923.92100", "2014-06-30": "919.27500", "2014-03-31": "894.86000", "2013-12-31": "902.10110", "2013-09-30": "981.45100", "2013-06-30": "932.44400", "2013-03-31": "928.05600", "2012-12-31": "931.14000", "2012-09-30": "702.98100", "2012-06-30": "710.33610", "2012-03-31": "677.50300", "2011-12-31": "657.68400", "2011-09-30": "633.68000", "2011-06-30": "660.53600", "2011-03-31": "666.02500", "2010-12-31": "626.69700", "2010-09-30": "670.16000", "2010-06-30": "662.75300", "2010-03-31": "653.67400", "2009-12-31": "644.25100", "2009-09-30": "659.41100", "2009-06-30": "643.11800", "2009-03-31": "633.15200", "2008-12-31": "640.87700", "2008-09-30": "562.33400", "2008-06-30": "567.05000", "2008-03-31": "547.07200", "2007-12-31": "542.71900", "2007-09-30": "523.09400", "2007-06-30": "518.45200", "2007-03-31": "500.91900", "2006-12-31": "473.98900", "2006-09-30": "432.69500", "2006-06-30": "432.99100", "2006-03-31": "427.84000", "2005-12-31": "421.12800", "2005-09-30": "400.42100", "2005-06-30": "392.17900", "2005-03-31": "372.13600"}, "Total Long Term Liabilities": {"2020-09-30": "8096.77600", "2020-06-30": "7944.69500", "2020-03-31": "7488.44900", "2019-12-31": "5157.66400", "2019-09-30": "5126.28500", "2019-06-30": "4956.62700", "2019-03-31": "4654.26600", "2018-12-31": "4556.15500", "2018-09-30": "4423.18800", "2018-06-30": "4312.01100", "2018-03-31": "4172.41400", "2017-12-31": "4090.35400", "2017-09-30": "4354.16600", "2017-06-30": "4154.62200", "2017-03-31": "4090.76800", "2016-12-31": "4007.38700", "2016-09-30": "3951.82700", "2016-06-30": "3952.45600", "2016-03-31": "3880.39300", "2015-12-31": "3798.74400", "2015-09-30": "3756.64200", "2015-06-30": "3693.95600", "2015-03-31": "3596.31900", "2014-12-31": "3526.03400", "2014-09-30": "3456.42900", "2014-06-30": "3327.17100", "2014-03-31": "3294.29100", "2013-12-31": "3236.89500", "2013-09-30": "3255.79200", "2013-06-30": "3223.28300", "2013-03-31": "3144.90400", "2012-12-31": "3198.46100", "2012-09-30": "2857.11900", "2012-06-30": "2905.24800", "2012-03-31": "2721.75400", "2011-12-31": "2649.78500", "2011-09-30": "2586.60100", "2011-06-30": "2674.16300", "2011-03-31": "2710.34000", "2010-12-31": "2574.36500", "2010-09-30": "2567.13900", "2010-06-30": "2538.71600", "2010-03-31": "2458.39400", "2009-12-31": "2439.39100", "2009-09-30": "2316.66600", "2009-06-30": "2246.76900", "2009-03-31": "2224.90900", "2008-12-31": "2244.14700", "2008-09-30": "2117.73700", "2008-06-30": "2108.55900", "2008-03-31": "2070.70700", "2007-12-31": "2067.40200", "2007-09-30": "1853.97200", "2007-06-30": "1847.48300", "2007-03-31": "1839.09800", "2006-12-31": "1700.66200", "2006-09-30": "1610.87600", "2006-06-30": "1597.43600", "2006-03-31": "1598.42900", "2005-12-31": "1551.46300", "2005-09-30": "1493.20800", "2005-06-30": "1463.65100", "2005-03-31": "1405.32200"}, "Total Liabilities": {"2020-09-30": "8763.73500", "2020-06-30": "8392.87400", "2020-03-31": "8315.82700", "2019-12-31": "5481.12500", "2019-09-30": "5478.40800", "2019-06-30": "5355.57600", "2019-03-31": "5088.36500", "2018-12-31": "4955.13200", "2018-09-30": "4711.36300", "2018-06-30": "4565.99300", "2018-03-31": "4431.54900", "2017-12-31": "4374.84200", "2017-09-30": "4607.11600", "2017-06-30": "4487.16900", "2017-03-31": "4368.36800", "2016-12-31": "4308.92300", "2016-09-30": "4203.82500", "2016-06-30": "4131.67600", "2016-03-31": "4054.73600", "2015-12-31": "3991.94300", "2015-09-30": "3972.66400", "2015-06-30": "3897.35100", "2015-03-31": "3801.43800", "2014-12-31": "3751.36900", "2014-09-30": "3691.82100", "2014-06-30": "3605.14400", "2014-03-31": "3545.53300", "2013-12-31": "3516.77400", "2013-09-30": "3574.06100", "2013-06-30": "3529.99800", "2013-03-31": "3446.85900", "2012-12-31": "3472.62500", "2012-09-30": "3172.22900", "2012-06-30": "3117.56400", "2012-03-31": "3045.89600", "2011-12-31": "3096.60300", "2011-09-30": "3015.26100", "2011-06-30": "2981.04500", "2011-03-31": "2919.63400", "2010-12-31": "2897.64000", "2010-09-30": "2773.71700", "2010-06-30": "2737.29700", "2010-03-31": "2662.88500", "2009-12-31": "2640.39800", "2009-09-30": "2546.73300", "2009-06-30": "2452.54100", "2009-03-31": "2416.94400", "2008-12-31": "2437.31800", "2008-09-30": "2336.02000", "2008-06-30": "2272.12300", "2008-03-31": "2245.16800", "2007-12-31": "2250.61400", "2007-09-30": "2169.39600", "2007-06-30": "2132.26800", "2007-03-31": "2077.35300", "2006-12-31": "1956.27300", "2006-09-30": "1868.82700", "2006-06-30": "1837.98700", "2006-03-31": "1866.93900", "2005-12-31": "1823.12300", "2005-09-30": "1731.42200", "2005-06-30": "1694.27200", "2005-03-31": "1588.31500"}, "Common Stock Net": {"2020-09-30": "124.22800", "2020-06-30": "124.17100", "2020-03-31": "124.11700", "2019-12-31": "111.93500", "2019-09-30": "109.47100", "2019-06-30": "109.44400", "2019-03-31": "90.74100", "2018-12-31": "90.57600", "2018-09-30": "90.49900", "2018-06-30": "90.48600", "2018-03-31": "90.47800", "2017-12-31": "90.35000", "2017-09-30": "90.33400", "2017-06-30": "90.31700", "2017-03-31": "90.28300", "2016-12-31": "90.15500", "2016-09-30": "90.13400", "2016-06-30": "90.11800", "2016-03-31": "90.08800", "2015-12-31": "89.68200", "2015-09-30": "89.59600", "2015-06-30": "89.55100", "2015-03-31": "89.52100", "2014-12-31": "89.29600", "2014-09-30": "89.23100", "2014-06-30": "89.22600", "2014-03-31": "89.15800", "2013-12-31": "88.96400", "2013-09-30": "88.94000", "2013-06-30": "71.11300", "2013-03-31": "70.75400", "2012-12-31": "70.47200", "2012-09-30": "70.34800", "2012-06-30": "70.16100", "2012-03-31": "69.90400", "2011-12-31": "69.76200", "2011-09-30": "69.63300", "2011-06-30": "69.55200", "2011-03-31": "69.45200", "2010-12-31": "69.22300", "2010-09-30": "69.09500", "2010-06-30": "68.92300", "2010-03-31": "68.81000", "2009-12-31": "68.57400", "2009-09-30": "68.47000", "2009-06-30": "68.29700", "2009-03-31": "68.17000", "2008-12-31": "68.02600", "2008-09-30": "67.92400", "2008-06-30": "67.77800", "2008-03-31": "67.16700", "2007-12-31": "67.05000", "2007-09-30": "66.96700", "2007-06-30": "66.80100", "2007-03-31": "66.63000", "2006-12-31": "66.50900", "2006-09-30": "66.38700", "2006-06-30": "66.04200", "2006-03-31": "65.10500", "2005-12-31": "64.82900", "2005-09-30": "48.56000", "2005-06-30": "48.38300", "2005-03-31": "48.21700"}, "Retained Earnings (Accumulated Deficit)": {"2020-09-30": "1220.79000", "2020-06-30": "1226.62200", "2020-03-31": "1209.50100", "2019-12-31": "1210.07200", "2019-09-30": "1197.60000", "2019-06-30": "1159.75300", "2019-03-31": "1152.19700", "2018-12-31": "1174.24500", "2018-09-30": "1217.00700", "2018-06-30": "1177.87400", "2018-03-31": "1147.82800", "2017-12-31": "1132.55600", "2017-09-30": "1115.60100", "2017-06-30": "1075.85600", "2017-03-31": "1048.96300", "2016-12-31": "1032.84400", "2016-09-30": "1017.26100", "2016-06-30": "978.12400", "2016-03-31": "950.15800", "2015-12-31": "930.06100", "2015-09-30": "933.14400", "2015-06-30": "897.26100", "2015-03-31": "869.20300", "2014-12-31": "849.95200", "2014-09-30": "812.41200", "2014-06-30": "773.71700", "2014-03-31": "745.16100", "2013-12-31": "729.27200", "2013-09-30": "698.68900", "2013-06-30": "635.21000", "2013-03-31": "633.15100", "2012-12-31": "611.30300", "2012-09-30": "544.80200", "2012-06-30": "541.73900", "2012-03-31": "523.30000", "2011-12-31": "508.33400", "2011-09-30": "474.35800", "2011-06-30": "477.57400", "2011-03-31": "461.43300", "2010-12-31": "452.47000", "2010-09-30": "423.62100", "2010-06-30": "421.09000", "2010-03-31": "411.09500", "2009-12-31": "409.40200", "2009-09-30": "382.74400", "2009-06-30": "387.40600", "2009-03-31": "379.86600", "2008-12-31": "379.77800", "2008-09-30": "354.11200", "2008-06-30": "353.85400", "2008-03-31": "348.00700", "2007-12-31": "350.36400", "2007-09-30": "342.11000", "2007-06-30": "329.22500", "2007-03-31": "320.75100", "2006-12-31": "319.11300", "2006-09-30": "293.40100", "2006-06-30": "296.43300", "2006-03-31": "287.89300", "2005-12-31": "285.13200", "2005-09-30": "262.99400", "2005-06-30": "261.32300", "2005-03-31": "251.57500"}, "Comprehensive Income": {"2020-09-30": "", "2020-06-30": "", "2020-03-31": "", "2019-12-31": "", "2019-09-30": "", "2019-06-30": "", "2019-03-31": "", "2018-12-31": "", "2018-09-30": "", "2018-06-30": "", "2018-03-31": "", "2017-12-31": "0.86000", "2017-09-30": "0.80600", "2017-06-30": "0.76400", "2017-03-31": "0.72700", "2016-12-31": "0.66900", "2016-09-30": "0.65600", "2016-06-30": "0.63600", "2016-03-31": "0.62400", "2015-12-31": "0.68700", "2015-09-30": "0.61900", "2015-06-30": "0.84300", "2015-03-31": "0.86300", "2014-12-31": "0.78800", "2014-09-30": "0.73100", "2014-06-30": "0.79300", "2014-03-31": "0.66700", "2013-12-31": "0.34600", "2013-09-30": "0.22300", "2013-06-30": "0.16300", "2013-03-31": "0.10600", "2012-12-31": "0.11500", "2012-09-30": "0.07600", "2012-06-30": "0.18700", "2012-03-31": "0.20800", "2011-12-31": "0.25600", "2011-09-30": "0.06600", "2011-06-30": "0.52200", "2011-03-31": "0.50100", "2010-12-31": "0.49900", "2010-09-30": "0.12400", "2010-06-30": "-0.14800", "2010-03-31": "-0.14800", "2009-12-31": "0.28000", "2009-09-30": "0.11800", "2009-06-30": "0.26000", "2009-03-31": "0.02300", "2008-12-31": "-0.01400", "2008-09-30": "-0.01600", "2008-06-30": "0.18900", "2008-03-31": "", "2007-12-31": "", "2007-09-30": "1.31500", "2007-06-30": "0.41200", "2007-03-31": "0.19900", "2006-12-31": "0.19400", "2006-09-30": "-2.75600", "2006-06-30": "-2.88300", "2006-03-31": "-3.08200", "2005-12-31": "-3.08200", "2005-09-30": "-1.74200", "2005-06-30": "-1.74200", "2005-03-31": "-1.74200"}, "Other Share Holders Equity": {"2020-09-30": "", "2020-06-30": "", "2020-03-31": "", "2019-12-31": "", "2019-09-30": "", "2019-06-30": "", "2019-03-31": "", "2018-12-31": "", "2018-09-30": "", "2018-06-30": "", "2018-03-31": "", "2017-12-31": "", "2017-09-30": "", "2017-06-30": "", "2017-03-31": "", "2016-12-31": "", "2016-09-30": "", "2016-06-30": "", "2016-03-31": "", "2015-12-31": "", "2015-09-30": "", "2015-06-30": "", "2015-03-31": "", "2014-12-31": "", "2014-09-30": "", "2014-06-30": "", "2014-03-31": "", "2013-12-31": "", "2013-09-30": "", "2013-06-30": "", "2013-03-31": "", "2012-12-31": "", "2012-09-30": "", "2012-06-30": "", "2012-03-31": "", "2011-12-31": "", "2011-09-30": "", "2011-06-30": "", "2011-03-31": "", "2010-12-31": "", "2010-09-30": "", "2010-06-30": "", "2010-03-31": "", "2009-12-31": "", "2009-09-30": "", "2009-06-30": "", "2009-03-31": "", "2008-12-31": "", "2008-09-30": "", "2008-06-30": "", "2008-03-31": "", "2007-12-31": "", "2007-09-30": "", "2007-06-30": "", "2007-03-31": "", "2006-12-31": "", "2006-09-30": "", "2006-06-30": "", "2006-03-31": "", "2005-12-31": "", "2005-09-30": "", "2005-06-30": "", "2005-03-31": ""}, "Share Holder Equity": {"2020-09-30": "4635.75300", "2020-06-30": "4635.53400", "2020-03-31": "4613.16300", "2019-12-31": "3880.86000", "2019-09-30": "3862.56200", "2019-06-30": "3824.77400", "2019-03-31": "1992.58500", "2018-12-31": "2009.36400", "2018-09-30": "2045.73800", "2018-06-30": "2004.35200", "2018-03-31": "1972.15900", "2017-12-31": "1957.62100", "2017-09-30": "1938.26500", "2017-06-30": "1896.53000", "2017-03-31": "1867.22700", "2016-12-31": "1850.06800", "2016-09-30": "1832.20000", "2016-06-30": "1791.16300", "2016-03-31": "1760.70700", "2015-12-31": "1725.93000", "2015-09-30": "1728.68100", "2015-06-30": "1702.92700", "2015-03-31": "1676.29400", "2014-12-31": "1655.38300", "2014-09-30": "1615.36000", "2014-06-30": "1586.38100", "2014-03-31": "1554.23400", "2013-12-31": "1535.04300", "2013-09-30": "1500.03700", "2013-06-30": "1428.31900", "2013-03-31": "1418.46500", "2012-12-31": "1385.89200", "2012-09-30": "1314.92500", "2012-06-30": "1302.68300", "2012-03-31": "1273.44600", "2011-12-31": "1251.81700", "2011-09-30": "1212.80800", "2011-06-30": "1212.13700", "2011-03-31": "1192.69200", "2010-12-31": "1174.82600", "2010-09-30": "1139.56500", "2010-06-30": "1130.08200", "2010-03-31": "1115.60200", "2009-12-31": "1109.46400", "2009-09-30": "1077.90800", "2009-06-30": "1077.72300", "2009-03-31": "1065.02500", "2008-12-31": "1060.62700", "2008-09-30": "1028.01900", "2008-06-30": "1022.11400", "2008-03-31": "980.71500", "2007-12-31": "976.29800", "2007-09-30": "964.93900", "2007-06-30": "944.26600", "2007-03-31": "928.16400", "2006-12-31": "921.63000", "2006-09-30": "887.32700", "2006-06-30": "874.80700", "2006-03-31": "824.19400", "2005-12-31": "811.92300", "2005-09-30": "780.08900", "2005-06-30": "773.35700", "2005-03-31": "760.23700"}, "Total Liabilities And Share Holders Equity": {"2020-09-30": "13399.49000", "2020-06-30": "13028.41000", "2020-03-31": "12928.99000", "2019-12-31": "9361.98500", "2019-09-30": "9340.97000", "2019-06-30": "9180.35000", "2019-03-31": "7080.95000", "2018-12-31": "6964.49600", "2018-09-30": "6757.10100", "2018-06-30": "6570.34500", "2018-03-31": "6403.70800", "2017-12-31": "6332.46300", "2017-09-30": "6545.38100", "2017-06-30": "6383.69900", "2017-03-31": "6235.59500", "2016-12-31": "6158.99100", "2016-09-30": "6036.02500", "2016-06-30": "5922.83900", "2016-03-31": "5815.44300", "2015-12-31": "5717.87300", "2015-09-30": "5701.34500", "2015-06-30": "5600.27800", "2015-03-31": "5477.73200", "2014-12-31": "5406.75200", "2014-09-30": "5307.18100", "2014-06-30": "5191.52500", "2014-03-31": "5099.76700", "2013-12-31": "5051.81700", "2013-09-30": "5074.09800", "2013-06-30": "4958.31700", "2013-03-31": "4865.32400", "2012-12-31": "4858.51700", "2012-09-30": "4487.15400", "2012-06-30": "4420.24700", "2012-03-31": "4319.34200", "2011-12-31": "4348.42000", "2011-09-30": "4228.06900", "2011-06-30": "4193.18200", "2011-03-31": "4112.32600", "2010-12-31": "4072.46600", "2010-09-30": "3913.28200", "2010-06-30": "3867.37900", "2010-03-31": "3778.48700", "2009-12-31": "3749.86200", "2009-09-30": "3624.64100", "2009-06-30": "3530.26400", "2009-03-31": "3481.96900", "2008-12-31": "3497.94500", "2008-09-30": "3364.03900", "2008-06-30": "3294.23700", "2008-03-31": "3225.88300", "2007-12-31": "3226.91200", "2007-09-30": "3134.33500", "2007-06-30": "3076.53400", "2007-03-31": "3005.51700", "2006-12-31": "2877.90300", "2006-09-30": "2756.15400", "2006-06-30": "2712.79400", "2006-03-31": "2691.13300", "2005-12-31": "2635.04600", "2005-09-30": "2511.51100", "2005-06-30": "2467.62900", "2005-03-31": "2348.55200"}}, "cash flow statement": {"Net Income/Loss": {"2019-12-31": "224.54300", "2018-12-31": "191.98800", "2017-12-31": "239.73800", "2016-12-31": "234.18200", "2015-12-31": "201.79000", "2014-12-31": "233.23900", "2013-12-31": "221.30000", "2012-12-31": "196.56300", "2011-12-31": "143.06900", "2010-12-31": "123.97500", "2009-12-31": "104.35300", "2008-12-31": "97.91800", "2007-12-31": "95.01400", "2006-12-31": "92.00400", "2005-12-31": "91.15600"}, "Total Depreciation And Amortization - Cash Flow": {"2019-12-31": "156.47600", "2018-12-31": "146.67300", "2017-12-31": "136.72400", "2016-12-31": "133.00800", "2015-12-31": "128.73700", "2014-12-31": "126.53500", "2013-12-31": "123.98500", "2012-12-31": "116.18000", "2011-12-31": "108.30000", "2010-12-31": "111.71600", "2009-12-31": "111.11100", "2008-12-31": "94.30000", "2007-12-31": "88.01100", "2006-12-31": "75.04100", "2005-12-31": "64.99300"}, "Other Non-Cash Items": {"2019-12-31": "-40.34000", "2018-12-31": "56.98700", "2017-12-31": "25.39800", "2016-12-31": "27.02300", "2015-12-31": "62.16200", "2014-12-31": "27.67200", "2013-12-31": "21.94600", "2012-12-31": "64.32000", "2011-12-31": "88.52900", "2010-12-31": "86.48800", "2009-12-31": "52.57300", "2008-12-31": "50.73300", "2007-12-31": "27.13100", "2006-12-31": "16.92000", "2005-12-31": "25.34500"}, "Total Non-Cash Items": {"2019-12-31": "116.13600", "2018-12-31": "203.66000", "2017-12-31": "162.12200", "2016-12-31": "160.03100", "2015-12-31": "190.89900", "2014-12-31": "154.20700", "2013-12-31": "145.93100", "2012-12-31": "180.50000", "2011-12-31": "196.82900", "2010-12-31": "198.20400", "2009-12-31": "163.68400", "2008-12-31": "145.03300", "2007-12-31": "115.14200", "2006-12-31": "91.96100", "2005-12-31": "90.33800"}, "Change In Accounts Receivable": {"2019-12-31": "-4.33500", "2018-12-31": "-18.02400", "2017-12-31": "-6.45800", "2016-12-31": "-3.97400", "2015-12-31": "-6.52000", "2014-12-31": "-20.29900", "2013-12-31": "4.46600", "2012-12-31": "-4.93700", "2011-12-31": "-3.86400", "2010-12-31": "-4.74500", "2009-12-31": "-0.60600", "2008-12-31": "-10.08100", "2007-12-31": "-12.64200", "2006-12-31": "-12.48500", "2005-12-31": "7.57200"}, "Change In Inventories": {"2019-12-31": "", "2018-12-31": "", "2017-12-31": "", "2016-12-31": "", "2015-12-31": "", "2014-12-31": "", "2013-12-31": "", "2012-12-31": "", "2011-12-31": "", "2010-12-31": "", "2009-12-31": "", "2008-12-31": "", "2007-12-31": "", "2006-12-31": "", "2005-12-31": ""}, "Change In Accounts Payable": {"2019-12-31": "", "2018-12-31": "", "2017-12-31": "", "2016-12-31": "", "2015-12-31": "", "2014-12-31": "", "2013-12-31": "", "2012-12-31": "", "2011-12-31": "", "2010-12-31": "", "2009-12-31": "", "2008-12-31": "", "2007-12-31": "", "2006-12-31": "", "2005-12-31": ""}, "Change In Assets/Liabilities": {"2019-12-31": "-2.92900", "2018-12-31": "-9.66900", "2017-12-31": "-13.32100", "2016-12-31": "1.16800", "2015-12-31": "-11.90600", "2014-12-31": "-3.82900", "2013-12-31": "9.54700", "2012-12-31": "-16.53400", "2011-12-31": "30.39200", "2010-12-31": "-35.92700", "2009-12-31": "-3.54900", "2008-12-31": "-5.13600", "2007-12-31": "4.03600", "2006-12-31": "4.85500", "2005-12-31": "-2.32500"}, "Total Change In Assets/Liabilities": {"2019-12-31": "-2.15600", "2018-12-31": "-27.12600", "2017-12-31": "-20.54200", "2016-12-31": "1.95000", "2015-12-31": "-21.89500", "2014-12-31": "-23.65800", "2013-12-31": "0.58800", "2012-12-31": "-8.65600", "2011-12-31": "26.94900", "2010-12-31": "-59.08700", "2009-12-31": "-10.19700", "2008-12-31": "-21.44500", "2007-12-31": "-15.98800", "2006-12-31": "-13.23900", "2005-12-31": "18.18000"}, "Cash Flow From Operating Activities": {"2019-12-31": "338.52300", "2018-12-31": "368.52200", "2017-12-31": "381.31800", "2016-12-31": "396.16300", "2015-12-31": "370.79400", "2014-12-31": "363.78800", "2013-12-31": "367.81900", "2012-12-31": "368.40700", "2011-12-31": "366.84700", "2010-12-31": "263.09200", "2009-12-31": "257.84000", "2008-12-31": "221.50600", "2007-12-31": "194.16800", "2006-12-31": "170.72600", "2005-12-31": "199.67400"}, "Net Change In Property, Plant, And Equipment": {"2019-12-31": "-607.06700", "2018-12-31": "-640.71400", "2017-12-31": "-482.60700", "2016-12-31": "-384.67300", "2015-12-31": "-393.03000", "2014-12-31": "-342.66300", "2013-12-31": "-317.59000", "2012-12-31": "-464.52700", "2011-12-31": "-320.91900", "2010-12-31": "-312.15400", "2009-12-31": "-274.36900", "2008-12-31": "-261.24600", "2007-12-31": "-282.38500", "2006-12-31": "-282.27100", "2005-12-31": "-247.79500"}, "Net Change In Intangible Assets": {"2019-12-31": "", "2018-12-31": "", "2017-12-31": "", "2016-12-31": "", "2015-12-31": "", "2014-12-31": "", "2013-12-31": "", "2012-12-31": "", "2011-12-31": "", "2010-12-31": "", "2009-12-31": "", "2008-12-31": "", "2007-12-31": "", "2006-12-31": "", "2005-12-31": ""}, "Net Acquisitions/Divestitures": {"2019-12-31": "", "2018-12-31": "", "2017-12-31": "", "2016-12-31": "", "2015-12-31": "", "2014-12-31": "", "2013-12-31": "", "2012-12-31": "", "2011-12-31": "", "2010-12-31": "", "2009-12-31": "", "2008-12-31": "", "2007-12-31": "", "2006-12-31": "", "2005-12-31": ""}, "Net Change In Short-term Investments": {"2019-12-31": "", "2018-12-31": "", "2017-12-31": "", "2016-12-31": "", "2015-12-31": "0.04700", "2014-12-31": "", "2013-12-31": "23.52500", "2012-12-31": "65.33300", "2011-12-31": "46.18100", "2010-12-31": "-52.17300", "2009-12-31": "-30.00100", "2008-12-31": "23.69000", "2007-12-31": "-63.45400", "2006-12-31": "57.13500", "2005-12-31": "-51.42900"}, "Net Change In Long-Term Investments": {"2019-12-31": "", "2018-12-31": "", "2017-12-31": "", "2016-12-31": "", "2015-12-31": "", "2014-12-31": "", "2013-12-31": "-14.70000", "2012-12-31": "-33.85600", "2011-12-31": "-5.08700", "2010-12-31": "", "2009-12-31": "", "2008-12-31": "", "2007-12-31": "", "2006-12-31": "", "2005-12-31": ""}, "Net Change In Investments - Total": {"2019-12-31": "", "2018-12-31": "", "2017-12-31": "", "2016-12-31": "", "2015-12-31": "0.04700", "2014-12-31": "", "2013-12-31": "8.82500", "2012-12-31": "31.47700", "2011-12-31": "41.09400", "2010-12-31": "-52.17300", "2009-12-31": "-30.00100", "2008-12-31": "23.69000", "2007-12-31": "-63.45400", "2006-12-31": "57.13500", "2005-12-31": "-51.42900"}, "Investing Activities - Other": {"2019-12-31": "2.46400", "2018-12-31": "0.89900", "2017-12-31": "2.22300", "2016-12-31": "1.46400", "2015-12-31": "-1.07900", "2014-12-31": "50.16200", "2013-12-31": "87.20200", "2012-12-31": "68.37500", "2011-12-31": "-5.07900", "2010-12-31": "-19.12500", "2009-12-31": "-15.54400", "2008-12-31": "-1.21500", "2007-12-31": "1.79500", "2006-12-31": "-0.21300", "2005-12-31": "0.10200"}, "Cash Flow From Investing Activities": {"2019-12-31": "-604.60300", "2018-12-31": "-639.81500", "2017-12-31": "-480.38400", "2016-12-31": "-383.20900", "2015-12-31": "-394.06200", "2014-12-31": "-292.50100", "2013-12-31": "-221.56300", "2012-12-31": "-364.67500", "2011-12-31": "-284.90400", "2010-12-31": "-383.45200", "2009-12-31": "-319.91400", "2008-12-31": "-238.77100", "2007-12-31": "-344.04400", "2006-12-31": "-225.34900", "2005-12-31": "-299.12200"}, "Net Long-Term Debt": {"2019-12-31": "360.79800", "2018-12-31": "417.74300", "2017-12-31": "231.95600", "2016-12-31": "130.49900", "2015-12-31": "160.13700", "2014-12-31": "64.50700", "2013-12-31": "-36.48900", "2012-12-31": "97.90600", "2011-12-31": "-43.55900", "2010-12-31": "112.00400", "2009-12-31": "173.57100", "2008-12-31": "13.70300", "2007-12-31": "228.77000", "2006-12-31": "78.75400", "2005-12-31": "63.77700"}, "Net Current Debt": {"2019-12-31": "12.26800", "2018-12-31": "-0.87900", "2017-12-31": "6.12700", "2016-12-31": "-18.26200", "2015-12-31": "-2.41600", "2014-12-31": "-18.66400", "2013-12-31": "-33.77100", "2012-12-31": "-38.31700", "2011-12-31": "32.60600", "2010-12-31": "55.26100", "2009-12-31": "-47.81900", "2008-12-31": "25.62200", "2007-12-31": "-66.92300", "2006-12-31": "-8.18900", "2005-12-31": "54.88700"}, "Debt Issuance/Retirement Net - Total": {"2019-12-31": "373.06600", "2018-12-31": "416.86400", "2017-12-31": "238.08300", "2016-12-31": "112.23700", "2015-12-31": "157.72100", "2014-12-31": "45.84300", "2013-12-31": "-70.26000", "2012-12-31": "59.58900", "2011-12-31": "-10.95300", "2010-12-31": "167.26500", "2009-12-31": "125.75200", "2008-12-31": "39.32500", "2007-12-31": "161.84700", "2006-12-31": "70.56500", "2005-12-31": "118.66400"}, "Net Common Equity Issued/Repurchased": {"2019-12-31": "1945.73100", "2018-12-31": "4.06700", "2017-12-31": "2.15900", "2016-12-31": "2.62000", "2015-12-31": "-17.03000", "2014-12-31": "-8.46000", "2013-12-31": "23.16500", "2012-12-31": "26.32400", "2011-12-31": "18.04700", "2010-12-31": "17.43800", "2009-12-31": "13.28000", "2008-12-31": "35.18100", "2007-12-31": "16.86100", "2006-12-31": "65.07800", "2005-12-31": "19.66700"}, "Net Total Equity Issued/Repurchased": {"2019-12-31": "1945.73100", "2018-12-31": "4.06700", "2017-12-31": "2.15900", "2016-12-31": "2.62000", "2015-12-31": "-17.03000", "2014-12-31": "-8.46000", "2013-12-31": "23.16500", "2012-12-31": "26.32400", "2011-12-31": "18.04700", "2010-12-31": "17.43800", "2009-12-31": "13.28000", "2008-12-31": "35.18100", "2007-12-31": "16.86100", "2006-12-31": "65.07800", "2005-12-31": "19.66700"}, "Total Common And Preferred Stock Dividends Paid": {"2019-12-31": "-188.51200", "2018-12-31": "-150.73600", "2017-12-31": "-140.66000", "2016-12-31": "-130.92300", "2015-12-31": "-121.24800", "2014-12-31": "-112.10600", "2013-12-31": "-102.88900", "2012-12-31": "-93.42300", "2011-12-31": "-87.13300", "2010-12-31": "-80.90700", "2009-12-31": "-74.72900", "2008-12-31": "-68.50400", "2007-12-31": "-63.76300", "2006-12-31": "-58.02300", "2005-12-31": "-51.13900"}, "Financial Activities - Other": {"2019-12-31": "1.09000", "2018-12-31": "0.52100", "2017-12-31": "-0.07500", "2016-12-31": "3.64600", "2015-12-31": "2.91600", "2014-12-31": "2.51600", "2013-12-31": "3.26500", "2012-12-31": "1.09500", "2011-12-31": "0.36600", "2010-12-31": "0.62900", "2009-12-31": "4.69600", "2008-12-31": "11.66700", "2007-12-31": "5.43200", "2006-12-31": "9.17000", "2005-12-31": "9.93600"}, "Cash Flow From Financial Activities": {"2019-12-31": "2131.37500", "2018-12-31": "270.71600", "2017-12-31": "99.50700", "2016-12-31": "-12.42000", "2015-12-31": "22.35900", "2014-12-31": "-72.20700", "2013-12-31": "-146.71900", "2012-12-31": "-6.41500", "2011-12-31": "-79.67300", "2010-12-31": "104.42500", "2009-12-31": "68.99900", "2008-12-31": "17.66900", "2007-12-31": "120.37700", "2006-12-31": "86.79000", "2005-12-31": "97.12800"}, "Net Cash Flow": {"2019-12-31": "1865.29500", "2018-12-31": "-0.57700", "2017-12-31": "0.44100", "2016-12-31": "0.53400", "2015-12-31": "-0.90900", "2014-12-31": "-0.92000", "2013-12-31": "-0.46300", "2012-12-31": "-2.68300", "2011-12-31": "2.27000", "2010-12-31": "-15.93500", "2009-12-31": "6.92500", "2008-12-31": "0.40400", "2007-12-31": "-29.49900", "2006-12-31": "32.16700", "2005-12-31": "-2.32000"}, "Stock-Based Compensation": {"2019-12-31": "7.36800", "2018-12-31": "7.56700", "2017-12-31": "6.34200", "2016-12-31": "5.39000", "2015-12-31": "5.86000", "2014-12-31": "6.81900", "2013-12-31": "5.06600", "2012-12-31": "5.55000", "2011-12-31": "3.85200", "2010-12-31": "3.87100", "2009-12-31": "3.50200", "2008-12-31": "3.87100", "2007-12-31": "4.32000", "2006-12-31": "3.60400", "2005-12-31": "0.49500"}, "Common Stock Dividends Paid": {"2019-12-31": "-188.51200", "2018-12-31": "-150.73600", "2017-12-31": "-140.66000", "2016-12-31": "", "2015-12-31": "-121.24800", "2014-12-31": "-112.10600", "2013-12-31": "-102.88900", "2012-12-31": "-93.42300", "2011-12-31": "-87.13300", "2010-12-31": "-80.90700", "2009-12-31": "-74.72900", "2008-12-31": "-68.50400", "2007-12-31": "-63.76300", "2006-12-31": "-58.02300", "2005-12-31": "-51.13900"}}, "cash flow statement, quarterly": {"Net Income/Loss": {"2020-09-30": 55.732, "2020-06-30": 74.629, "2020-03-31": "51.78100", "2019-12-31": 64.227, "2019-09-30": 88.489, "2019-06-30": 54.903, "2019-03-31": "16.92400", "2018-12-31": -3.657, "2018-09-30": 78.216, "2018-06-30": 66.59, "2018-03-31": "50.83900", "2017-12-31": 53.473, "2017-09-30": 76.225, "2017-06-30": 60.968, "2017-03-31": "49.07200", "2016-12-31": 49.649, "2016-09-30": 73.17, "2016-06-30": 59.626, "2016-03-31": "51.73700", "2015-12-31": 28.434, "2015-09-30": 67.429, "2015-06-30": 57.382, "2015-03-31": "48.54500", "2014-12-31": 66.815, "2014-09-30": 67.996, "2014-06-30": 55.569, "2014-03-31": "42.85900", "2013-12-31": 57.532, "2013-09-30": 63.617, "2013-06-30": 53.586, "2013-03-31": "46.56500", "2012-12-31": 66.555, "2012-09-30": 50.659, "2012-06-30": 41.445, "2012-03-31": "37.90400", "2011-12-31": 34.005, "2011-09-30": 41.123, "2011-06-30": 37.59, "2011-03-31": "30.35100", "2010-12-31": 28.858, "2010-09-30": 43.751, "2010-06-30": 29.855, "2010-03-31": "21.51100", "2009-12-31": 26.659, "2009-09-30": 33.47, "2009-06-30": 25.853, "2009-03-31": "18.37100", "2008-12-31": 25.665, "2008-09-30": 35.38, "2008-06-30": 22.552, "2008-03-31": "14.32100", "2007-12-31": 24.911, "2007-09-30": 29.518, "2007-06-30": 23.727, "2007-03-31": "16.85800", "2006-12-31": 25.723, "2006-09-30": 27.331, "2006-06-30": 22.386, "2006-03-31": "16.56400", "2005-12-31": 22.15, "2005-09-30": 27.917, "2005-06-30": 22.218, "2005-03-31": "18.87100"}, "Total Depreciation And Amortization - Cash Flow": {"2020-09-30": 69.941, "2020-06-30": 69.892, "2020-03-31": "46.24500", "2019-12-31": 40.503, "2019-09-30": 39.933, "2019-06-30": 36.63, "2019-03-31": "39.41000", "2018-12-31": 36.158, "2018-09-30": 37.656, "2018-06-30": 36.762, "2018-03-31": "36.09700", "2017-12-31": 34.858, "2017-09-30": 34.306, "2017-06-30": 33.534, "2017-03-31": "34.02600", "2016-12-31": 33.996, "2016-09-30": 34.27, "2016-06-30": 32.147, "2016-03-31": "32.59500", "2015-12-31": 32.618, "2015-09-30": 32.797, "2015-06-30": 31.973, "2015-03-31": "31.34900", "2014-12-31": 32.161, "2014-09-30": 30.288, "2014-06-30": 31.972, "2014-03-31": "32.11400", "2013-12-31": 31.719, "2013-09-30": 31.165, "2013-06-30": 30.679, "2013-03-31": "30.42200", "2012-12-31": 29.671, "2012-09-30": 29.571, "2012-06-30": 29.071, "2012-03-31": "27.86700", "2011-12-31": 26.614, "2011-09-30": 25.599, "2011-06-30": 28.174, "2011-03-31": "27.91300", "2010-12-31": 24.837, "2010-09-30": 27.391, "2010-06-30": 30.116, "2010-03-31": "29.37200", "2009-12-31": 25.468, "2009-09-30": 28.465, "2009-06-30": 28.036, "2009-03-31": "29.14200", "2008-12-31": 25.391, "2008-09-30": 24.624, "2008-06-30": 21.631, "2008-03-31": "22.65400", "2007-12-31": 22.751, "2007-09-30": 22.226, "2007-06-30": 21.689, "2007-03-31": "21.34500", "2006-12-31": 19.494, "2006-09-30": 19.46, "2006-06-30": 18.143, "2006-03-31": "17.94400", "2005-12-31": 16.476, "2005-09-30": 16.75, "2005-06-30": 15.856, "2005-03-31": "15.91100"}, "Other Non-Cash Items": {"2020-09-30": 26.998, "2020-06-30": 18.137, "2020-03-31": "-14.91400", "2019-12-31": 2.27, "2019-09-30": 4.603, "2019-06-30": -75.656, "2019-03-31": "28.44300", "2018-12-31": 48.528, "2018-09-30": 7.753, "2018-06-30": 1.411, "2018-03-31": "-0.70500", "2017-12-31": 7.767, "2017-09-30": 6.425, "2017-06-30": 6.093, "2017-03-31": "5.11300", "2016-12-31": 6.717, "2016-09-30": 13.064, "2016-06-30": 5.605, "2016-03-31": "1.63700", "2015-12-31": 40.224, "2015-09-30": 10.799, "2015-06-30": 6.343, "2015-03-31": "4.79600", "2014-12-31": 5.327, "2014-09-30": 9.404, "2014-06-30": 7.065, "2014-03-31": "5.87600", "2013-12-31": 1.118, "2013-09-30": 4.476, "2013-06-30": 8.655, "2013-03-31": "7.69700", "2012-12-31": 19.616, "2012-09-30": 23.263, "2012-06-30": 22.501, "2012-03-31": "-1.06000", "2011-12-31": 17.532, "2011-09-30": 36.5, "2011-06-30": 12.945, "2011-03-31": "21.55200", "2010-12-31": 39.737, "2010-09-30": 39.903, "2010-06-30": 4.925, "2010-03-31": "1.92300", "2009-12-31": 13.027, "2009-09-30": 17.604, "2009-06-30": 11.461, "2009-03-31": "10.48100", "2008-12-31": 13.466, "2008-09-30": 12.239, "2008-06-30": 20.59, "2008-03-31": "4.43800", "2007-12-31": 16.61, "2007-09-30": 3.768, "2007-06-30": 3.447, "2007-03-31": "3.30600", "2006-12-31": 6.782, "2006-09-30": 4.089, "2006-06-30": 3.628, "2006-03-31": "2.42100", "2005-12-31": 11.365, "2005-09-30": 11.286, "2005-06-30": 2.435, "2005-03-31": "0.25900"}, "Total Non-Cash Items": {"2020-09-30": 96.939, "2020-06-30": 88.029, "2020-03-31": "31.33100", "2019-12-31": 42.773, "2019-09-30": 44.536, "2019-06-30": -39.026, "2019-03-31": "67.85300", "2018-12-31": 84.686, "2018-09-30": 45.409, "2018-06-30": 38.173, "2018-03-31": "35.39200", "2017-12-31": 42.625, "2017-09-30": 40.731, "2017-06-30": 39.627, "2017-03-31": "39.13900", "2016-12-31": 40.713, "2016-09-30": 47.334, "2016-06-30": 37.752, "2016-03-31": "34.23200", "2015-12-31": 72.842, "2015-09-30": 43.596, "2015-06-30": 38.316, "2015-03-31": "36.14500", "2014-12-31": 37.488, "2014-09-30": 39.692, "2014-06-30": 39.037, "2014-03-31": "37.99000", "2013-12-31": 32.837, "2013-09-30": 35.641, "2013-06-30": 39.334, "2013-03-31": "38.11900", "2012-12-31": 49.287, "2012-09-30": 52.834, "2012-06-30": 51.572, "2012-03-31": "26.80700", "2011-12-31": 44.146, "2011-09-30": 62.099, "2011-06-30": 41.119, "2011-03-31": "49.46500", "2010-12-31": 64.574, "2010-09-30": 67.294, "2010-06-30": 35.041, "2010-03-31": "31.29500", "2009-12-31": 38.495, "2009-09-30": 46.069, "2009-06-30": 39.497, "2009-03-31": "39.62300", "2008-12-31": 38.857, "2008-09-30": 36.863, "2008-06-30": 42.221, "2008-03-31": "27.09200", "2007-12-31": 39.361, "2007-09-30": 25.994, "2007-06-30": 25.136, "2007-03-31": "24.65100", "2006-12-31": 26.276, "2006-09-30": 23.549, "2006-06-30": 21.771, "2006-03-31": "20.36500", "2005-12-31": 27.841, "2005-09-30": 28.036, "2005-06-30": 18.291, "2005-03-31": "16.17000"}, "Change In Accounts Receivable": {"2020-09-30": -20.442, "2020-06-30": 22.407, "2020-03-31": "22.92100", "2019-12-31": 7.322, "2019-09-30": -5.985, "2019-06-30": -7.935, "2019-03-31": "2.26300", "2018-12-31": 0.034, "2018-09-30": -6.948, "2018-06-30": -16.512, "2018-03-31": "5.40200", "2017-12-31": 7.092, "2017-09-30": -6.133, "2017-06-30": -13.146, "2017-03-31": "5.72900", "2016-12-31": 11.261, "2016-09-30": -11.105, "2016-06-30": -9.81, "2016-03-31": "5.68000", "2015-12-31": 12.157, "2015-09-30": -1.247, "2015-06-30": -17.621, "2015-03-31": "0.19100", "2014-12-31": -6.371, "2014-09-30": -2.841, "2014-06-30": -14.731, "2014-03-31": "3.64400", "2013-12-31": 5.788, "2013-09-30": 3.239, "2013-06-30": -10.053, "2013-03-31": "5.49200", "2012-12-31": 13.317, "2012-09-30": -7.965, "2012-06-30": -16.574, "2012-03-31": "6.28500", "2011-12-31": 8.697, "2011-09-30": 4.4, "2011-06-30": -17.74, "2011-03-31": "0.77900", "2010-12-31": 15.889, "2010-09-30": -12.24, "2010-06-30": -11.644, "2010-03-31": "3.25000", "2009-12-31": 5.485, "2009-09-30": -2.333, "2009-06-30": -10.056, "2009-03-31": "6.29800", "2008-12-31": 8.373, "2008-09-30": -12.454, "2008-06-30": -10.367, "2008-03-31": "4.36700", "2007-12-31": 7.85, "2007-09-30": -5.617, "2007-06-30": -17.089, "2007-03-31": "2.21400", "2006-12-31": 2.111, "2006-09-30": -6.965, "2006-06-30": -10.952, "2006-03-31": "3.32100", "2005-12-31": 8.92, "2005-09-30": -4.259, "2005-06-30": -11.51, "2005-03-31": "14.42100"}, "Change In Inventories": {"2020-09-30": 0, "2020-06-30": 0, "2020-03-31": "", "2019-12-31": 0, "2019-09-30": 0, "2019-06-30": 0, "2019-03-31": "", "2018-12-31": 0, "2018-09-30": 0, "2018-06-30": 0, "2018-03-31": "", "2017-12-31": 0, "2017-09-30": 0, "2017-06-30": 0, "2017-03-31": "", "2016-12-31": 0, "2016-09-30": 0, "2016-06-30": 0, "2016-03-31": "", "2015-12-31": 0, "2015-09-30": 0, "2015-06-30": 0, "2015-03-31": "", "2014-12-31": 0, "2014-09-30": 0, "2014-06-30": 0, "2014-03-31": "", "2013-12-31": 0, "2013-09-30": 0, "2013-06-30": 0, "2013-03-31": "", "2012-12-31": 0, "2012-09-30": 0, "2012-06-30": 0, "2012-03-31": "", "2011-12-31": 0, "2011-09-30": 0, "2011-06-30": 0, "2011-03-31": "", "2010-12-31": 0, "2010-09-30": 0, "2010-06-30": 0, "2010-03-31": "", "2009-12-31": 0, "2009-09-30": 0, "2009-06-30": 0, "2009-03-31": "", "2008-12-31": 0, "2008-09-30": 0, "2008-06-30": 0, "2008-03-31": "", "2007-12-31": 0, "2007-09-30": 0, "2007-06-30": 0, "2007-03-31": "", "2006-12-31": 0, "2006-09-30": 0, "2006-06-30": 0, "2006-03-31": "", "2005-12-31": 0, "2005-09-30": 0, "2005-06-30": 0, "2005-03-31": ""}, "Change In Accounts Payable": {"2020-09-30": 0, "2020-06-30": 0, "2020-03-31": "", "2019-12-31": 0, "2019-09-30": 0, "2019-06-30": 0, "2019-03-31": "", "2018-12-31": 0, "2018-09-30": 0, "2018-06-30": 0, "2018-03-31": "", "2017-12-31": 0, "2017-09-30": 0, "2017-06-30": 0, "2017-03-31": "", "2016-12-31": 0, "2016-09-30": 0, "2016-06-30": 0, "2016-03-31": "", "2015-12-31": 0, "2015-09-30": 0, "2015-06-30": 0, "2015-03-31": "", "2014-12-31": 0, "2014-09-30": 0, "2014-06-30": 0, "2014-03-31": "", "2013-12-31": 0, "2013-09-30": 0, "2013-06-30": 0, "2013-03-31": "", "2012-12-31": 0, "2012-09-30": 0, "2012-06-30": 0, "2012-03-31": "", "2011-12-31": 0, "2011-09-30": 0, "2011-06-30": 0, "2011-03-31": "", "2010-12-31": 0, "2010-09-30": 0, "2010-06-30": 0, "2010-03-31": "", "2009-12-31": 0, "2009-09-30": 0, "2009-06-30": 0, "2009-03-31": "", "2008-12-31": 0, "2008-09-30": 0, "2008-06-30": 0, "2008-03-31": "", "2007-12-31": 0, "2007-09-30": 0, "2007-06-30": 0, "2007-03-31": "", "2006-12-31": 0, "2006-09-30": 0, "2006-06-30": 0, "2006-03-31": "", "2005-12-31": 0, "2005-09-30": 0, "2005-06-30": 0, "2005-03-31": ""}, "Change In Assets/Liabilities": {"2020-09-30": -8.226, "2020-06-30": -3.896, "2020-03-31": "-2.98100", "2019-12-31": 4.388, "2019-09-30": -0.536, "2019-06-30": -2.43, "2019-03-31": "-4.35100", "2018-12-31": 0.493, "2018-09-30": -6.128, "2018-06-30": -1.751, "2018-03-31": "-2.28300", "2017-12-31": 0.535, "2017-09-30": -0.697, "2017-06-30": -4.941, "2017-03-31": "-8.21800", "2016-12-31": 0.909, "2016-09-30": -0.877, "2016-06-30": 2.827, "2016-03-31": "-1.69100", "2015-12-31": -5.102, "2015-09-30": 1.455, "2015-06-30": -1.938, "2015-03-31": "-6.32100", "2014-12-31": 7.194, "2014-09-30": 4.027, "2014-06-30": -7.217, "2014-03-31": "-7.83300", "2013-12-31": 7.26, "2013-09-30": 5.082, "2013-06-30": -1.091, "2013-03-31": "-1.70400", "2012-12-31": -13.885, "2012-09-30": 3.669, "2012-06-30": -2.069, "2012-03-31": "-4.24900", "2011-12-31": 32.972, "2011-09-30": 4.322, "2011-06-30": -3.285, "2011-03-31": "-3.61700", "2010-12-31": -33.164, "2010-09-30": 0.47, "2010-06-30": -0.373, "2010-03-31": "-2.86000", "2009-12-31": 3.006, "2009-09-30": -5.634, "2009-06-30": -0.739, "2009-03-31": "-0.18200", "2008-12-31": -0.814, "2008-09-30": -2.224, "2008-06-30": -1.069, "2008-03-31": "-1.02900", "2007-12-31": 0.916, "2007-09-30": -2.13, "2007-06-30": 2.269, "2007-03-31": "2.98100", "2006-12-31": -2.139, "2006-09-30": 2.467, "2006-06-30": 3.439, "2006-03-31": "1.08800", "2005-12-31": -3.609, "2005-09-30": 1.638, "2005-06-30": 1.173, "2005-03-31": "-1.52700"}, "Total Change In Assets/Liabilities": {"2020-09-30": 22.782, "2020-06-30": -12.977, "2020-03-31": "12.40900", "2019-12-31": 3.494, "2019-09-30": 7.461, "2019-06-30": -7.621, "2019-03-31": "-5.49000", "2018-12-31": -3.236, "2018-09-30": -2.581, "2018-06-30": -23.432, "2018-03-31": "2.12300", "2017-12-31": 3.159, "2017-09-30": 7.844, "2017-06-30": -24.537, "2017-03-31": "-7.00800", "2016-12-31": 17.167, "2016-09-30": -9.528, "2016-06-30": -14.558, "2016-03-31": "8.86900", "2015-12-31": -12.864, "2015-09-30": 14.339, "2015-06-30": -28.7, "2015-03-31": "5.33000", "2014-12-31": -14.948, "2014-09-30": 12.687, "2014-06-30": -30.477, "2014-03-31": "9.08000", "2013-12-31": -2.148, "2013-09-30": 20.933, "2013-06-30": -22.499, "2013-03-31": "4.30200", "2012-12-31": -13.649, "2012-09-30": 17.379, "2012-06-30": -25.608, "2012-03-31": "13.22200", "2011-12-31": 41.593, "2011-09-30": 7.937, "2011-06-30": -16.856, "2011-03-31": "-5.72500", "2010-12-31": -18.968, "2010-09-30": -21.808, "2010-06-30": -29.587, "2010-03-31": "11.27600", "2009-12-31": 11.781, "2009-09-30": -5.183, "2009-06-30": -21.497, "2009-03-31": "4.70200", "2008-12-31": 0.893, "2008-09-30": 5.859, "2008-06-30": -30.658, "2008-03-31": "2.46100", "2007-12-31": -3.317, "2007-09-30": 16.761, "2007-06-30": -35.545, "2007-03-31": "6.11300", "2006-12-31": 17.026, "2006-09-30": 2.78, "2006-06-30": -9.225, "2006-03-31": "-23.82000", "2005-12-31": 22.139, "2005-09-30": 7.924, "2005-06-30": -15.835, "2005-03-31": "3.95200"}, "Cash Flow From Operating Activities": {"2020-09-30": 175.453, "2020-06-30": 149.681, "2020-03-31": "95.52100", "2019-12-31": 110.494, "2019-09-30": 140.486, "2019-06-30": 8.256, "2019-03-31": "79.28700", "2018-12-31": 77.793, "2018-09-30": 121.044, "2018-06-30": 81.331, "2018-03-31": "88.35400", "2017-12-31": 99.257, "2017-09-30": 124.8, "2017-06-30": 76.058, "2017-03-31": "81.20300", "2016-12-31": 107.529, "2016-09-30": 110.976, "2016-06-30": 82.82, "2016-03-31": "94.83800", "2015-12-31": 88.412, "2015-09-30": 125.364, "2015-06-30": 66.998, "2015-03-31": "90.02000", "2014-12-31": 89.355, "2014-09-30": 120.375, "2014-06-30": 64.129, "2014-03-31": "89.92900", "2013-12-31": 88.221, "2013-09-30": 120.191, "2013-06-30": 70.421, "2013-03-31": "88.98600", "2012-12-31": 102.193, "2012-09-30": 120.872, "2012-06-30": 67.409, "2012-03-31": "77.93300", "2011-12-31": 119.744, "2011-09-30": 111.159, "2011-06-30": 61.853, "2011-03-31": "74.09100", "2010-12-31": 74.464, "2010-09-30": 89.237, "2010-06-30": 35.309, "2010-03-31": "64.08200", "2009-12-31": 76.935, "2009-09-30": 74.356, "2009-06-30": 43.853, "2009-03-31": "62.69600", "2008-12-31": 65.415, "2008-09-30": 78.102, "2008-06-30": 34.115, "2008-03-31": "43.87400", "2007-12-31": 60.955, "2007-09-30": 72.273, "2007-06-30": 13.318, "2007-03-31": "47.62200", "2006-12-31": 69.025, "2006-09-30": 53.66, "2006-06-30": 34.932, "2006-03-31": "13.10900", "2005-12-31": 72.13, "2005-09-30": 63.877, "2005-06-30": 24.674, "2005-03-31": "38.99300"}, "Net Change In Property, Plant, And Equipment": {"2020-09-30": -260.192, "2020-06-30": -195.288, "2020-03-31": "-3564.63000", "2019-12-31": -207.251, "2019-09-30": -132.308, "2019-06-30": -133.489, "2019-03-31": "-134.01900", "2018-12-31": -198.073, "2018-09-30": -226.235, "2018-06-30": -111.254, "2018-03-31": "-105.15200", "2017-12-31": -140.16, "2017-09-30": -129.312, "2017-06-30": -118.992, "2017-03-31": "-94.14300", "2016-12-31": -115.573, "2016-09-30": -101.326, "2016-06-30": -93.182, "2016-03-31": "-74.59200", "2015-12-31": -109.738, "2015-09-30": -107.379, "2015-06-30": -105.073, "2015-03-31": "-70.84000", "2014-12-31": -110.633, "2014-09-30": -95.905, "2014-06-30": -72.394, "2014-03-31": "-63.73100", "2013-12-31": -90.966, "2013-09-30": -81.294, "2013-06-30": -75.666, "2013-03-31": "-69.66400", "2012-12-31": -89.411, "2012-09-30": -106.542, "2012-06-30": -189.901, "2012-03-31": "-78.67300", "2011-12-31": -104.259, "2011-09-30": -80.349, "2011-06-30": -79.905, "2011-03-31": "-56.40600", "2010-12-31": -82.205, "2010-09-30": -90.858, "2010-06-30": -74.743, "2010-03-31": "-64.34800", "2009-12-31": -79.945, "2009-09-30": -78.057, "2009-06-30": -54.188, "2009-03-31": "-62.17900", "2008-12-31": -78.262, "2008-09-30": -87.921, "2008-06-30": -55.543, "2008-03-31": "-39.52000", "2007-12-31": -68.322, "2007-09-30": -66.115, "2007-06-30": -60.125, "2007-03-31": "-87.82300", "2006-12-31": -88.172, "2006-09-30": -70.112, "2006-06-30": -74.86, "2006-03-31": "-49.12700", "2005-12-31": -87.47, "2005-09-30": -65.425, "2005-06-30": -59.382, "2005-03-31": "-35.51800"}, "Net Change In Intangible Assets": {"2020-09-30": 0, "2020-06-30": 0, "2020-03-31": "", "2019-12-31": 0, "2019-09-30": 0, "2019-06-30": 0, "2019-03-31": "", "2018-12-31": 0, "2018-09-30": 0, "2018-06-30": 0, "2018-03-31": "", "2017-12-31": 0, "2017-09-30": 0, "2017-06-30": 0, "2017-03-31": "", "2016-12-31": 0, "2016-09-30": 0, "2016-06-30": 0, "2016-03-31": "", "2015-12-31": 0, "2015-09-30": 0, "2015-06-30": 0, "2015-03-31": "", "2014-12-31": 0, "2014-09-30": 0, "2014-06-30": 0, "2014-03-31": "", "2013-12-31": 0, "2013-09-30": 0, "2013-06-30": 0, "2013-03-31": "", "2012-12-31": 0, "2012-09-30": 0, "2012-06-30": 0, "2012-03-31": "", "2011-12-31": 0, "2011-09-30": 0, "2011-06-30": 0, "2011-03-31": "", "2010-12-31": 0, "2010-09-30": 0, "2010-06-30": 0, "2010-03-31": "", "2009-12-31": 0, "2009-09-30": 0, "2009-06-30": 0, "2009-03-31": "", "2008-12-31": 0, "2008-09-30": 0, "2008-06-30": 0, "2008-03-31": "", "2007-12-31": 0, "2007-09-30": 0, "2007-06-30": 0, "2007-03-31": "", "2006-12-31": 0, "2006-09-30": 0, "2006-06-30": 0, "2006-03-31": "", "2005-12-31": 0, "2005-09-30": 0, "2005-06-30": 0, "2005-03-31": ""}, "Net Acquisitions/Divestitures": {"2020-09-30": 0, "2020-06-30": 0, "2020-03-31": "", "2019-12-31": 0, "2019-09-30": 0, "2019-06-30": 0, "2019-03-31": "", "2018-12-31": 0, "2018-09-30": 0, "2018-06-30": 0, "2018-03-31": "", "2017-12-31": 0, "2017-09-30": 0, "2017-06-30": 0, "2017-03-31": "", "2016-12-31": 0, "2016-09-30": 0, "2016-06-30": 0, "2016-03-31": "", "2015-12-31": 0, "2015-09-30": 0, "2015-06-30": 0, "2015-03-31": "", "2014-12-31": 0, "2014-09-30": 0, "2014-06-30": 0, "2014-03-31": "", "2013-12-31": 0, "2013-09-30": 0, "2013-06-30": 0, "2013-03-31": "", "2012-12-31": 0, "2012-09-30": 0, "2012-06-30": 0, "2012-03-31": "", "2011-12-31": 0, "2011-09-30": 0, "2011-06-30": 0, "2011-03-31": "", "2010-12-31": 0, "2010-09-30": 0, "2010-06-30": 0, "2010-03-31": "", "2009-12-31": 0, "2009-09-30": 0, "2009-06-30": 0, "2009-03-31": "", "2008-12-31": 0, "2008-09-30": 0, "2008-06-30": 0, "2008-03-31": "", "2007-12-31": 0, "2007-09-30": 0, "2007-06-30": 0, "2007-03-31": "", "2006-12-31": 0, "2006-09-30": 0, "2006-06-30": 0, "2006-03-31": "", "2005-12-31": 0, "2005-09-30": 0, "2005-06-30": 0, "2005-03-31": ""}, "Net Change In Short-term Investments": {"2020-09-30": 0, "2020-06-30": 0, "2020-03-31": "", "2019-12-31": 0, "2019-09-30": 0, "2019-06-30": 0, "2019-03-31": "", "2018-12-31": 0, "2018-09-30": 0, "2018-06-30": 0, "2018-03-31": "", "2017-12-31": 0, "2017-09-30": 0, "2017-06-30": 0, "2017-03-31": "", "2016-12-31": 0, "2016-09-30": 0, "2016-06-30": 0, "2016-03-31": "", "2015-12-31": 0, "2015-09-30": 0.015, "2015-06-30": 0, "2015-03-31": "0.03200", "2014-12-31": 0, "2014-09-30": 0, "2014-06-30": 0, "2014-03-31": "", "2013-12-31": 11.579, "2013-09-30": 11.557, "2013-06-30": -0.003, "2013-03-31": "0.39200", "2012-12-31": 12.003, "2012-09-30": 19.514, "2012-06-30": 35.103, "2012-03-31": "-1.28700", "2011-12-31": 11.672, "2011-09-30": 33.834, "2011-06-30": 0.016, "2011-03-31": "0.65900", "2010-12-31": -92.757, "2010-09-30": 37.388, "2010-06-30": 3.218, "2010-03-31": "-0.02200", "2009-12-31": -44.295, "2009-09-30": -14.104, "2009-06-30": 4.092, "2009-03-31": "24.30600", "2008-12-31": 7.337, "2008-09-30": 2.3, "2008-06-30": 12.933, "2008-03-31": "1.12000", "2007-12-31": -22.802, "2007-09-30": 5.079, "2007-06-30": 0.81, "2007-03-31": "-46.54100", "2006-12-31": 24.962, "2006-09-30": 12.551, "2006-06-30": 13.519, "2006-03-31": "6.10300", "2005-12-31": -17.92, "2005-09-30": 19.939, "2005-06-30": -61.265, "2005-03-31": "7.81700"}, "Net Change In Long-Term Investments": {"2020-09-30": 0, "2020-06-30": 0, "2020-03-31": "", "2019-12-31": 0, "2019-09-30": 0, "2019-06-30": 0, "2019-03-31": "", "2018-12-31": 0, "2018-09-30": 0, "2018-06-30": 0, "2018-03-31": "", "2017-12-31": 0, "2017-09-30": 0, "2017-06-30": 0, "2017-03-31": "", "2016-12-31": 0, "2016-09-30": 0, "2016-06-30": 0, "2016-03-31": "", "2015-12-31": 0, "2015-09-30": 0, "2015-06-30": 0, "2015-03-31": "", "2014-12-31": 0, "2014-09-30": 0, "2014-06-30": 0, "2014-03-31": "", "2013-12-31": -4.9, "2013-09-30": 0, "2013-06-30": -4.9, "2013-03-31": "-4.90000", "2012-12-31": -14.7, "2012-09-30": -9.548, "2012-06-30": -4.708, "2012-03-31": "-4.90000", "2011-12-31": -5.087, "2011-09-30": 0, "2011-06-30": 0, "2011-03-31": "", "2010-12-31": 0, "2010-09-30": 0, "2010-06-30": 0, "2010-03-31": "", "2009-12-31": 0, "2009-09-30": 0, "2009-06-30": 0, "2009-03-31": "", "2008-12-31": 0, "2008-09-30": 0, "2008-06-30": 0, "2008-03-31": "", "2007-12-31": 0, "2007-09-30": 0, "2007-06-30": 0, "2007-03-31": "", "2006-12-31": 0, "2006-09-30": 0, "2006-06-30": 0, "2006-03-31": "", "2005-12-31": 0, "2005-09-30": 0, "2005-06-30": 0, "2005-03-31": ""}, "Net Change In Investments - Total": {"2020-09-30": 0, "2020-06-30": 0, "2020-03-31": "", "2019-12-31": 0, "2019-09-30": 0, "2019-06-30": 0, "2019-03-31": "", "2018-12-31": 0, "2018-09-30": 0, "2018-06-30": 0, "2018-03-31": "", "2017-12-31": 0, "2017-09-30": 0, "2017-06-30": 0, "2017-03-31": "", "2016-12-31": 0, "2016-09-30": 0, "2016-06-30": 0, "2016-03-31": "", "2015-12-31": 0, "2015-09-30": 0.015, "2015-06-30": 0, "2015-03-31": "0.03200", "2014-12-31": 0, "2014-09-30": 0, "2014-06-30": 0, "2014-03-31": "", "2013-12-31": 6.679, "2013-09-30": 11.557, "2013-06-30": -4.903, "2013-03-31": "-4.50800", "2012-12-31": -2.697, "2012-09-30": 9.966, "2012-06-30": 30.395, "2012-03-31": "-6.18700", "2011-12-31": 6.585, "2011-09-30": 33.834, "2011-06-30": 0.016, "2011-03-31": "0.65900", "2010-12-31": -92.757, "2010-09-30": 37.388, "2010-06-30": 3.218, "2010-03-31": "-0.02200", "2009-12-31": -44.295, "2009-09-30": -14.104, "2009-06-30": 4.092, "2009-03-31": "24.30600", "2008-12-31": 7.337, "2008-09-30": 2.3, "2008-06-30": 12.933, "2008-03-31": "1.12000", "2007-12-31": -22.802, "2007-09-30": 5.079, "2007-06-30": 0.81, "2007-03-31": "-46.54100", "2006-12-31": 24.962, "2006-09-30": 12.551, "2006-06-30": 13.519, "2006-03-31": "6.10300", "2005-12-31": -17.92, "2005-09-30": 19.939, "2005-06-30": -61.265, "2005-03-31": "7.81700"}, "Investing Activities - Other": {"2020-09-30": 0.482, "2020-06-30": -0.045, "2020-03-31": "0.02800", "2019-12-31": 0.168, "2019-09-30": 1.313, "2019-06-30": 0.521, "2019-03-31": "0.46200", "2018-12-31": 0.348, "2018-09-30": 0.703, "2018-06-30": -0.077, "2018-03-31": "-0.07500", "2017-12-31": 0.775, "2017-09-30": 1.592, "2017-06-30": 0.027, "2017-03-31": "-0.17100", "2016-12-31": 1.496, "2016-09-30": 0.013, "2016-06-30": -0.005, "2016-03-31": "-0.04000", "2015-12-31": -0.052, "2015-09-30": 0.269, "2015-06-30": -0.116, "2015-03-31": "-1.18000", "2014-12-31": 49.726, "2014-09-30": 0.464, "2014-06-30": 0.024, "2014-03-31": "-0.05200", "2013-12-31": 37.22, "2013-09-30": -0.799, "2013-06-30": -0.298, "2013-03-31": "51.07900", "2012-12-31": -3.933, "2012-09-30": 1.021, "2012-06-30": 37.857, "2012-03-31": "33.43000", "2011-12-31": -3.101, "2011-09-30": -5.316, "2011-06-30": -1.06, "2011-03-31": "4.39800", "2010-12-31": -9.47, "2010-09-30": -5.397, "2010-06-30": -4.684, "2010-03-31": "0.42600", "2009-12-31": -12.04, "2009-09-30": -2.736, "2009-06-30": -0.01, "2009-03-31": "-0.75800", "2008-12-31": -1.171, "2008-09-30": -0.117, "2008-06-30": 0.078, "2008-03-31": "-0.00500", "2007-12-31": -0.147, "2007-09-30": 0.062, "2007-06-30": 1.878, "2007-03-31": "0.00200", "2006-12-31": 0.065, "2006-09-30": -0.022, "2006-06-30": 0.116, "2006-03-31": "-0.37200", "2005-12-31": 0.17, "2005-09-30": 0.012, "2005-06-30": -0.028, "2005-03-31": "-0.05200"}, "Cash Flow From Investing Activities": {"2020-09-30": -259.71, "2020-06-30": -195.333, "2020-03-31": "-3564.60200", "2019-12-31": -207.083, "2019-09-30": -130.995, "2019-06-30": -132.968, "2019-03-31": "-133.55700", "2018-12-31": -197.725, "2018-09-30": -225.532, "2018-06-30": -111.331, "2018-03-31": "-105.22700", "2017-12-31": -139.385, "2017-09-30": -127.72, "2017-06-30": -118.965, "2017-03-31": "-94.31400", "2016-12-31": -114.077, "2016-09-30": -101.313, "2016-06-30": -93.187, "2016-03-31": "-74.63200", "2015-12-31": -109.79, "2015-09-30": -107.095, "2015-06-30": -105.189, "2015-03-31": "-71.98800", "2014-12-31": -60.907, "2014-09-30": -95.441, "2014-06-30": -72.37, "2014-03-31": "-63.78300", "2013-12-31": -47.067, "2013-09-30": -70.536, "2013-06-30": -80.867, "2013-03-31": "-23.09300", "2012-12-31": -96.041, "2012-09-30": -95.555, "2012-06-30": -121.649, "2012-03-31": "-51.43000", "2011-12-31": -100.775, "2011-09-30": -51.831, "2011-06-30": -80.949, "2011-03-31": "-51.34900", "2010-12-31": -184.432, "2010-09-30": -58.867, "2010-06-30": -76.209, "2010-03-31": "-63.94400", "2009-12-31": -136.28, "2009-09-30": -94.897, "2009-06-30": -50.106, "2009-03-31": "-38.63100", "2008-12-31": -72.096, "2008-09-30": -85.738, "2008-06-30": -42.532, "2008-03-31": "-38.40500", "2007-12-31": -91.271, "2007-09-30": -60.974, "2007-06-30": -57.437, "2007-03-31": "-134.36200", "2006-12-31": -63.145, "2006-09-30": -57.583, "2006-06-30": -61.225, "2006-03-31": "-43.39600", "2005-12-31": -105.22, "2005-09-30": -45.474, "2005-06-30": -120.675, "2005-03-31": "-27.75300"}, "Net Long-Term Debt": {"2020-09-30": 98.945, "2020-06-30": 421.689, "2020-03-31": "789.67500", "2019-12-31": -35.075, "2019-09-30": 110.752, "2019-06-30": 209.102, "2019-03-31": "76.01900", "2018-12-31": 166.401, "2018-09-30": 74.306, "2018-06-30": 131.938, "2018-03-31": "45.09800", "2017-12-31": 83.932, "2017-09-30": 70.743, "2017-06-30": 49.068, "2017-03-31": "28.21300", "2016-12-31": 77.57, "2016-09-30": -3.718, "2016-06-30": 40.674, "2016-03-31": "15.97300", "2015-12-31": 50.548, "2015-09-30": 29.956, "2015-06-30": 56.804, "2015-03-31": "22.82900", "2014-12-31": -28.156, "2014-09-30": 47.499, "2014-06-30": 3.846, "2014-03-31": "41.31800", "2013-12-31": 33.485, "2013-09-30": -15.129, "2013-06-30": -11.864, "2013-03-31": "-42.98100", "2012-12-31": 28.005, "2012-09-30": -53.069, "2012-06-30": 123.09, "2012-03-31": "-0.12000", "2011-12-31": -22.056, "2011-09-30": -20.474, "2011-06-30": 0.642, "2011-03-31": "-1.67100", "2010-12-31": 95.023, "2010-09-30": -33.451, "2010-06-30": 67.979, "2010-03-31": "-17.54700", "2009-12-31": 110.243, "2009-09-30": 63.273, "2009-06-30": 1.672, "2009-03-31": "-1.61700", "2008-12-31": 34.297, "2008-09-30": -0.923, "2008-06-30": -6.219, "2008-03-31": "-13.45200", "2007-12-31": 173.948, "2007-09-30": -11.926, "2007-06-30": -15.796, "2007-03-31": "82.54400", "2006-12-31": 34.228, "2006-09-30": 18.842, "2006-06-30": -12.222, "2006-03-31": "37.90600", "2005-12-31": 23.383, "2005-09-30": -12.568, "2005-06-30": 47.627, "2005-03-31": "5.33500"}, "Net Current Debt": {"2020-09-30": 41.761, "2020-06-30": -347.353, "2020-03-31": "163.33800", "2019-12-31": 21.599, "2019-09-30": -13.301, "2019-06-30": -9.288, "2019-03-31": "13.25800", "2018-12-31": -10.257, "2018-09-30": 19.09, "2018-06-30": -17.46, "2018-03-31": "7.74800", "2017-12-31": -6.396, "2017-09-30": -35.782, "2017-06-30": 29.511, "2017-03-31": "18.79400", "2016-12-31": -36.945, "2016-09-30": 24.503, "2016-06-30": 0.11, "2016-03-31": "-5.93000", "2015-12-31": 2.87, "2015-09-30": -7.147, "2015-06-30": 8.628, "2015-03-31": "-6.76700", "2014-12-31": 27.962, "2014-09-30": -31.12, "2014-06-30": 15.074, "2014-03-31": "-30.58000", "2013-12-31": -51.293, "2013-09-30": -12.852, "2013-06-30": 24.802, "2013-03-31": "5.57200", "2012-12-31": -14.088, "2012-09-30": 44.225, "2012-06-30": -55.546, "2012-03-31": "-12.90800", "2011-12-31": 23.418, "2011-09-30": -20.242, "2011-06-30": 34.896, "2011-03-31": "-5.46600", "2010-12-31": 23.393, "2010-09-30": 17.231, "2010-06-30": -12.982, "2010-03-31": "27.61900", "2009-12-31": -33.327, "2009-09-30": -23.653, "2009-06-30": 15.085, "2009-03-31": "-5.92400", "2008-12-31": -12.18, "2008-09-30": 23.709, "2008-06-30": -5.878, "2008-03-31": "19.97100", "2007-12-31": -130.731, "2007-09-30": 14.153, "2007-06-30": 64.301, "2007-03-31": "-14.64600", "2006-12-31": -0.425, "2006-09-30": -11.755, "2006-06-30": -31.983, "2006-03-31": "35.97400", "2005-12-31": 18.128, "2005-09-30": 1.281, "2005-06-30": 43.596, "2005-03-31": "-8.11800"}, "Debt Issuance/Retirement Net - Total": {"2020-09-30": 140.706, "2020-06-30": 74.3359, "2020-03-31": "953.01310", "2019-12-31": -13.4761, "2019-09-30": 97.4511, "2019-06-30": 199.814, "2019-03-31": "89.27700", "2018-12-31": 156.144, "2018-09-30": 93.396, "2018-06-30": 114.478, "2018-03-31": "52.84600", "2017-12-31": 77.536, "2017-09-30": 34.961, "2017-06-30": 78.579, "2017-03-31": "47.00700", "2016-12-31": 40.625, "2016-09-30": 20.785, "2016-06-30": 40.784, "2016-03-31": "10.04300", "2015-12-31": 53.418, "2015-09-30": 22.809, "2015-06-30": 65.432, "2015-03-31": "16.06200", "2014-12-31": -0.194, "2014-09-30": 16.379, "2014-06-30": 18.92, "2014-03-31": "10.73800", "2013-12-31": -17.808, "2013-09-30": -27.981, "2013-06-30": 12.938, "2013-03-31": "-37.40900", "2012-12-31": 13.917, "2012-09-30": -8.844, "2012-06-30": 67.544, "2012-03-31": "-13.02800", "2011-12-31": 1.362, "2011-09-30": -40.716, "2011-06-30": 35.538, "2011-03-31": "-7.13700", "2010-12-31": 118.416, "2010-09-30": -16.22, "2010-06-30": 54.997, "2010-03-31": "10.07200", "2009-12-31": 76.916, "2009-09-30": 39.62, "2009-06-30": 16.757, "2009-03-31": "-7.54100", "2008-12-31": 22.117, "2008-09-30": 22.786, "2008-06-30": -12.097, "2008-03-31": "6.51900", "2007-12-31": 43.217, "2007-09-30": 2.227, "2007-06-30": 48.505, "2007-03-31": "67.89800", "2006-12-31": 33.803, "2006-09-30": 7.087, "2006-06-30": -44.205, "2006-03-31": "73.88000", "2005-12-31": 41.511, "2005-09-30": -11.287, "2005-06-30": 91.223, "2005-03-31": "-2.78300"}, "Net Common Equity Issued/Repurchased": {"2020-09-30": 4.407, "2020-06-30": 3.278, "2020-03-31": "730.80800", "2019-12-31": 4.303, "2019-09-30": -0.974, "2019-06-30": 1939.049, "2019-03-31": "3.35300", "2018-12-31": 4.256, "2018-09-30": 0.563, "2018-06-30": 0.368, "2018-03-31": "-1.12000", "2017-12-31": 0.588, "2017-09-30": 0.622, "2017-06-30": 1.106, "2017-03-31": "-0.15700", "2016-12-31": 0.66, "2016-09-30": 0.58, "2016-06-30": 1.059, "2016-03-31": "0.32100", "2015-12-31": -1.624, "2015-09-30": -10.901, "2015-06-30": -3.603, "2015-03-31": "-0.90200", "2014-12-31": 0.643, "2014-09-30": -11.446, "2014-06-30": 1.559, "2014-03-31": "0.78400", "2013-12-31": 0.561, "2013-09-30": 6.836, "2013-06-30": 6.058, "2013-03-31": "9.71000", "2012-12-31": 5.323, "2012-09-30": 7.831, "2012-06-30": 8.648, "2012-03-31": "4.52200", "2011-12-31": 3.812, "2011-09-30": 3.278, "2011-06-30": 3.583, "2011-03-31": "7.37400", "2010-12-31": 5.005, "2010-09-30": 5.361, "2010-06-30": 3.253, "2010-03-31": "3.81900", "2009-12-31": 3.227, "2009-09-30": 2.917, "2009-06-30": 3.757, "2009-03-31": "3.37900", "2008-12-31": 3.573, "2008-09-30": 2.83, "2008-06-30": 25.782, "2008-03-31": "2.99600", "2007-12-31": 3.184, "2007-09-30": 4.968, "2007-06-30": 5.206, "2007-03-31": "3.50300", "2006-12-31": 3.964, "2006-09-30": 14.093, "2006-06-30": 40.111, "2006-03-31": "6.91000", "2005-12-31": 4.786, "2005-09-30": 4.923, "2005-06-30": 5.234, "2005-03-31": "4.72400"}, "Net Total Equity Issued/Repurchased": {"2020-09-30": 4.407, "2020-06-30": 3.278, "2020-03-31": "730.80800", "2019-12-31": 4.303, "2019-09-30": -0.974, "2019-06-30": 1939.049, "2019-03-31": "3.35300", "2018-12-31": 4.256, "2018-09-30": 0.563, "2018-06-30": 0.368, "2018-03-31": "-1.12000", "2017-12-31": 0.588, "2017-09-30": 0.622, "2017-06-30": 1.106, "2017-03-31": "-0.15700", "2016-12-31": 0.66, "2016-09-30": 0.58, "2016-06-30": 1.059, "2016-03-31": "0.32100", "2015-12-31": -1.624, "2015-09-30": -10.901, "2015-06-30": -3.603, "2015-03-31": "-0.90200", "2014-12-31": 0.643, "2014-09-30": -11.446, "2014-06-30": 1.559, "2014-03-31": "0.78400", "2013-12-31": 0.561, "2013-09-30": 6.836, "2013-06-30": 6.058, "2013-03-31": "9.71000", "2012-12-31": 5.323, "2012-09-30": 7.831, "2012-06-30": 8.648, "2012-03-31": "4.52200", "2011-12-31": 3.812, "2011-09-30": 3.278, "2011-06-30": 3.583, "2011-03-31": "7.37400", "2010-12-31": 5.005, "2010-09-30": 5.361, "2010-06-30": 3.253, "2010-03-31": "3.81900", "2009-12-31": 3.227, "2009-09-30": 2.917, "2009-06-30": 3.757, "2009-03-31": "3.37900", "2008-12-31": 3.573, "2008-09-30": 2.83, "2008-06-30": 25.782, "2008-03-31": "2.99600", "2007-12-31": 3.184, "2007-09-30": 4.968, "2007-06-30": 5.206, "2007-03-31": "3.50300", "2006-12-31": 3.964, "2006-09-30": 14.093, "2006-06-30": 40.111, "2006-03-31": "6.91000", "2005-12-31": 4.786, "2005-09-30": 4.923, "2005-06-30": 5.234, "2005-03-31": "4.72400"}, "Total Common And Preferred Stock Dividends Paid": {"2020-09-30": -61.46, "2020-06-30": -57.414, "2020-03-31": "-52.20500", "2019-12-31": -51.691, "2019-09-30": -50.558, "2019-06-30": -47.249, "2019-03-31": "-39.01400", "2018-12-31": -38.97, "2018-09-30": -38.964, "2018-06-30": -36.416, "2018-03-31": "-36.38600", "2017-12-31": -36.374, "2017-09-30": -36.366, "2017-06-30": -33.975, "2017-03-31": "-33.94500", "2016-12-31": -33.929, "2016-09-30": -33.923, "2016-06-30": -31.558, "2016-03-31": "-31.51300", "2015-12-31": -31.406, "2015-09-30": -31.446, "2015-06-30": -29.22, "2015-03-31": "-29.17600", "2014-12-31": -29.153, "2014-09-30": -29.166, "2014-06-30": -26.914, "2014-03-31": "-26.87300", "2013-12-31": -26.861, "2013-09-30": -26.836, "2013-06-30": -24.63, "2013-03-31": "-24.56200", "2012-12-31": -24.491, "2012-09-30": -23.06, "2012-06-30": -22.957, "2012-03-31": "-22.91500", "2011-12-31": -22.867, "2011-09-30": -21.453, "2011-06-30": -21.425, "2011-03-31": "-21.38800", "2010-12-31": -21.323, "2010-09-30": -19.906, "2010-06-30": -19.86, "2010-03-31": "-19.81800", "2009-12-31": -19.76, "2009-09-30": -18.373, "2009-06-30": -18.313, "2009-03-31": "-18.28300", "2008-12-31": -18.246, "2008-09-30": -16.875, "2008-06-30": -16.705, "2008-03-31": "-16.67800", "2007-12-31": -16.657, "2007-09-30": -16.633, "2007-06-30": -15.253, "2007-03-31": "-15.22000", "2006-12-31": -15.2, "2006-09-30": -15.174, "2006-06-30": -13.846, "2006-03-31": "-13.80300", "2005-12-31": -13.754, "2005-09-30": -12.504, "2005-06-30": -12.47, "2005-03-31": "-12.41100"}, "Financial Activities - Other": {"2020-09-30": 1.871, "2020-06-30": 0.831, "2020-03-31": "0.39100", "2019-12-31": -4.193, "2019-09-30": 1.082, "2019-06-30": 3.121, "2019-03-31": "1.08000", "2018-12-31": -2.135, "2018-09-30": 0.809, "2018-06-30": 1.316, "2018-03-31": "0.53100", "2017-12-31": -1.557, "2017-09-30": 0.031, "2017-06-30": 0.583, "2017-03-31": "0.86800", "2016-12-31": -0.757, "2016-09-30": 1.684, "2016-06-30": 1.024, "2016-03-31": "1.69500", "2015-12-31": 0.148, "2015-09-30": 0.725, "2015-06-30": 0.923, "2015-03-31": "1.12000", "2014-12-31": -0.449, "2014-09-30": 0.284, "2014-06-30": 1.026, "2014-03-31": "1.65500", "2013-12-31": 1.619, "2013-09-30": 0.447, "2013-06-30": 0.999, "2013-03-31": "0.20000", "2012-12-31": -1.502, "2012-09-30": -0.169, "2012-06-30": 0.849, "2012-03-31": "1.91700", "2011-12-31": -1.06, "2011-09-30": 0.634, "2011-06-30": 1.058, "2011-03-31": "-0.26600", "2010-12-31": 0.25, "2010-09-30": 0.837, "2010-06-30": 0.836, "2010-03-31": "-1.29400", "2009-12-31": 2.816, "2009-09-30": 0.57, "2009-06-30": 1.13, "2009-03-31": "0.18000", "2008-12-31": -1.787, "2008-09-30": 0.063, "2008-06-30": 9.728, "2008-03-31": "3.66300", "2007-12-31": -0.47, "2007-09-30": 2.223, "2007-06-30": 2.057, "2007-03-31": "1.62200", "2006-12-31": 1.507, "2006-09-30": 2.703, "2006-06-30": 2.087, "2006-03-31": "2.87300", "2005-12-31": 2.732, "2005-09-30": 2.96, "2005-06-30": 2.686, "2005-03-31": "1.55800"}, "Cash Flow From Financial Activities": {"2020-09-30": 85.524, "2020-06-30": 21.031, "2020-03-31": "1632.00700", "2019-12-31": -65.057, "2019-09-30": 47.001, "2019-06-30": 2094.735, "2019-03-31": "54.69600", "2018-12-31": 119.295, "2018-09-30": 55.804, "2018-06-30": 79.746, "2018-03-31": "15.87100", "2017-12-31": 40.193, "2017-09-30": -0.752, "2017-06-30": 46.293, "2017-03-31": "13.77300", "2016-12-31": 6.599, "2016-09-30": -10.874, "2016-06-30": 11.309, "2016-03-31": "-19.45400", "2015-12-31": 20.536, "2015-09-30": -18.813, "2015-06-30": 33.532, "2015-03-31": "-12.89600", "2014-12-31": -29.153, "2014-09-30": -23.949, "2014-06-30": -5.409, "2014-03-31": "-13.69600", "2013-12-31": -42.489, "2013-09-30": -47.534, "2013-06-30": -4.635, "2013-03-31": "-52.06100", "2012-12-31": -6.753, "2012-09-30": -24.242, "2012-06-30": 54.084, "2012-03-31": "-29.50400", "2011-12-31": -18.753, "2011-09-30": -58.257, "2011-06-30": 18.754, "2011-03-31": "-21.41700", "2010-12-31": 102.348, "2010-09-30": -29.928, "2010-06-30": 39.226, "2010-03-31": "-7.22100", "2009-12-31": 63.199, "2009-09-30": 24.734, "2009-06-30": 3.331, "2009-03-31": "-22.26500", "2008-12-31": 5.657, "2008-09-30": 8.804, "2008-06-30": 6.708, "2008-03-31": "-3.50000", "2007-12-31": 29.274, "2007-09-30": -7.215, "2007-06-30": 40.515, "2007-03-31": "57.80300", "2006-12-31": 24.074, "2006-09-30": 8.709, "2006-06-30": -15.853, "2006-03-31": "69.86000", "2005-12-31": 35.275, "2005-09-30": -15.908, "2005-06-30": 86.673, "2005-03-31": "-8.91200"}, "Net Cash Flow": {"2020-09-30": 1.267, "2020-06-30": -24.621, "2020-03-31": "-1837.07400", "2019-12-31": -161.646, "2019-09-30": 56.492, "2019-06-30": 1970.023, "2019-03-31": "0.42600", "2018-12-31": -0.637, "2018-09-30": -48.684, "2018-06-30": 49.746, "2018-03-31": "-1.00200", "2017-12-31": 0.065, "2017-09-30": -3.672, "2017-06-30": 3.386, "2017-03-31": "0.66200", "2016-12-31": 0.051, "2016-09-30": -1.211, "2016-06-30": 0.942, "2016-03-31": "0.75200", "2015-12-31": -0.842, "2015-09-30": -0.544, "2015-06-30": -4.659, "2015-03-31": "5.13600", "2014-12-31": -0.705, "2014-09-30": 0.985, "2014-06-30": -13.65, "2014-03-31": "12.45000", "2013-12-31": -1.335, "2013-09-30": 2.121, "2013-06-30": -15.081, "2013-03-31": "13.83200", "2012-12-31": -0.601, "2012-09-30": 1.075, "2012-06-30": -0.156, "2012-03-31": "-3.00100", "2011-12-31": 0.216, "2011-09-30": 1.071, "2011-06-30": -0.342, "2011-03-31": "1.32500", "2010-12-31": -7.62, "2010-09-30": 0.442, "2010-06-30": -1.674, "2010-03-31": "-7.08300", "2009-12-31": 3.854, "2009-09-30": 4.193, "2009-06-30": -2.922, "2009-03-31": "1.80000", "2008-12-31": -1.024, "2008-09-30": 1.168, "2008-06-30": -1.709, "2008-03-31": "1.96900", "2007-12-31": -1.042, "2007-09-30": 4.084, "2007-06-30": -3.604, "2007-03-31": "-28.93700", "2006-12-31": 29.954, "2006-09-30": 4.786, "2006-06-30": -42.146, "2006-03-31": "39.57300", "2005-12-31": 2.185, "2005-09-30": 2.495, "2005-06-30": -9.328, "2005-03-31": "2.32800"}, "Stock-Based Compensation": {"2020-09-30": 2.134, "2020-06-30": 2.02, "2020-03-31": "1.68800", "2019-12-31": 1.537, "2019-09-30": 1.773, "2019-06-30": 2.128, "2019-03-31": "1.93000", "2018-12-31": 2.236, "2018-09-30": 1.899, "2018-06-30": 1.988, "2018-03-31": "1.44400", "2017-12-31": 1.963, "2017-09-30": 1.569, "2017-06-30": 1.498, "2017-03-31": "1.31200", "2016-12-31": 1.748, "2016-09-30": 1.442, "2016-06-30": 1.394, "2016-03-31": "0.80600", "2015-12-31": 1.132, "2015-09-30": 1.046, "2015-06-30": 2.341, "2015-03-31": "1.34100", "2014-12-31": 1.674, "2014-09-30": 1.607, "2014-06-30": 2.207, "2014-03-31": "1.33100", "2013-12-31": 1.023, "2013-09-30": 1.349, "2013-06-30": 1.679, "2013-03-31": "1.01500", "2012-12-31": 1.53, "2012-09-30": 1.172, "2012-06-30": 1.637, "2012-03-31": "1.21100", "2011-12-31": 1.066, "2011-09-30": 1.115, "2011-06-30": 0.724, "2011-03-31": "0.94700", "2010-12-31": 0.856, "2010-09-30": 0.856, "2010-06-30": 1.213, "2010-03-31": "0.94600", "2009-12-31": 0.788, "2009-09-30": 0.884, "2009-06-30": 1.101, "2009-03-31": "0.72900", "2008-12-31": 0.929, "2008-09-30": 0.913, "2008-06-30": 1.051, "2008-03-31": "0.97800", "2007-12-31": 1.012, "2007-09-30": 0.964, "2007-06-30": 1.381, "2007-03-31": "0.96300", "2006-12-31": 0.849, "2006-09-30": 0.826, "2006-06-30": 1.267, "2006-03-31": "0.66200", "2005-12-31": 0.495, "2005-09-30": 0, "2005-06-30": 0, "2005-03-31": ""}, "Common Stock Dividends Paid": {"2020-09-30": -61.46, "2020-06-30": -57.414, "2020-03-31": "-52.20500", "2019-12-31": -51.691, "2019-09-30": -50.558, "2019-06-30": -47.249, "2019-03-31": "-39.01400", "2018-12-31": -38.97, "2018-09-30": -38.964, "2018-06-30": -36.416, "2018-03-31": "-36.38600", "2017-12-31": -36.374, "2017-09-30": -36.366, "2017-06-30": -33.975, "2017-03-31": "-33.94500", "2016-12-31": 96.994, "2016-09-30": -33.923, "2016-06-30": -31.558, "2016-03-31": "-31.51300", "2015-12-31": -31.406, "2015-09-30": -31.446, "2015-06-30": -29.22, "2015-03-31": "-29.17600", "2014-12-31": -29.153, "2014-09-30": -29.166, "2014-06-30": -26.914, "2014-03-31": "-26.87300", "2013-12-31": -26.861, "2013-09-30": -26.836, "2013-06-30": -24.63, "2013-03-31": "-24.56200", "2012-12-31": -24.491, "2012-09-30": -23.06, "2012-06-30": -22.957, "2012-03-31": "-22.91500", "2011-12-31": -22.867, "2011-09-30": -21.453, "2011-06-30": -21.425, "2011-03-31": "-21.38800", "2010-12-31": -21.323, "2010-09-30": -19.906, "2010-06-30": -19.86, "2010-03-31": "-19.81800", "2009-12-31": -19.76, "2009-09-30": -18.373, "2009-06-30": -18.313, "2009-03-31": "-18.28300", "2008-12-31": -18.246, "2008-09-30": -16.875, "2008-06-30": -16.705, "2008-03-31": "-16.67800", "2007-12-31": -16.657, "2007-09-30": -16.633, "2007-06-30": -15.253, "2007-03-31": "-15.22000", "2006-12-31": -15.2, "2006-09-30": -15.174, "2006-06-30": -13.846, "2006-03-31": "-13.80300", "2005-12-31": -13.754, "2005-09-30": -12.504, "2005-06-30": -12.47, "2005-03-31": "-12.41100"}}, "financial ratios": {"Current Ratio": {"2019-12-31": "6.31250", "2018-12-31": "0.36890", "2017-12-31": "0.46130", "2016-12-31": "0.42660", "2015-12-31": "0.66440", "2014-12-31": "0.67690", "2013-12-31": "0.71760", "2012-12-31": "0.95160", "2011-12-31": "0.90720", "2010-12-31": "0.93270", "2009-12-31": "0.60480", "2008-12-31": "0.62660", "2007-12-31": "0.63050", "2006-12-31": "0.52700", "2005-12-31": "0.36180"}, "Long-term Debt / Capital": {"2019-12-31": "0.43130", "2018-12-31": "0.54410", "2017-12-31": "0.50630", "2016-12-31": "0.48430", "2015-12-31": "0.49920", "2014-12-31": "0.48530", "2013-12-31": "0.48890", "2012-12-31": "0.52700", "2011-12-31": "0.52710", "2010-12-31": "0.55940", "2009-12-31": "0.55550", "2008-12-31": "0.54060", "2007-12-31": "0.55450", "2006-12-31": "0.50800", "2005-12-31": "0.51970"}, "Debt/Equity Ratio": {"2019-12-31": "0.79210", "2018-12-31": "1.27330", "2017-12-31": "1.08560", "2016-12-31": "1.02420", "2015-12-31": "1.02710", "2014-12-31": "0.98930", "2013-12-31": "1.03690", "2012-12-31": "1.20450", "2011-12-31": "1.26510", "2010-12-31": "1.36970", "2009-12-31": "1.32820", "2008-12-31": "1.25960", "2007-12-31": "1.32740", "2006-12-31": "1.19570", "2005-12-31": "1.28290"}, "Gross Margin": {"2019-12-31": "100.00000", "2018-12-31": "100.00000", "2017-12-31": "100.00000", "2016-12-31": "100.00000", "2015-12-31": "100.00000", "2014-12-31": "100.00000", "2013-12-31": "100.00000", "2012-12-31": "100.00000", "2011-12-31": "100.00000", "2010-12-31": "100.00000", "2009-12-31": "100.00000", "2008-12-31": "100.00000", "2007-12-31": "100.00000", "2006-12-31": "100.00000", "2005-12-31": "100.00000"}, "Operating Margin": {"2019-12-31": "38.23330", "2018-12-31": "38.56120", "2017-12-31": "41.24890", "2016-12-31": "40.65230", "2015-12-31": "39.43730", "2014-12-31": "40.30750", "2013-12-31": "39.59380", "2012-12-31": "42.30880", "2011-12-31": "40.85590", "2010-12-31": "38.97900", "2009-12-31": "36.04660", "2008-12-31": "36.01450", "2007-12-31": "35.85330", "2006-12-31": "38.52870", "2005-12-31": "39.55620"}, "EBIT Margin": {"2019-12-31": "38.23330", "2018-12-31": "38.56120", "2017-12-31": "41.24890", "2016-12-31": "40.65230", "2015-12-31": "39.43730", "2014-12-31": "40.30750", "2013-12-31": "39.59380", "2012-12-31": "42.30880", "2011-12-31": "40.85590", "2010-12-31": "38.97900", "2009-12-31": "36.04660", "2008-12-31": "36.01450", "2007-12-31": "35.85330", "2006-12-31": "38.52870", "2005-12-31": "39.55620"}, "EBITDA Margin": {"2019-12-31": "55.82100", "2018-12-31": "56.06210", "2017-12-31": "58.13830", "2016-12-31": "56.87530", "2015-12-31": "55.24870", "2014-12-31": "56.53190", "2013-12-31": "55.86700", "2012-12-31": "57.78540", "2011-12-31": "56.61340", "2010-12-31": "55.90090", "2009-12-31": "53.59160", "2008-12-31": "51.05510", "2007-12-31": "50.46100", "2006-12-31": "52.59470", "2005-12-31": "52.63910"}, "Pre-Tax Profit Margin": {"2019-12-31": "23.77520", "2018-12-31": "21.27680", "2017-12-31": "31.70400", "2016-12-31": "31.12180", "2015-12-31": "26.62130", "2014-12-31": "30.65800", "2013-12-31": "29.41410", "2012-12-31": "32.91090", "2011-12-31": "30.67030", "2010-12-31": "28.97960", "2009-12-31": "26.05810", "2008-12-31": "25.91850", "2007-12-31": "25.81610", "2006-12-31": "28.53840", "2005-12-31": "29.80580"}, "Net Profit Margin": {"2019-12-31": "25.23830", "2018-12-31": "22.90780", "2017-12-31": "29.61470", "2016-12-31": "28.56310", "2015-12-31": "24.78370", "2014-12-31": "29.90620", "2013-12-31": "29.04610", "2012-12-31": "26.18450", "2011-12-31": "20.81640", "2010-12-31": "18.77880", "2009-12-31": "16.47790", "2008-12-31": "15.61760", "2007-12-31": "15.77000", "2006-12-31": "17.24570", "2005-12-31": "18.34940"}, "Asset Turnover": {"2019-12-31": "0.09500", "2018-12-31": "0.12030", "2017-12-31": "0.12780", "2016-12-31": "0.13310", "2015-12-31": "0.14240", "2014-12-31": "0.14420", "2013-12-31": "0.15080", "2012-12-31": "0.15450", "2011-12-31": "0.15810", "2010-12-31": "0.16210", "2009-12-31": "0.16890", "2008-12-31": "0.17920", "2007-12-31": "0.18670", "2006-12-31": "0.18540", "2005-12-31": "0.18850"}, "Inventory Turnover Ratio": {"2019-12-31": "", "2018-12-31": "", "2017-12-31": "", "2016-12-31": "", "2015-12-31": "", "2014-12-31": "", "2013-12-31": "", "2012-12-31": "", "2011-12-31": "", "2010-12-31": "", "2009-12-31": "", "2008-12-31": "", "2007-12-31": "", "2006-12-31": "", "2005-12-31": ""}, "Receiveable Turnover": {"2019-12-31": "13.25190", "2018-12-31": "12.73210", "2017-12-31": "8.21050", "2016-12-31": "8.41810", "2015-12-31": "8.21220", "2014-12-31": "8.04030", "2013-12-31": "7.42750", "2012-12-31": "6.88680", "2011-12-31": "9.09770", "2010-12-31": "5.90660", "2009-12-31": "8.04260", "2008-12-31": "7.41780", "2007-12-31": "7.26590", "2006-12-31": "7.39430", "2005-12-31": "6.99580"}, "Days Sales In Receivables": {"2019-12-31": "27.54330", "2018-12-31": "28.66770", "2017-12-31": "44.45510", "2016-12-31": "43.35880", "2015-12-31": "44.44620", "2014-12-31": "45.39620", "2013-12-31": "49.14160", "2012-12-31": "52.99970", "2011-12-31": "40.12030", "2010-12-31": "61.79480", "2009-12-31": "45.38320", "2008-12-31": "49.20620", "2007-12-31": "50.23440", "2006-12-31": "49.36240", "2005-12-31": "52.17410"}, "ROE - Return On Equity": {"2019-12-31": "5.78590", "2018-12-31": "9.55470", "2017-12-31": "12.24640", "2016-12-31": "12.65800", "2015-12-31": "11.69170", "2014-12-31": "12.92050", "2013-12-31": "13.21600", "2012-12-31": "13.12060", "2011-12-31": "11.31820", "2010-12-31": "9.90610", "2009-12-31": "9.02690", "2008-12-31": "9.23210", "2007-12-31": "9.73210", "2006-12-31": "9.98270", "2005-12-31": "11.22720"}, "Return On Tangible Equity": {"2019-12-31": "5.88270", "2018-12-31": "9.81210", "2017-12-31": "12.51640", "2016-12-31": "12.95360", "2015-12-31": "11.92570", "2014-12-31": "13.16860", "2013-12-31": "13.46350", "2012-12-31": "13.39260", "2011-12-31": "11.56720", "2010-12-31": "10.14720", "2009-12-31": "9.39160", "2008-12-31": "9.60340", "2007-12-31": "10.11150", "2006-12-31": "10.23350", "2005-12-31": "11.51330"}, "ROA - Return On Assets": {"2019-12-31": "2.39850", "2018-12-31": "2.75670", "2017-12-31": "3.78590", "2016-12-31": "3.80230", "2015-12-31": "3.52910", "2014-12-31": "3.95590", "2013-12-31": "4.01580", "2012-12-31": "3.74260", "2011-12-31": "3.25830", "2010-12-31": "2.85770", "2009-12-31": "2.67080", "2008-12-31": "2.79930", "2007-12-31": "2.94440", "2006-12-31": "3.19690", "2005-12-31": "3.45940"}, "ROI - Return On Investment": {"2019-12-31": "3.29040", "2018-12-31": "4.35560", "2017-12-31": "6.04580", "2016-12-31": "6.52740", "2015-12-31": "5.85510", "2014-12-31": "6.65050", "2013-12-31": "6.75420", "2012-12-31": "6.20640", "2011-12-31": "5.35200", "2010-12-31": "4.36500", "2009-12-31": "4.01240", "2008-12-31": "4.24120", "2007-12-31": "4.33590", "2006-12-31": "4.91140", "2005-12-31": "5.39270"}, "Book Value Per Share": {"2019-12-31": "17.57960", "2018-12-31": "11.28270", "2017-12-31": "11.01560", "2016-12-31": "10.42920", "2015-12-31": "9.77620", "2014-12-31": "9.36550", "2013-12-31": "8.68480", "2012-12-31": "7.90990", "2011-12-31": "7.21430", "2010-12-31": "6.82170", "2009-12-31": "6.50300", "2008-12-31": "6.26800", "2007-12-31": "5.85490", "2006-12-31": "5.57190", "2005-12-31": "5.03640"}, "Operating Cash Flow Per Share": {"2019-12-31": -0.498, "2018-12-31": -0.0744, "2017-12-31": -0.0875, "2016-12-31": 0.1388, "2015-12-31": 0.0423, "2014-12-31": -0.0338, "2013-12-31": -0.0259, "2012-12-31": -0.0099, "2011-12-31": 0.5831, "2010-12-31": 0.0177, "2009-12-31": 0.1998, "2008-12-31": 0.1528, "2007-12-31": 0.1262, "2006-12-31": -0.1998, "2005-12-31": 1.2363}, "Free Cash Flow Per Share": {"2019-12-31": 0.282, "2018-12-31": -0.9572, "2017-12-31": -0.6331, "2016-12-31": 0.1899, "2015-12-31": -0.2441, "2014-12-31": -0.1653, "2013-12-31": 0.8336, "2012-12-31": -0.8144, "2011-12-31": 0.5508, "2010-12-31": -0.1888, "2009-12-31": 0.1389, "2008-12-31": 0.2922, "2007-12-31": 0.149, "2006-12-31": -0.3793, "2005-12-31": -0.2979}}, "financial ratios, quarterly": {"Current Ratio": {"2020-09-30": "0.46670", "2020-06-30": "0.69720", "2020-03-31": "0.44480", "2019-12-31": "6.22990", "2019-09-30": "6.18790", "2019-06-30": "5.30870", "2019-03-31": "0.33120", "2018-12-31": "0.36890", "2018-09-30": "0.51800", "2018-06-30": "0.74560", "2018-03-31": "0.47910", "2017-12-31": "0.46130", "2017-09-30": "0.54690", "2017-06-30": "0.41530", "2017-03-31": "0.44110", "2016-12-31": "0.42660", "2016-09-30": "0.56110", "2016-06-30": "0.73890", "2016-03-31": "0.70400", "2015-12-31": "0.66440", "2015-09-30": "0.77910", "2015-06-30": "0.86220", "2015-03-31": "0.80060", "2014-12-31": "0.67690", "2014-09-30": "0.88160", "2014-06-30": "0.72600", "2014-03-31": "0.85030", "2013-12-31": "0.71760", "2013-09-30": "0.66470", "2013-06-30": "0.72240", "2013-03-31": "0.70530", "2012-12-31": "0.95160", "2012-09-30": "0.73300", "2012-06-30": "0.69350", "2012-03-31": "0.75130", "2011-12-31": "0.90720", "2011-09-30": "0.78370", "2011-06-30": "0.58010", "2011-03-31": "0.74960", "2010-12-31": "0.93270", "2010-09-30": "0.72210", "2010-06-30": "0.60010", "2010-03-31": "0.54030", "2009-12-31": "0.60480", "2009-09-30": "0.54280", "2009-06-30": "0.59550", "2009-03-31": "0.59740", "2008-12-31": "0.62660", "2008-09-30": "0.59500", "2008-06-30": "0.73280", "2008-03-31": "0.63120", "2007-12-31": "0.63050", "2007-09-30": "0.40820", "2007-06-30": "0.41820", "2007-03-31": "0.45420", "2006-12-31": "0.52700", "2006-09-30": "0.42200", "2006-06-30": "0.44040", "2006-03-31": "0.46840", "2005-12-31": "0.36180", "2005-09-30": "0.39200", "2005-06-30": "0.35920", "2005-03-31": "0.47170"}, "Long-term Debt / Capital": {"2020-09-30": "0.52640", "2020-06-30": "0.52750", "2020-03-31": "0.50620", "2019-12-31": "0.43130", "2019-09-30": "0.42870", "2019-06-30": "0.41820", "2019-03-31": "0.55280", "2018-12-31": "0.54410", "2018-09-30": "0.52560", "2018-06-30": "0.52110", "2018-03-31": "0.51130", "2017-12-31": "0.50630", "2017-09-30": "0.50180", "2017-06-30": "0.49010", "2017-03-31": "0.49050", "2016-12-31": "0.48430", "2016-09-30": "0.48510", "2016-06-30": "0.49790", "2016-03-31": "0.49760", "2015-12-31": "0.49920", "2015-09-30": "0.49300", "2015-06-30": "0.49370", "2015-03-31": "0.48760", "2014-12-31": "0.48530", "2014-09-30": "0.49140", "2014-06-30": "0.48290", "2014-03-31": "0.49080", "2013-12-31": "0.48890", "2013-09-30": "0.48970", "2013-06-30": "0.51050", "2013-03-31": "0.50800", "2012-12-31": "0.52700", "2012-09-30": "0.53610", "2012-06-30": "0.54640", "2012-03-31": "0.53020", "2011-12-31": "0.52710", "2011-09-30": "0.53630", "2011-06-30": "0.54780", "2011-03-31": "0.56200", "2010-12-31": "0.55940", "2010-09-30": "0.56000", "2010-06-30": "0.56400", "2010-03-31": "0.55530", "2009-12-31": "0.55550", "2009-09-30": "0.54000", "2009-06-30": "0.53250", "2009-03-31": "0.53520", "2008-12-31": "0.54060", "2008-09-30": "0.54090", "2008-06-30": "0.54260", "2008-03-31": "0.55310", "2007-12-31": "0.55450", "2007-09-30": "0.51820", "2007-06-30": "0.52410", "2007-03-31": "0.53050", "2006-12-31": "0.50800", "2006-09-30": "0.50830", "2006-06-30": "0.50910", "2006-03-31": "0.52650", "2005-12-31": "0.51970", "2005-09-30": "0.52280", "2005-06-30": "0.52200", "2005-03-31": "0.51620"}, "Debt/Equity Ratio": {"2020-09-30": "1.16620", "2020-06-30": "1.13850", "2020-03-31": "1.13260", "2019-12-31": "0.79210", "2019-09-30": "0.79910", "2019-06-30": "0.77830", "2019-03-31": "1.33090", "2018-12-31": "1.27330", "2018-09-30": "1.17130", "2018-06-30": "1.14750", "2018-03-31": "1.10910", "2017-12-31": "1.08560", "2017-09-30": "1.06190", "2017-06-30": "1.07230", "2017-03-31": "1.04140", "2016-12-31": "1.02420", "2016-09-30": "1.01420", "2016-06-30": "1.02740", "2016-03-31": "1.02300", "2015-12-31": "1.02710", "2015-09-30": "1.01620", "2015-06-30": "1.01900", "2015-03-31": "0.99930", "2014-12-31": "0.98930", "2014-09-30": "1.02390", "2014-06-30": "1.03380", "2014-03-31": "1.04470", "2013-12-31": "1.03690", "2013-09-30": "1.08700", "2013-06-30": "1.15410", "2013-03-31": "1.16000", "2012-12-31": "1.20450", "2012-09-30": "1.26110", "2012-06-30": "1.28460", "2012-03-31": "1.24750", "2011-12-31": "1.26510", "2011-09-30": "1.31990", "2011-06-30": "1.38430", "2011-03-31": "1.38380", "2010-12-31": "1.36970", "2010-09-30": "1.34490", "2010-06-30": "1.37000", "2010-03-31": "1.33850", "2009-12-31": "1.32820", "2009-09-30": "1.29580", "2009-06-30": "1.25490", "2009-03-31": "1.25650", "2008-12-31": "1.25960", "2008-09-30": "1.28560", "2008-06-30": "1.27100", "2008-03-31": "1.33520", "2007-12-31": "1.32740", "2007-09-30": "1.30350", "2007-06-30": "1.32350", "2007-03-31": "1.29550", "2006-12-31": "1.19570", "2006-09-30": "1.20460", "2006-06-30": "1.21190", "2006-03-31": "1.34470", "2005-12-31": "1.28290", "2005-09-30": "1.27650", "2005-06-30": "1.29750", "2005-03-31": "1.20910"}, "Gross Margin": {"2020-09-30": "95.19740", "2020-06-30": "88.70650", "2020-03-31": "95.00360", "2019-12-31": "100.00000", "2019-09-30": "100.00000", "2019-06-30": "100.00000", "2019-03-31": "100.00000", "2018-12-31": "100.00000", "2018-09-30": "100.00000", "2018-06-30": "100.00000", "2018-03-31": "100.00000", "2017-12-31": "100.00000", "2017-09-30": "100.00000", "2017-06-30": "100.00000", "2017-03-31": "100.00000", "2016-12-31": "100.00000", "2016-09-30": "100.00000", "2016-06-30": "100.00000", "2016-03-31": "100.00000", "2015-12-31": "100.00000", "2015-09-30": "100.00000", "2015-06-30": "100.00000", "2015-03-31": "100.00000", "2014-12-31": "100.00000", "2014-09-30": "100.00000", "2014-06-30": "100.00000", "2014-03-31": "100.00000", "2013-12-31": "100.00000", "2013-09-30": "100.00000", "2013-06-30": "100.00000", "2013-03-31": "100.00000", "2012-12-31": "100.00000", "2012-09-30": "100.00000", "2012-06-30": "100.00000", "2012-03-31": "100.00000", "2011-12-31": "100.00000", "2011-09-30": "100.00000", "2011-06-30": "100.00000", "2011-03-31": "100.00000", "2010-12-31": "100.00000", "2010-09-30": "100.00000", "2010-06-30": "100.00000", "2010-03-31": "100.00000", "2009-12-31": "100.00000", "2009-09-30": "100.00000", "2009-06-30": "100.00000", "2009-03-31": "100.00000", "2008-12-31": "100.00000", "2008-09-30": "100.00000", "2008-06-30": "100.00000", "2008-03-31": "100.00000", "2007-12-31": "100.00000", "2007-09-30": "100.00000", "2007-06-30": "100.00000", "2007-03-31": "100.00000", "2006-12-31": "100.00000", "2006-09-30": "100.00000", "2006-06-30": "100.00000", "2006-03-31": "100.00000", "2005-12-31": "100.00000", "2005-09-30": "100.00000", "2005-06-30": "100.00000", "2005-03-31": "100.00000"}, "Operating Margin": {"2020-09-30": "30.18330", "2020-06-30": "32.02320", "2020-03-31": "28.75640", "2019-12-31": "37.73680", "2019-09-30": "43.70220", "2019-06-30": "36.98130", "2019-03-31": "33.52970", "2018-12-31": "30.52000", "2018-09-30": "46.11940", "2018-06-30": "40.94870", "2018-03-31": "35.67690", "2017-12-31": "38.46900", "2017-09-30": "45.91640", "2017-06-30": "42.20370", "2017-03-31": "37.88020", "2016-12-31": "40.48550", "2016-09-30": "43.16060", "2016-06-30": "40.95280", "2016-03-31": "37.55370", "2015-12-31": "37.86270", "2015-09-30": "43.00910", "2015-06-30": "38.99980", "2015-03-31": "37.39220", "2014-12-31": "37.93170", "2014-09-30": "45.15070", "2014-06-30": "40.92740", "2014-03-31": "36.55190", "2013-12-31": "36.79430", "2013-09-30": "42.57610", "2013-06-30": "41.12030", "2013-03-31": "37.48940", "2012-12-31": "37.80360", "2012-09-30": "46.85530", "2012-06-30": "45.40250", "2012-03-31": "37.70120", "2011-12-31": "39.24940", "2011-09-30": "45.37400", "2011-06-30": "40.72780", "2011-03-31": "37.23380", "2010-12-31": "44.81630", "2010-09-30": "43.06610", "2010-06-30": "37.02840", "2010-03-31": "31.57550", "2009-12-31": "39.18600", "2009-09-30": "39.51590", "2009-06-30": "35.17780", "2009-03-31": "30.27180", "2008-12-31": "36.21250", "2008-09-30": "42.10890", "2008-06-30": "35.24290", "2008-03-31": "28.87360", "2007-12-31": "34.98320", "2007-09-30": "39.48670", "2007-06-30": "36.36210", "2007-03-31": "31.86070", "2006-12-31": "40.42080", "2006-09-30": "40.50560", "2006-06-30": "38.01850", "2006-03-31": "34.44030", "2005-12-31": "37.46870", "2005-09-30": "43.20050", "2005-06-30": "39.47440", "2005-03-31": "37.52240"}, "EBIT Margin": {"2020-09-30": "30.18330", "2020-06-30": "32.02320", "2020-03-31": "28.75640", "2019-12-31": "37.73680", "2019-09-30": "43.70220", "2019-06-30": "36.98130", "2019-03-31": "33.52970", "2018-12-31": "30.52000", "2018-09-30": "46.11940", "2018-06-30": "40.94870", "2018-03-31": "35.67690", "2017-12-31": "38.46900", "2017-09-30": "45.91640", "2017-06-30": "42.20370", "2017-03-31": "37.88020", "2016-12-31": "40.48550", "2016-09-30": "43.16060", "2016-06-30": "40.95280", "2016-03-31": "37.55370", "2015-12-31": "37.86280", "2015-09-30": "43.00910", "2015-06-30": "38.99980", "2015-03-31": "37.39220", "2014-12-31": "37.93160", "2014-09-30": "45.15070", "2014-06-30": "40.92740", "2014-03-31": "36.55190", "2013-12-31": "36.79430", "2013-09-30": "42.57610", "2013-06-30": "41.12030", "2013-03-31": "37.48940", "2012-12-31": "37.80360", "2012-09-30": "46.85530", "2012-06-30": "45.40250", "2012-03-31": "37.70120", "2011-12-31": "39.24940", "2011-09-30": "45.37400", "2011-06-30": "40.72780", "2011-03-31": "37.23380", "2010-12-31": "44.81630", "2010-09-30": "43.06610", "2010-06-30": "37.02840", "2010-03-31": "31.57550", "2009-12-31": "39.18600", "2009-09-30": "39.51590", "2009-06-30": "35.17780", "2009-03-31": "30.27180", "2008-12-31": "36.21250", "2008-09-30": "42.10890", "2008-06-30": "35.24290", "2008-03-31": "28.87360", "2007-12-31": "34.98320", "2007-09-30": "39.48670", "2007-06-30": "36.36210", "2007-03-31": "31.86070", "2006-12-31": "40.42080", "2006-09-30": "40.50560", "2006-06-30": "38.01850", "2006-03-31": "34.44030", "2005-12-31": "37.46870", "2005-09-30": "43.20050", "2005-06-30": "39.47440", "2005-03-31": "37.52240"}, "EBITDA Margin": {"2020-09-30": "", "2020-06-30": "", "2020-03-31": "", "2019-12-31": "", "2019-09-30": "", "2019-06-30": "", "2019-03-31": "", "2018-12-31": "", "2018-09-30": "", "2018-06-30": "", "2018-03-31": "", "2017-12-31": "", "2017-09-30": "", "2017-06-30": "", "2017-03-31": "", "2016-12-31": "", "2016-09-30": "", "2016-06-30": "", "2016-03-31": "", "2015-12-31": "", "2015-09-30": "", "2015-06-30": "", "2015-03-31": "", "2014-12-31": "", "2014-09-30": "", "2014-06-30": "", "2014-03-31": "", "2013-12-31": "", "2013-09-30": "", "2013-06-30": "", "2013-03-31": "", "2012-12-31": "", "2012-09-30": "", "2012-06-30": "", "2012-03-31": "", "2011-12-31": "", "2011-09-30": "", "2011-06-30": "", "2011-03-31": "", "2010-12-31": "", "2010-09-30": "", "2010-06-30": "", "2010-03-31": "", "2009-12-31": "", "2009-09-30": "", "2009-06-30": "", "2009-03-31": "", "2008-12-31": "", "2008-09-30": "", "2008-06-30": "", "2008-03-31": "", "2007-12-31": "", "2007-09-30": "", "2007-06-30": "", "2007-03-31": "", "2006-12-31": "", "2006-09-30": "", "2006-06-30": "", "2006-03-31": "", "2005-12-31": "", "2005-09-30": "", "2005-06-30": "", "2005-03-31": ""}, "Pre-Tax Profit Margin": {"2020-09-30": "17.14140", "2020-06-30": "19.53120", "2020-03-31": "17.47250", "2019-12-31": "27.91690", "2019-09-30": "35.68420", "2019-06-30": "24.09040", "2019-03-31": "4.35240", "2018-12-31": "-9.11950", "2018-09-30": "36.32800", "2018-06-30": "31.25790", "2018-03-31": "25.06240", "2017-12-31": "28.76760", "2017-09-30": "37.03350", "2017-06-30": "32.70950", "2017-03-31": "27.69200", "2016-12-31": "27.28370", "2016-09-30": "36.00330", "2016-06-30": "31.95130", "2016-03-31": "28.42270", "2015-12-31": "12.33030", "2015-09-30": "34.83950", "2015-06-30": "30.27850", "2015-03-31": "27.92000", "2014-12-31": "28.34070", "2014-09-30": "36.38450", "2014-06-30": "31.06240", "2014-03-31": "26.05380", "2013-12-31": "26.32700", "2013-09-30": "33.32940", "2013-06-30": "30.81780", "2013-03-31": "26.68750", "2012-12-31": "28.15540", "2012-09-30": "38.61720", "2012-06-30": "36.01650", "2012-03-31": "27.04730", "2011-12-31": "27.76250", "2011-09-30": "36.18900", "2011-06-30": "30.92820", "2011-03-31": "26.68580", "2010-12-31": "31.62090", "2010-09-30": "34.14260", "2010-06-30": "27.53920", "2010-03-31": "22.25560", "2009-12-31": "27.79800", "2009-09-30": "30.47570", "2009-06-30": "25.51980", "2009-03-31": "19.99910", "2008-12-31": "26.07170", "2008-09-30": "33.35330", "2008-06-30": "25.02070", "2008-03-31": "17.26130", "2007-12-31": "26.16460", "2007-09-30": "29.70490", "2007-06-30": "26.15120", "2007-03-31": "20.38300", "2006-12-31": "30.65480", "2006-09-30": "31.00710", "2006-06-30": "28.16040", "2006-03-31": "23.42960", "2005-12-31": "27.78500", "2005-09-30": "33.86530", "2005-06-30": "29.87490", "2005-03-31": "27.03880"}, "Net Profit Margin": {"2020-09-30": "15.98520", "2020-06-30": "19.41100", "2020-03-31": "20.25980", "2019-12-31": "28.41370", "2019-09-30": "36.32170", "2019-06-30": "25.08220", "2019-03-31": "8.41440", "2018-12-31": "-1.77740", "2018-09-30": "34.58790", "2018-06-30": "31.43110", "2018-03-31": "26.15890", "2017-12-31": "26.30100", "2017-09-30": "35.45220", "2017-06-30": "29.97180", "2017-03-31": "26.13170", "2016-12-31": "25.22830", "2016-09-30": "32.29140", "2016-06-30": "29.24620", "2016-03-31": "26.86140", "2015-12-31": "14.42860", "2015-09-30": "30.50380", "2015-06-30": "27.88780", "2015-03-31": "25.50620", "2014-12-31": "34.91060", "2014-09-30": "32.29680", "2014-06-30": "28.45210", "2014-03-31": "23.46230", "2013-12-31": "30.75300", "2013-09-30": "31.44380", "2013-06-30": "27.62980", "2013-03-31": "26.07920", "2012-12-31": "36.89180", "2012-09-30": "23.61010", "2012-06-30": "21.62090", "2012-03-31": "23.10880", "2011-12-31": "22.04110", "2011-09-30": "21.52100", "2011-06-30": "21.08090", "2011-03-31": "18.55030", "2010-12-31": "22.58980", "2010-09-30": "22.61300", "2010-06-30": "16.73070", "2010-03-31": "13.40110", "2009-12-31": "20.40550", "2009-09-30": "18.50950", "2009-06-30": "15.45000", "2009-03-31": "11.89160", "2008-12-31": "16.05670", "2008-09-30": "19.97760", "2008-06-30": "14.95980", "2008-03-31": "10.28190", "2007-12-31": "16.70950", "2007-09-30": "17.83660", "2007-06-30": "15.75250", "2007-03-31": "12.27810", "2006-12-31": "18.79750", "2006-09-30": "18.59880", "2006-06-30": "16.99140", "2006-03-31": "14.04340", "2005-12-31": "18.02160", "2005-09-30": "20.40970", "2005-06-30": "18.04870", "2005-03-31": "16.55530"}, "Asset Turnover": {"2020-09-30": "0.02600", "2020-06-30": "0.02950", "2020-03-31": "0.01980", "2019-12-31": "0.02410", "2019-09-30": "0.02610", "2019-06-30": "0.02380", "2019-03-31": "0.02840", "2018-12-31": "0.02950", "2018-09-30": "0.03350", "2018-06-30": "0.03220", "2018-03-31": "0.03030", "2017-12-31": "0.03210", "2017-09-30": "0.03280", "2017-06-30": "0.03190", "2017-03-31": "0.03010", "2016-12-31": "0.03200", "2016-09-30": "0.03750", "2016-06-30": "0.03440", "2016-03-31": "0.03310", "2015-12-31": "0.03450", "2015-09-30": "0.03880", "2015-06-30": "0.03670", "2015-03-31": "0.03470", "2014-12-31": "0.03540", "2014-09-30": "0.03970", "2014-06-30": "0.03760", "2014-03-31": "0.03580", "2013-12-31": "0.03700", "2013-09-30": "0.03990", "2013-06-30": "0.03910", "2013-03-31": "0.03670", "2012-12-31": "0.03710", "2012-09-30": "0.04780", "2012-06-30": "0.04340", "2012-03-31": "0.03800", "2011-12-31": "0.03550", "2011-09-30": "0.04520", "2011-06-30": "0.04250", "2011-03-31": "0.03980", "2010-12-31": "0.03140", "2010-09-30": "0.04940", "2010-06-30": "0.04610", "2010-03-31": "0.04250", "2009-12-31": "0.03480", "2009-09-30": "0.04990", "2009-06-30": "0.04740", "2009-03-31": "0.04440", "2008-12-31": "0.04570", "2008-09-30": "0.05260", "2008-06-30": "0.04580", "2008-03-31": "0.04320", "2007-12-31": "0.04620", "2007-09-30": "0.05280", "2007-06-30": "0.04900", "2007-03-31": "0.04570", "2006-12-31": "0.04750", "2006-09-30": "0.05330", "2006-06-30": "0.04860", "2006-03-31": "0.04380", "2005-12-31": "0.04660", "2005-09-30": "0.05450", "2005-06-30": "0.04990", "2005-03-31": "0.04850"}, "Inventory Turnover Ratio": {"2020-09-30": "0.25140", "2020-06-30": "0.86690", "2020-03-31": "0.37650", "2019-12-31": "", "2019-09-30": "", "2019-06-30": "", "2019-03-31": "", "2018-12-31": "", "2018-09-30": "", "2018-06-30": "", "2018-03-31": "", "2017-12-31": "", "2017-09-30": "", "2017-06-30": "", "2017-03-31": "", "2016-12-31": "", "2016-09-30": "", "2016-06-30": "", "2016-03-31": "", "2015-12-31": "", "2015-09-30": "", "2015-06-30": "", "2015-03-31": "", "2014-12-31": "", "2014-09-30": "", "2014-06-30": "", "2014-03-31": "", "2013-12-31": "", "2013-09-30": "", "2013-06-30": "", "2013-03-31": "", "2012-12-31": "", "2012-09-30": "", "2012-06-30": "", "2012-03-31": "", "2011-12-31": "", "2011-09-30": "", "2011-06-30": "", "2011-03-31": "", "2010-12-31": "", "2010-09-30": "", "2010-06-30": "", "2010-03-31": "", "2009-12-31": "", "2009-09-30": "", "2009-06-30": "", "2009-03-31": "", "2008-12-31": "", "2008-09-30": "", "2008-06-30": "", "2008-03-31": "", "2007-12-31": "", "2007-09-30": "", "2007-06-30": "", "2007-03-31": "", "2006-12-31": "", "2006-09-30": "", "2006-06-30": "", "2006-03-31": "", "2005-12-31": "", "2005-09-30": "", "2005-06-30": "", "2005-03-31": ""}, "Receiveable Turnover": {"2020-09-30": "2.75010", "2020-06-30": "2.51450", "2020-03-31": "1.42330", "2019-12-31": "3.36690", "2019-09-30": "3.22370", "2019-06-30": "1.97660", "2019-03-31": "2.08620", "2018-12-31": "3.12570", "2018-09-30": "1.97870", "2018-06-30": "2.03850", "2018-03-31": "2.11670", "2017-12-31": "2.06210", "2017-09-30": "2.04980", "2017-06-30": "2.05700", "2017-03-31": "2.10030", "2016-12-31": "2.02060", "2016-09-30": "2.06020", "2016-06-30": "2.04450", "2016-03-31": "2.09900", "2015-12-31": "1.98760", "2015-09-30": "1.99010", "2015-06-30": "1.87950", "2015-03-31": "1.99490", "2014-12-31": "1.97310", "2014-09-30": "1.99100", "2014-06-30": "1.94390", "2014-03-31": "2.00510", "2013-12-31": "1.82380", "2013-09-30": "1.76880", "2013-06-30": "1.69540", "2013-03-31": "1.69130", "2012-12-31": "1.65510", "2012-09-30": "2.06880", "2012-06-30": "1.93570", "2012-03-31": "2.10670", "2011-12-31": "2.04220", "2011-09-30": "1.58830", "2011-06-30": "1.40210", "2011-03-31": "1.45140", "2010-12-31": "1.14300", "2010-09-30": "1.68490", "2010-06-30": "2.08470", "2010-03-31": "2.17830", "2009-12-31": "1.65920", "2009-09-30": "2.10080", "2009-06-30": "1.97210", "2009-03-31": "1.99910", "2008-12-31": "1.89110", "2008-09-30": "1.88230", "2008-06-30": "1.84150", "2008-03-31": "1.89050", "2007-12-31": "1.79790", "2007-09-30": "1.75390", "2007-06-30": "1.68420", "2007-03-31": "1.86400", "2006-12-31": "1.89670", "2006-09-30": "1.97490", "2006-06-30": "1.67840", "2006-03-31": "2.04770", "2005-12-31": "1.73080", "2005-09-30": "1.96520", "2005-06-30": "1.90260", "2005-03-31": "1.99350"}, "Days Sales In Receivables": {"2020-09-30": "32.72550", "2020-06-30": "35.79280", "2020-03-31": "63.23330", "2019-12-31": "26.73100", "2019-09-30": "27.91810", "2019-06-30": "45.53250", "2019-03-31": "43.14030", "2018-12-31": "28.79390", "2018-09-30": "45.48460", "2018-06-30": "44.15080", "2018-03-31": "42.51990", "2017-12-31": "43.64540", "2017-09-30": "43.90750", "2017-06-30": "43.75280", "2017-03-31": "42.85070", "2016-12-31": "44.54020", "2016-09-30": "43.68510", "2016-06-30": "44.02000", "2016-03-31": "42.87740", "2015-12-31": "45.27970", "2015-09-30": "45.22410", "2015-06-30": "47.88600", "2015-03-31": "45.11440", "2014-12-31": "45.61340", "2014-09-30": "45.20370", "2014-06-30": "46.29970", "2014-03-31": "44.88520", "2013-12-31": "49.34800", "2013-09-30": "50.88300", "2013-06-30": "53.08550", "2013-03-31": "53.21410", "2012-12-31": "54.37890", "2012-09-30": "43.50360", "2012-06-30": "46.49400", "2012-03-31": "42.72020", "2011-12-31": "44.07010", "2011-09-30": "56.66600", "2011-06-30": "64.19110", "2011-03-31": "62.01070", "2010-12-31": "78.74330", "2010-09-30": "53.41660", "2010-06-30": "43.17170", "2010-03-31": "41.31710", "2009-12-31": "54.24410", "2009-09-30": "42.84090", "2009-06-30": "45.63710", "2009-03-31": "45.02130", "2008-12-31": "47.59180", "2008-09-30": "47.81390", "2008-06-30": "48.87370", "2008-03-31": "47.60570", "2007-12-31": "50.05860", "2007-09-30": "51.31420", "2007-06-30": "53.43690", "2007-03-31": "48.28370", "2006-12-31": "47.45150", "2006-09-30": "45.57140", "2006-06-30": "53.62330", "2006-03-31": "43.95120", "2005-12-31": "51.99820", "2005-09-30": "45.79710", "2005-06-30": "47.30370", "2005-03-31": "45.14690"}, "ROE - Return On Equity": {"2020-09-30": "1.20220", "2020-06-30": "1.60990", "2020-03-31": "1.12250", "2019-12-31": "1.65500", "2019-09-30": "2.29090", "2019-06-30": "1.43550", "2019-03-31": "0.84930", "2018-12-31": "-0.18200", "2018-09-30": "3.82340", "2018-06-30": "3.32230", "2018-03-31": "2.57780", "2017-12-31": "2.73150", "2017-09-30": "3.93260", "2017-06-30": "3.21470", "2017-03-31": "2.62810", "2016-12-31": "2.68360", "2016-09-30": "3.99360", "2016-06-30": "3.32890", "2016-03-31": "2.93840", "2015-12-31": "1.64750", "2015-09-30": "3.90060", "2015-06-30": "3.36960", "2015-03-31": "2.89600", "2014-12-31": "2.95730", "2014-09-30": "4.19170", "2014-06-30": "3.45550", "2014-03-31": "2.72810", "2013-12-31": "3.01320", "2013-09-30": "4.18320", "2013-06-30": "3.71090", "2013-03-31": "2.88090", "2012-12-31": "4.53740", "2012-09-30": "3.82410", "2012-06-30": "3.20720", "2012-03-31": "2.11150", "2011-12-31": "2.36300", "2011-09-30": "3.69890", "2011-06-30": "3.01900", "2011-03-31": "2.56950", "2010-12-31": "2.10100", "2010-09-30": "3.53910", "2010-06-30": "2.64180", "2010-03-31": "1.92820", "2009-12-31": "2.02400", "2009-09-30": "3.10510", "2009-06-30": "2.39890", "2009-03-31": "1.72490", "2008-12-31": "2.41980", "2008-09-30": "3.44160", "2008-06-30": "2.20640", "2008-03-31": "1.46030", "2007-12-31": "2.55160", "2007-09-30": "3.05910", "2007-06-30": "2.51270", "2007-03-31": "1.81630", "2006-12-31": "2.79100", "2006-09-30": "3.08020", "2006-06-30": "2.55900", "2006-03-31": "2.00970", "2005-12-31": "2.72810", "2005-09-30": "3.57870", "2005-06-30": "2.87290", "2005-03-31": "2.48230"}, "Return On Tangible Equity": {"2020-09-30": "2.42920", "2020-06-30": "3.25440", "2020-03-31": "2.28950", "2019-12-31": "1.68260", "2019-09-30": "2.32260", "2019-06-30": "1.45550", "2019-03-31": "0.87260", "2018-12-31": "-0.18690", "2018-09-30": "3.92550", "2018-06-30": "3.39350", "2018-03-31": "2.63420", "2017-12-31": "2.79180", "2017-09-30": "4.02020", "2017-06-30": "3.28800", "2017-03-31": "2.68890", "2016-12-31": "2.74630", "2016-09-30": "4.08710", "2016-06-30": "3.40930", "2016-03-31": "3.01080", "2015-12-31": "1.68040", "2015-09-30": "3.97860", "2015-06-30": "3.43810", "2015-03-31": "2.95580", "2014-12-31": "3.01400", "2014-09-30": "4.27180", "2014-06-30": "3.51760", "2014-03-31": "2.77810", "2013-12-31": "3.06960", "2013-09-30": "4.26240", "2013-06-30": "3.78550", "2013-03-31": "2.93920", "2012-12-31": "4.63150", "2012-09-30": "3.94010", "2012-06-30": "3.30560", "2012-03-31": "2.15720", "2011-12-31": "2.41500", "2011-09-30": "3.78780", "2011-06-30": "3.12410", "2011-03-31": "2.66120", "2010-12-31": "2.15210", "2010-09-30": "3.67330", "2010-06-30": "2.74690", "2010-03-31": "2.00570", "2009-12-31": "2.10580", "2009-09-30": "3.23370", "2009-06-30": "2.49330", "2009-03-31": "1.79370", "2008-12-31": "2.51710", "2008-09-30": "3.57360", "2008-06-30": "2.28900", "2008-03-31": "1.51730", "2007-12-31": "2.65100", "2007-09-30": "3.17300", "2007-06-30": "2.60800", "2007-03-31": "1.88420", "2006-12-31": "2.86110", "2006-09-30": "3.08020", "2006-06-30": "2.55900", "2006-03-31": "2.00970", "2005-12-31": "2.79760", "2005-09-30": "3.57870", "2005-06-30": "2.87290", "2005-03-31": "2.48230"}, "ROA - Return On Assets": {"2020-09-30": "0.41590", "2020-06-30": "0.57280", "2020-03-31": "0.40050", "2019-12-31": "0.68600", "2019-09-30": "0.94730", "2019-06-30": "0.59800", "2019-03-31": "0.23900", "2018-12-31": "-0.05250", "2018-09-30": "1.15750", "2018-06-30": "1.01350", "2018-03-31": "0.79390", "2017-12-31": "0.84440", "2017-09-30": "1.16460", "2017-06-30": "0.95510", "2017-03-31": "0.78700", "2016-12-31": "0.80610", "2016-09-30": "1.21220", "2016-06-30": "1.00670", "2016-03-31": "0.88960", "2015-12-31": "0.49730", "2015-09-30": "1.18270", "2015-06-30": "1.02460", "2015-03-31": "0.88620", "2014-12-31": "0.90540", "2014-09-30": "1.27580", "2014-06-30": "1.05590", "2014-03-31": "0.83140", "2013-12-31": "0.91560", "2013-09-30": "1.23670", "2013-06-30": "1.06900", "2013-03-31": "0.83990", "2012-12-31": "1.29430", "2012-09-30": "1.12060", "2012-06-30": "0.94520", "2012-03-31": "0.62250", "2011-12-31": "0.68030", "2011-09-30": "1.06100", "2011-06-30": "0.87270", "2011-03-31": "0.74520", "2010-12-31": "0.60610", "2010-09-30": "1.03060", "2010-06-30": "0.77200", "2010-03-31": "0.56930", "2009-12-31": "0.59880", "2009-09-30": "0.92340", "2009-06-30": "0.73230", "2009-03-31": "0.52760", "2008-12-31": "0.73370", "2008-09-30": "1.05170", "2008-06-30": "0.68460", "2008-03-31": "0.44390", "2007-12-31": "0.77200", "2007-09-30": "0.94180", "2007-06-30": "0.77120", "2007-03-31": "0.56090", "2006-12-31": "0.89380", "2006-09-30": "0.99160", "2006-06-30": "0.82520", "2006-03-31": "0.61550", "2005-12-31": "0.84060", "2005-09-30": "1.11160", "2005-06-30": "0.90040", "2005-03-31": "0.80350"}, "ROI - Return On Investment": {"2020-09-30": "0.56930", "2020-06-30": "0.76070", "2020-03-31": "0.55430", "2019-12-31": "0.94120", "2019-09-30": "1.30880", "2019-06-30": "0.83520", "2019-03-31": "0.37990", "2018-12-31": "-0.08300", "2018-09-30": "1.81380", "2018-06-30": "1.59090", "2018-03-31": "1.25990", "2017-12-31": "1.34850", "2017-09-30": "1.95910", "2017-06-30": "1.63930", "2017-03-31": "1.33900", "2016-12-31": "1.38390", "2016-09-30": "2.05610", "2016-06-30": "1.67160", "2016-03-31": "1.47620", "2015-12-31": "0.82500", "2015-09-30": "1.97750", "2015-06-30": "1.70600", "2015-03-31": "1.48400", "2014-12-31": "1.52220", "2014-09-30": "2.13210", "2014-06-30": "1.78690", "2014-03-31": "1.38920", "2013-12-31": "1.53990", "2013-09-30": "2.13480", "2013-06-30": "1.81630", "2013-03-31": "1.41740", "2012-12-31": "2.14630", "2012-09-30": "1.77390", "2012-06-30": "1.45460", "2012-03-31": "0.99200", "2011-12-31": "1.11740", "2011-09-30": "1.71540", "2011-06-30": "1.36510", "2011-03-31": "1.12550", "2010-12-31": "0.92580", "2010-09-30": "1.55720", "2010-06-30": "1.15200", "2010-03-31": "0.85740", "2009-12-31": "0.89970", "2009-09-30": "1.42830", "2009-06-30": "1.12140", "2009-03-31": "0.80180", "2008-12-31": "1.11170", "2008-09-30": "1.57990", "2008-06-30": "1.00920", "2008-03-31": "0.65260", "2007-12-31": "1.13680", "2007-09-30": "1.47370", "2007-06-30": "1.19570", "2007-03-31": "0.85280", "2006-12-31": "1.37310", "2006-09-30": "1.51460", "2006-06-30": "1.25620", "2006-03-31": "0.95160", "2005-12-31": "1.31040", "2005-09-30": "1.70790", "2005-06-30": "1.37330", "2005-03-31": "1.20100"}, "Book Value Per Share": {"2020-09-30": "18.90050", "2020-06-30": "18.90900", "2020-03-31": "18.82620", "2019-12-31": "17.57960", "2019-09-30": "17.89650", "2019-06-30": "17.72580", "2019-03-31": "11.17110", "2018-12-31": "11.28270", "2018-09-30": "11.49680", "2018-06-30": "11.26590", "2018-03-31": "11.08590", "2017-12-31": "11.01560", "2017-09-30": "10.90850", "2017-06-30": "10.67560", "2017-03-31": "10.51470", "2016-12-31": "10.42920", "2016-09-30": "10.33070", "2016-06-30": "10.10110", "2016-03-31": "9.93260", "2015-12-31": "9.77620", "2015-09-30": "9.79100", "2015-06-30": "9.62340", "2015-03-31": "9.46720", "2014-12-31": "9.36550", "2014-09-30": "9.14190", "2014-06-30": "8.95350", "2014-03-31": "8.77810", "2013-12-31": "8.68480", "2013-09-30": "8.48900", "2013-06-30": "8.09940", "2013-03-31": "8.06650", "2012-12-31": "7.90990", "2012-09-30": "7.51760", "2012-06-30": "7.46720", "2012-03-31": "7.32560", "2011-12-31": "7.21430", "2011-09-30": "7.00210", "2011-06-30": "7.00650", "2011-03-31": "6.90370", "2010-12-31": "6.82170", "2010-09-30": "6.62960", "2010-06-30": "6.59070", "2010-03-31": "6.51700", "2009-12-31": "6.50300", "2009-09-30": "6.32800", "2009-06-30": "6.34350", "2009-03-31": "6.28100", "2008-12-31": "6.26800", "2008-09-30": "6.08460", "2008-06-30": "6.03220", "2008-03-31": "5.87130", "2007-12-31": "5.85490", "2007-09-30": "5.79410", "2007-06-30": "5.68360", "2007-03-31": "5.60100", "2006-12-31": "5.57190", "2006-09-30": "5.34640", "2006-06-30": "5.32660", "2006-03-31": "5.09130", "2005-12-31": "5.03640", "2005-09-30": "4.85370", "2005-06-30": "4.82880", "2005-03-31": "4.76400"}, "Operating Cash Flow Per Share": {"2020-09-30": 0.6849, "2020-06-30": 0.5892, "2020-03-31": "0.37450", "2019-12-31": 0.5868, "2019-09-30": 0.5826, "2019-06-30": -0.0458, "2019-03-31": "0.44410", "2018-12-31": 0.4357, "2018-09-30": 0.6782, "2018-06-30": 0.4561, "2018-03-31": "0.49570", "2017-12-31": 0.5566, "2017-09-30": 0.7002, "2017-06-30": 0.427, "2017-03-31": "0.45630", "2016-12-31": 0.6044, "2016-09-30": 0.6256, "2016-06-30": 0.4643, "2016-03-31": "0.53330", "2015-12-31": 0.4979, "2015-09-30": 0.7083, "2015-06-30": 0.3763, "2015-03-31": "0.50630", "2014-12-31": 0.5039, "2014-09-30": 0.6772, "2014-06-30": 0.3596, "2014-03-31": "0.50580", "2013-12-31": 0.5058, "2013-09-30": 0.6743, "2013-06-30": 0.396, "2013-03-31": "0.50420", "2012-12-31": 0.5902, "2012-09-30": 0.6845, "2012-06-30": 0.3844, "2012-03-31": "0.44710", "2011-12-31": 0.6934, "2011-09-30": 0.6391, "2011-06-30": 0.3553, "2011-03-31": "0.42830", "2010-12-31": 0.4347, "2010-09-30": 0.518, "2010-06-30": 0.2056, "2010-03-31": "0.37470", "2009-12-31": 0.4532, "2009-09-30": 0.4351, "2009-06-30": 0.2579, "2009-03-31": "0.36910", "2008-12-31": 0.3924, "2008-09-30": 0.4577, "2008-06-30": 0.2034, "2008-03-31": "0.26200", "2007-12-31": 0.3664, "2007-09-30": 0.4312, "2007-06-30": 0.0792, "2007-03-31": "0.28590", "2006-12-31": 0.4232, "2006-09-30": 0.3198, "2006-06-30": 0.2134, "2006-03-31": "0.08010", "2005-12-31": 0.4528, "2005-09-30": 0.3902, "2005-06-30": 0.1513, "2005-03-31": "0.24200"}, "Free Cash Flow Per Share": {"2020-09-30": -0.2927, "2020-06-30": -0.2124, "2020-03-31": "-13.60150", "2019-12-31": -0.5047, "2019-09-30": 0.0798, "2019-06-30": -0.5123, "2019-03-31": "-0.30650", "2018-12-31": -0.674, "2018-09-30": -0.5896, "2018-06-30": -0.1679, "2018-03-31": "-0.09420", "2017-12-31": -0.2295, "2017-09-30": -0.0252, "2017-06-30": -0.2411, "2017-03-31": "-0.07270", "2016-12-31": -0.0453, "2016-09-30": 0.0544, "2016-06-30": -0.0584, "2016-03-31": "0.11390", "2015-12-31": -0.1202, "2015-09-30": 0.1011, "2015-06-30": -0.2141, "2015-03-31": "0.10790", "2014-12-31": -0.1195, "2014-09-30": 0.1376, "2014-06-30": -0.0466, "2014-03-31": "0.14730", "2013-12-31": -0.0142, "2013-09-30": 0.2188, "2013-06-30": -0.03, "2013-03-31": "0.10950", "2012-12-31": 0.0706, "2012-09-30": 0.0849, "2012-06-30": -0.7008, "2012-03-31": "-0.00420", "2011-12-31": 0.0896, "2011-09-30": 0.1774, "2011-06-30": -0.1043, "2011-03-31": "0.10220", "2010-12-31": -0.0453, "2010-09-30": -0.0088, "2010-06-30": -0.2302, "2010-03-31": "-0.00160", "2009-12-31": -0.0177, "2009-09-30": -0.0216, "2009-06-30": -0.0608, "2009-03-31": "0.00300", "2008-12-31": -0.077, "2008-09-30": -0.0571, "2008-06-30": -0.1279, "2008-03-31": "0.02600", "2007-12-31": -0.0449, "2007-09-30": 0.038, "2007-06-30": -0.2799, "2007-03-31": "-0.24140", "2006-12-31": -0.12, "2006-09-30": -0.0932, "2006-06-30": -0.2439, "2006-03-31": "-0.22010", "2005-12-31": -0.0965, "2005-09-30": -0.0085, "2005-06-30": -0.2145, "2005-03-31": "0.02160"}}, "revenue": {"Essential Utilities Annual Revenue (Millions of US $)": {"2019": "$890", "2018": "$838", "2017": "$810", "2016": "$820", "2015": "$814", "2014": "$780", "2013": "$762", "2012": "$751", "2011": "$687", "2010": "$660", "2009": "$633", "2008": "$627", "2007": "$602", "2006": "$533", "2005": "$497"}, "Essential Utilities Quarterly Revenue (Millions of US $)": {"2020-09-30": "$349", "2020-06-30": "$384", "2020-03-31": "$256", "2019-12-31": "$226", "2019-09-30": "$244", "2019-06-30": "$219", "2019-03-31": "$201", "2018-12-31": "$206", "2018-09-30": "$226", "2018-06-30": "$212", "2018-03-31": "$194", "2017-12-31": "$203", "2017-09-30": "$215", "2017-06-30": "$203", "2017-03-31": "$188", "2016-12-31": "$197", "2016-09-30": "$227", "2016-06-30": "$204", "2016-03-31": "$193", "2015-12-31": "$197", "2015-09-30": "$221", "2015-06-30": "$206", "2015-03-31": "$190", "2014-12-31": "$191", "2014-09-30": "$211", "2014-06-30": "$195", "2014-03-31": "$183", "2013-12-31": "$187", "2013-09-30": "$202", "2013-06-30": "$194", "2013-03-31": "$179", "2012-12-31": "$180", "2012-09-30": "$215", "2012-06-30": "$192", "2012-03-31": "$164", "2011-12-31": "$154", "2011-09-30": "$191", "2011-06-30": "$178", "2011-03-31": "$164", "2010-12-31": "$128", "2010-09-30": "$193", "2010-06-30": "$178", "2010-03-31": "$161", "2009-12-31": "$131", "2009-09-30": "$181", "2009-06-30": "$167", "2009-03-31": "$154", "2008-12-31": "$160", "2008-09-30": "$177", "2008-06-30": "$151", "2008-03-31": "$139", "2007-12-31": "$149", "2007-09-30": "$165", "2007-06-30": "$151", "2007-03-31": "$137", "2006-12-31": "$137", "2006-09-30": "$147", "2006-06-30": "$132", "2006-03-31": "$118", "2005-12-31": "$123", "2005-09-30": "$137", "2005-06-30": "$123", "2005-03-31": "$114"}}, "gross-profit": {"Essential Utilities Annual Gross Profit (Millions of US $)": {"2019": "$890", "2018": "$838", "2017": "$810", "2016": "$820", "2015": "$814", "2014": "$780", "2013": "$762", "2012": "$751", "2011": "$687", "2010": "$660", "2009": "$633", "2008": "$627", "2007": "$602", "2006": "$533", "2005": "$497"}, "Essential Utilities Quarterly Gross Profit (Millions of US $)": {"2020-09-30": "$332", "2020-06-30": "$341", "2020-03-31": "$243", "2019-12-31": "$226", "2019-09-30": "$244", "2019-06-30": "$219", "2019-03-31": "$201", "2018-12-31": "$206", "2018-09-30": "$226", "2018-06-30": "$212", "2018-03-31": "$194", "2017-12-31": "$203", "2017-09-30": "$215", "2017-06-30": "$203", "2017-03-31": "$188", "2016-12-31": "$197", "2016-09-30": "$227", "2016-06-30": "$204", "2016-03-31": "$193", "2015-12-31": "$197", "2015-09-30": "$221", "2015-06-30": "$206", "2015-03-31": "$190", "2014-12-31": "$191", "2014-09-30": "$211", "2014-06-30": "$195", "2014-03-31": "$183", "2013-12-31": "$187", "2013-09-30": "$202", "2013-06-30": "$194", "2013-03-31": "$179", "2012-12-31": "$180", "2012-09-30": "$215", "2012-06-30": "$192", "2012-03-31": "$164", "2011-12-31": "$154", "2011-09-30": "$191", "2011-06-30": "$178", "2011-03-31": "$164", "2010-12-31": "$128", "2010-09-30": "$193", "2010-06-30": "$178", "2010-03-31": "$161", "2009-12-31": "$131", "2009-09-30": "$181", "2009-06-30": "$167", "2009-03-31": "$154", "2008-12-31": "$160", "2008-09-30": "$177", "2008-06-30": "$151", "2008-03-31": "$139", "2007-12-31": "$149", "2007-09-30": "$165", "2007-06-30": "$151", "2007-03-31": "$137", "2006-12-31": "$137", "2006-09-30": "$147", "2006-06-30": "$132", "2006-03-31": "$118", "2005-12-31": "$123", "2005-09-30": "$137", "2005-06-30": "$123", "2005-03-31": "$114"}}, "operating-income": {"Essential Utilities Annual Operating Income (Millions of US $)": {"2019": "$340", "2018": "$323", "2017": "$334", "2016": "$333", "2015": "$321", "2014": "$314", "2013": "$302", "2012": "$318", "2011": "$281", "2010": "$257", "2009": "$228", "2008": "$226", "2007": "$216", "2006": "$206", "2005": "$197"}, "Essential Utilities Quarterly Operating Income (Millions of US $)": {"2020-09-30": "$105", "2020-06-30": "$123", "2020-03-31": "$73", "2019-12-31": "$85", "2019-09-30": "$106", "2019-06-30": "$81", "2019-03-31": "$67", "2018-12-31": "$63", "2018-09-30": "$104", "2018-06-30": "$87", "2018-03-31": "$69", "2017-12-31": "$78", "2017-09-30": "$99", "2017-06-30": "$86", "2017-03-31": "$71", "2016-12-31": "$80", "2016-09-30": "$98", "2016-06-30": "$83", "2016-03-31": "$72", "2015-12-31": "$75", "2015-09-30": "$95", "2015-06-30": "$80", "2015-03-31": "$71", "2014-12-31": "$73", "2014-09-30": "$95", "2014-06-30": "$80", "2014-03-31": "$67", "2013-12-31": "$69", "2013-09-30": "$86", "2013-06-30": "$80", "2013-03-31": "$67", "2012-12-31": "$68", "2012-09-30": "$101", "2012-06-30": "$87", "2012-03-31": "$62", "2011-12-31": "$61", "2011-09-30": "$87", "2011-06-30": "$73", "2011-03-31": "$61", "2010-12-31": "$57", "2010-09-30": "$83", "2010-06-30": "$66", "2010-03-31": "$51", "2009-12-31": "$51", "2009-09-30": "$71", "2009-06-30": "$59", "2009-03-31": "$47", "2008-12-31": "$58", "2008-09-30": "$75", "2008-06-30": "$53", "2008-03-31": "$40", "2007-12-31": "$52", "2007-09-30": "$65", "2007-06-30": "$55", "2007-03-31": "$44", "2006-12-31": "$55", "2006-09-30": "$60", "2006-06-30": "$50", "2006-03-31": "$41", "2005-12-31": "$46", "2005-09-30": "$59", "2005-06-30": "$49", "2005-03-31": "$43"}}, "ebitda": {"Essential Utilities Annual EBITDA (Millions of US $)": {"2019": "$497", "2018": "$470", "2017": "$471", "2016": "$466", "2015": "$450", "2014": "$441", "2013": "$426", "2012": "$434", "2011": "$389", "2010": "$369", "2009": "$339", "2008": "$320", "2007": "$304", "2006": "$281", "2005": "$262"}, "Essential Utilities Quarterly EBITDA (Millions of US $)": {"2020-09-30": "$175", "2020-06-30": "$193", "2020-03-31": "$120", "2019-12-31": "$126", "2019-09-30": "$146", "2019-06-30": "$118", "2019-03-31": "$107", "2018-12-31": "$99", "2018-09-30": "$142", "2018-06-30": "$124", "2018-03-31": "$105", "2017-12-31": "$113", "2017-09-30": "$133", "2017-06-30": "$119", "2017-03-31": "$105", "2016-12-31": "$114", "2016-09-30": "$132", "2016-06-30": "$116", "2016-03-31": "$105", "2015-12-31": "$107", "2015-09-30": "$128", "2015-06-30": "$112", "2015-03-31": "$103", "2014-12-31": "$105", "2014-09-30": "$125", "2014-06-30": "$112", "2014-03-31": "$99", "2013-12-31": "$101", "2013-09-30": "$117", "2013-06-30": "$110", "2013-03-31": "$97", "2012-12-31": "$98", "2012-09-30": "$130", "2012-06-30": "$116", "2012-03-31": "$90", "2011-12-31": "$87", "2011-09-30": "$112", "2011-06-30": "$101", "2011-03-31": "$89", "2010-12-31": "$82", "2010-09-30": "$111", "2010-06-30": "$96", "2010-03-31": "$80", "2009-12-31": "$77", "2009-09-30": "$100", "2009-06-30": "$87", "2009-03-31": "$76", "2008-12-31": "$83", "2008-09-30": "$99", "2008-06-30": "$75", "2008-03-31": "$63", "2007-12-31": "$75", "2007-09-30": "$88", "2007-06-30": "$76", "2007-03-31": "$65", "2006-12-31": "$75", "2006-09-30": "$79", "2006-06-30": "$68", "2006-03-31": "$59", "2005-12-31": "$63", "2005-09-30": "$76", "2005-06-30": "$64", "2005-03-31": "$59"}}, "net-income": {"Essential Utilities Annual Net Income (Millions of US $)": {"2019": "$225", "2018": "$192", "2017": "$240", "2016": "$234", "2015": "$202", "2014": "$233", "2013": "$221", "2012": "$197", "2011": "$143", "2010": "$124", "2009": "$104", "2008": "$98", "2007": "$95", "2006": "$92", "2005": "$91"}, "Essential Utilities Quarterly Net Income (Millions of US $)": {"2020-09-30": "$56", "2020-06-30": "$75", "2020-03-31": "$52", "2019-12-31": "$64", "2019-09-30": "$88", "2019-06-30": "$55", "2019-03-31": "$17", "2018-12-31": "$-4", "2018-09-30": "$78", "2018-06-30": "$67", "2018-03-31": "$51", "2017-12-31": "$53", "2017-09-30": "$76", "2017-06-30": "$61", "2017-03-31": "$49", "2016-12-31": "$50", "2016-09-30": "$73", "2016-06-30": "$60", "2016-03-31": "$52", "2015-12-31": "$28", "2015-09-30": "$67", "2015-06-30": "$57", "2015-03-31": "$49", "2014-12-31": "$67", "2014-09-30": "$68", "2014-06-30": "$56", "2014-03-31": "$43", "2013-12-31": "$58", "2013-09-30": "$64", "2013-06-30": "$54", "2013-03-31": "$47", "2012-12-31": "$67", "2012-09-30": "$51", "2012-06-30": "$41", "2012-03-31": "$38", "2011-12-31": "$34", "2011-09-30": "$41", "2011-06-30": "$38", "2011-03-31": "$30", "2010-12-31": "$29", "2010-09-30": "$44", "2010-06-30": "$30", "2010-03-31": "$22", "2009-12-31": "$27", "2009-09-30": "$33", "2009-06-30": "$26", "2009-03-31": "$18", "2008-12-31": "$26", "2008-09-30": "$35", "2008-06-30": "$23", "2008-03-31": "$14", "2007-12-31": "$25", "2007-09-30": "$30", "2007-06-30": "$24", "2007-03-31": "$17", "2006-12-31": "$26", "2006-09-30": "$27", "2006-06-30": "$22", "2006-03-31": "$17", "2005-12-31": "$22", "2005-09-30": "$28", "2005-06-30": "$22", "2005-03-31": "$19"}}, "eps-earnings-per-share-diluted": {"Essential Utilities Annual EPS": {"2019": "$1.04", "2018": "$1.08", "2017": "$1.35", "2016": "$1.32", "2015": "$1.14", "2014": "$1.31", "2013": "$1.25", "2012": "$1.12", "2011": "$0.83", "2010": "$0.72", "2009": "$0.62", "2008": "$0.58", "2007": "$0.57", "2006": "$0.56", "2005": "$0.57"}, "Essential Utilities Quarterly EPS": {"2020-09-30": "$0.22", "2020-06-30": "$0.29", "2020-03-31": "$0.20", "2019-12-31": "$0.32", "2019-09-30": "$0.38", "2019-06-30": "$0.25", "2019-03-31": "$0.09", "2018-12-31": "$-0.02", "2018-09-30": "$0.44", "2018-06-30": "$0.37", "2018-03-31": "$0.29", "2017-12-31": "$0.30", "2017-09-30": "$0.43", "2017-06-30": "$0.34", "2017-03-31": "$0.28", "2016-12-31": "$0.29", "2016-09-30": "$0.41", "2016-06-30": "$0.33", "2016-03-31": "$0.29", "2015-12-31": "$0.17", "2015-09-30": "$0.38", "2015-06-30": "$0.32", "2015-03-31": "$0.27", "2014-12-31": "$0.38", "2014-09-30": "$0.38", "2014-06-30": "$0.31", "2014-03-31": "$0.24", "2013-12-31": "$0.33", "2013-09-30": "$0.36", "2013-06-30": "$0.30", "2013-03-31": "$0.26", "2012-12-31": "$0.37", "2012-09-30": "$0.29", "2012-06-30": "$0.24", "2012-03-31": "$0.22", "2011-12-31": "$0.20", "2011-09-30": "$0.24", "2011-06-30": "$0.22", "2011-03-31": "$0.18", "2010-12-31": "$0.16", "2010-09-30": "$0.26", "2010-06-30": "$0.18", "2010-03-31": "$0.13", "2009-12-31": "$0.15", "2009-09-30": "$0.20", "2009-06-30": "$0.15", "2009-03-31": "$0.11", "2008-12-31": "$0.15", "2008-09-30": "$0.21", "2008-06-30": "$0.14", "2008-03-31": "$0.09", "2007-12-31": "$0.14", "2007-09-30": "$0.18", "2007-06-30": "$0.14", "2007-03-31": "$0.10", "2006-12-31": "$0.15", "2006-09-30": "$0.17", "2006-06-30": "$0.14", "2006-03-31": "$0.10", "2005-12-31": "$0.14", "2005-09-30": "$0.17", "2005-06-30": "$0.14", "2005-03-31": "$0.12"}}, "shares-outstanding": {"Essential Utilities Annual Shares Outstanding (Millions of Shares)": {"2019": "216", "2018": "178", "2017": "178", "2016": "178", "2015": "178", "2014": "178", "2013": "177", "2012": "175", "2011": "173", "2010": "172", "2009": "170", "2008": "168", "2007": "167", "2006": "165", "2005": "162"}, "Essential Utilities Quarterly Shares Outstanding (Millions of Shares)": {"2020-09-30": "255", "2020-06-30": "254", "2020-03-31": "255", "2019-12-31": "216", "2019-09-30": "232", "2019-06-30": "220", "2019-03-31": "179", "2018-12-31": "178", "2018-09-30": "178", "2018-06-30": "178", "2018-03-31": "178", "2017-12-31": "178", "2017-09-30": "178", "2017-06-30": "178", "2017-03-31": "178", "2016-12-31": "178", "2016-09-30": "178", "2016-06-30": "178", "2016-03-31": "178", "2015-12-31": "178", "2015-09-30": "177", "2015-06-30": "178", "2015-03-31": "178", "2014-12-31": "178", "2014-09-30": "178", "2014-06-30": "178", "2014-03-31": "178", "2013-12-31": "177", "2013-09-30": "178", "2013-06-30": "177", "2013-03-31": "176", "2012-12-31": "175", "2012-09-30": "176", "2012-06-30": "175", "2012-03-31": "174", "2011-12-31": "173", "2011-09-30": "174", "2011-06-30": "173", "2011-03-31": "173", "2010-12-31": "172", "2010-09-30": "172", "2010-06-30": "171", "2010-03-31": "171", "2009-12-31": "170", "2009-09-30": "170", "2009-06-30": "170", "2009-03-31": "170", "2008-12-31": "168", "2008-09-30": "169", "2008-06-30": "168", "2008-03-31": "167", "2007-12-31": "167", "2007-09-30": "167", "2007-06-30": "167", "2007-03-31": "167", "2006-12-31": "165", "2006-09-30": "166", "2006-06-30": "164", "2006-03-31": "164", "2005-12-31": "162", "2005-09-30": "163", "2005-06-30": "162", "2005-03-31": "161"}}, "total-assets": {"Essential Utilities Annual Total Assets (Millions of US $)": {"2019": "$9,362", "2018": "$6,964", "2017": "$6,332", "2016": "$6,159", "2015": "$5,718", "2014": "$5,407", "2013": "$5,052", "2012": "$4,859", "2011": "$4,348", "2010": "$4,072", "2009": "$3,750", "2008": "$3,498", "2007": "$3,227", "2006": "$2,878", "2005": "$2,635"}, "Essential Utilities Quarterly Total Assets (Millions of US $)": {"2020-09-30": "$13,399", "2020-06-30": "$13,028", "2020-03-31": "$12,929", "2019-12-31": "$9,362", "2019-09-30": "$9,341", "2019-06-30": "$9,180", "2019-03-31": "$7,081", "2018-12-31": "$6,964", "2018-09-30": "$6,757", "2018-06-30": "$6,570", "2018-03-31": "$6,404", "2017-12-31": "$6,332", "2017-09-30": "$6,545", "2017-06-30": "$6,384", "2017-03-31": "$6,236", "2016-12-31": "$6,159", "2016-09-30": "$6,036", "2016-06-30": "$5,923", "2016-03-31": "$5,815", "2015-12-31": "$5,718", "2015-09-30": "$5,701", "2015-06-30": "$5,600", "2015-03-31": "$5,478", "2014-12-31": "$5,407", "2014-09-30": "$5,307", "2014-06-30": "$5,192", "2014-03-31": "$5,100", "2013-12-31": "$5,052", "2013-09-30": "$5,074", "2013-06-30": "$4,958", "2013-03-31": "$4,865", "2012-12-31": "$4,859", "2012-09-30": "$4,487", "2012-06-30": "$4,420", "2012-03-31": "$4,319", "2011-12-31": "$4,348", "2011-09-30": "$4,228", "2011-06-30": "$4,193", "2011-03-31": "$4,112", "2010-12-31": "$4,072", "2010-09-30": "$3,913", "2010-06-30": "$3,867", "2010-03-31": "$3,778", "2009-12-31": "$3,750", "2009-09-30": "$3,625", "2009-06-30": "$3,530", "2009-03-31": "$3,482", "2008-12-31": "$3,498", "2008-09-30": "$3,364", "2008-06-30": "$3,294", "2008-03-31": "$3,226", "2007-12-31": "$3,227", "2007-09-30": "$3,134", "2007-06-30": "$3,077", "2007-03-31": "$3,006", "2006-12-31": "$2,878", "2006-09-30": "$2,756", "2006-06-30": "$2,713", "2006-03-31": "$2,691", "2005-12-31": "$2,635", "2005-09-30": "$2,512", "2005-06-30": "$2,468", "2005-03-31": "$2,349"}}, "cash-on-hand": {"Essential Utilities Annual Cash on Hand (Millions of US $)": {"2019": "$1,869", "2018": "$4", "2017": "$4", "2016": "$4", "2015": "$3", "2014": "$4", "2013": "$5", "2012": "$6", "2011": "$8", "2010": "$6", "2009": "$22", "2008": "$15", "2007": "$15", "2006": "$44", "2005": "$12"}, "Essential Utilities Quarterly Cash on Hand (Millions of US $)": {"2020-09-30": "$8", "2020-06-30": "$7", "2020-03-31": "$32", "2019-12-31": "$1,869", "2019-09-30": "$2,031", "2019-06-30": "$1,974", "2019-03-31": "$4", "2018-12-31": "$4", "2018-09-30": "$4", "2018-06-30": "$53", "2018-03-31": "$3", "2017-12-31": "$4", "2017-09-30": "$4", "2017-06-30": "$8", "2017-03-31": "$4", "2016-12-31": "$4", "2016-09-30": "$4", "2016-06-30": "$5", "2016-03-31": "$4", "2015-12-31": "$3", "2015-09-30": "$4", "2015-06-30": "$5", "2015-03-31": "$9", "2014-12-31": "$4", "2014-09-30": "$5", "2014-06-30": "$4", "2014-03-31": "$18", "2013-12-31": "$5", "2013-09-30": "$6", "2013-06-30": "$4", "2013-03-31": "$19", "2012-12-31": "$6", "2012-09-30": "$6", "2012-06-30": "$5", "2012-03-31": "$5", "2011-12-31": "$8", "2011-09-30": "$8", "2011-06-30": "$7", "2011-03-31": "$7", "2010-12-31": "$6", "2010-09-30": "$14", "2010-06-30": "$13", "2010-03-31": "$15", "2009-12-31": "$22", "2009-09-30": "$18", "2009-06-30": "$14", "2009-03-31": "$17", "2008-12-31": "$15", "2008-09-30": "$16", "2008-06-30": "$15", "2008-03-31": "$17", "2007-12-31": "$15", "2007-09-30": "$16", "2007-06-30": "$11", "2007-03-31": "$15", "2006-12-31": "$44", "2006-09-30": "$14", "2006-06-30": "$9", "2006-03-31": "$51", "2005-12-31": "$12", "2005-09-30": "$9", "2005-06-30": "$5", "2005-03-31": "$17"}}, "long-term-debt": {"Essential Utilities Annual Long Term Debt (Millions of US $)": {"2019": "$2,943", "2018": "$2,398", "2017": "$2,008", "2016": "$1,738", "2015": "$1,720", "2014": "$1,561", "2013": "$1,469", "2012": "$1,544", "2011": "$1,395", "2010": "$1,491", "2009": "$1,387", "2008": "$1,248", "2007": "$1,215", "2006": "$952", "2005": "$878"}, "Essential Utilities Quarterly Long Term Debt (Millions of US $)": {"2020-09-30": "$5,153", "2020-06-30": "$5,175", "2020-03-31": "$4,729", "2019-12-31": "$2,943", "2019-09-30": "$2,898", "2019-06-30": "$2,749", "2019-03-31": "$2,463", "2018-12-31": "$2,398", "2018-09-30": "$2,266", "2018-06-30": "$2,181", "2018-03-31": "$2,063", "2017-12-31": "$2,008", "2017-09-30": "$1,952", "2017-06-30": "$1,823", "2017-03-31": "$1,798", "2016-12-31": "$1,738", "2016-09-30": "$1,726", "2016-06-30": "$1,776", "2016-03-31": "$1,744", "2015-12-31": "$1,720", "2015-09-30": "$1,681", "2015-06-30": "$1,661", "2015-03-31": "$1,595", "2014-12-31": "$1,561", "2014-09-30": "$1,560", "2014-06-30": "$1,481", "2014-03-31": "$1,498", "2013-12-31": "$1,469", "2013-09-30": "$1,439", "2013-06-30": "$1,490", "2013-03-31": "$1,464", "2012-12-31": "$1,544", "2012-09-30": "$1,520", "2012-06-30": "$1,569", "2012-03-31": "$1,437", "2011-12-31": "$1,395", "2011-09-30": "$1,402", "2011-06-30": "$1,469", "2011-03-31": "$1,530", "2010-12-31": "$1,491", "2010-09-30": "$1,450", "2010-06-30": "$1,462", "2010-03-31": "$1,393", "2009-12-31": "$1,387", "2009-09-30": "$1,265", "2009-06-30": "$1,228", "2009-03-31": "$1,226", "2008-12-31": "$1,248", "2008-09-30": "$1,211", "2008-06-30": "$1,212", "2008-03-31": "$1,214", "2007-12-31": "$1,215", "2007-09-30": "$1,038", "2007-06-30": "$1,040", "2007-03-31": "$1,049", "2006-12-31": "$952", "2006-09-30": "$917", "2006-06-30": "$907", "2006-03-31": "$916", "2005-12-31": "$878", "2005-09-30": "$854", "2005-06-30": "$845", "2005-03-31": "$811"}}, "total-liabilities": {"Essential Utilities Annual Total Liabilities (Millions of US $)": {"2019": "$5,481", "2018": "$4,955", "2017": "$4,375", "2016": "$4,309", "2015": "$3,992", "2014": "$3,751", "2013": "$3,517", "2012": "$3,473", "2011": "$3,097", "2010": "$2,898", "2009": "$2,640", "2008": "$2,437", "2007": "$2,251", "2006": "$1,956", "2005": "$1,823"}, "Essential Utilities Quarterly Total Liabilities (Millions of US $)": {"2020-09-30": "$8,764", "2020-06-30": "$8,393", "2020-03-31": "$8,316", "2019-12-31": "$5,481", "2019-09-30": "$5,478", "2019-06-30": "$5,356", "2019-03-31": "$5,088", "2018-12-31": "$4,955", "2018-09-30": "$4,711", "2018-06-30": "$4,566", "2018-03-31": "$4,432", "2017-12-31": "$4,375", "2017-09-30": "$4,607", "2017-06-30": "$4,487", "2017-03-31": "$4,368", "2016-12-31": "$4,309", "2016-09-30": "$4,204", "2016-06-30": "$4,132", "2016-03-31": "$4,055", "2015-12-31": "$3,992", "2015-09-30": "$3,973", "2015-06-30": "$3,897", "2015-03-31": "$3,801", "2014-12-31": "$3,751", "2014-09-30": "$3,692", "2014-06-30": "$3,605", "2014-03-31": "$3,546", "2013-12-31": "$3,517", "2013-09-30": "$3,574", "2013-06-30": "$3,530", "2013-03-31": "$3,447", "2012-12-31": "$3,473", "2012-09-30": "$3,172", "2012-06-30": "$3,118", "2012-03-31": "$3,046", "2011-12-31": "$3,097", "2011-09-30": "$3,015", "2011-06-30": "$2,981", "2011-03-31": "$2,920", "2010-12-31": "$2,898", "2010-09-30": "$2,774", "2010-06-30": "$2,737", "2010-03-31": "$2,663", "2009-12-31": "$2,640", "2009-09-30": "$2,547", "2009-06-30": "$2,453", "2009-03-31": "$2,417", "2008-12-31": "$2,437", "2008-09-30": "$2,336", "2008-06-30": "$2,272", "2008-03-31": "$2,245", "2007-12-31": "$2,251", "2007-09-30": "$2,169", "2007-06-30": "$2,132", "2007-03-31": "$2,077", "2006-12-31": "$1,956", "2006-09-30": "$1,869", "2006-06-30": "$1,838", "2006-03-31": "$1,867", "2005-12-31": "$1,823", "2005-09-30": "$1,731", "2005-06-30": "$1,694", "2005-03-31": "$1,588"}}, "total-share-holder-equity": {"Essential Utilities Annual Share Holder Equity (Millions of US $)": {"2019": "$3,881", "2018": "$2,009", "2017": "$1,958", "2016": "$1,850", "2015": "$1,726", "2014": "$1,655", "2013": "$1,535", "2012": "$1,386", "2011": "$1,252", "2010": "$1,175", "2009": "$1,109", "2008": "$1,061", "2007": "$976", "2006": "$922", "2005": "$812"}, "Essential Utilities Quarterly Share Holder Equity (Millions of US $)": {"2020-09-30": "$4,636", "2020-06-30": "$4,636", "2020-03-31": "$4,613", "2019-12-31": "$3,881", "2019-09-30": "$3,863", "2019-06-30": "$3,825", "2019-03-31": "$1,993", "2018-12-31": "$2,009", "2018-09-30": "$2,046", "2018-06-30": "$2,004", "2018-03-31": "$1,972", "2017-12-31": "$1,958", "2017-09-30": "$1,938", "2017-06-30": "$1,897", "2017-03-31": "$1,867", "2016-12-31": "$1,850", "2016-09-30": "$1,832", "2016-06-30": "$1,791", "2016-03-31": "$1,761", "2015-12-31": "$1,726", "2015-09-30": "$1,729", "2015-06-30": "$1,703", "2015-03-31": "$1,676", "2014-12-31": "$1,655", "2014-09-30": "$1,615", "2014-06-30": "$1,586", "2014-03-31": "$1,554", "2013-12-31": "$1,535", "2013-09-30": "$1,500", "2013-06-30": "$1,428", "2013-03-31": "$1,418", "2012-12-31": "$1,386", "2012-09-30": "$1,315", "2012-06-30": "$1,303", "2012-03-31": "$1,273", "2011-12-31": "$1,252", "2011-09-30": "$1,213", "2011-06-30": "$1,212", "2011-03-31": "$1,193", "2010-12-31": "$1,175", "2010-09-30": "$1,140", "2010-06-30": "$1,130", "2010-03-31": "$1,116", "2009-12-31": "$1,109", "2009-09-30": "$1,078", "2009-06-30": "$1,078", "2009-03-31": "$1,065", "2008-12-31": "$1,061", "2008-09-30": "$1,028", "2008-06-30": "$1,022", "2008-03-31": "$981", "2007-12-31": "$976", "2007-09-30": "$965", "2007-06-30": "$944", "2007-03-31": "$928", "2006-12-31": "$922", "2006-09-30": "$887", "2006-06-30": "$875", "2006-03-31": "$824", "2005-12-31": "$812", "2005-09-30": "$780", "2005-06-30": "$773", "2005-03-31": "$760"}}, "profit-margins": {"current": "20.28%"}, "gross margin": {"2020-09-30": "93.99%", "2020-06-30": "94.95%", "2020-03-31": "98.62%", "2019-12-31": "100.00%", "2019-09-30": "100.00%", "2019-06-30": "100.00%", "2019-03-31": "100.00%", "2018-12-31": "100.00%", "2018-09-30": "100.00%", "2018-06-30": "100.00%", "2018-03-31": "100.00%", "2017-12-31": "100.00%", "2017-09-30": "100.00%", "2017-06-30": "100.00%", "2017-03-31": "100.00%", "2016-12-31": "100.00%", "2016-09-30": "100.00%", "2016-06-30": "100.00%", "2016-03-31": "100.00%", "2015-12-31": "100.00%", "2015-09-30": "100.00%", "2015-06-30": "100.00%", "2015-03-31": "100.00%", "2014-12-31": "100.00%", "2014-09-30": "100.00%", "2014-06-30": "100.00%", "2014-03-31": "100.00%", "2013-12-31": "100.00%", "2013-09-30": "100.00%", "2013-06-30": "100.00%", "2013-03-31": "100.00%", "2012-12-31": "100.00%", "2012-09-30": "100.00%", "2012-06-30": "100.00%", "2012-03-31": "100.00%", "2011-12-31": "100.00%", "2011-09-30": "100.00%", "2011-06-30": "100.00%", "2011-03-31": "100.00%", "2010-12-31": "100.00%", "2010-09-30": "100.00%", "2010-06-30": "100.00%", "2010-03-31": "100.00%", "2009-12-31": "100.00%", "2009-09-30": "100.00%", "2009-06-30": "100.00%", "2009-03-31": "100.00%", "2008-12-31": "100.00%", "2008-09-30": "100.00%", "2008-06-30": "100.00%", "2008-03-31": "100.00%", "2007-12-31": "100.00%", "2007-09-30": "100.00%", "2007-06-30": "100.00%", "2007-03-31": "100.00%", "2006-12-31": "100.00%", "2006-09-30": "100.00%", "2006-06-30": "100.00%", "2006-03-31": "100.00%", "2005-12-31": "100.00%"}, "operating margin": {"2020-09-30": "31.77%", "2020-06-30": "34.86%", "2020-03-31": "36.51%", "2019-12-31": "38.09%", "2019-09-30": "36.44%", "2019-06-30": "36.97%", "2019-03-31": "37.99%", "2018-12-31": "38.54%", "2018-09-30": "40.48%", "2018-06-30": "40.41%", "2018-03-31": "40.74%", "2017-12-31": "41.29%", "2017-09-30": "41.84%", "2017-06-30": "41.10%", "2017-03-31": "40.69%", "2016-12-31": "40.56%", "2016-09-30": "39.95%", "2016-06-30": "39.88%", "2016-03-31": "39.41%", "2015-12-31": "39.43%", "2015-09-30": "39.48%", "2015-06-30": "39.97%", "2015-03-31": "40.53%", "2014-12-31": "40.38%", "2014-09-30": "40.08%", "2014-06-30": "39.37%", "2014-03-31": "39.43%", "2013-12-31": "39.63%", "2013-09-30": "39.87%", "2013-06-30": "41.15%", "2013-03-31": "42.17%", "2012-12-31": "42.34%", "2012-09-30": "42.90%", "2012-06-30": "42.37%", "2012-03-31": "41.19%", "2011-12-31": "41.05%", "2011-09-30": "42.06%", "2011-06-30": "41.33%", "2011-03-31": "40.27%", "2010-12-31": "38.94%", "2010-09-30": "37.86%", "2010-06-30": "36.71%", "2010-03-31": "36.25%", "2009-12-31": "36.02%", "2009-09-30": "35.50%", "2009-06-30": "36.32%", "2009-03-31": "36.29%", "2008-12-31": "36.04%", "2008-09-30": "35.71%", "2008-06-30": "34.77%", "2008-03-31": "35.10%", "2007-12-31": "35.88%", "2007-09-30": "37.12%", "2007-06-30": "37.41%", "2007-03-31": "37.79%", "2006-12-31": "38.58%", "2006-09-30": "37.88%", "2006-06-30": "38.43%", "2006-03-31": "38.92%", "2005-12-31": "39.64%"}, "ebitda margin": {"2020-09-30": "50.53%", "2020-06-30": "52.70%", "2020-03-31": "53.97%", "2019-12-31": "55.84%", "2019-09-30": "54.02%", "2019-06-30": "54.69%", "2019-03-31": "55.86%", "2018-12-31": "56.09%", "2018-09-30": "57.96%", "2018-06-30": "57.65%", "2018-03-31": "57.67%", "2017-12-31": "58.10%", "2017-09-30": "58.66%", "2017-06-30": "57.67%", "2017-03-31": "57.23%", "2016-12-31": "56.88%", "2016-09-30": "56.03%", "2016-06-30": "55.95%", "2016-03-31": "55.32%", "2015-12-31": "55.28%", "2015-09-30": "55.45%", "2015-06-30": "55.76%", "2015-03-31": "56.54%", "2014-12-31": "56.54%", "2014-09-30": "56.31%", "2014-06-30": "55.93%", "2014-03-31": "55.74%", "2013-12-31": "55.77%", "2013-09-30": "55.89%", "2013-06-30": "56.64%", "2013-03-31": "57.57%", "2012-12-31": "57.79%", "2012-09-30": "58.34%", "2012-06-30": "57.77%", "2012-03-31": "56.77%", "2011-12-31": "56.62%", "2011-09-30": "58.09%", "2011-06-30": "57.77%", "2011-03-31": "57.01%", "2010-12-31": "55.91%", "2010-09-30": "54.90%", "2010-06-30": "54.22%", "2010-03-31": "53.75%", "2009-12-31": "53.71%", "2009-09-30": "52.27%", "2009-06-30": "52.43%", "2009-03-31": "51.87%", "2008-12-31": "51.04%", "2008-09-30": "50.65%", "2008-06-30": "49.83%", "2008-03-31": "50.00%", "2007-12-31": "50.50%", "2007-09-30": "51.53%", "2007-06-30": "51.57%", "2007-03-31": "51.90%", "2006-12-31": "52.62%", "2006-09-30": "51.73%", "2006-06-30": "52.16%", "2006-03-31": "52.30%", "2005-12-31": "52.72%"}, "pre tax profit margin": {"2020-09-30": "20.00%", "2020-06-30": "24.32%", "2020-03-31": "26.24%", "2019-12-31": "23.82%", "2019-09-30": "14.94%", "2019-06-30": "14.67%", "2019-03-31": "16.33%", "2018-12-31": "21.24%", "2018-09-30": "30.54%", "2018-06-30": "30.70%", "2018-03-31": "31.17%", "2017-12-31": "31.77%", "2017-09-30": "31.51%", "2017-06-30": "31.29%", "2017-03-31": "31.00%", "2016-12-31": "31.18%", "2016-09-30": "27.53%", "2016-06-30": "27.12%", "2016-03-31": "26.68%", "2015-12-31": "26.54%", "2015-09-30": "30.45%", "2015-06-30": "30.83%", "2015-03-31": "31.13%", "2014-12-31": "30.77%", "2014-09-30": "30.28%", "2014-06-30": "29.34%", "2014-03-31": "29.24%", "2013-12-31": "29.40%", "2013-09-30": "29.93%", "2013-06-30": "31.51%", "2013-03-31": "32.77%", "2012-12-31": "32.89%", "2012-09-30": "32.97%", "2012-06-30": "32.10%", "2012-03-31": "30.71%", "2011-12-31": "30.71%", "2011-09-30": "31.47%", "2011-06-30": "30.92%", "2011-03-31": "30.02%", "2010-12-31": "28.94%", "2010-09-30": "28.21%", "2010-06-30": "27.04%", "2010-03-31": "26.56%", "2009-12-31": "26.07%", "2009-09-30": "25.83%", "2009-06-30": "26.60%", "2009-03-31": "26.48%", "2008-12-31": "26.00%", "2008-09-30": "25.97%", "2008-06-30": "24.83%", "2008-03-31": "25.00%", "2007-12-31": "25.75%", "2007-09-30": "26.78%", "2007-06-30": "27.10%", "2007-03-31": "27.67%", "2006-12-31": "28.65%", "2006-09-30": "27.88%", "2006-06-30": "28.43%", "2006-03-31": "28.94%", "2005-12-31": "29.78%"}, "net profit margin": {"2020-09-30": "20.33%", "2020-06-30": "25.14%", "2020-03-31": "27.41%", "2019-12-31": "25.17%", "2019-09-30": "17.93%", "2019-06-30": "17.14%", "2019-03-31": "18.70%", "2018-12-31": "22.91%", "2018-09-30": "29.82%", "2018-06-30": "29.98%", "2018-03-31": "29.57%", "2017-12-31": "29.54%", "2017-09-30": "29.39%", "2017-06-30": "28.59%", "2017-03-31": "28.43%", "2016-12-31": "28.62%", "2016-09-30": "25.94%", "2016-06-30": "25.40%", "2016-03-31": "24.97%", "2015-12-31": "24.69%", "2015-09-30": "29.70%", "2015-06-30": "30.20%", "2015-03-31": "30.50%", "2014-12-31": "30.00%", "2014-09-30": "28.99%", "2014-06-30": "28.81%", "2014-03-31": "28.59%", "2013-12-31": "29.27%", "2013-09-30": "30.73%", "2013-06-30": "28.52%", "2013-03-31": "26.89%", "2012-12-31": "26.23%", "2012-09-30": "22.62%", "2012-06-30": "21.97%", "2012-03-31": "21.98%", "2011-12-31": "20.82%", "2011-09-30": "20.88%", "2011-06-30": "21.27%", "2011-03-31": "20.06%", "2010-12-31": "18.94%", "2010-09-30": "18.55%", "2010-06-30": "17.20%", "2010-03-31": "16.88%", "2009-12-31": "16.43%", "2009-09-30": "15.56%", "2009-06-30": "15.96%", "2009-03-31": "15.89%", "2008-12-31": "15.63%", "2008-09-30": "15.75%", "2008-06-30": "15.23%", "2008-03-31": "15.40%", "2007-12-31": "15.95%", "2007-09-30": "16.44%", "2007-06-30": "16.43%", "2007-03-31": "16.64%", "2006-12-31": "17.23%", "2006-09-30": "16.92%", "2006-06-30": "17.45%", "2006-03-31": "17.76%", "2005-12-31": "18.31%"}, "pe ratio": {"current": "32.97", "2021-02-05": "48.62", "2020-09-30": "40.43", "2020-06-30": "36.33", "2020-03-31": "36.05", "2019-12-31": "45.94", "2019-09-30": "62.35", "2019-06-30": "52.71", "2019-03-31": "39.87", "2018-12-31": "30.30", "2018-09-30": "25.06", "2018-06-30": "23.92", "2018-03-31": "23.53", "2017-12-31": "27.14", "2017-09-30": "23.17", "2017-06-30": "23.46", "2017-03-31": "22.69", "2016-12-31": "20.91", "2016-09-30": "23.20", "2016-06-30": "27.68", "2016-03-31": "24.77", "2015-12-31": "23.48", "2015-09-30": "17.35", "2015-06-30": "15.95", "2015-03-31": "17.18", "2014-12-31": "17.69", "2014-09-30": "16.24", "2014-06-30": "18.26", "2014-03-31": "17.44", "2013-12-31": "16.00", "2013-09-30": "15.90", "2013-06-30": "16.93", "2013-03-31": "17.85", "2012-12-31": "14.95", "2012-09-30": "17.36", "2012-06-30": "18.32", "2012-03-31": "16.69", "2011-12-31": "17.18", "2011-09-30": "17.18", "2011-06-30": "17.04", "2011-03-31": "18.53", "2010-12-31": "19.26", "2010-09-30": "17.54", "2010-06-30": "16.36", "2010-03-31": "16.73", "2009-12-31": "16.95", "2009-09-30": "17.13", "2009-06-30": "17.02", "2009-03-31": "19.35", "2008-12-31": "20.60", "2008-09-30": "17.67", "2008-06-30": "16.67", "2008-03-31": "19.18", "2007-12-31": "20.91", "2007-09-30": "22.24", "2007-06-30": "22.24", "2007-03-31": "22.40", "2006-12-31": "22.61"}, "price sales": {"2021-02-05": "9.77", "2020-09-30": "8.12", "2020-06-30": "9.07", "2020-03-31": "9.78", "2019-12-31": "10.89", "2019-09-30": "10.09", "2019-06-30": "8.82", "2019-03-31": "7.41", "2018-12-31": "6.96", "2018-09-30": "7.48", "2018-06-30": "7.19", "2018-03-31": "6.98", "2017-12-31": "8.06", "2017-09-30": "6.83", "2017-06-30": "6.71", "2017-03-31": "6.44", "2016-12-31": "5.94", "2016-09-30": "5.99", "2016-06-30": "7.00", "2016-03-31": "6.20", "2015-12-31": "5.79", "2015-09-30": "5.15", "2015-06-30": "4.80", "2015-03-31": "5.20", "2014-12-31": "5.29", "2014-09-30": "4.65", "2014-06-30": "5.20", "2014-03-31": "4.94", "2013-12-31": "4.64", "2013-09-30": "4.86", "2013-06-30": "4.80", "2013-03-31": "4.80", "2012-12-31": "3.92", "2012-09-30": "3.92", "2012-06-30": "4.04", "2012-03-31": "3.64", "2011-12-31": "3.57", "2011-09-30": "3.60", "2011-06-30": "3.62", "2011-03-31": "3.73", "2010-12-31": "3.64", "2010-09-30": "3.26", "2010-06-30": "2.85", "2010-03-31": "2.85", "2009-12-31": "2.84", "2009-09-30": "2.70", "2009-06-30": "2.73", "2009-03-31": "3.09", "2008-12-31": "3.23", "2008-09-30": "2.81", "2008-06-30": "2.55", "2008-03-31": "2.97", "2007-12-31": "3.34", "2007-09-30": "3.61", "2007-06-30": "3.67", "2007-03-31": "3.75", "2006-12-31": "3.90"}, "price book": {"current": "2.55", "2021-02-05": "2.55", "2020-09-30": "2.12", "2020-06-30": "2.21", "2020-03-31": "2.13", "2019-12-31": "2.61", "2019-09-30": "2.44", "2019-06-30": "2.26", "2019-03-31": "3.14", "2018-12-31": "2.90", "2018-09-30": "3.05", "2018-06-30": "2.95", "2018-03-31": "2.89", "2017-12-31": "3.33", "2017-09-30": "2.83", "2017-06-30": "2.88", "2017-03-31": "2.81", "2016-12-31": "2.63", "2016-09-30": "2.67", "2016-06-30": "3.18", "2016-03-31": "2.87", "2015-12-31": "2.71", "2015-09-30": "2.39", "2015-06-30": "2.24", "2015-03-31": "2.43", "2014-12-31": "2.47", "2014-09-30": "2.22", "2014-06-30": "2.51", "2014-03-31": "2.43", "2013-12-31": "2.30", "2013-09-30": "2.45", "2013-06-30": "2.58", "2013-03-31": "2.59", "2012-12-31": "2.12", "2012-09-30": "2.16", "2012-06-30": "2.18", "2012-03-31": "1.97", "2011-12-31": "1.96", "2011-09-30": "1.96", "2011-06-30": "1.98", "2011-03-31": "2.08", "2010-12-31": "2.06", "2010-09-30": "1.91", "2010-06-30": "1.65", "2010-03-31": "1.64", "2009-12-31": "1.63", "2009-09-30": "1.67", "2009-06-30": "1.67", "2009-03-31": "1.87", "2008-12-31": "1.92", "2008-09-30": "1.70", "2008-06-30": "1.53", "2008-03-31": "1.83", "2007-12-31": "2.06", "2007-09-30": "2.21", "2007-06-30": "2.22", "2007-03-31": "2.24", "2006-12-31": "2.27", "2006-09-30": "2.27", "2006-06-30": "2.35", "2006-03-31": "2.99"}, "price fcf": {"2021-02-05": "", "2020-09-30": "$-14.61", "2020-06-30": "$-14.24", "2020-03-31": "$-14.54", "2019-12-31": "$-1.24", "2019-09-30": "$-1.41", "2019-06-30": "$-2.08", "2019-03-31": "$-1.74", "2018-12-31": "$-1.53", "2018-09-30": "$-1.08", "2018-06-30": "$-0.52", "2018-03-31": "$-0.59", "2017-12-31": "$-0.57", "2017-09-30": "$-0.38", "2017-06-30": "$-0.30", "2017-03-31": "$-0.12", "2016-12-31": "$0.06", "2016-09-30": "$-0.01", "2016-06-30": "$0.04", "2016-03-31": "$-0.12", "2015-12-31": "$-0.13", "2015-09-30": "$-0.12", "2015-06-30": "$-0.09", "2015-03-31": "$0.08", "2014-12-31": "$0.12", "2014-09-30": "$0.22", "2014-06-30": "$0.31", "2014-03-31": "$0.32", "2013-12-31": "$0.28", "2013-09-30": "$0.37", "2013-06-30": "$0.24", "2013-03-31": "$-0.44", "2012-12-31": "$-0.55", "2012-09-30": "$-0.53", "2012-06-30": "$-0.44", "2012-03-31": "$0.16", "2011-12-31": "$0.26", "2011-09-30": "$0.13", "2011-06-30": "$-0.06", "2011-03-31": "$-0.18", "2010-12-31": "$-0.29", "2010-09-30": "$-0.26", "2010-06-30": "$-0.27", "2010-03-31": "$-0.10", "2009-12-31": "$-0.10", "2009-09-30": "$-0.16", "2009-06-30": "$-0.19", "2009-03-31": "$-0.26", "2008-12-31": "$-0.24", "2008-09-30": "$-0.20", "2008-06-30": "$-0.11", "2008-03-31": "$-0.26", "2007-12-31": "$-0.53", "2007-09-30": "$-0.60", "2007-06-30": "$-0.73", "2007-03-31": "$-0.70", "2006-12-31": "$-0.68"}, "net worth": {"value": "$11.8B"}, "current ratio": {"current": "0.47", "2020-09-30": "0.47", "2020-06-30": "0.70", "2020-03-31": "0.45", "2019-12-31": "6.23", "2019-09-30": "6.19", "2019-06-30": "5.31", "2019-03-31": "0.33", "2018-12-31": "0.37", "2018-09-30": "0.52", "2018-06-30": "0.75", "2018-03-31": "0.48", "2017-12-31": "0.46", "2017-09-30": "0.55", "2017-06-30": "0.42", "2017-03-31": "0.44", "2016-12-31": "0.43", "2016-09-30": "0.56", "2016-06-30": "0.74", "2016-03-31": "0.70", "2015-12-31": "0.66", "2015-09-30": "0.78", "2015-06-30": "0.86", "2015-03-31": "0.80", "2014-12-31": "0.68", "2014-09-30": "0.88", "2014-06-30": "0.73", "2014-03-31": "0.85", "2013-12-31": "0.72", "2013-09-30": "0.67", "2013-06-30": "0.72", "2013-03-31": "0.71", "2012-12-31": "0.95", "2012-09-30": "0.73", "2012-06-30": "0.69", "2012-03-31": "0.75", "2011-12-31": "0.91", "2011-09-30": "0.78", "2011-06-30": "0.58", "2011-03-31": "0.75", "2010-12-31": "0.93", "2010-09-30": "0.72", "2010-06-30": "0.60", "2010-03-31": "0.54", "2009-12-31": "0.61", "2009-09-30": "0.54", "2009-06-30": "0.60", "2009-03-31": "0.60", "2008-12-31": "0.63", "2008-09-30": "0.60", "2008-06-30": "0.73", "2008-03-31": "0.63", "2007-12-31": "0.63", "2007-09-30": "0.41", "2007-06-30": "0.42", "2007-03-31": "0.45", "2006-12-31": "0.53", "2006-09-30": "0.42", "2006-06-30": "0.44", "2006-03-31": "0.47", "2005-12-31": "0.36", "2005-09-30": "0.39", "2005-06-30": "0.36", "2005-03-31": "0.47"}, "quick ratio": {"2020-09-30": "0.37", "2020-06-30": "0.59", "2020-03-31": "0.40", "2019-12-31": "6.17", "2019-09-30": "6.14", "2019-06-30": "5.27", "2019-03-31": "0.29", "2018-12-31": "0.33", "2018-09-30": "0.46", "2018-06-30": "0.68", "2018-03-31": "0.42", "2017-12-31": "0.41", "2017-09-30": "0.48", "2017-06-30": "0.37", "2017-03-31": "0.39", "2016-12-31": "0.38", "2016-09-30": "0.51", "2016-06-30": "0.67", "2016-03-31": "0.63", "2015-12-31": "0.60", "2015-09-30": "0.72", "2015-06-30": "0.80", "2015-03-31": "0.74", "2014-12-31": "0.62", "2014-09-30": "0.83", "2014-06-30": "0.68", "2014-03-31": "0.80", "2013-12-31": "0.68", "2013-09-30": "0.63", "2013-06-30": "0.68", "2013-03-31": "0.67", "2012-12-31": "0.91", "2012-09-30": "0.69", "2012-06-30": "0.64", "2012-03-31": "0.72", "2011-12-31": "0.88", "2011-09-30": "0.76", "2011-06-30": "0.54", "2011-03-31": "0.70", "2010-12-31": "0.90", "2010-09-30": "0.67", "2010-06-30": "0.55", "2010-03-31": "0.49", "2009-12-31": "0.56", "2009-09-30": "0.50", "2009-06-30": "0.55", "2009-03-31": "0.55", "2008-12-31": "0.58", "2008-09-30": "0.54", "2008-06-30": "0.67", "2008-03-31": "0.57", "2007-12-31": "0.58", "2007-09-30": "0.38", "2007-06-30": "0.38", "2007-03-31": "0.42", "2006-12-31": "0.49", "2006-09-30": "0.39", "2006-06-30": "0.41", "2006-03-31": "0.44", "2005-12-31": "0.33", "2005-09-30": "0.36", "2005-06-30": "0.33", "2005-03-31": "0.43"}, "debt equity ratio": {"current": "1.11", "2020-09-30": "1.89", "2020-06-30": "1.81", "2020-03-31": "1.80", "2019-12-31": "1.41", "2019-09-30": "1.42", "2019-06-30": "1.40", "2019-03-31": "2.55", "2018-12-31": "2.47", "2018-09-30": "2.30", "2018-06-30": "2.28", "2018-03-31": "2.25", "2017-12-31": "2.24", "2017-09-30": "2.38", "2017-06-30": "2.37", "2017-03-31": "2.34", "2016-12-31": "2.33", "2016-09-30": "2.29", "2016-06-30": "2.31", "2016-03-31": "2.30", "2015-12-31": "2.31", "2015-09-30": "2.30", "2015-06-30": "2.29", "2015-03-31": "2.27", "2014-12-31": "2.27", "2014-09-30": "2.29", "2014-06-30": "2.27", "2014-03-31": "2.28", "2013-12-31": "2.29", "2013-09-30": "2.38", "2013-06-30": "2.47", "2013-03-31": "2.43", "2012-12-31": "2.51", "2012-09-30": "2.41", "2012-06-30": "2.39", "2012-03-31": "2.39", "2011-12-31": "2.47", "2011-09-30": "2.49", "2011-06-30": "2.46", "2011-03-31": "2.45", "2010-12-31": "2.47", "2010-09-30": "2.43", "2010-06-30": "2.42", "2010-03-31": "2.39", "2009-12-31": "2.38", "2009-09-30": "2.36", "2009-06-30": "2.28", "2009-03-31": "2.27", "2008-12-31": "2.30", "2008-09-30": "2.27", "2008-06-30": "2.22", "2008-03-31": "2.29", "2007-12-31": "2.31", "2007-09-30": "2.25", "2007-06-30": "2.26", "2007-03-31": "2.24", "2006-12-31": "2.12", "2006-09-30": "2.11", "2006-06-30": "2.10", "2006-03-31": "2.27", "2005-12-31": "2.25", "2005-09-30": "2.22", "2005-06-30": "2.19", "2005-03-31": "2.09"}, "return on equity": {"2020-09-30": "5.56%", "2020-06-30": "6.57%", "2020-03-31": "6.40%", "2019-12-31": "6.61%", "2019-09-30": "5.34%", "2019-06-30": "5.92%", "2019-03-31": "7.85%", "2018-12-31": "9.56%", "2018-09-30": "12.48%", "2018-06-30": "12.55%", "2018-03-31": "12.41%", "2017-12-31": "12.48%", "2017-09-30": "12.50%", "2017-06-30": "12.52%", "2017-03-31": "12.64%", "2016-12-31": "12.99%", "2016-09-30": "11.98%", "2016-06-30": "11.82%", "2016-03-31": "11.79%", "2015-12-31": "11.76%", "2015-09-30": "14.19%", "2015-06-30": "14.50%", "2015-03-31": "14.70%", "2014-12-31": "14.60%", "2014-09-30": "14.31%", "2014-06-30": "14.32%", "2014-03-31": "14.56%", "2013-12-31": "15.17%", "2013-09-30": "16.19%", "2013-06-30": "15.79%", "2013-03-31": "15.20%", "2012-12-31": "14.93%", "2012-09-30": "12.76%", "2012-06-30": "12.22%", "2012-03-31": "12.20%", "2011-12-31": "11.75%", "2011-09-30": "11.52%", "2011-06-30": "11.95%", "2011-03-31": "11.47%", "2010-12-31": "10.96%", "2010-09-30": "10.95%", "2010-06-30": "10.11%", "2010-03-31": "9.86%", "2009-12-31": "9.61%", "2009-09-30": "9.62%", "2009-06-30": "9.92%", "2009-03-31": "9.77%", "2008-12-31": "9.58%", "2008-09-30": "9.68%", "2008-06-30": "9.33%", "2008-03-31": "9.62%", "2007-12-31": "10.07%", "2007-09-30": "10.32%", "2007-06-30": "10.21%", "2007-03-31": "10.19%", "2006-12-31": "10.49%", "2006-09-30": "10.36%", "2006-06-30": "10.82%", "2006-03-31": "11.16%", "2005-12-31": "11.65%"}, "return on assets": {"2020-09-30": "2.03%", "2020-06-30": "2.50%", "2020-03-31": "2.54%", "2019-12-31": "2.56%", "2019-09-30": "1.92%", "2019-06-30": "1.95%", "2019-03-31": "2.31%", "2018-12-31": "2.88%", "2018-09-30": "3.82%", "2018-06-30": "3.82%", "2018-03-31": "3.76%", "2017-12-31": "3.75%", "2017-09-30": "3.73%", "2017-06-30": "3.76%", "2017-03-31": "3.81%", "2016-12-31": "3.93%", "2016-09-30": "3.63%", "2016-06-30": "3.58%", "2016-03-31": "3.57%", "2015-12-31": "3.57%", "2015-09-30": "4.33%", "2015-06-30": "4.42%", "2015-03-31": "4.49%", "2014-12-31": "4.46%", "2014-09-30": "4.36%", "2014-06-30": "4.33%", "2014-03-31": "4.34%", "2013-12-31": "4.47%", "2013-09-30": "4.70%", "2013-06-30": "4.57%", "2013-03-31": "4.42%", "2012-12-31": "4.36%", "2012-09-30": "3.73%", "2012-06-30": "3.56%", "2012-03-31": "3.53%", "2011-12-31": "3.39%", "2011-09-30": "3.32%", "2011-06-30": "3.46%", "2011-03-31": "3.33%", "2010-12-31": "3.20%", "2010-09-30": "3.21%", "2010-06-30": "2.98%", "2010-03-31": "2.94%", "2009-12-31": "2.89%", "2009-09-30": "2.91%", "2009-06-30": "3.03%", "2009-03-31": "2.99%", "2008-12-31": "2.93%", "2008-09-30": "2.96%", "2008-06-30": "2.86%", "2008-03-31": "2.94%", "2007-12-31": "3.09%", "2007-09-30": "3.21%", "2007-06-30": "3.21%", "2007-03-31": "3.24%", "2006-12-31": "3.33%", "2006-09-30": "3.26%", "2006-06-30": "3.37%", "2006-03-31": "3.45%", "2005-12-31": "3.65%"}, "return on investments": {"2020-09-30": "4.32%", "2020-06-30": "4.73%", "2020-03-31": "4.68%", "2019-12-31": "5.51%", "2019-09-30": "5.71%", "2019-06-30": "6.38%", "2019-03-31": "7.40%", "2018-12-31": "7.63%", "2018-09-30": "8.19%", "2018-06-30": "8.29%", "2018-03-31": "8.51%", "2017-12-31": "8.77%", "2017-09-30": "9.04%", "2017-06-30": "9.22%", "2017-03-31": "9.24%", "2016-12-31": "9.37%", "2016-09-30": "9.32%", "2016-06-30": "9.33%", "2016-03-31": "9.39%", "2015-12-31": "9.52%", "2015-09-30": "9.62%", "2015-06-30": "9.80%", "2015-03-31": "10.02%", "2014-12-31": "10.07%", "2014-09-30": "10.11%", "2014-06-30": "10.01%", "2014-03-31": "10.14%", "2013-12-31": "10.29%", "2013-09-30": "10.32%", "2013-06-30": "10.93%", "2013-03-31": "11.22%", "2012-12-31": "11.21%", "2012-09-30": "11.24%", "2012-06-30": "10.95%", "2012-03-31": "10.63%", "2011-12-31": "10.58%", "2011-09-30": "10.41%", "2011-06-30": "10.28%", "2011-03-31": "10.10%", "2010-12-31": "9.93%", "2010-09-30": "9.86%", "2010-06-30": "9.62%", "2010-03-31": "9.61%", "2009-12-31": "9.67%", "2009-09-30": "10.16%", "2009-06-30": "10.45%", "2009-03-31": "10.27%", "2008-12-31": "10.07%", "2008-09-30": "9.93%", "2008-06-30": "9.74%", "2008-03-31": "10.13%", "2007-12-31": "10.59%", "2007-09-30": "11.18%", "2007-06-30": "11.21%", "2007-03-31": "11.24%", "2006-12-31": "11.44%", "2006-09-30": "11.23%", "2006-06-30": "11.45%", "2006-03-31": "11.67%", "2005-12-31": "12.10%"}, "return on tangible equity": {"2020-09-30": "9.26%", "2020-06-30": "9.16%", "2020-03-31": "7.58%", "2019-12-31": "6.72%", "2019-09-30": "5.44%", "2019-06-30": "6.04%", "2019-03-31": "8.05%", "2018-12-31": "9.79%", "2018-09-30": "12.77%", "2018-06-30": "12.83%", "2018-03-31": "12.69%", "2017-12-31": "12.76%", "2017-09-30": "12.79%", "2017-06-30": "12.81%", "2017-03-31": "12.94%", "2016-12-31": "13.31%", "2016-09-30": "12.26%", "2016-06-30": "12.08%", "2016-03-31": "12.05%", "2015-12-31": "12.00%", "2015-09-30": "14.48%", "2015-06-30": "14.79%", "2015-03-31": "14.98%", "2014-12-31": "14.87%", "2014-09-30": "14.57%", "2014-06-30": "14.58%", "2014-03-31": "14.83%", "2013-12-31": "15.46%", "2013-09-30": "16.51%", "2013-06-30": "16.15%", "2013-03-31": "15.58%", "2012-12-31": "15.32%", "2012-09-30": "13.09%", "2012-06-30": "12.52%", "2012-03-31": "12.52%", "2011-12-31": "12.09%", "2011-09-30": "11.86%", "2011-06-30": "12.35%", "2011-03-31": "11.86%", "2010-12-31": "11.35%", "2010-09-30": "11.38%", "2010-06-30": "10.51%", "2010-03-31": "10.26%", "2009-12-31": "10.00%", "2009-09-30": "10.01%", "2009-06-30": "10.32%", "2009-03-31": "10.15%", "2008-12-31": "9.95%", "2008-09-30": "10.05%", "2008-06-30": "9.69%", "2008-03-31": "9.99%", "2007-12-31": "10.45%", "2007-09-30": "10.68%", "2007-06-30": "10.47%", "2007-03-31": "10.35%", "2006-12-31": "10.56%", "2006-09-30": "10.42%", "2006-06-30": "10.88%", "2006-03-31": "11.23%", "2005-12-31": "11.72%"}, "dividend yield history": {"last payout": "$1.00", "last yield": "2.08%"}}