{"ticker": "EL", "price": {"title": "Estee Lauder Historical Annual Stock Price Data", "value": 272.81, "historical": {"2021": {"Average Stock Price": "251.8896", "Year Open": "254.9900", "Year High": "272.8100", "Year Low": "235.8500", "Year Close": "272.8100", "Annual % Change": "2.49%"}, "2020": {"Average Stock Price": "204.6857", "Year Open": "206.2600", "Year High": "266.1900", "Year Low": "144.3800", "Year Close": "266.1900", "Annual % Change": "28.88%"}, "2019": {"Average Stock Price": "176.1547", "Year Open": "131.9400", "Year High": "207.9500", "Year Low": "124.9100", "Year Close": "206.5400", "Annual % Change": "58.75%"}, "2018": {"Average Stock Price": "140.3308", "Year Open": "127.5900", "Year High": "158.0300", "Year Low": "122.4600", "Year Close": "130.1000", "Annual % Change": "2.25%"}, "2017": {"Average Stock Price": "99.3532", "Year Open": "77.3300", "Year High": "129.6200", "Year Low": "77.3300", "Year Close": "127.2400", "Annual % Change": "66.35%"}, "2016": {"Average Stock Price": "88.7527", "Year Open": "87.2100", "Year High": "97.1300", "Year Low": "75.8400", "Year Close": "76.4900", "Annual % Change": "-13.14%"}, "2015": {"Average Stock Price": "83.5249", "Year Open": "75.5900", "Year High": "91.0100", "Year Low": "70.4000", "Year Close": "88.0600", "Annual % Change": "15.56%"}, "2014": {"Average Stock Price": "73.0591", "Year Open": "73.7100", "Year High": "77.7600", "Year Low": "65.3600", "Year Close": "76.2000", "Annual % Change": "1.17%"}, "2013": {"Average Stock Price": "68.0259", "Year Open": "61.0100", "Year High": "75.3200", "Year Low": "60.9300", "Year Close": "75.3200", "Annual % Change": "25.83%"}, "2012": {"Average Stock Price": "58.5750", "Year Open": "56.2150", "Year High": "65.3500", "Year Low": "50.5600", "Year Close": "59.8600", "Annual % Change": "6.59%"}, "2011": {"Average Stock Price": "49.0041", "Year Open": "40.2200", "Year High": "59.4600", "Year Low": "40.0400", "Year Close": "56.1600", "Annual % Change": "39.18%"}, "2010": {"Average Stock Price": "31.5425", "Year Open": "24.2700", "Year High": "40.3500", "Year Low": "24.1750", "Year Close": "40.3500", "Annual % Change": "66.87%"}, "2009": {"Average Stock Price": "17.1558", "Year Open": "16.3250", "Year High": "25.1400", "Year Low": "9.9750", "Year Close": "24.1800", "Annual % Change": "56.20%"}, "2008": {"Average Stock Price": "21.2769", "Year Open": "21.5600", "Year High": "26.8700", "Year Low": "12.3600", "Year Close": "15.4800", "Annual % Change": "-29.01%"}, "2007": {"Average Stock Price": "22.5392", "Year Open": "20.5450", "Year High": "25.7400", "Year Low": "20.0450", "Year Close": "21.8050", "Annual % Change": "6.83%"}, "2006": {"Average Stock Price": "19.2069", "Year Open": "16.6700", "Year High": "20.9900", "Year Low": "16.6700", "Year Close": "20.4100", "Annual % Change": "21.92%"}, "2005": {"Average Stock Price": "19.6148", "Year Open": "22.7950", "Year High": "23.4050", "Year Low": "15.3550", "Year Close": "16.7400", "Annual % Change": "-26.85%"}, "2004": {"Average Stock Price": "21.8960", "Year Open": "19.2850", "Year High": "24.4000", "Year Low": "19.0850", "Year Close": "22.8850", "Annual % Change": "16.58%"}, "2003": {"Average Stock Price": "16.6991", "Year Open": "13.4100", "Year High": "19.8700", "Year Low": "12.9850", "Year Close": "19.6300", "Annual % Change": "48.71%"}, "2002": {"Average Stock Price": "15.8171", "Year Open": "16.0700", "Year High": "19.1950", "Year Low": "12.8750", "Year Close": "13.2000", "Annual % Change": "-17.65%"}, "2001": {"Average Stock Price": "18.9004", "Year Open": "21.3450", "Year High": "21.8750", "Year Low": "15.5000", "Year Close": "16.0300", "Annual % Change": "-26.82%"}, "2000": {"Average Stock Price": "22.5027", "Year Open": "24.7800", "Year High": "27.6250", "Year Low": "17.5650", "Year Close": "21.9050", "Annual % Change": "-13.14%"}, "1999": {"Average Stock Price": "22.7362", "Year Open": "20.8750", "Year High": "28.0000", "Year Low": "19.2500", "Year Close": "25.2200", "Annual % Change": "17.99%"}, "1998": {"Average Stock Price": "15.9438", "Year Open": "12.8275", "Year High": "21.3750", "Year Low": "12.2650", "Year Close": "21.3750", "Annual % Change": "66.21%"}, "1997": {"Average Stock Price": "12.0569", "Year Open": "12.5000", "Year High": "13.7025", "Year Low": "9.9700", "Year Close": "12.8600", "Annual % Change": "1.10%"}, "1996": {"Average Stock Price": "10.0318", "Year Open": "8.7500", "Year High": "12.7200", "Year Low": "8.1550", "Year Close": "12.7200", "Annual % Change": "45.87%"}}}, "market cap": {"value": "$98.65B"}, "income statement": {"Revenue": {"2020-06-30": "14294.00000", "2019-06-30": "14863.00000", "2018-06-30": "13683.00000", "2017-06-30": "11824.00000", "2016-06-30": "11262.00000", "2015-06-30": "10780.00000", "2014-06-30": "10968.80000", "2013-06-30": "10181.70000", "2012-06-30": "9713.60000", "2011-06-30": "8810.00000", "2010-06-30": "7795.80000", "2009-06-30": "7323.80000", "2008-06-30": "7910.80000", "2007-06-30": "7037.50000", "2006-06-30": "6463.80000", "2005-06-30": "6280.00000"}, "Cost Of Goods Sold": {"2020-06-30": "3552.00000", "2019-06-30": "3387.00000", "2018-06-30": "2844.00000", "2017-06-30": "2434.00000", "2016-06-30": "2181.00000", "2015-06-30": "2100.00000", "2014-06-30": "2158.20000", "2013-06-30": "2025.90000", "2012-06-30": "1995.80000", "2011-06-30": "1936.90000", "2010-06-30": "1829.40000", "2009-06-30": "1881.60000", "2008-06-30": "1996.80000", "2007-06-30": "1774.80000", "2006-06-30": "1686.60000", "2005-06-30": "1602.80000"}, "Gross Profit": {"2020-06-30": "10742.00000", "2019-06-30": "11476.00000", "2018-06-30": "10839.00000", "2017-06-30": "9390.00000", "2016-06-30": "9081.00000", "2015-06-30": "8680.00000", "2014-06-30": "8810.60000", "2013-06-30": "8155.80000", "2012-06-30": "7717.80000", "2011-06-30": "6873.10000", "2010-06-30": "5966.40000", "2009-06-30": "5442.20000", "2008-06-30": "5914.00000", "2007-06-30": "5262.70000", "2006-06-30": "4777.20000", "2005-06-30": "4677.20000"}, "Research And Development Expenses": {"2020-06-30": "", "2019-06-30": "", "2018-06-30": "", "2017-06-30": "", "2016-06-30": "", "2015-06-30": "", "2014-06-30": "", "2013-06-30": "", "2012-06-30": "", "2011-06-30": "", "2010-06-30": "", "2009-06-30": "", "2008-06-30": "", "2007-06-30": "", "2006-06-30": "", "2005-06-30": ""}, "SG&A Expenses": {"2020-06-30": "8637.00000", "2019-06-30": "8857.00000", "2018-06-30": "8553.00000", "2017-06-30": "7460.00000", "2016-06-30": "7338.00000", "2015-06-30": "7074.00000", "2014-06-30": "6985.90000", "2013-06-30": "6597.00000", "2012-06-30": "6324.80000", "2011-06-30": "5696.70000", "2010-06-30": "5067.00000", "2009-06-30": "4883.90000", "2008-06-30": "5088.90000", "2007-06-30": "4500.60000", "2006-06-30": "4065.50000", "2005-06-30": "3950.40000"}, "Other Operating Income Or Expenses": {"2020-06-30": "-614.00000", "2019-06-30": "-22.00000", "2018-06-30": "", "2017-06-30": "-3.00000", "2016-06-30": "0.00000", "2015-06-30": "0.00000", "2014-06-30": "", "2013-06-30": "-8.10000", "2012-06-30": "-21.70000", "2011-06-30": "-8.70000", "2010-06-30": "-31.80000", "2009-06-30": "-48.80000", "2008-06-30": "-14.00000", "2007-06-30": "-3.70000", "2006-06-30": "", "2005-06-30": ""}, "Operating Expenses": {"2020-06-30": "13688.00000", "2019-06-30": "12550.00000", "2018-06-30": "11628.00000", "2017-06-30": "10120.00000", "2016-06-30": "9652.00000", "2015-06-30": "9174.00000", "2014-06-30": "9141.19900", "2013-06-30": "8655.69900", "2012-06-30": "8401.89900", "2011-06-30": "7720.60100", "2010-06-30": "7005.90000", "2009-06-30": "6905.39900", "2008-06-30": "7100.10000", "2007-06-30": "6287.60100", "2006-06-30": "5752.10000", "2005-06-30": "5553.20000"}, "Operating Income": {"2020-06-30": "606.00000", "2019-06-30": "2313.00000", "2018-06-30": "2055.00000", "2017-06-30": "1704.00000", "2016-06-30": "1610.00000", "2015-06-30": "1606.00000", "2014-06-30": "1827.60100", "2013-06-30": "1526.00100", "2012-06-30": "1311.70000", "2011-06-30": "1089.39900", "2010-06-30": "789.89990", "2009-06-30": "418.40040", "2008-06-30": "810.69970", "2007-06-30": "749.89940", "2006-06-30": "711.69970", "2005-06-30": "726.79980"}, "Total Non-Operating Income/Expense": {"2020-06-30": "440.00000", "2019-06-30": "-6.00000", "2018-06-30": "-75.00000", "2017-06-30": "-87.00000", "2016-06-30": "-55.00000", "2015-06-30": "-45.00000", "2014-06-30": "-50.80000", "2013-06-30": "-50.80000", "2012-06-30": "-50.60000", "2011-06-30": "-63.90000", "2010-06-30": "-101.60000", "2009-06-30": "-75.70000", "2008-06-30": "-66.80000", "2007-06-30": "-38.90000", "2006-06-30": "-115.90000", "2005-06-30": "-13.90000"}, "Pre-Tax Income": {"2020-06-30": "1046.00000", "2019-06-30": "2307.00000", "2018-06-30": "1980.00000", "2017-06-30": "1617.00000", "2016-06-30": "1555.00000", "2015-06-30": "1561.00000", "2014-06-30": "1776.80000", "2013-06-30": "1475.20000", "2012-06-30": "1261.10000", "2011-06-30": "1025.50000", "2010-06-30": "688.30000", "2009-06-30": "342.70000", "2008-06-30": "743.90000", "2007-06-30": "711.00000", "2006-06-30": "595.80000", "2005-06-30": "712.90000"}, "Income Taxes": {"2020-06-30": "350.00000", "2019-06-30": "513.00000", "2018-06-30": "863.00000", "2017-06-30": "361.00000", "2016-06-30": "434.00000", "2015-06-30": "467.00000", "2014-06-30": "567.70000", "2013-06-30": "451.40000", "2012-06-30": "400.60000", "2011-06-30": "321.70000", "2010-06-30": "205.90000", "2009-06-30": "115.90000", "2008-06-30": "259.90000", "2007-06-30": "255.20000", "2006-06-30": "259.70000", "2005-06-30": "293.70000"}, "Income After Taxes": {"2020-06-30": "696.00000", "2019-06-30": "1794.00000", "2018-06-30": "1117.00000", "2017-06-30": "1256.00000", "2016-06-30": "1121.00000", "2015-06-30": "1094.00000", "2014-06-30": "1209.10000", "2013-06-30": "1023.80000", "2012-06-30": "860.50000", "2011-06-30": "703.80000", "2010-06-30": "482.40000", "2009-06-30": "226.80000", "2008-06-30": "484.00000", "2007-06-30": "455.80000", "2006-06-30": "336.10000", "2005-06-30": "419.20000"}, "Other Income": {"2020-06-30": "", "2019-06-30": "", "2018-06-30": "", "2017-06-30": "", "2016-06-30": "", "2015-06-30": "", "2014-06-30": "", "2013-06-30": "", "2012-06-30": "", "2011-06-30": "", "2010-06-30": "", "2009-06-30": "", "2008-06-30": "", "2007-06-30": "", "2006-06-30": "", "2005-06-30": ""}, "Income From Continuous Operations": {"2020-06-30": "696.00000", "2019-06-30": "1794.00000", "2018-06-30": "1117.00000", "2017-06-30": "1256.00000", "2016-06-30": "1121.00000", "2015-06-30": "1094.00000", "2014-06-30": "1209.10000", "2013-06-30": "1023.80000", "2012-06-30": "860.50000", "2011-06-30": "703.80000", "2010-06-30": "482.40000", "2009-06-30": "226.80000", "2008-06-30": "484.00000", "2007-06-30": "448.70000", "2006-06-30": "324.50000", "2005-06-30": "409.90000"}, "Income From Discontinued Operations": {"2020-06-30": "", "2019-06-30": "", "2018-06-30": "", "2017-06-30": "", "2016-06-30": "", "2015-06-30": "", "2014-06-30": "", "2013-06-30": "", "2012-06-30": "", "2011-06-30": "", "2010-06-30": "", "2009-06-30": "", "2008-06-30": "", "2007-06-30": "0.50000", "2006-06-30": "-80.30000", "2005-06-30": "-3.80000"}, "Net Income": {"2020-06-30": "684.00000", "2019-06-30": "1785.00000", "2018-06-30": "1108.00000", "2017-06-30": "1249.00000", "2016-06-30": "1115.00000", "2015-06-30": "1089.00000", "2014-06-30": "1204.10000", "2013-06-30": "1019.80000", "2012-06-30": "856.90000", "2011-06-30": "700.80000", "2010-06-30": "478.30000", "2009-06-30": "218.40000", "2008-06-30": "473.80000", "2007-06-30": "449.20000", "2006-06-30": "244.20000", "2005-06-30": "406.10000"}, "EBITDA": {"2020-06-30": "1217.00000", "2019-06-30": "2870.00000", "2018-06-30": "2586.00000", "2017-06-30": "2168.00000", "2016-06-30": "2025.00000", "2015-06-30": "2015.00000", "2014-06-30": "2212.20100", "2013-06-30": "1880.60100", "2012-06-30": "1629.20000", "2011-06-30": "1421.79900", "2010-06-30": "1102.00000", "2009-06-30": "735.50040", "2008-06-30": "1075.40000", "2007-06-30": "968.19940", "2006-06-30": "910.09970", "2005-06-30": "923.49980"}, "EBIT": {"2020-06-30": "606.00000", "2019-06-30": "2313.00000", "2018-06-30": "2055.00000", "2017-06-30": "1704.00000", "2016-06-30": "1610.00000", "2015-06-30": "1606.00000", "2014-06-30": "1827.60100", "2013-06-30": "1526.00100", "2012-06-30": "1311.70000", "2011-06-30": "1089.39900", "2010-06-30": "789.89990", "2009-06-30": "418.40040", "2008-06-30": "810.69970", "2007-06-30": "749.89940", "2006-06-30": "711.69970", "2005-06-30": "726.79980"}, "Basic Shares Outstanding": {"2020-06-30": "360.60000", "2019-06-30": "363.50000", "2018-06-30": "368.00000", "2017-06-30": "367.10000", "2016-06-30": "370.00000", "2015-06-30": "379.30000", "2014-06-30": "386.20000", "2013-06-30": "387.60000", "2012-06-30": "388.70000", "2011-06-30": "394.00000", "2010-06-30": "395.40000", "2009-06-30": "392.60000", "2008-06-30": "387.80000", "2007-06-30": "408.60000", "2006-06-30": "430.00000", "2005-06-30": "450.60000"}, "Shares Outstanding": {"2020-06-30": "366.90000", "2019-06-30": "370.40000", "2018-06-30": "375.70000", "2017-06-30": "373.00000", "2016-06-30": "376.60000", "2015-06-30": "385.70000", "2014-06-30": "393.10000", "2013-06-30": "394.90000", "2012-06-30": "397.00000", "2011-06-30": "402.40000", "2010-06-30": "401.50000", "2009-06-30": "395.40000", "2008-06-30": "394.20000", "2007-06-30": "415.60000", "2006-06-30": "434.80000", "2005-06-30": "457.20000"}, "Basic EPS": {"2020-06-30": "1.90000", "2019-06-30": "4.91000", "2018-06-30": "3.01000", "2017-06-30": "3.40000", "2016-06-30": "3.01000", "2015-06-30": "2.87000", "2014-06-30": "3.12000", "2013-06-30": "2.63000", "2012-06-30": "2.20000", "2011-06-30": "1.78000", "2010-06-30": "1.21000", "2009-06-30": "0.55500", "2008-06-30": "1.22000", "2007-06-30": "1.10000", "2006-06-30": "0.57000", "2005-06-30": "0.90000"}, "EPS - Earnings Per Share": {"2020-06-30": "1.86000", "2019-06-30": "4.82000", "2018-06-30": "2.95000", "2017-06-30": "3.35000", "2016-06-30": "2.96000", "2015-06-30": "2.82000", "2014-06-30": "3.06000", "2013-06-30": "2.58000", "2012-06-30": "2.16000", "2011-06-30": "1.74000", "2010-06-30": "1.19000", "2009-06-30": "0.55000", "2008-06-30": "1.20000", "2007-06-30": "1.08000", "2006-06-30": "0.56000", "2005-06-30": "0.89000"}}, "income statement, quarterly": {"Revenue": {"2020-12-31": "4853.00000", "2020-09-30": "3562.00000", "2020-06-30": "2430.00000", "2020-03-31": "3345.00000", "2019-12-31": "4624.00000", "2019-09-30": "3895.00000", "2019-06-30": "3590.00000", "2019-03-31": "3744.00000", "2018-12-31": "4005.00000", "2018-09-30": "3524.00000", "2018-06-30": "3295.00000", "2018-03-31": "3370.00000", "2017-12-31": "3744.00000", "2017-09-30": "3274.00000", "2017-06-30": "2894.00000", "2017-03-31": "2857.00000", "2016-12-31": "3208.00000", "2016-09-30": "2865.00000", "2016-06-30": "2646.00000", "2016-03-31": "2657.00000", "2015-12-31": "3124.00000", "2015-09-30": "2835.00000", "2015-06-30": "2524.00000", "2015-03-31": "2580.50000", "2014-12-31": "3044.50000", "2014-09-30": "2631.00000", "2014-06-30": "2725.30000", "2014-03-31": "2549.80000", "2013-12-31": "3018.70000", "2013-09-30": "2675.00000", "2013-06-30": "2407.40000", "2013-03-31": "2291.80000", "2012-12-31": "2933.00000", "2012-09-30": "2549.50000", "2012-06-30": "2251.19900", "2012-03-31": "2248.20000", "2011-12-31": "2737.50000", "2011-09-30": "2476.70000", "2011-06-30": "2060.60000", "2011-03-31": "2165.70000", "2010-12-31": "2492.00000", "2010-09-30": "2091.70000", "2010-06-30": "1840.10000", "2010-03-31": "1860.00000", "2009-12-31": "2262.30000", "2009-09-30": "1833.40000", "2009-06-30": "1682.80000", "2009-03-31": "1696.50000", "2008-12-31": "2041.00000", "2008-09-30": "1903.50000", "2008-06-30": "2012.10000", "2008-03-31": "1879.80000", "2007-12-31": "2308.80000", "2007-09-30": "1710.10000", "2007-06-30": "1762.40000", "2007-03-31": "1690.50000", "2006-12-31": "1991.10000", "2006-09-30": "1593.50000", "2006-06-30": "1604.60000", "2006-03-31": "1578.20000", "2005-12-31": "1783.90000", "2005-09-30": "1497.10000", "2005-06-30": "1528.10000", "2005-03-31": "1525.30000"}, "Cost Of Goods Sold": {"2020-12-31": "1084.00000", "2020-09-30": "825.00000", "2020-06-30": "767.00000", "2020-03-31": "836.00000", "2019-12-31": "1041.00000", "2019-09-30": "908.00000", "2019-06-30": "835.00000", "2019-03-31": "819.00000", "2018-12-31": "910.00000", "2018-09-30": "823.00000", "2018-06-30": "697.00000", "2018-03-31": "683.00000", "2017-12-31": "753.00000", "2017-09-30": "711.00000", "2017-06-30": "610.00000", "2017-03-31": "591.00000", "2016-12-31": "637.00000", "2016-09-30": "596.00000", "2016-06-30": "511.00000", "2016-03-31": "504.00000", "2015-12-31": "589.00000", "2015-09-30": "577.00000", "2015-06-30": "487.40000", "2015-03-31": "502.90000", "2014-12-31": "573.10000", "2014-09-30": "536.60000", "2014-06-30": "533.80000", "2014-03-31": "498.70000", "2013-12-31": "581.60000", "2013-09-30": "544.10000", "2013-06-30": "475.60000", "2013-03-31": "443.10000", "2012-12-31": "568.00000", "2012-09-30": "539.20000", "2012-06-30": "441.20000", "2012-03-31": "469.30000", "2011-12-31": "551.00000", "2011-09-30": "534.30000", "2011-06-30": "425.10010", "2011-03-31": "482.60000", "2010-12-31": "541.10000", "2010-09-30": "488.10000", "2010-06-30": "414.30000", "2010-03-31": "444.60000", "2009-12-31": "525.40000", "2009-09-30": "445.10000", "2009-06-30": "427.09990", "2009-03-31": "446.40000", "2008-12-31": "508.00000", "2008-09-30": "500.10000", "2008-06-30": "490.60000", "2008-03-31": "471.90000", "2007-12-31": "578.50000", "2007-09-30": "455.80000", "2007-06-30": "421.70000", "2007-03-31": "426.00000", "2006-12-31": "499.00000", "2006-09-30": "428.10000", "2006-06-30": "397.10000", "2006-03-31": "411.50000", "2005-12-31": "458.50000", "2005-09-30": "419.50000", "2005-06-30": "367.50010", "2005-03-31": "383.70000"}, "Gross Profit": {"2020-12-31": "3769.00000", "2020-09-30": "2737.00000", "2020-06-30": "1663.00000", "2020-03-31": "2509.00000", "2019-12-31": "3583.00000", "2019-09-30": "2987.00000", "2019-06-30": "2755.00000", "2019-03-31": "2925.00000", "2018-12-31": "3095.00000", "2018-09-30": "2701.00000", "2018-06-30": "2598.00000", "2018-03-31": "2687.00000", "2017-12-31": "2991.00000", "2017-09-30": "2563.00000", "2017-06-30": "2284.00000", "2017-03-31": "2266.00000", "2016-12-31": "2571.00000", "2016-09-30": "2269.00000", "2016-06-30": "2135.00000", "2016-03-31": "2153.00000", "2015-12-31": "2535.00000", "2015-09-30": "2258.00000", "2015-06-30": "2036.60000", "2015-03-31": "2077.60000", "2014-12-31": "2471.40000", "2014-09-30": "2094.40000", "2014-06-30": "2191.50000", "2014-03-31": "2051.10000", "2013-12-31": "2437.10000", "2013-09-30": "2130.90000", "2013-06-30": "1931.80000", "2013-03-31": "1848.70000", "2012-12-31": "2365.00000", "2012-09-30": "2010.30000", "2012-06-30": "1810.00000", "2012-03-31": "1778.90000", "2011-12-31": "2186.50000", "2011-09-30": "1942.40000", "2011-06-30": "1635.50000", "2011-03-31": "1683.10000", "2010-12-31": "1950.90000", "2010-09-30": "1603.60000", "2010-06-30": "1425.80000", "2010-03-31": "1415.40000", "2009-12-31": "1736.90000", "2009-09-30": "1388.30000", "2009-06-30": "1255.70000", "2009-03-31": "1250.10000", "2008-12-31": "1533.00000", "2008-09-30": "1403.40000", "2008-06-30": "1521.50000", "2008-03-31": "1407.90000", "2007-12-31": "1730.30000", "2007-09-30": "1254.30000", "2007-06-30": "1340.70000", "2007-03-31": "1264.50000", "2006-12-31": "1492.10000", "2006-09-30": "1165.40000", "2006-06-30": "1207.50000", "2006-03-31": "1166.70000", "2005-12-31": "1325.40000", "2005-09-30": "1077.60000", "2005-06-30": "1160.60000", "2005-03-31": "1141.60000"}, "Research And Development Expenses": {"2020-12-31": "", "2020-09-30": "", "2020-06-30": "", "2020-03-31": "", "2019-12-31": "", "2019-09-30": "", "2019-06-30": "", "2019-03-31": "", "2018-12-31": "", "2018-09-30": "", "2018-06-30": "", "2018-03-31": "", "2017-12-31": "", "2017-09-30": "", "2017-06-30": "", "2017-03-31": "", "2016-12-31": "", "2016-09-30": "", "2016-06-30": "", "2016-03-31": "", "2015-12-31": "", "2015-09-30": "", "2015-06-30": "", "2015-03-31": "", "2014-12-31": "", "2014-09-30": "", "2014-06-30": "", "2014-03-31": "", "2013-12-31": "", "2013-09-30": "", "2013-06-30": "", "2013-03-31": "", "2012-12-31": "", "2012-09-30": "", "2012-06-30": "", "2012-03-31": "", "2011-12-31": "", "2011-09-30": "", "2011-06-30": "", "2011-03-31": "", "2010-12-31": "", "2010-09-30": "", "2010-06-30": "", "2010-03-31": "", "2009-12-31": "", "2009-09-30": "", "2009-06-30": "", "2009-03-31": "", "2008-12-31": "", "2008-09-30": "", "2008-06-30": "", "2008-03-31": "", "2007-12-31": "", "2007-09-30": "", "2007-06-30": "", "2007-03-31": "", "2006-12-31": "", "2006-09-30": "", "2006-06-30": "", "2006-03-31": "", "2005-12-31": "", "2005-09-30": "", "2005-06-30": "", "2005-03-31": ""}, "SG&A Expenses": {"2020-12-31": "2590.00000", "2020-09-30": "2026.00000", "2020-06-30": "1884.00000", "2020-03-31": "2030.00000", "2019-12-31": "2538.00000", "2019-09-30": "2185.00000", "2019-06-30": "2422.00000", "2019-03-31": "2170.00000", "2018-12-31": "2257.00000", "2018-09-30": "2008.00000", "2018-06-30": "2287.00000", "2018-03-31": "2092.00000", "2017-12-31": "2214.00000", "2017-09-30": "1960.00000", "2017-06-30": "1938.00000", "2017-03-31": "1780.00000", "2016-12-31": "1917.00000", "2016-09-30": "1825.00000", "2016-06-30": "1893.00000", "2016-03-31": "1754.00000", "2015-12-31": "1886.00000", "2015-09-30": "1805.00000", "2015-06-30": "1808.60000", "2015-03-31": "1680.40000", "2014-12-31": "1838.60000", "2014-09-30": "1746.40000", "2014-06-30": "1812.00000", "2014-03-31": "1709.50000", "2013-12-31": "1784.20000", "2013-09-30": "1680.20000", "2013-06-30": "1765.20000", "2013-03-31": "1605.30000", "2012-12-31": "1698.60000", "2012-09-30": "1527.90000", "2012-06-30": "1701.40000", "2012-03-31": "1539.00000", "2011-12-31": "1576.70000", "2011-09-30": "1507.70000", "2011-06-30": "1559.80000", "2011-03-31": "1415.90000", "2010-12-31": "1419.20000", "2010-09-30": "1301.80000", "2010-06-30": "1358.30000", "2010-03-31": "1276.60000", "2009-12-31": "1282.40000", "2009-09-30": "1149.70000", "2009-06-30": "1151.70000", "2009-03-31": "1159.00000", "2008-12-31": "1262.40000", "2008-09-30": "1310.80000", "2008-06-30": "1305.50000", "2008-03-31": "1247.40000", "2007-12-31": "1359.90000", "2007-09-30": "1176.10000", "2007-06-30": "1168.00000", "2007-03-31": "1107.90000", "2006-12-31": "1159.70000", "2006-09-30": "1065.00000", "2006-06-30": "1021.10000", "2006-03-31": "998.80000", "2005-12-31": "1073.10000", "2005-09-30": "972.50000", "2005-06-30": "1001.60000", "2005-03-31": "962.80000"}, "Other Operating Income Or Expenses": {"2020-12-31": "-27.00000", "2020-09-30": "", "2020-06-30": "-277.00000", "2020-03-31": "-71.00000", "2019-12-31": "-266.00000", "2019-09-30": "", "2019-06-30": "", "2019-03-31": "-4.00000", "2018-12-31": "-18.00000", "2018-09-30": "", "2018-06-30": "", "2018-03-31": "0.00000", "2017-12-31": "0.00000", "2017-09-30": "", "2017-06-30": "", "2017-03-31": "", "2016-12-31": "", "2016-09-30": "", "2016-06-30": "", "2016-03-31": "", "2015-12-31": "", "2015-09-30": "", "2015-06-30": "", "2015-03-31": "", "2014-12-31": "", "2014-09-30": "", "2014-06-30": "", "2014-03-31": "", "2013-12-31": "", "2013-09-30": "", "2013-06-30": "", "2013-03-31": "", "2012-12-31": "", "2012-09-30": "", "2012-06-30": "-15.00000", "2012-03-31": "", "2011-12-31": "-6.70000", "2011-09-30": "", "2011-06-30": "-1.70000", "2011-03-31": "-7.00000", "2010-12-31": "0.00000", "2010-09-30": "", "2010-06-30": "-2.80000", "2010-03-31": "0.00000", "2009-12-31": "-29.00000", "2009-09-30": "", "2009-06-30": "-34.20000", "2009-03-31": "-14.60000", "2008-12-31": "", "2008-09-30": "", "2008-06-30": "", "2008-03-31": "", "2007-12-31": "", "2007-09-30": "", "2007-06-30": "", "2007-03-31": "", "2006-12-31": "", "2006-09-30": "", "2006-06-30": "", "2006-03-31": "", "2005-12-31": "", "2005-09-30": "", "2005-06-30": "", "2005-03-31": ""}, "Operating Expenses": {"2020-12-31": "3790.00000", "2020-09-30": "2857.00000", "2020-06-30": "2973.00000", "2020-03-31": "3236.00000", "2019-12-31": "4363.00000", "2019-09-30": "3116.00000", "2019-06-30": "3374.00000", "2019-03-31": "3070.00000", "2018-12-31": "3234.00000", "2018-09-30": "2872.00000", "2018-06-30": "3017.00000", "2018-03-31": "2872.00000", "2017-12-31": "3034.00000", "2017-09-30": "2705.00000", "2017-06-30": "2652.00000", "2017-03-31": "2430.00000", "2016-12-31": "2591.00000", "2016-09-30": "2447.00000", "2016-06-30": "2503.00000", "2016-03-31": "2273.00000", "2015-12-31": "2494.00000", "2015-09-30": "2382.00000", "2015-06-30": "2296.00000", "2015-03-31": "2183.30000", "2014-12-31": "2411.70000", "2014-09-30": "2283.00000", "2014-06-30": "2345.09900", "2014-03-31": "2208.20000", "2013-12-31": "2362.40000", "2013-09-30": "2225.50000", "2013-06-30": "2261.59900", "2013-03-31": "2046.70000", "2012-12-31": "2279.90000", "2012-09-30": "2067.50000", "2012-06-30": "2177.99900", "2012-03-31": "2036.70000", "2011-12-31": "2140.50000", "2011-09-30": "2046.70000", "2011-06-30": "1996.00100", "2011-03-31": "1956.60000", "2010-12-31": "1974.30000", "2010-09-30": "1793.70000", "2010-06-30": "1796.50000", "2010-03-31": "1733.70000", "2009-12-31": "1862.70000", "2009-09-30": "1613.00000", "2009-06-30": "1697.49900", "2009-03-31": "1626.20000", "2008-12-31": "1770.70000", "2008-09-30": "1811.00000", "2008-06-30": "1811.20000", "2008-03-31": "1718.60000", "2007-12-31": "1938.40000", "2007-09-30": "1631.90000", "2007-06-30": "1601.90100", "2007-03-31": "1533.90000", "2006-12-31": "1658.70000", "2006-09-30": "1493.10000", "2006-06-30": "1418.20000", "2006-03-31": "1410.30000", "2005-12-31": "1531.60000", "2005-09-30": "1392.00000", "2005-06-30": "1369.10000", "2005-03-31": "1346.50000"}, "Operating Income": {"2020-12-31": "1063.00000", "2020-09-30": "705.00000", "2020-06-30": "-543.00000", "2020-03-31": "109.00000", "2019-12-31": "261.00000", "2019-09-30": "779.00000", "2019-06-30": "216.00000", "2019-03-31": "674.00000", "2018-12-31": "771.00000", "2018-09-30": "652.00000", "2018-06-30": "278.00000", "2018-03-31": "498.00000", "2017-12-31": "710.00000", "2017-09-30": "569.00000", "2017-06-30": "242.00000", "2017-03-31": "427.00000", "2016-12-31": "617.00000", "2016-09-30": "418.00000", "2016-06-30": "143.00000", "2016-03-31": "384.00000", "2015-12-31": "630.00000", "2015-09-30": "453.00000", "2015-06-30": "228.00000", "2015-03-31": "397.20000", "2014-12-31": "632.80000", "2014-09-30": "348.00000", "2014-06-30": "380.20040", "2014-03-31": "341.60010", "2013-12-31": "656.30000", "2013-09-30": "449.50020", "2013-06-30": "145.80180", "2013-03-31": "245.09990", "2012-12-31": "653.09990", "2012-09-30": "482.00000", "2012-06-30": "73.20020", "2012-03-31": "211.49990", "2011-12-31": "597.00000", "2011-09-30": "430.00000", "2011-06-30": "64.59920", "2011-03-31": "209.09990", "2010-12-31": "517.70010", "2010-09-30": "297.99990", "2010-06-30": "43.59960", "2010-03-31": "126.30000", "2009-12-31": "399.60000", "2009-09-30": "220.40010", "2009-06-30": "-14.69920", "2009-03-31": "70.30010", "2008-12-31": "270.29990", "2008-09-30": "92.50000", "2008-06-30": "200.89980", "2008-03-31": "161.20000", "2007-12-31": "370.40000", "2007-09-30": "78.20010", "2007-06-30": "160.49910", "2007-03-31": "156.60000", "2006-12-31": "332.40000", "2006-09-30": "100.40000", "2006-06-30": "186.40000", "2006-03-31": "167.89990", "2005-12-31": "252.30000", "2005-09-30": "105.10000", "2005-06-30": "159.00000", "2005-03-31": "178.80000"}, "Total Non-Operating Income/Expense": {"2020-12-31": "-33.00000", "2020-09-30": "-34.00000", "2020-06-30": "-62.00000", "2020-03-31": "-29.00000", "2019-12-31": "550.00000", "2019-09-30": "-19.00000", "2019-06-30": "-17.00000", "2019-03-31": "53.00000", "2018-12-31": "-23.00000", "2018-09-30": "-19.00000", "2018-06-30": "-17.00000", "2018-03-31": "-18.00000", "2017-12-31": "-20.00000", "2017-09-30": "-20.00000", "2017-06-30": "-35.00000", "2017-03-31": "-20.00000", "2016-12-31": "-17.00000", "2016-09-30": "-15.00000", "2016-06-30": "-13.00000", "2016-03-31": "-14.00000", "2015-12-31": "-14.00000", "2015-09-30": "-14.00000", "2015-06-30": "-8.50000", "2015-03-31": "-12.10000", "2014-12-31": "-11.20000", "2014-09-30": "-13.20000", "2014-06-30": "-12.60000", "2014-03-31": "-12.30000", "2013-12-31": "-12.40000", "2013-09-30": "-13.50000", "2013-06-30": "-13.00000", "2013-03-31": "-12.60000", "2012-12-31": "7.90000", "2012-09-30": "-33.10000", "2012-06-30": "-14.00000", "2012-03-31": "-14.50000", "2011-12-31": "-6.10000", "2011-09-30": "-16.00000", "2011-06-30": "-15.90000", "2011-03-31": "-15.80000", "2010-12-31": "-16.10000", "2010-09-30": "-16.10000", "2010-06-30": "-43.90000", "2010-03-31": "-18.20000", "2009-12-31": "-19.90000", "2009-09-30": "-19.60000", "2009-06-30": "-20.20000", "2009-03-31": "-20.60000", "2008-12-31": "-19.60000", "2008-09-30": "-15.30000", "2008-06-30": "-13.80000", "2008-03-31": "-16.10000", "2007-12-31": "-18.20000", "2007-09-30": "-18.70000", "2007-06-30": "-15.30000", "2007-03-31": "-8.70000", "2006-12-31": "-7.70000", "2006-09-30": "-7.20000", "2006-06-30": "-43.60000", "2006-03-31": "-58.20000", "2005-12-31": "-8.50000", "2005-09-30": "-5.60000", "2005-06-30": "-3.20000", "2005-03-31": "-3.30000"}, "Pre-Tax Income": {"2020-12-31": "1030.00000", "2020-09-30": "671.00000", "2020-06-30": "-605.00000", "2020-03-31": "80.00000", "2019-12-31": "811.00000", "2019-09-30": "760.00000", "2019-06-30": "199.00000", "2019-03-31": "727.00000", "2018-12-31": "748.00000", "2018-09-30": "633.00000", "2018-06-30": "261.00000", "2018-03-31": "480.00000", "2017-12-31": "690.00000", "2017-09-30": "549.00000", "2017-06-30": "207.00000", "2017-03-31": "407.00000", "2016-12-31": "600.00000", "2016-09-30": "403.00000", "2016-06-30": "130.00000", "2016-03-31": "370.00000", "2015-12-31": "616.00000", "2015-09-30": "439.00000", "2015-06-30": "219.50010", "2015-03-31": "385.10000", "2014-12-31": "621.60000", "2014-09-30": "334.80000", "2014-06-30": "367.60000", "2014-03-31": "329.30000", "2013-12-31": "643.90000", "2013-09-30": "436.00000", "2013-06-30": "132.80000", "2013-03-31": "232.50000", "2012-12-31": "661.00000", "2012-09-30": "448.90000", "2012-06-30": "59.20000", "2012-03-31": "197.00000", "2011-12-31": "590.90000", "2011-09-30": "414.00000", "2011-06-30": "48.70000", "2011-03-31": "193.30000", "2010-12-31": "501.60000", "2010-09-30": "281.90000", "2010-06-30": "-0.30000", "2010-03-31": "108.10000", "2009-12-31": "379.70000", "2009-09-30": "200.80000", "2009-06-30": "-34.90000", "2009-03-31": "49.70000", "2008-12-31": "250.70000", "2008-09-30": "77.20000", "2008-06-30": "187.10000", "2008-03-31": "145.10000", "2007-12-31": "352.20000", "2007-09-30": "59.50000", "2007-06-30": "145.20000", "2007-03-31": "147.90000", "2006-12-31": "324.70000", "2006-09-30": "93.20000", "2006-06-30": "142.80000", "2006-03-31": "109.70000", "2005-12-31": "243.80000", "2005-09-30": "99.50000", "2005-06-30": "155.80000", "2005-03-31": "175.50000"}, "Income Taxes": {"2020-12-31": "153.00000", "2020-09-30": "146.00000", "2020-06-30": "-146.00000", "2020-03-31": "84.00000", "2019-12-31": "250.00000", "2019-09-30": "162.00000", "2019-06-30": "41.00000", "2019-03-31": "170.00000", "2018-12-31": "171.00000", "2018-09-30": "131.00000", "2018-06-30": "73.00000", "2018-03-31": "106.00000", "2017-12-31": "565.00000", "2017-09-30": "119.00000", "2017-06-30": "-23.00000", "2017-03-31": "107.00000", "2016-12-31": "170.00000", "2016-09-30": "107.00000", "2016-06-30": "35.00000", "2016-03-31": "104.00000", "2015-12-31": "167.00000", "2015-09-30": "128.00000", "2015-06-30": "65.10000", "2015-03-31": "112.40000", "2014-12-31": "183.90000", "2014-09-30": "105.60000", "2014-06-30": "109.20000", "2014-03-31": "115.60000", "2013-12-31": "208.70000", "2013-09-30": "134.20000", "2013-06-30": "36.90000", "2013-03-31": "53.60000", "2012-12-31": "211.60000", "2012-09-30": "149.30000", "2012-06-30": "7.00000", "2012-03-31": "65.70000", "2011-12-31": "192.50000", "2011-09-30": "135.40000", "2011-06-30": "5.50000", "2011-03-31": "68.20000", "2010-12-31": "155.70000", "2010-09-30": "92.30000", "2010-06-30": "-25.30000", "2010-03-31": "50.20000", "2009-12-31": "118.00000", "2009-09-30": "63.00000", "2009-06-30": "-22.50000", "2009-03-31": "21.40000", "2008-12-31": "89.40000", "2008-09-30": "27.60000", "2008-06-30": "62.20000", "2008-03-31": "53.70000", "2007-12-31": "122.90000", "2007-09-30": "21.10000", "2007-06-30": "56.10000", "2007-03-31": "52.40000", "2006-12-31": "113.30000", "2006-09-30": "33.40000", "2006-06-30": "90.30000", "2006-03-31": "43.40000", "2005-12-31": "90.20000", "2005-09-30": "35.80000", "2005-06-30": "85.40000", "2005-03-31": "65.70000"}, "Income After Taxes": {"2020-12-31": "877.00000", "2020-09-30": "525.00000", "2020-06-30": "-459.00000", "2020-03-31": "-4.00000", "2019-12-31": "561.00000", "2019-09-30": "598.00000", "2019-06-30": "158.00000", "2019-03-31": "557.00000", "2018-12-31": "577.00000", "2018-09-30": "502.00000", "2018-06-30": "188.00000", "2018-03-31": "374.00000", "2017-12-31": "125.00000", "2017-09-30": "430.00000", "2017-06-30": "230.00000", "2017-03-31": "300.00000", "2016-12-31": "430.00000", "2016-09-30": "296.00000", "2016-06-30": "95.00000", "2016-03-31": "266.00000", "2015-12-31": "449.00000", "2015-09-30": "311.00000", "2015-06-30": "154.40000", "2015-03-31": "272.70000", "2014-12-31": "437.70000", "2014-09-30": "229.20000", "2014-06-30": "258.40010", "2014-03-31": "213.70000", "2013-12-31": "435.20000", "2013-09-30": "301.80000", "2013-06-30": "95.89990", "2013-03-31": "178.90000", "2012-12-31": "449.40000", "2012-09-30": "299.60000", "2012-06-30": "52.20000", "2012-03-31": "131.30000", "2011-12-31": "398.40000", "2011-09-30": "278.60000", "2011-06-30": "43.19990", "2011-03-31": "125.10000", "2010-12-31": "345.90000", "2010-09-30": "189.60000", "2010-06-30": "25.00000", "2010-03-31": "57.90000", "2009-12-31": "261.70000", "2009-09-30": "137.80000", "2009-06-30": "-12.40000", "2009-03-31": "28.30000", "2008-12-31": "161.30000", "2008-09-30": "49.60000", "2008-06-30": "124.90000", "2008-03-31": "91.40000", "2007-12-31": "229.30000", "2007-09-30": "38.40000", "2007-06-30": "89.10000", "2007-03-31": "95.50000", "2006-12-31": "211.40000", "2006-09-30": "59.80000", "2006-06-30": "52.50000", "2006-03-31": "66.30000", "2005-12-31": "153.60000", "2005-09-30": "63.70000", "2005-06-30": "70.40000", "2005-03-31": "109.80000"}, "Other Income": {"2020-12-31": "", "2020-09-30": "", "2020-06-30": "", "2020-03-31": "", "2019-12-31": "", "2019-09-30": "", "2019-06-30": "", "2019-03-31": "", "2018-12-31": "", "2018-09-30": "", "2018-06-30": "", "2018-03-31": "", "2017-12-31": "", "2017-09-30": "", "2017-06-30": "", "2017-03-31": "", "2016-12-31": "", "2016-09-30": "", "2016-06-30": "", "2016-03-31": "", "2015-12-31": "", "2015-09-30": "", "2015-06-30": "", "2015-03-31": "", "2014-12-31": "", "2014-09-30": "", "2014-06-30": "", "2014-03-31": "", "2013-12-31": "", "2013-09-30": "", "2013-06-30": "", "2013-03-31": "", "2012-12-31": "", "2012-09-30": "", "2012-06-30": "", "2012-03-31": "", "2011-12-31": "", "2011-09-30": "", "2011-06-30": "", "2011-03-31": "", "2010-12-31": "", "2010-09-30": "", "2010-06-30": "", "2010-03-31": "", "2009-12-31": "", "2009-09-30": "", "2009-06-30": "", "2009-03-31": "", "2008-12-31": "", "2008-09-30": "", "2008-06-30": "", "2008-03-31": "", "2007-12-31": "", "2007-09-30": "", "2007-06-30": "", "2007-03-31": "", "2006-12-31": "", "2006-09-30": "", "2006-06-30": "", "2006-03-31": "", "2005-12-31": "", "2005-09-30": "", "2005-06-30": "", "2005-03-31": ""}, "Income From Continuous Operations": {"2020-12-31": "877.00000", "2020-09-30": "525.00000", "2020-06-30": "-459.00000", "2020-03-31": "-4.00000", "2019-12-31": "561.00000", "2019-09-30": "598.00000", "2019-06-30": "158.00000", "2019-03-31": "557.00000", "2018-12-31": "577.00000", "2018-09-30": "502.00000", "2018-06-30": "188.00000", "2018-03-31": "374.00000", "2017-12-31": "125.00000", "2017-09-30": "430.00000", "2017-06-30": "230.00000", "2017-03-31": "300.00000", "2016-12-31": "430.00000", "2016-09-30": "296.00000", "2016-06-30": "95.00000", "2016-03-31": "266.00000", "2015-12-31": "449.00000", "2015-09-30": "311.00000", "2015-06-30": "154.40000", "2015-03-31": "272.70000", "2014-12-31": "437.70000", "2014-09-30": "229.20000", "2014-06-30": "258.40010", "2014-03-31": "213.70000", "2013-12-31": "435.20000", "2013-09-30": "301.80000", "2013-06-30": "95.89990", "2013-03-31": "178.90000", "2012-12-31": "449.40000", "2012-09-30": "299.60000", "2012-06-30": "52.20000", "2012-03-31": "131.30000", "2011-12-31": "398.40000", "2011-09-30": "278.60000", "2011-06-30": "43.19990", "2011-03-31": "125.10000", "2010-12-31": "345.90000", "2010-09-30": "189.60000", "2010-06-30": "25.00000", "2010-03-31": "57.90000", "2009-12-31": "261.70000", "2009-09-30": "137.80000", "2009-06-30": "-9.10000", "2009-03-31": "28.30000", "2008-12-31": "158.00000", "2008-09-30": "49.60000", "2008-06-30": "130.40000", "2008-03-31": "90.10000", "2007-12-31": "224.40000", "2007-09-30": "39.10000", "2007-06-30": "88.40000", "2007-03-31": "93.80000", "2006-12-31": "208.50000", "2006-09-30": "58.00000", "2006-06-30": "49.10000", "2006-03-31": "63.20000", "2005-12-31": "150.40000", "2005-09-30": "61.80000", "2005-06-30": "66.90000", "2005-03-31": "107.60000"}, "Income From Discontinued Operations": {"2020-12-31": "", "2020-09-30": "", "2020-06-30": "", "2020-03-31": "", "2019-12-31": "", "2019-09-30": "", "2019-06-30": "", "2019-03-31": "", "2018-12-31": "", "2018-09-30": "", "2018-06-30": "", "2018-03-31": "", "2017-12-31": "", "2017-09-30": "", "2017-06-30": "", "2017-03-31": "", "2016-12-31": "", "2016-09-30": "", "2016-06-30": "", "2016-03-31": "", "2015-12-31": "", "2015-09-30": "", "2015-06-30": "", "2015-03-31": "", "2014-12-31": "", "2014-09-30": "", "2014-06-30": "", "2014-03-31": "", "2013-12-31": "", "2013-09-30": "", "2013-06-30": "", "2013-03-31": "", "2012-12-31": "", "2012-09-30": "", "2012-06-30": "", "2012-03-31": "", "2011-12-31": "", "2011-09-30": "", "2011-06-30": "", "2011-03-31": "", "2010-12-31": "", "2010-09-30": "", "2010-06-30": "", "2010-03-31": "", "2009-12-31": "", "2009-09-30": "", "2009-06-30": "", "2009-03-31": "", "2008-12-31": "", "2008-09-30": "", "2008-06-30": "", "2008-03-31": "", "2007-12-31": "", "2007-09-30": "", "2007-06-30": "0.20000", "2007-03-31": "0.10000", "2006-12-31": "-0.10000", "2006-09-30": "0.30000", "2006-06-30": "-4.60000", "2006-03-31": "-3.70000", "2005-12-31": "-68.70000", "2005-09-30": "-3.30000", "2005-06-30": "-0.30000", "2005-03-31": "-1.40000"}, "Net Income": {"2020-12-31": "873.00000", "2020-09-30": "523.00000", "2020-06-30": "-462.00000", "2020-03-31": "-6.00000", "2019-12-31": "557.00000", "2019-09-30": "595.00000", "2019-06-30": "157.00000", "2019-03-31": "555.00000", "2018-12-31": "573.00000", "2018-09-30": "500.00000", "2018-06-30": "186.00000", "2018-03-31": "372.00000", "2017-12-31": "123.00000", "2017-09-30": "427.00000", "2017-06-30": "229.00000", "2017-03-31": "298.00000", "2016-12-31": "428.00000", "2016-09-30": "294.00000", "2016-06-30": "94.00000", "2016-03-31": "265.00000", "2015-12-31": "447.00000", "2015-09-30": "309.00000", "2015-06-30": "153.10000", "2015-03-31": "272.10000", "2014-12-31": "435.70000", "2014-09-30": "228.10000", "2014-06-30": "257.70000", "2014-03-31": "213.20000", "2013-12-31": "432.50000", "2013-09-30": "300.70000", "2013-06-30": "94.00000", "2013-03-31": "178.80000", "2012-12-31": "447.50000", "2012-09-30": "299.50000", "2012-06-30": "51.20000", "2012-03-31": "130.40000", "2011-12-31": "396.70000", "2011-09-30": "278.60000", "2011-06-30": "41.10000", "2011-03-31": "124.70000", "2010-12-31": "343.90000", "2010-09-30": "191.10000", "2010-06-30": "23.90000", "2010-03-31": "57.50000", "2009-12-31": "256.20000", "2009-09-30": "140.70000", "2009-06-30": "-17.90000", "2009-03-31": "27.20000", "2008-12-31": "158.00000", "2008-09-30": "51.10000", "2008-06-30": "120.20000", "2008-03-31": "90.10000", "2007-12-31": "224.40000", "2007-09-30": "39.10000", "2007-06-30": "88.60000", "2007-03-31": "93.90000", "2006-12-31": "208.40000", "2006-09-30": "58.30000", "2006-06-30": "44.50000", "2006-03-31": "59.50000", "2005-12-31": "81.70000", "2005-09-30": "58.50000", "2005-06-30": "66.60000", "2005-03-31": "106.20000"}, "EBITDA": {"2020-12-31": "", "2020-09-30": "861.00000", "2020-06-30": "-1502.00000", "2020-03-31": "1392.00000", "2019-12-31": "405.00000", "2019-09-30": "922.00000", "2019-06-30": "279.00000", "2019-03-31": "899.00000", "2018-12-31": "908.00000", "2018-09-30": "784.00000", "2018-06-30": "420.00000", "2018-03-31": "631.00000", "2017-12-31": "839.00000", "2017-09-30": "696.00000", "2017-06-30": "369.00000", "2017-03-31": "546.00000", "2016-12-31": "729.00000", "2016-09-30": "524.00000", "2016-06-30": "253.00000", "2016-03-31": "487.00000", "2015-12-31": "734.00000", "2015-09-30": "551.00000", "2015-06-30": "338.40000", "2015-03-31": "497.20000", "2014-12-31": "730.80000", "2014-09-30": "448.60000", "2014-06-30": "484.80040", "2014-03-31": "437.20010", "2013-12-31": "751.80000", "2013-09-30": "538.40030", "2013-06-30": "253.20180", "2013-03-31": "335.49980", "2012-12-31": "732.39980", "2012-09-30": "559.50000", "2012-06-30": "175.30020", "2012-03-31": "285.89990", "2011-12-31": "668.40000", "2011-09-30": "499.60000", "2011-06-30": "148.09920", "2011-03-31": "322.69990", "2010-12-31": "584.20010", "2010-09-30": "366.79990", "2010-06-30": "113.29960", "2010-03-31": "195.40010", "2009-12-31": "507.60000", "2009-09-30": "285.70010", "2009-06-30": "96.00080", "2009-03-31": "150.80000", "2008-12-31": "333.59990", "2008-09-30": "155.10000", "2008-06-30": "281.09980", "2008-03-31": "223.80000", "2007-12-31": "433.30000", "2007-09-30": "137.20010", "2007-06-30": "225.99910", "2007-03-31": "205.60000", "2006-12-31": "385.30000", "2006-09-30": "151.30000", "2006-06-30": "237.80000", "2006-03-31": "217.79990", "2005-12-31": "302.20000", "2005-09-30": "152.30000", "2005-06-30": "211.70000", "2005-03-31": "228.30000"}, "EBIT": {"2020-12-31": "1063.00000", "2020-09-30": "705.00000", "2020-06-30": "-543.00000", "2020-03-31": "109.00000", "2019-12-31": "261.00000", "2019-09-30": "779.00000", "2019-06-30": "216.00000", "2019-03-31": "674.00000", "2018-12-31": "771.00000", "2018-09-30": "652.00000", "2018-06-30": "278.00000", "2018-03-31": "498.00000", "2017-12-31": "710.00000", "2017-09-30": "569.00000", "2017-06-30": "242.00000", "2017-03-31": "427.00000", "2016-12-31": "617.00000", "2016-09-30": "418.00000", "2016-06-30": "143.00000", "2016-03-31": "384.00000", "2015-12-31": "630.00000", "2015-09-30": "453.00000", "2015-06-30": "228.00000", "2015-03-31": "397.20000", "2014-12-31": "632.80000", "2014-09-30": "348.00000", "2014-06-30": "380.20020", "2014-03-31": "341.60010", "2013-12-31": "656.30000", "2013-09-30": "449.50020", "2013-06-30": "145.80130", "2013-03-31": "245.09990", "2012-12-31": "653.09990", "2012-09-30": "482.00000", "2012-06-30": "73.20030", "2012-03-31": "211.49990", "2011-12-31": "597.00000", "2011-09-30": "430.00000", "2011-06-30": "64.59960", "2011-03-31": "209.09990", "2010-12-31": "517.70010", "2010-09-30": "297.99990", "2010-06-30": "43.59970", "2010-03-31": "126.30000", "2009-12-31": "399.60000", "2009-09-30": "220.40010", "2009-06-30": "-14.69960", "2009-03-31": "70.30010", "2008-12-31": "270.29990", "2008-09-30": "92.50000", "2008-06-30": "200.89970", "2008-03-31": "161.20000", "2007-12-31": "370.40000", "2007-09-30": "78.20010", "2007-06-30": "160.49940", "2007-03-31": "156.60000", "2006-12-31": "332.40000", "2006-09-30": "100.40000", "2006-06-30": "186.39980", "2006-03-31": "167.89990", "2005-12-31": "252.30000", "2005-09-30": "105.10000", "2005-06-30": "158.99960", "2005-03-31": "178.80000"}, "Basic Shares Outstanding": {"2020-12-31": "363.00000", "2020-09-30": "362.10000", "2020-06-30": "360.60000", "2020-03-31": "360.20000", "2019-12-31": "360.20000", "2019-09-30": "361.40000", "2019-06-30": "363.50000", "2019-03-31": "361.90000", "2018-12-31": "363.30000", "2018-09-30": "366.80000", "2018-06-30": "368.00000", "2018-03-31": "367.90000", "2017-12-31": "368.70000", "2017-09-30": "368.40000", "2017-06-30": "367.10000", "2017-03-31": "367.00000", "2016-12-31": "366.90000", "2016-09-30": "366.40000", "2016-06-30": "370.00000", "2016-03-31": "369.10000", "2015-12-31": "369.60000", "2015-09-30": "372.50000", "2015-06-30": "379.30000", "2015-03-31": "378.50000", "2014-12-31": "380.00000", "2014-09-30": "381.80000", "2014-06-30": "386.20000", "2014-03-31": "385.80000", "2013-12-31": "388.30000", "2013-09-30": "387.80000", "2013-06-30": "387.60000", "2013-03-31": "387.20000", "2012-12-31": "387.40000", "2012-09-30": "387.80000", "2012-06-30": "388.70000", "2012-03-31": "388.20000", "2011-12-31": "386.80000", "2011-09-30": "390.50000", "2011-06-30": "394.00000", "2011-03-31": "395.30000", "2010-12-31": "393.40000", "2010-09-30": "393.40000", "2010-06-30": "395.40000", "2010-03-31": "396.00000", "2009-12-31": "394.60000", "2009-09-30": "393.40000", "2009-06-30": "392.60000", "2009-03-31": "393.40000", "2008-12-31": "393.20000", "2008-09-30": "390.60000", "2008-06-30": "387.80000", "2008-03-31": "387.80000", "2007-12-31": "386.60000", "2007-09-30": "388.00000", "2007-06-30": "408.60000", "2007-03-31": "407.60000", "2006-12-31": "416.60000", "2006-09-30": "422.20000", "2006-06-30": "430.00000", "2006-03-31": "424.80000", "2005-12-31": "429.40000", "2005-09-30": "441.20000", "2005-06-30": "450.60000", "2005-03-31": "451.00000"}, "Shares Outstanding": {"2020-12-31": "368.00000", "2020-09-30": "367.20000", "2020-06-30": "366.90000", "2020-03-31": "360.20000", "2019-12-31": "366.70000", "2019-09-30": "368.60000", "2019-06-30": "370.40000", "2019-03-31": "368.30000", "2018-12-31": "369.90000", "2018-09-30": "374.40000", "2018-06-30": "375.70000", "2018-03-31": "375.70000", "2017-12-31": "376.10000", "2017-09-30": "375.40000", "2017-06-30": "373.00000", "2017-03-31": "372.30000", "2016-12-31": "372.60000", "2016-09-30": "373.30000", "2016-06-30": "376.60000", "2016-03-31": "375.60000", "2015-12-31": "376.00000", "2015-09-30": "379.00000", "2015-06-30": "385.70000", "2015-03-31": "384.70000", "2014-12-31": "386.10000", "2014-09-30": "388.20000", "2014-06-30": "393.10000", "2014-03-31": "392.10000", "2013-12-31": "395.40000", "2013-09-30": "394.90000", "2013-06-30": "394.90000", "2013-03-31": "394.00000", "2012-12-31": "394.70000", "2012-09-30": "395.50000", "2012-06-30": "397.00000", "2012-03-31": "396.30000", "2011-12-31": "395.20000", "2011-09-30": "399.30000", "2011-06-30": "402.40000", "2011-03-31": "404.10000", "2010-12-31": "401.80000", "2010-09-30": "400.80000", "2010-06-30": "401.50000", "2010-03-31": "403.60000", "2009-12-31": "400.80000", "2009-09-30": "396.40000", "2009-06-30": "395.40000", "2009-03-31": "394.40000", "2008-12-31": "395.00000", "2008-09-30": "397.60000", "2008-06-30": "394.20000", "2008-03-31": "393.20000", "2007-12-31": "393.00000", "2007-09-30": "394.40000", "2007-06-30": "415.60000", "2007-03-31": "416.00000", "2006-12-31": "422.80000", "2006-09-30": "427.20000", "2006-06-30": "434.80000", "2006-03-31": "429.80000", "2005-12-31": "433.20000", "2005-09-30": "447.20000", "2005-06-30": "457.20000", "2005-03-31": "457.40000"}, "Basic EPS": {"2020-12-31": "2.40000", "2020-09-30": "1.44000", "2020-06-30": "-1.28000", "2020-03-31": "-0.02000", "2019-12-31": "1.55000", "2019-09-30": "1.65000", "2019-06-30": "0.44000", "2019-03-31": "1.53000", "2018-12-31": "1.58000", "2018-09-30": "1.36000", "2018-06-30": "0.51000", "2018-03-31": "1.01000", "2017-12-31": "0.33000", "2017-09-30": "1.16000", "2017-06-30": "0.62000", "2017-03-31": "0.81000", "2016-12-31": "1.17000", "2016-09-30": "0.80000", "2016-06-30": "0.25000", "2016-03-31": "0.72000", "2015-12-31": "1.21000", "2015-09-30": "0.83000", "2015-06-30": "0.40000", "2015-03-31": "0.72000", "2014-12-31": "1.15000", "2014-09-30": "0.60000", "2014-06-30": "0.68000", "2014-03-31": "0.55000", "2013-12-31": "1.11000", "2013-09-30": "0.78000", "2013-06-30": "0.24000", "2013-03-31": "0.46000", "2012-12-31": "1.16000", "2012-09-30": "0.77000", "2012-06-30": "0.12000", "2012-03-31": "0.34000", "2011-12-31": "1.03000", "2011-09-30": "0.71000", "2011-06-30": "0.10500", "2011-03-31": "0.32000", "2010-12-31": "0.87000", "2010-09-30": "0.48500", "2010-06-30": "0.05500", "2010-03-31": "0.14500", "2009-12-31": "0.65000", "2009-09-30": "0.36000", "2009-06-30": "-0.04500", "2009-03-31": "0.07000", "2008-12-31": "0.40000", "2008-09-30": "0.13000", "2008-06-30": "0.30500", "2008-03-31": "0.23500", "2007-12-31": "0.58000", "2007-09-30": "0.10000", "2007-06-30": "0.23000", "2007-03-31": "0.23000", "2006-12-31": "0.50000", "2006-09-30": "0.14000", "2006-06-30": "0.11000", "2006-03-31": "0.14000", "2005-12-31": "0.19000", "2005-09-30": "0.13000", "2005-06-30": "0.15000", "2005-03-31": "0.23500"}, "EPS - Earnings Per Share": {"2020-12-31": "2.37000", "2020-09-30": "1.42000", "2020-06-30": "-1.25000", "2020-03-31": "-0.02000", "2019-12-31": "1.52000", "2019-09-30": "1.61000", "2019-06-30": "0.42000", "2019-03-31": "1.51000", "2018-12-31": "1.55000", "2018-09-30": "1.34000", "2018-06-30": "0.49000", "2018-03-31": "0.99000", "2017-12-31": "0.33000", "2017-09-30": "1.14000", "2017-06-30": "0.61000", "2017-03-31": "0.80000", "2016-12-31": "1.15000", "2016-09-30": "0.79000", "2016-06-30": "0.24000", "2016-03-31": "0.71000", "2015-12-31": "1.19000", "2015-09-30": "0.82000", "2015-06-30": "0.39000", "2015-03-31": "0.71000", "2014-12-31": "1.13000", "2014-09-30": "0.59000", "2014-06-30": "0.67000", "2014-03-31": "0.54000", "2013-12-31": "1.09000", "2013-09-30": "0.76000", "2013-06-30": "0.24000", "2013-03-31": "0.45000", "2012-12-31": "1.13000", "2012-09-30": "0.76000", "2012-06-30": "0.13000", "2012-03-31": "0.33000", "2011-12-31": "1.00000", "2011-09-30": "0.70000", "2011-06-30": "0.09500", "2011-03-31": "0.31000", "2010-12-31": "0.86000", "2010-09-30": "0.47500", "2010-06-30": "0.05500", "2010-03-31": "0.14000", "2009-12-31": "0.64000", "2009-09-30": "0.35500", "2009-06-30": "-0.05000", "2009-03-31": "0.07000", "2008-12-31": "0.40000", "2008-09-30": "0.13000", "2008-06-30": "0.30000", "2008-03-31": "0.23000", "2007-12-31": "0.57000", "2007-09-30": "0.10000", "2007-06-30": "0.22500", "2007-03-31": "0.22500", "2006-12-31": "0.49500", "2006-09-30": "0.13500", "2006-06-30": "0.10000", "2006-03-31": "0.14000", "2005-12-31": "0.19000", "2005-09-30": "0.13000", "2005-06-30": "0.15500", "2005-03-31": "0.23000"}}, "balance sheet": {"Cash On Hand": {"2020-06-30": "5022.00000", "2019-06-30": "2987.00000", "2018-06-30": "2715.00000", "2017-06-30": "1741.00000", "2016-06-30": "1383.00000", "2015-06-30": "1525.10000", "2014-06-30": "1629.10000", "2013-06-30": "1495.70000", "2012-06-30": "1347.70000", "2011-06-30": "1253.00000", "2010-06-30": "1120.70000", "2009-06-30": "864.50000", "2008-06-30": "401.70000", "2007-06-30": "253.70000", "2006-06-30": "368.60000", "2005-06-30": "553.30000"}, "Receivables": {"2020-06-30": "1194.00000", "2019-06-30": "1831.00000", "2018-06-30": "1487.00000", "2017-06-30": "1395.00000", "2016-06-30": "1258.00000", "2015-06-30": "1174.50000", "2014-06-30": "1379.30000", "2013-06-30": "1171.70000", "2012-06-30": "1060.30000", "2011-06-30": "945.60000", "2010-06-30": "746.20000", "2009-06-30": "853.30000", "2008-06-30": "1038.80000", "2007-06-30": "860.50000", "2006-06-30": "771.20000", "2005-06-30": "776.60000"}, "Inventory": {"2020-06-30": "2062.00000", "2019-06-30": "2006.00000", "2018-06-30": "1618.00000", "2017-06-30": "1479.00000", "2016-06-30": "1264.00000", "2015-06-30": "1215.80000", "2014-06-30": "1294.00000", "2013-06-30": "1113.90000", "2012-06-30": "983.60000", "2011-06-30": "995.60000", "2010-06-30": "826.60000", "2009-06-30": "795.00000", "2008-06-30": "987.20000", "2007-06-30": "855.80000", "2006-06-30": "766.30000", "2005-06-30": "768.30000"}, "Pre-Paid Expenses": {"2020-06-30": "614.00000", "2019-06-30": "388.00000", "2018-06-30": "348.00000", "2017-06-30": "349.00000", "2016-06-30": "320.00000", "2015-06-30": "268.20000", "2014-06-30": "522.80000", "2013-06-30": "515.90000", "2012-06-30": "463.50000", "2011-06-30": "492.30000", "2010-06-30": "427.50000", "2009-06-30": "399.70000", "2008-06-30": "359.50000", "2007-06-30": "269.40000", "2006-06-30": "270.80000", "2005-06-30": "204.40000"}, "Other Current Assets": {"2020-06-30": "", "2019-06-30": "", "2018-06-30": "", "2017-06-30": "", "2016-06-30": "", "2015-06-30": "", "2014-06-30": "", "2013-06-30": "", "2012-06-30": "", "2011-06-30": "", "2010-06-30": "", "2009-06-30": "", "2008-06-30": "", "2007-06-30": "", "2006-06-30": "", "2005-06-30": ""}, "Total Current Assets": {"2020-06-30": "8892.00000", "2019-06-30": "7212.00000", "2018-06-30": "6168.00000", "2017-06-30": "4964.00000", "2016-06-30": "4225.00000", "2015-06-30": "4183.60000", "2014-06-30": "4825.20000", "2013-06-30": "4297.20000", "2012-06-30": "3855.10000", "2011-06-30": "3686.50000", "2010-06-30": "3121.00000", "2009-06-30": "2912.50000", "2008-06-30": "2787.20000", "2007-06-30": "2239.40000", "2006-06-30": "2176.90000", "2005-06-30": "2302.60000"}, "Property, Plant, And Equipment": {"2020-06-30": "2055.00000", "2019-06-30": "2068.00000", "2018-06-30": "1823.00000", "2017-06-30": "1671.00000", "2016-06-30": "1583.00000", "2015-06-30": "1490.20000", "2014-06-30": "1502.60000", "2013-06-30": "1350.70000", "2012-06-30": "1231.80000", "2011-06-30": "1143.10000", "2010-06-30": "1023.60000", "2009-06-30": "1026.70000", "2008-06-30": "1043.10000", "2007-06-30": "880.80000", "2006-06-30": "758.00000", "2005-06-30": "694.20000"}, "Long-Term Investments": {"2020-06-30": "", "2019-06-30": "", "2018-06-30": "843.00000", "2017-06-30": "1026.00000", "2016-06-30": "1108.00000", "2015-06-30": "420.30000", "2014-06-30": "13.60000", "2013-06-30": "", "2012-06-30": "", "2011-06-30": "", "2010-06-30": "", "2009-06-30": "12.70000", "2008-06-30": "24.10000", "2007-06-30": "22.20000", "2006-06-30": "13.40000", "2005-06-30": "12.30000"}, "Goodwill And Intangible Assets": {"2020-06-30": "3739.00000", "2019-06-30": "3071.00000", "2018-06-30": "3202.00000", "2017-06-30": "3243.00000", "2016-06-30": "1572.00000", "2015-06-30": "1471.40000", "2014-06-30": "1050.50000", "2013-06-30": "1051.10000", "2012-06-30": "1072.70000", "2011-06-30": "1104.80000", "2010-06-30": "862.00000", "2009-06-30": "910.00000", "2008-06-30": "900.80000", "2007-06-30": "764.70000", "2006-06-30": "712.80000", "2005-06-30": "792.40000"}, "Other Long-Term Assets": {"2020-06-30": "813.00000", "2019-06-30": "805.00000", "2018-06-30": "531.00000", "2017-06-30": "664.00000", "2016-06-30": "735.00000", "2015-06-30": "661.40000", "2014-06-30": "476.90000", "2013-06-30": "446.20000", "2012-06-30": "433.40000", "2011-06-30": "339.50000", "2010-06-30": "329.00000", "2009-06-30": "314.70000", "2008-06-30": "256.00000", "2007-06-30": "218.60000", "2006-06-30": "123.00000", "2005-06-30": "84.30000"}, "Total Long-Term Assets": {"2020-06-30": "8889.00000", "2019-06-30": "5944.00000", "2018-06-30": "6399.00000", "2017-06-30": "6604.00000", "2016-06-30": "4998.00000", "2015-06-30": "4043.30000", "2014-06-30": "3043.60000", "2013-06-30": "2848.00000", "2012-06-30": "2737.90000", "2011-06-30": "2587.40000", "2010-06-30": "2214.60000", "2009-06-30": "2264.10000", "2008-06-30": "2224.00000", "2007-06-30": "1886.30000", "2006-06-30": "1607.20000", "2005-06-30": "1583.20000"}, "Total Assets": {"2020-06-30": "17781.00000", "2019-06-30": "13156.00000", "2018-06-30": "12567.00000", "2017-06-30": "11568.00000", "2016-06-30": "9223.00000", "2015-06-30": "8226.90000", "2014-06-30": "7868.80000", "2013-06-30": "7145.20000", "2012-06-30": "6593.00000", "2011-06-30": "6273.90000", "2010-06-30": "5335.60000", "2009-06-30": "5176.60000", "2008-06-30": "5011.20000", "2007-06-30": "4125.70000", "2006-06-30": "3784.10000", "2005-06-30": "3885.80000"}, "Total Current Liabilities": {"2020-06-30": "5179.00000", "2019-06-30": "4605.00000", "2018-06-30": "3310.00000", "2017-06-30": "2823.00000", "2016-06-30": "2681.00000", "2015-06-30": "2129.80000", "2014-06-30": "2056.70000", "2013-06-30": "1934.60000", "2012-06-30": "2125.80000", "2011-06-30": "1943.30000", "2010-06-30": "1572.20000", "2009-06-30": "1459.20000", "2008-06-30": "1699.20000", "2007-06-30": "1500.70000", "2006-06-30": "1438.20000", "2005-06-30": "1497.70000"}, "Long Term Debt": {"2020-06-30": "4914.00000", "2019-06-30": "2896.00000", "2018-06-30": "3361.00000", "2017-06-30": "3383.00000", "2016-06-30": "1910.00000", "2015-06-30": "1595.10000", "2014-06-30": "1324.70000", "2013-06-30": "1326.00000", "2012-06-30": "1069.10000", "2011-06-30": "1080.10000", "2010-06-30": "1205.00000", "2009-06-30": "1387.60000", "2008-06-30": "1078.20000", "2007-06-30": "1028.10000", "2006-06-30": "431.80000", "2005-06-30": "451.10000"}, "Other Non-Current Liabilities": {"2020-06-30": "1448.00000", "2019-06-30": "1244.00000", "2018-06-30": "1186.00000", "2017-06-30": "960.00000", "2016-06-30": "1045.00000", "2015-06-30": "847.70000", "2014-06-30": "618.00000", "2013-06-30": "582.70000", "2012-06-30": "650.60000", "2011-06-30": "603.50000", "2010-06-30": "593.00000", "2009-06-30": "665.80000", "2008-06-30": "554.00000", "2007-06-30": "376.60000", "2006-06-30": "266.40000", "2005-06-30": "228.40000"}, "Total Long Term Liabilities": {"2020-06-30": "8640.00000", "2019-06-30": "4140.00000", "2018-06-30": "4547.00000", "2017-06-30": "4343.00000", "2016-06-30": "2955.00000", "2015-06-30": "2442.80000", "2014-06-30": "1942.70000", "2013-06-30": "1908.70000", "2012-06-30": "1719.70000", "2011-06-30": "1683.60000", "2010-06-30": "1798.00000", "2009-06-30": "2053.40000", "2008-06-30": "1658.80000", "2007-06-30": "1426.00000", "2006-06-30": "723.60000", "2005-06-30": "695.30000"}, "Total Liabilities": {"2020-06-30": "13819.00000", "2019-06-30": "8745.00000", "2018-06-30": "7857.00000", "2017-06-30": "7166.00000", "2016-06-30": "5636.00000", "2015-06-30": "4572.60000", "2014-06-30": "3999.40000", "2013-06-30": "3843.30000", "2012-06-30": "3845.50000", "2011-06-30": "3626.90000", "2010-06-30": "3370.20000", "2009-06-30": "3512.60000", "2008-06-30": "3358.00000", "2007-06-30": "2926.70000", "2006-06-30": "2161.80000", "2005-06-30": "2193.00000"}, "Common Stock Net": {"2020-06-30": "6.00000", "2019-06-30": "6.00000", "2018-06-30": "6.00000", "2017-06-30": "6.00000", "2016-06-30": "6.00000", "2015-06-30": "5.70000", "2014-06-30": "5.60000", "2013-06-30": "5.60000", "2012-06-30": "5.50000", "2011-06-30": "5.50000", "2010-06-30": "2.70000", "2009-06-30": "2.60000", "2008-06-30": "2.60000", "2007-06-30": "2.60000", "2006-06-30": "2.50000", "2005-06-30": "2.50000"}, "Retained Earnings (Accumulated Deficit)": {"2020-06-30": "10134.00000", "2019-06-30": "9984.00000", "2018-06-30": "9040.00000", "2017-06-30": "8452.00000", "2016-06-30": "7693.00000", "2015-06-30": "7004.10000", "2014-06-30": "6265.80000", "2013-06-30": "5364.10000", "2012-06-30": "4764.90000", "2011-06-30": "4113.70000", "2010-06-30": "3564.00000", "2009-06-30": "3195.00000", "2008-06-30": "3085.10000", "2007-06-30": "2731.50000", "2006-06-30": "2361.90000", "2005-06-30": "2203.20000"}, "Comprehensive Income": {"2020-06-30": "-665.00000", "2019-06-30": "-563.00000", "2018-06-30": "-434.00000", "2017-06-30": "-484.00000", "2016-06-30": "-545.00000", "2015-06-30": "-381.50000", "2014-06-30": "-100.30000", "2013-06-30": "-157.50000", "2012-06-30": "-212.90000", "2011-06-30": "17.70000", "2010-06-30": "-196.70000", "2009-06-30": "-117.10000", "2008-06-30": "110.80000", "2007-06-30": "54.70000", "2006-06-30": "64.70000", "2005-06-30": "9.40000"}, "Other Share Holders Equity": {"2020-06-30": "", "2019-06-30": "", "2018-06-30": "", "2017-06-30": "", "2016-06-30": "", "2015-06-30": "", "2014-06-30": "", "2013-06-30": "", "2012-06-30": "", "2011-06-30": "", "2010-06-30": "", "2009-06-30": "", "2008-06-30": "", "2007-06-30": "", "2006-06-30": "", "2005-06-30": ""}, "Share Holder Equity": {"2020-06-30": "3962.00000", "2019-06-30": "4411.00000", "2018-06-30": "4710.00000", "2017-06-30": "4402.00000", "2016-06-30": "3587.00000", "2015-06-30": "3654.30000", "2014-06-30": "3869.40000", "2013-06-30": "3301.90000", "2012-06-30": "2747.50000", "2011-06-30": "2647.00000", "2010-06-30": "1965.40000", "2009-06-30": "1664.00000", "2008-06-30": "1653.20000", "2007-06-30": "1199.00000", "2006-06-30": "1622.30000", "2005-06-30": "1692.80000"}, "Total Liabilities And Share Holders Equity": {"2020-06-30": "17781.00000", "2019-06-30": "13156.00000", "2018-06-30": "12567.00000", "2017-06-30": "11568.00000", "2016-06-30": "9223.00000", "2015-06-30": "8226.90000", "2014-06-30": "7868.80000", "2013-06-30": "7145.20000", "2012-06-30": "6593.00000", "2011-06-30": "6273.90000", "2010-06-30": "5335.60000", "2009-06-30": "5176.60000", "2008-06-30": "5011.20000", "2007-06-30": "4125.70000", "2006-06-30": "3784.10000", "2005-06-30": "3885.80000"}}, "balance sheet, quarterly": {"Cash On Hand": {"2020-12-31": "5545.00000", "2020-09-30": "4267.00000", "2020-06-30": "5022.00000", "2020-03-31": "4876.00000", "2019-12-31": "3596.00000", "2019-09-30": "2259.00000", "2019-06-30": "2987.00000", "2019-03-31": "2902.00000", "2018-12-31": "2401.00000", "2018-09-30": "1993.00000", "2018-06-30": "2715.00000", "2018-03-31": "2524.00000", "2017-12-31": "2499.00000", "2017-09-30": "1825.00000", "2017-06-30": "1741.00000", "2017-03-31": "1840.00000", "2016-12-31": "1675.00000", "2016-09-30": "1189.00000", "2016-06-30": "1383.00000", "2016-03-31": "1073.80000", "2015-12-31": "1414.20000", "2015-09-30": "1079.30000", "2015-06-30": "1525.10000", "2015-03-31": "1425.00000", "2014-12-31": "1372.00000", "2014-09-30": "1395.40000", "2014-06-30": "1629.10000", "2014-03-31": "1530.20000", "2013-12-31": "1748.00000", "2013-09-30": "1322.20000", "2013-06-30": "1495.70000", "2013-03-31": "1438.60000", "2012-12-31": "1323.60000", "2012-09-30": "1053.70000", "2012-06-30": "1347.70000", "2012-03-31": "1192.80000", "2011-12-31": "999.10000", "2011-09-30": "719.50000", "2011-06-30": "1253.00000", "2011-03-31": "1099.00000", "2010-12-31": "1043.10000", "2010-09-30": "693.50000", "2010-06-30": "1120.70000", "2010-03-31": "1381.20000", "2009-12-31": "1223.60000", "2009-09-30": "799.20000", "2009-06-30": "864.50000", "2009-03-31": "640.60000", "2008-12-31": "728.90000", "2008-09-30": "328.80000", "2008-06-30": "401.70000", "2008-03-31": "410.00000", "2007-12-31": "319.50000", "2007-09-30": "211.40000", "2007-06-30": "253.70000", "2007-03-31": "202.00000", "2006-12-31": "251.80000", "2006-09-30": "180.70000", "2006-06-30": "368.60000", "2006-03-31": "268.30000", "2005-12-31": "370.30000", "2005-09-30": "389.50000", "2005-06-30": "553.30000", "2005-03-31": "518.00000"}, "Receivables": {"2020-12-31": "1972.00000", "2020-09-30": "1812.00000", "2020-06-30": "1194.00000", "2020-03-31": "1846.00000", "2019-12-31": "2225.00000", "2019-09-30": "2294.00000", "2019-06-30": "1831.00000", "2019-03-31": "2036.00000", "2018-12-31": "2000.00000", "2018-09-30": "2214.00000", "2018-06-30": "1487.00000", "2018-03-31": "1761.00000", "2017-12-31": "1699.00000", "2017-09-30": "1799.00000", "2017-06-30": "1395.00000", "2017-03-31": "1528.00000", "2016-12-31": "1508.00000", "2016-09-30": "1624.00000", "2016-06-30": "1258.00000", "2016-03-31": "1416.60000", "2015-12-31": "1410.60000", "2015-09-30": "1539.20000", "2015-06-30": "1174.50000", "2015-03-31": "1350.20000", "2014-12-31": "1399.00000", "2014-09-30": "1502.10000", "2014-06-30": "1379.30000", "2014-03-31": "1399.00000", "2013-12-31": "1501.00000", "2013-09-30": "1566.70000", "2013-06-30": "1171.70000", "2013-03-31": "1361.90000", "2012-12-31": "1531.70000", "2012-09-30": "1604.70000", "2012-06-30": "1060.30000", "2012-03-31": "1304.80000", "2011-12-31": "1383.70000", "2011-09-30": "1378.50000", "2011-06-30": "945.60000", "2011-03-31": "1249.60000", "2010-12-31": "1172.50000", "2010-09-30": "1155.40000", "2010-06-30": "746.20000", "2010-03-31": "978.80000", "2009-12-31": "1098.50000", "2009-09-30": "1097.40000", "2009-06-30": "853.30000", "2009-03-31": "1031.60000", "2008-12-31": "1033.60000", "2008-09-30": "1164.90000", "2008-06-30": "1038.80000", "2008-03-31": "1137.90000", "2007-12-31": "1099.40000", "2007-09-30": "1062.40000", "2007-06-30": "860.50000", "2007-03-31": "964.90000", "2006-12-31": "1005.10000", "2006-09-30": "980.10000", "2006-06-30": "771.20000", "2006-03-31": "900.10000", "2005-12-31": "832.30000", "2005-09-30": "915.20000", "2005-06-30": "776.60000", "2005-03-31": "921.50000"}, "Inventory": {"2020-12-31": "2116.00000", "2020-09-30": "2204.00000", "2020-06-30": "2062.00000", "2020-03-31": "2087.00000", "2019-12-31": "2058.00000", "2019-09-30": "2055.00000", "2019-06-30": "2006.00000", "2019-03-31": "1814.00000", "2018-12-31": "1651.00000", "2018-09-30": "1681.00000", "2018-06-30": "1618.00000", "2018-03-31": "1533.00000", "2017-12-31": "1445.00000", "2017-09-30": "1518.00000", "2017-06-30": "1479.00000", "2017-03-31": "1310.00000", "2016-12-31": "1278.00000", "2016-09-30": "1296.00000", "2016-06-30": "1264.00000", "2016-03-31": "1150.50000", "2015-12-31": "1077.40000", "2015-09-30": "1176.70000", "2015-06-30": "1215.80000", "2015-03-31": "1073.10000", "2014-12-31": "1112.30000", "2014-09-30": "1257.00000", "2014-06-30": "1294.00000", "2014-03-31": "1215.40000", "2013-12-31": "1145.90000", "2013-09-30": "1196.30000", "2013-06-30": "1113.90000", "2013-03-31": "989.30000", "2012-12-31": "994.10000", "2012-09-30": "1067.90000", "2012-06-30": "983.60000", "2012-03-31": "898.70000", "2011-12-31": "898.90000", "2011-09-30": "982.20000", "2011-06-30": "995.60000", "2011-03-31": "889.30000", "2010-12-31": "866.90000", "2010-09-30": "905.20000", "2010-06-30": "826.60000", "2010-03-31": "784.50000", "2009-12-31": "756.40000", "2009-09-30": "844.20000", "2009-06-30": "795.00000", "2009-03-31": "820.30000", "2008-12-31": "896.60000", "2008-09-30": "1048.40000", "2008-06-30": "987.20000", "2008-03-31": "927.90000", "2007-12-31": "899.00000", "2007-09-30": "968.50000", "2007-06-30": "855.80000", "2007-03-31": "806.30000", "2006-12-31": "783.00000", "2006-09-30": "834.00000", "2006-06-30": "766.30000", "2006-03-31": "718.10000", "2005-12-31": "726.60000", "2005-09-30": "814.80000", "2005-06-30": "768.30000", "2005-03-31": "723.30000"}, "Pre-Paid Expenses": {"2020-12-31": "658.00000", "2020-09-30": "512.00000", "2020-06-30": "614.00000", "2020-03-31": "424.00000", "2019-12-31": "469.00000", "2019-09-30": "414.00000", "2019-06-30": "388.00000", "2019-03-31": "408.00000", "2018-12-31": "388.00000", "2018-09-30": "361.00000", "2018-06-30": "348.00000", "2018-03-31": "351.00000", "2017-12-31": "332.00000", "2017-09-30": "365.00000", "2017-06-30": "349.00000", "2017-03-31": "294.00000", "2016-12-31": "328.00000", "2016-09-30": "292.00000", "2016-06-30": "320.00000", "2016-03-31": "611.40000", "2015-12-31": "573.60000", "2015-09-30": "588.10000", "2015-06-30": "268.20000", "2015-03-31": "580.90000", "2014-12-31": "542.70000", "2014-09-30": "573.40000", "2014-06-30": "522.80000", "2014-03-31": "547.20000", "2013-12-31": "530.70000", "2013-09-30": "547.20000", "2013-06-30": "515.90000", "2013-03-31": "496.40000", "2012-12-31": "491.60000", "2012-09-30": "486.80000", "2012-06-30": "463.50000", "2012-03-31": "503.60000", "2011-12-31": "471.60000", "2011-09-30": "481.90000", "2011-06-30": "492.30000", "2011-03-31": "472.60000", "2010-12-31": "431.60000", "2010-09-30": "444.30000", "2010-06-30": "427.50000", "2010-03-31": "397.90000", "2009-12-31": "371.00000", "2009-09-30": "422.20000", "2009-06-30": "399.70000", "2009-03-31": "403.50000", "2008-12-31": "420.70000", "2008-09-30": "364.10000", "2008-06-30": "359.50000", "2008-03-31": "336.00000", "2007-12-31": "296.10000", "2007-09-30": "285.50000", "2007-06-30": "269.40000", "2007-03-31": "292.70000", "2006-12-31": "287.10000", "2006-09-30": "276.60000", "2006-06-30": "270.80000", "2006-03-31": "256.70000", "2005-12-31": "227.60000", "2005-09-30": "232.10000", "2005-06-30": "204.40000", "2005-03-31": "267.10000"}, "Other Current Assets": {"2020-12-31": "", "2020-09-30": "", "2020-06-30": "", "2020-03-31": "", "2019-12-31": "", "2019-09-30": "", "2019-06-30": "", "2019-03-31": "", "2018-12-31": "", "2018-09-30": "", "2018-06-30": "", "2018-03-31": "", "2017-12-31": "", "2017-09-30": "", "2017-06-30": "", "2017-03-31": "", "2016-12-31": "", "2016-09-30": "", "2016-06-30": "", "2016-03-31": "", "2015-12-31": "", "2015-09-30": "", "2015-06-30": "", "2015-03-31": "", "2014-12-31": "", "2014-09-30": "", "2014-06-30": "", "2014-03-31": "", "2013-12-31": "", "2013-09-30": "", "2013-06-30": "", "2013-03-31": "", "2012-12-31": "", "2012-09-30": "", "2012-06-30": "", "2012-03-31": "", "2011-12-31": "", "2011-09-30": "", "2011-06-30": "", "2011-03-31": "", "2010-12-31": "", "2010-09-30": "", "2010-06-30": "", "2010-03-31": "", "2009-12-31": "", "2009-09-30": "", "2009-06-30": "", "2009-03-31": "", "2008-12-31": "", "2008-09-30": "", "2008-06-30": "", "2008-03-31": "", "2007-12-31": "", "2007-09-30": "", "2007-06-30": "", "2007-03-31": "", "2006-12-31": "", "2006-09-30": "", "2006-06-30": "", "2006-03-31": "27.30000", "2005-12-31": "44.80000", "2005-09-30": "127.80000", "2005-06-30": "", "2005-03-31": ""}, "Total Current Assets": {"2020-12-31": "10291.00000", "2020-09-30": "8795.00000", "2020-06-30": "8892.00000", "2020-03-31": "9233.00000", "2019-12-31": "8348.00000", "2019-09-30": "7022.00000", "2019-06-30": "7212.00000", "2019-03-31": "7160.00000", "2018-12-31": "6440.00000", "2018-09-30": "6249.00000", "2018-06-30": "6168.00000", "2018-03-31": "6169.00000", "2017-12-31": "5975.00000", "2017-09-30": "5507.00000", "2017-06-30": "4964.00000", "2017-03-31": "4972.00000", "2016-12-31": "4789.00000", "2016-09-30": "4401.00000", "2016-06-30": "4225.00000", "2016-03-31": "4252.30000", "2015-12-31": "4475.80000", "2015-09-30": "4383.30000", "2015-06-30": "4183.60000", "2015-03-31": "4429.20000", "2014-12-31": "4426.00000", "2014-09-30": "4727.90000", "2014-06-30": "4825.20000", "2014-03-31": "4691.80000", "2013-12-31": "4925.60000", "2013-09-30": "4632.40000", "2013-06-30": "4297.20000", "2013-03-31": "4286.20000", "2012-12-31": "4341.00000", "2012-09-30": "4213.10000", "2012-06-30": "3855.10000", "2012-03-31": "3899.90000", "2011-12-31": "3753.30000", "2011-09-30": "3562.10000", "2011-06-30": "3686.50000", "2011-03-31": "3710.50000", "2010-12-31": "3514.10000", "2010-09-30": "3198.40000", "2010-06-30": "3121.00000", "2010-03-31": "3542.40000", "2009-12-31": "3449.50000", "2009-09-30": "3163.00000", "2009-06-30": "2912.50000", "2009-03-31": "2896.00000", "2008-12-31": "3079.80000", "2008-09-30": "2906.20000", "2008-06-30": "2787.20000", "2008-03-31": "2811.80000", "2007-12-31": "2614.00000", "2007-09-30": "2527.80000", "2007-06-30": "2239.40000", "2007-03-31": "2265.90000", "2006-12-31": "2327.00000", "2006-09-30": "2271.40000", "2006-06-30": "2176.90000", "2006-03-31": "2170.50000", "2005-12-31": "2201.60000", "2005-09-30": "2479.40000", "2005-06-30": "2302.60000", "2005-03-31": "2429.90000"}, "Property, Plant, And Equipment": {"2020-12-31": "2142.00000", "2020-09-30": "2077.00000", "2020-06-30": "2055.00000", "2020-03-31": "2092.00000", "2019-12-31": "2086.00000", "2019-09-30": "2018.00000", "2019-06-30": "2068.00000", "2019-03-31": "1891.00000", "2018-12-31": "1859.00000", "2018-09-30": "1838.00000", "2018-06-30": "1823.00000", "2018-03-31": "1726.00000", "2017-12-31": "1728.00000", "2017-09-30": "1695.00000", "2017-06-30": "1671.00000", "2017-03-31": "1576.00000", "2016-12-31": "1563.00000", "2016-09-30": "1569.00000", "2016-06-30": "1583.00000", "2016-03-31": "1510.50000", "2015-12-31": "1496.80000", "2015-09-30": "1468.50000", "2015-06-30": "1490.20000", "2015-03-31": "1398.20000", "2014-12-31": "1434.20000", "2014-09-30": "1444.30000", "2014-06-30": "1502.60000", "2014-03-31": "1434.90000", "2013-12-31": "1395.40000", "2013-09-30": "1364.40000", "2013-06-30": "1350.70000", "2013-03-31": "1296.00000", "2012-12-31": "1301.60000", "2012-09-30": "1268.90000", "2012-06-30": "1231.80000", "2012-03-31": "1181.80000", "2011-12-31": "1151.40000", "2011-09-30": "1125.10000", "2011-06-30": "1143.10000", "2011-03-31": "1087.20000", "2010-12-31": "1066.90000", "2010-09-30": "1043.80000", "2010-06-30": "1023.60000", "2010-03-31": "1012.50000", "2009-12-31": "1012.00000", "2009-09-30": "1017.90000", "2009-06-30": "1026.70000", "2009-03-31": "1010.10000", "2008-12-31": "1030.90000", "2008-09-30": "1042.60000", "2008-06-30": "1043.10000", "2008-03-31": "991.10000", "2007-12-31": "943.70000", "2007-09-30": "917.40000", "2007-06-30": "880.80000", "2007-03-31": "830.50000", "2006-12-31": "807.50000", "2006-09-30": "775.80000", "2006-06-30": "758.00000", "2006-03-31": "709.00000", "2005-12-31": "693.20000", "2005-09-30": "690.80000", "2005-06-30": "694.20000", "2005-03-31": "690.40000"}, "Long-Term Investments": {"2020-12-31": "", "2020-09-30": "", "2020-06-30": "", "2020-03-31": "", "2019-12-31": "", "2019-09-30": "", "2019-06-30": "", "2019-03-31": "173.00000", "2018-12-31": "600.00000", "2018-09-30": "661.00000", "2018-06-30": "843.00000", "2018-03-31": "1027.00000", "2017-12-31": "1112.00000", "2017-09-30": "1087.00000", "2017-06-30": "1026.00000", "2017-03-31": "993.00000", "2016-12-31": "996.00000", "2016-09-30": "1050.00000", "2016-06-30": "1108.00000", "2016-03-31": "1075.30000", "2015-12-31": "772.20000", "2015-09-30": "710.10000", "2015-06-30": "420.30000", "2015-03-31": "393.70000", "2014-12-31": "387.90000", "2014-09-30": "", "2014-06-30": "13.60000", "2014-03-31": "", "2013-12-31": "", "2013-09-30": "", "2013-06-30": "", "2013-03-31": "", "2012-12-31": "", "2012-09-30": "", "2012-06-30": "", "2012-03-31": "", "2011-12-31": "", "2011-09-30": "", "2011-06-30": "", "2011-03-31": "", "2010-12-31": "13.90000", "2010-09-30": "13.70000", "2010-06-30": "", "2010-03-31": "12.90000", "2009-12-31": "13.00000", "2009-09-30": "13.10000", "2009-06-30": "12.70000", "2009-03-31": "20.60000", "2008-12-31": "21.30000", "2008-09-30": "22.50000", "2008-06-30": "24.10000", "2008-03-31": "26.80000", "2007-12-31": "22.30000", "2007-09-30": "22.30000", "2007-06-30": "22.20000", "2007-03-31": "22.20000", "2006-12-31": "21.90000", "2006-09-30": "21.70000", "2006-06-30": "13.40000", "2006-03-31": "11.50000", "2005-12-31": "11.40000", "2005-09-30": "11.70000", "2005-06-30": "12.30000", "2005-03-31": "12.70000"}, "Goodwill And Intangible Assets": {"2020-12-31": "", "2020-09-30": "3779.00000", "2020-06-30": "3739.00000", "2020-03-31": "3823.00000", "2019-12-31": "4262.00000", "2019-09-30": "3059.00000", "2019-06-30": "3071.00000", "2019-03-31": "3080.00000", "2018-12-31": "3144.00000", "2018-09-30": "3193.00000", "2018-06-30": "3202.00000", "2018-03-31": "3224.00000", "2017-12-31": "3228.00000", "2017-09-30": "3237.00000", "2017-06-30": "3243.00000", "2017-03-31": "3279.00000", "2016-12-31": "3287.00000", "2016-09-30": "1569.00000", "2016-06-30": "1572.00000", "2016-03-31": "1577.60000", "2015-12-31": "1464.40000", "2015-09-30": "1466.70000", "2015-06-30": "1471.40000", "2015-03-31": "1477.40000", "2014-12-31": "1208.80000", "2014-09-30": "1047.90000", "2014-06-30": "1050.50000", "2014-03-31": "1051.70000", "2013-12-31": "1053.30000", "2013-09-30": "1051.90000", "2013-06-30": "1051.10000", "2013-03-31": "1071.50000", "2012-12-31": "1073.70000", "2012-09-30": "1073.40000", "2012-06-30": "1072.70000", "2012-03-31": "1090.50000", "2011-12-31": "1090.80000", "2011-09-30": "1098.80000", "2011-06-30": "1104.80000", "2011-03-31": "1106.60000", "2010-12-31": "1141.60000", "2010-09-30": "1141.70000", "2010-06-30": "862.00000", "2010-03-31": "873.50000", "2009-12-31": "875.00000", "2009-09-30": "915.60000", "2009-06-30": "910.00000", "2009-03-31": "908.40000", "2008-12-31": "927.40000", "2008-09-30": "944.50000", "2008-06-30": "900.80000", "2008-03-31": "901.70000", "2007-12-31": "901.00000", "2007-09-30": "901.10000", "2007-06-30": "764.70000", "2007-03-31": "762.10000", "2006-12-31": "763.30000", "2006-09-30": "762.80000", "2006-06-30": "712.80000", "2006-03-31": "708.30000", "2005-12-31": "706.20000", "2005-09-30": "700.10000", "2005-06-30": "792.40000", "2005-03-31": "756.60000"}, "Other Long-Term Assets": {"2020-12-31": "4837.00000", "2020-09-30": "930.00000", "2020-06-30": "813.00000", "2020-03-31": "769.00000", "2019-12-31": "724.00000", "2019-09-30": "816.00000", "2019-06-30": "805.00000", "2019-03-31": "627.00000", "2018-12-31": "633.00000", "2018-09-30": "602.00000", "2018-06-30": "531.00000", "2018-03-31": "626.00000", "2017-12-31": "561.00000", "2017-09-30": "676.00000", "2017-06-30": "664.00000", "2017-03-31": "625.00000", "2016-12-31": "577.00000", "2016-09-30": "759.00000", "2016-06-30": "735.00000", "2016-03-31": "400.60000", "2015-12-31": "372.90000", "2015-09-30": "396.80000", "2015-06-30": "661.40000", "2015-03-31": "396.60000", "2014-12-31": "399.70000", "2014-09-30": "444.20000", "2014-06-30": "476.90000", "2014-03-31": "467.60000", "2013-12-31": "466.90000", "2013-09-30": "471.80000", "2013-06-30": "446.20000", "2013-03-31": "441.40000", "2012-12-31": "453.80000", "2012-09-30": "452.20000", "2012-06-30": "433.40000", "2012-03-31": "429.30000", "2011-12-31": "346.70000", "2011-09-30": "349.40000", "2011-06-30": "339.50000", "2011-03-31": "292.20000", "2010-12-31": "245.30000", "2010-09-30": "239.90000", "2010-06-30": "329.00000", "2010-03-31": "352.70000", "2009-12-31": "362.00000", "2009-09-30": "357.20000", "2009-06-30": "314.70000", "2009-03-31": "283.70000", "2008-12-31": "262.60000", "2008-09-30": "265.90000", "2008-06-30": "256.00000", "2008-03-31": "320.90000", "2007-12-31": "256.20000", "2007-09-30": "244.30000", "2007-06-30": "218.60000", "2007-03-31": "133.50000", "2006-12-31": "122.20000", "2006-09-30": "114.30000", "2006-06-30": "123.00000", "2006-03-31": "97.70000", "2005-12-31": "88.60000", "2005-09-30": "85.70000", "2005-06-30": "84.30000", "2005-03-31": "94.60000"}, "Total Long-Term Assets": {"2020-12-31": "9304.00000", "2020-09-30": "9108.00000", "2020-06-30": "8889.00000", "2020-03-31": "9130.00000", "2019-12-31": "9589.00000", "2019-09-30": "8409.00000", "2019-06-30": "5944.00000", "2019-03-31": "5771.00000", "2018-12-31": "6236.00000", "2018-09-30": "6294.00000", "2018-06-30": "6399.00000", "2018-03-31": "6603.00000", "2017-12-31": "6629.00000", "2017-09-30": "6695.00000", "2017-06-30": "6604.00000", "2017-03-31": "6473.00000", "2016-12-31": "6423.00000", "2016-09-30": "4947.00000", "2016-06-30": "4998.00000", "2016-03-31": "4564.00000", "2015-12-31": "4106.30000", "2015-09-30": "4042.10000", "2015-06-30": "4043.30000", "2015-03-31": "3665.90000", "2014-12-31": "3430.60000", "2014-09-30": "2936.40000", "2014-06-30": "3043.60000", "2014-03-31": "2954.20000", "2013-12-31": "2915.60000", "2013-09-30": "2888.10000", "2013-06-30": "2848.00000", "2013-03-31": "2808.90000", "2012-12-31": "2829.10000", "2012-09-30": "2794.50000", "2012-06-30": "2737.90000", "2012-03-31": "2701.60000", "2011-12-31": "2588.90000", "2011-09-30": "2573.30000", "2011-06-30": "2587.40000", "2011-03-31": "2486.00000", "2010-12-31": "2467.70000", "2010-09-30": "2439.10000", "2010-06-30": "2214.60000", "2010-03-31": "2251.60000", "2009-12-31": "2262.00000", "2009-09-30": "2303.80000", "2009-06-30": "2264.10000", "2009-03-31": "2222.80000", "2008-12-31": "2242.20000", "2008-09-30": "2275.50000", "2008-06-30": "2224.00000", "2008-03-31": "2240.50000", "2007-12-31": "2123.20000", "2007-09-30": "2085.10000", "2007-06-30": "1886.30000", "2007-03-31": "1748.30000", "2006-12-31": "1714.90000", "2006-09-30": "1674.60000", "2006-06-30": "1607.20000", "2006-03-31": "1526.50000", "2005-12-31": "1499.40000", "2005-09-30": "1488.30000", "2005-06-30": "1583.20000", "2005-03-31": "1554.30000"}, "Total Assets": {"2020-12-31": "19595.00000", "2020-09-30": "17903.00000", "2020-06-30": "17781.00000", "2020-03-31": "18363.00000", "2019-12-31": "17937.00000", "2019-09-30": "15431.00000", "2019-06-30": "13156.00000", "2019-03-31": "12931.00000", "2018-12-31": "12676.00000", "2018-09-30": "12543.00000", "2018-06-30": "12567.00000", "2018-03-31": "12772.00000", "2017-12-31": "12604.00000", "2017-09-30": "12202.00000", "2017-06-30": "11568.00000", "2017-03-31": "11445.00000", "2016-12-31": "11212.00000", "2016-09-30": "9348.00000", "2016-06-30": "9223.00000", "2016-03-31": "8816.30000", "2015-12-31": "8582.10000", "2015-09-30": "8425.40000", "2015-06-30": "8226.90000", "2015-03-31": "8095.10000", "2014-12-31": "7856.60000", "2014-09-30": "7664.30000", "2014-06-30": "7868.80000", "2014-03-31": "7646.00000", "2013-12-31": "7841.20000", "2013-09-30": "7520.50000", "2013-06-30": "7145.20000", "2013-03-31": "7095.10000", "2012-12-31": "7170.10000", "2012-09-30": "7007.60000", "2012-06-30": "6593.00000", "2012-03-31": "6601.50000", "2011-12-31": "6342.20000", "2011-09-30": "6135.40000", "2011-06-30": "6273.90000", "2011-03-31": "6196.50000", "2010-12-31": "5981.80000", "2010-09-30": "5637.50000", "2010-06-30": "5335.60000", "2010-03-31": "5794.00000", "2009-12-31": "5711.50000", "2009-09-30": "5466.80000", "2009-06-30": "5176.60000", "2009-03-31": "5118.80000", "2008-12-31": "5322.00000", "2008-09-30": "5181.70000", "2008-06-30": "5011.20000", "2008-03-31": "5052.30000", "2007-12-31": "4737.20000", "2007-09-30": "4612.90000", "2007-06-30": "4125.70000", "2007-03-31": "4014.20000", "2006-12-31": "4041.90000", "2006-09-30": "3946.00000", "2006-06-30": "3784.10000", "2006-03-31": "3697.00000", "2005-12-31": "3701.00000", "2005-09-30": "3967.70000", "2005-06-30": "3885.80000", "2005-03-31": "3984.20000"}, "Total Current Liabilities": {"2020-12-31": "5420.00000", "2020-09-30": "4744.00000", "2020-06-30": "5179.00000", "2020-03-31": "5681.00000", "2019-12-31": "4953.00000", "2019-09-30": "4590.00000", "2019-06-30": "4605.00000", "2019-03-31": "4231.00000", "2018-12-31": "3776.00000", "2018-09-30": "3563.00000", "2018-06-30": "3310.00000", "2018-03-31": "3388.00000", "2017-12-31": "3403.00000", "2017-09-30": "3142.00000", "2017-06-30": "2823.00000", "2017-03-31": "2860.00000", "2016-12-31": "4458.00000", "2016-09-30": "2712.00000", "2016-06-30": "2681.00000", "2016-03-31": "2433.70000", "2015-12-31": "2479.40000", "2015-09-30": "2454.30000", "2015-06-30": "2129.80000", "2015-03-31": "2097.40000", "2014-12-31": "2044.20000", "2014-09-30": "1941.70000", "2014-06-30": "2056.70000", "2014-03-31": "2039.30000", "2013-12-31": "2039.10000", "2013-09-30": "1987.60000", "2013-06-30": "1934.60000", "2013-03-31": "1915.90000", "2012-12-31": "2052.20000", "2012-09-30": "1972.40000", "2012-06-30": "2125.80000", "2012-03-31": "2058.20000", "2011-12-31": "2022.10000", "2011-09-30": "1969.60000", "2011-06-30": "1943.30000", "2011-03-31": "1974.50000", "2010-12-31": "1751.40000", "2010-09-30": "1686.90000", "2010-06-30": "1572.20000", "2010-03-31": "1647.30000", "2009-12-31": "1655.70000", "2009-09-30": "1539.70000", "2009-06-30": "1459.20000", "2009-03-31": "1442.50000", "2008-12-31": "1681.50000", "2008-09-30": "1824.10000", "2008-06-30": "1699.20000", "2008-03-31": "1765.80000", "2007-12-31": "1714.70000", "2007-09-30": "1771.50000", "2007-06-30": "1500.70000", "2007-03-31": "1647.80000", "2006-12-31": "1717.50000", "2006-09-30": "1640.40000", "2006-06-30": "1438.20000", "2006-03-31": "1460.40000", "2005-12-31": "1530.70000", "2005-09-30": "1540.40000", "2005-06-30": "1497.70000", "2005-03-31": "1403.70000"}, "Long Term Debt": {"2020-12-31": "4913.00000", "2020-09-30": "4913.00000", "2020-06-30": "4914.00000", "2020-03-31": "4674.00000", "2019-12-31": "4662.00000", "2019-09-30": "2895.00000", "2019-06-30": "2896.00000", "2019-03-31": "2883.00000", "2018-12-31": "3373.00000", "2018-09-30": "3361.00000", "2018-06-30": "3361.00000", "2018-03-31": "3363.00000", "2017-12-31": "3374.00000", "2017-09-30": "3383.00000", "2017-06-30": "3383.00000", "2017-03-31": "3377.00000", "2016-12-31": "1890.00000", "2016-09-30": "1908.00000", "2016-06-30": "1910.00000", "2016-03-31": "1612.50000", "2015-12-31": "1607.30000", "2015-09-30": "1612.50000", "2015-06-30": "1595.10000", "2015-03-31": "1317.50000", "2014-12-31": "1320.70000", "2014-09-30": "1319.00000", "2014-06-30": "1324.70000", "2014-03-31": "1327.70000", "2013-12-31": "1322.90000", "2013-09-30": "1324.70000", "2013-06-30": "1326.00000", "2013-03-31": "1329.20000", "2012-12-31": "1330.10000", "2012-09-30": "1330.70000", "2012-06-30": "1069.10000", "2012-03-31": "1065.90000", "2011-12-31": "1068.70000", "2011-09-30": "1072.80000", "2011-06-30": "1080.10000", "2011-03-31": "1082.80000", "2010-12-31": "1205.10000", "2010-09-30": "1204.50000", "2010-06-30": "1205.00000", "2010-03-31": "1395.90000", "2009-12-31": "1375.90000", "2009-09-30": "1389.40000", "2009-06-30": "1387.60000", "2009-03-31": "1403.30000", "2008-12-31": "1406.40000", "2008-09-30": "1082.00000", "2008-06-30": "1078.20000", "2008-03-31": "1085.80000", "2007-12-31": "1073.30000", "2007-09-30": "1062.40000", "2007-06-30": "1028.10000", "2007-03-31": "1033.00000", "2006-12-31": "439.30000", "2006-09-30": "438.60000", "2006-06-30": "431.80000", "2006-03-31": "436.30000", "2005-12-31": "441.60000", "2005-09-30": "444.90000", "2005-06-30": "451.10000", "2005-03-31": "441.80000"}, "Other Non-Current Liabilities": {"2020-12-31": "1492.00000", "2020-09-30": "1456.00000", "2020-06-30": "1448.00000", "2020-03-31": "1362.00000", "2019-12-31": "1403.00000", "2019-09-30": "1053.00000", "2019-06-30": "1244.00000", "2019-03-31": "1200.00000", "2018-12-31": "1194.00000", "2018-09-30": "1189.00000", "2018-06-30": "1186.00000", "2018-03-31": "1284.00000", "2017-12-31": "1238.00000", "2017-09-30": "924.00000", "2017-06-30": "960.00000", "2017-03-31": "1073.00000", "2016-12-31": "1056.00000", "2016-09-30": "1053.00000", "2016-06-30": "1045.00000", "2016-03-31": "947.70000", "2015-12-31": "879.90000", "2015-09-30": "856.60000", "2015-06-30": "847.70000", "2015-03-31": "815.30000", "2014-12-31": "662.40000", "2014-09-30": "609.40000", "2014-06-30": "618.00000", "2014-03-31": "596.60000", "2013-12-31": "596.10000", "2013-09-30": "595.70000", "2013-06-30": "582.70000", "2013-03-31": "643.20000", "2012-12-31": "664.70000", "2012-09-30": "664.00000", "2012-06-30": "650.60000", "2012-03-31": "621.90000", "2011-12-31": "607.70000", "2011-09-30": "601.00000", "2011-06-30": "603.50000", "2011-03-31": "610.40000", "2010-12-31": "619.60000", "2010-09-30": "608.10000", "2010-06-30": "593.00000", "2010-03-31": "650.60000", "2009-12-31": "671.30000", "2009-09-30": "681.10000", "2009-06-30": "665.80000", "2009-03-31": "596.10000", "2008-12-31": "554.90000", "2008-09-30": "536.10000", "2008-06-30": "554.00000", "2008-03-31": "613.00000", "2007-12-31": "548.30000", "2007-09-30": "534.10000", "2007-06-30": "376.60000", "2007-03-31": "248.10000", "2006-12-31": "251.00000", "2006-09-30": "255.80000", "2006-06-30": "266.40000", "2006-03-31": "239.90000", "2005-12-31": "222.20000", "2005-09-30": "232.00000", "2005-06-30": "228.40000", "2005-03-31": "206.40000"}, "Total Long Term Liabilities": {"2020-12-31": "8719.00000", "2020-09-30": "8678.00000", "2020-06-30": "8640.00000", "2020-03-31": "8324.00000", "2019-12-31": "8383.00000", "2019-09-30": "6283.00000", "2019-06-30": "4140.00000", "2019-03-31": "4083.00000", "2018-12-31": "4567.00000", "2018-09-30": "4550.00000", "2018-06-30": "4547.00000", "2018-03-31": "4647.00000", "2017-12-31": "4612.00000", "2017-09-30": "4307.00000", "2017-06-30": "4343.00000", "2017-03-31": "4450.00000", "2016-12-31": "2946.00000", "2016-09-30": "2961.00000", "2016-06-30": "2955.00000", "2016-03-31": "2560.20000", "2015-12-31": "2487.20000", "2015-09-30": "2469.10000", "2015-06-30": "2442.80000", "2015-03-31": "2132.80000", "2014-12-31": "1983.10000", "2014-09-30": "1928.40000", "2014-06-30": "1942.70000", "2014-03-31": "1924.30000", "2013-12-31": "1919.00000", "2013-09-30": "1920.40000", "2013-06-30": "1908.70000", "2013-03-31": "1972.40000", "2012-12-31": "1994.80000", "2012-09-30": "1994.70000", "2012-06-30": "1719.70000", "2012-03-31": "1687.80000", "2011-12-31": "1676.40000", "2011-09-30": "1673.80000", "2011-06-30": "1683.60000", "2011-03-31": "1693.20000", "2010-12-31": "1824.70000", "2010-09-30": "1812.60000", "2010-06-30": "1798.00000", "2010-03-31": "2046.50000", "2009-12-31": "2047.20000", "2009-09-30": "2070.50000", "2009-06-30": "2053.40000", "2009-03-31": "2025.00000", "2008-12-31": "1986.90000", "2008-09-30": "1641.20000", "2008-06-30": "1658.80000", "2008-03-31": "1729.10000", "2007-12-31": "1648.50000", "2007-09-30": "1618.00000", "2007-06-30": "1426.00000", "2007-03-31": "1301.50000", "2006-12-31": "708.90000", "2006-09-30": "716.90000", "2006-06-30": "723.60000", "2006-03-31": "698.20000", "2005-12-31": "682.70000", "2005-09-30": "693.70000", "2005-06-30": "695.30000", "2005-03-31": "666.70000"}, "Total Liabilities": {"2020-12-31": "14139.00000", "2020-09-30": "13422.00000", "2020-06-30": "13819.00000", "2020-03-31": "14005.00000", "2019-12-31": "13336.00000", "2019-09-30": "10873.00000", "2019-06-30": "8745.00000", "2019-03-31": "8314.00000", "2018-12-31": "8343.00000", "2018-09-30": "8113.00000", "2018-06-30": "7857.00000", "2018-03-31": "8035.00000", "2017-12-31": "8015.00000", "2017-09-30": "7449.00000", "2017-06-30": "7166.00000", "2017-03-31": "7310.00000", "2016-12-31": "7404.00000", "2016-09-30": "5673.00000", "2016-06-30": "5636.00000", "2016-03-31": "4993.90000", "2015-12-31": "4966.60000", "2015-09-30": "4923.40000", "2015-06-30": "4572.60000", "2015-03-31": "4230.20000", "2014-12-31": "4027.30000", "2014-09-30": "3870.10000", "2014-06-30": "3999.40000", "2014-03-31": "3963.60000", "2013-12-31": "3958.10000", "2013-09-30": "3908.00000", "2013-06-30": "3843.30000", "2013-03-31": "3888.30000", "2012-12-31": "4047.00000", "2012-09-30": "3967.10000", "2012-06-30": "3845.50000", "2012-03-31": "3746.00000", "2011-12-31": "3698.50000", "2011-09-30": "3643.40000", "2011-06-30": "3626.90000", "2011-03-31": "3667.70000", "2010-12-31": "3576.10000", "2010-09-30": "3499.50000", "2010-06-30": "3370.20000", "2010-03-31": "3693.80000", "2009-12-31": "3702.90000", "2009-09-30": "3610.20000", "2009-06-30": "3512.60000", "2009-03-31": "3467.50000", "2008-12-31": "3668.40000", "2008-09-30": "3465.30000", "2008-06-30": "3358.00000", "2008-03-31": "3494.90000", "2007-12-31": "3363.20000", "2007-09-30": "3389.50000", "2007-06-30": "2926.70000", "2007-03-31": "2949.30000", "2006-12-31": "2426.40000", "2006-09-30": "2357.30000", "2006-06-30": "2161.80000", "2006-03-31": "2158.60000", "2005-12-31": "2213.40000", "2005-09-30": "2234.10000", "2005-06-30": "2193.00000", "2005-03-31": "2070.40000"}, "Common Stock Net": {"2020-12-31": "", "2020-09-30": "6.00000", "2020-06-30": "6.00000", "2020-03-31": "6.00000", "2019-12-31": "6.00000", "2019-09-30": "6.00000", "2019-06-30": "6.00000", "2019-03-31": "6.00000", "2018-12-31": "6.00000", "2018-09-30": "6.00000", "2018-06-30": "6.00000", "2018-03-31": "6.00000", "2017-12-31": "6.00000", "2017-09-30": "6.00000", "2017-06-30": "6.00000", "2017-03-31": "6.00000", "2016-12-31": "6.00000", "2016-09-30": "6.00000", "2016-06-30": "6.00000", "2016-03-31": "5.70000", "2015-12-31": "5.70000", "2015-09-30": "5.70000", "2015-06-30": "5.70000", "2015-03-31": "5.70000", "2014-12-31": "5.60000", "2014-09-30": "5.60000", "2014-06-30": "5.60000", "2014-03-31": "5.60000", "2013-12-31": "5.60000", "2013-09-30": "5.60000", "2013-06-30": "5.60000", "2013-03-31": "5.60000", "2012-12-31": "5.60000", "2012-09-30": "5.50000", "2012-06-30": "5.50000", "2012-03-31": "5.50000", "2011-12-31": "5.50000", "2011-09-30": "2.70000", "2011-06-30": "5.50000", "2011-03-31": "2.70000", "2010-12-31": "2.70000", "2010-09-30": "2.70000", "2010-06-30": "2.70000", "2010-03-31": "2.70000", "2009-12-31": "2.60000", "2009-09-30": "2.60000", "2009-06-30": "2.60000", "2009-03-31": "2.60000", "2008-12-31": "2.60000", "2008-09-30": "2.60000", "2008-06-30": "2.60000", "2008-03-31": "2.60000", "2007-12-31": "2.60000", "2007-09-30": "2.60000", "2007-06-30": "2.60000", "2007-03-31": "2.50000", "2006-12-31": "2.50000", "2006-09-30": "2.50000", "2006-06-30": "2.50000", "2006-03-31": "2.50000", "2005-12-31": "2.50000", "2005-09-30": "2.50000", "2005-06-30": "2.50000", "2005-03-31": "2.50000"}, "Retained Earnings (Accumulated Deficit)": {"2020-12-31": "", "2020-09-30": "10480.00000", "2020-06-30": "10134.00000", "2020-03-31": "10595.00000", "2019-12-31": "10775.00000", "2019-09-30": "10393.00000", "2019-06-30": "9984.00000", "2019-03-31": "9984.00000", "2018-12-31": "9586.00000", "2018-09-30": "9170.00000", "2018-06-30": "9040.00000", "2018-03-31": "8996.00000", "2017-12-31": "8733.00000", "2017-09-30": "8752.00000", "2017-06-30": "8452.00000", "2017-03-31": "8350.00000", "2016-12-31": "8178.00000", "2016-09-30": "7876.00000", "2016-06-30": "7693.00000", "2016-03-31": "7711.60000", "2015-12-31": "7557.90000", "2015-09-30": "7223.70000", "2015-06-30": "7004.10000", "2015-03-31": "6942.10000", "2014-12-31": "6761.50000", "2014-09-30": "6417.40000", "2014-06-30": "6265.80000", "2014-03-31": "6085.10000", "2013-12-31": "5949.10000", "2013-09-30": "5594.70000", "2013-06-30": "5364.10000", "2013-03-31": "5340.30000", "2012-12-31": "5231.60000", "2012-09-30": "5064.40000", "2012-06-30": "4764.90000", "2012-03-31": "4715.30000", "2011-12-31": "4584.90000", "2011-09-30": "4395.10000", "2011-06-30": "4113.70000", "2011-03-31": "4075.40000", "2010-12-31": "3950.70000", "2010-09-30": "3755.10000", "2010-06-30": "3564.00000", "2010-03-31": "3540.10000", "2009-12-31": "3482.70000", "2009-09-30": "3335.70000", "2009-06-30": "3195.00000", "2009-03-31": "3212.90000", "2008-12-31": "3185.70000", "2008-09-30": "3136.20000", "2008-06-30": "3085.10000", "2008-03-31": "2965.10000", "2007-12-31": "2875.00000", "2007-09-30": "2757.50000", "2007-06-30": "2731.50000", "2007-03-31": "2618.70000", "2006-12-31": "2524.80000", "2006-09-30": "2420.20000", "2006-06-30": "2361.90000", "2006-03-31": "2317.40000", "2005-12-31": "2257.90000", "2005-09-30": "2261.70000", "2005-06-30": "2203.20000", "2005-03-31": "2136.60000"}, "Comprehensive Income": {"2020-12-31": "", "2020-09-30": "-594.00000", "2020-06-30": "-665.00000", "2020-03-31": "-712.00000", "2019-12-31": "-569.00000", "2019-09-30": "-627.00000", "2019-06-30": "-563.00000", "2019-03-31": "-498.00000", "2018-12-31": "-430.00000", "2018-09-30": "-409.00000", "2018-06-30": "-434.00000", "2018-03-31": "-386.00000", "2017-12-31": "-407.00000", "2017-09-30": "-435.00000", "2017-06-30": "-484.00000", "2017-03-31": "-599.00000", "2016-12-31": "-639.00000", "2016-09-30": "-548.00000", "2016-06-30": "-545.00000", "2016-03-31": "-439.30000", "2015-12-31": "-497.20000", "2015-09-30": "-449.40000", "2015-06-30": "-381.50000", "2015-03-31": "-408.90000", "2014-12-31": "-295.30000", "2014-09-30": "-204.10000", "2014-06-30": "-100.30000", "2014-03-31": "-109.50000", "2013-12-31": "-106.30000", "2013-09-30": "-96.30000", "2013-06-30": "-157.50000", "2013-03-31": "-198.30000", "2012-12-31": "-133.60000", "2012-09-30": "-144.40000", "2012-06-30": "-212.90000", "2012-03-31": "-48.90000", "2011-12-31": "-84.20000", "2011-09-30": "-66.20000", "2011-06-30": "17.70000", "2011-03-31": "-49.70000", "2010-12-31": "-111.90000", "2010-09-30": "-121.10000", "2010-06-30": "-196.70000", "2010-03-31": "-114.30000", "2009-12-31": "-77.00000", "2009-09-30": "-83.50000", "2009-06-30": "-117.10000", "2009-03-31": "-114.70000", "2008-12-31": "-74.80000", "2008-09-30": "40.30000", "2008-06-30": "110.80000", "2008-03-31": "155.70000", "2007-12-31": "104.60000", "2007-09-30": "85.60000", "2007-06-30": "54.70000", "2007-03-31": "81.50000", "2006-12-31": "80.60000", "2006-09-30": "63.60000", "2006-06-30": "64.70000", "2006-03-31": "9.30000", "2005-12-31": "-3.60000", "2005-09-30": "17.90000", "2005-06-30": "9.40000", "2005-03-31": "75.40000"}, "Other Share Holders Equity": {"2020-12-31": "", "2020-09-30": "", "2020-06-30": "", "2020-03-31": "", "2019-12-31": "", "2019-09-30": "", "2019-06-30": "", "2019-03-31": "", "2018-12-31": "", "2018-09-30": "", "2018-06-30": "", "2018-03-31": "", "2017-12-31": "", "2017-09-30": "", "2017-06-30": "", "2017-03-31": "", "2016-12-31": "", "2016-09-30": "", "2016-06-30": "", "2016-03-31": "", "2015-12-31": "", "2015-09-30": "", "2015-06-30": "", "2015-03-31": "", "2014-12-31": "", "2014-09-30": "", "2014-06-30": "", "2014-03-31": "", "2013-12-31": "", "2013-09-30": "", "2013-06-30": "", "2013-03-31": "", "2012-12-31": "", "2012-09-30": "", "2012-06-30": "", "2012-03-31": "", "2011-12-31": "", "2011-09-30": "", "2011-06-30": "", "2011-03-31": "", "2010-12-31": "", "2010-09-30": "", "2010-06-30": "", "2010-03-31": "", "2009-12-31": "", "2009-09-30": "", "2009-06-30": "", "2009-03-31": "", "2008-12-31": "", "2008-09-30": "", "2008-06-30": "", "2008-03-31": "", "2007-12-31": "", "2007-09-30": "", "2007-06-30": "", "2007-03-31": "", "2006-12-31": "", "2006-09-30": "", "2006-06-30": "", "2006-03-31": "", "2005-12-31": "", "2005-09-30": "", "2005-06-30": "", "2005-03-31": ""}, "Share Holder Equity": {"2020-12-31": "5456.00000", "2020-09-30": "4481.00000", "2020-06-30": "3962.00000", "2020-03-31": "4358.00000", "2019-12-31": "4601.00000", "2019-09-30": "4558.00000", "2019-06-30": "4411.00000", "2019-03-31": "4617.00000", "2018-12-31": "4333.00000", "2018-09-30": "4430.00000", "2018-06-30": "4710.00000", "2018-03-31": "4737.00000", "2017-12-31": "4589.00000", "2017-09-30": "4753.00000", "2017-06-30": "4402.00000", "2017-03-31": "4135.00000", "2016-12-31": "3808.00000", "2016-09-30": "3675.00000", "2016-06-30": "3587.00000", "2016-03-31": "3822.40000", "2015-12-31": "3615.50000", "2015-09-30": "3502.00000", "2015-06-30": "3654.30000", "2015-03-31": "3864.90000", "2014-12-31": "3829.30000", "2014-09-30": "3794.20000", "2014-06-30": "3869.40000", "2014-03-31": "3682.40000", "2013-12-31": "3883.10000", "2013-09-30": "3612.50000", "2013-06-30": "3301.90000", "2013-03-31": "3206.80000", "2012-12-31": "3123.10000", "2012-09-30": "3040.50000", "2012-06-30": "2747.50000", "2012-03-31": "2855.50000", "2011-12-31": "2643.70000", "2011-09-30": "2492.00000", "2011-06-30": "2647.00000", "2011-03-31": "2528.80000", "2010-12-31": "2405.70000", "2010-09-30": "2138.00000", "2010-06-30": "1965.40000", "2010-03-31": "2100.20000", "2009-12-31": "2008.60000", "2009-09-30": "1856.60000", "2009-06-30": "1664.00000", "2009-03-31": "1651.30000", "2008-12-31": "1653.60000", "2008-09-30": "1716.40000", "2008-06-30": "1653.20000", "2008-03-31": "1557.40000", "2007-12-31": "1374.00000", "2007-09-30": "1223.40000", "2007-06-30": "1199.00000", "2007-03-31": "1064.90000", "2006-12-31": "1615.50000", "2006-09-30": "1588.70000", "2006-06-30": "1622.30000", "2006-03-31": "1538.40000", "2005-12-31": "1487.60000", "2005-09-30": "1733.60000", "2005-06-30": "1692.80000", "2005-03-31": "1913.80000"}, "Total Liabilities And Share Holders Equity": {"2020-12-31": "19595.00000", "2020-09-30": "17903.00000", "2020-06-30": "17781.00000", "2020-03-31": "18363.00000", "2019-12-31": "17937.00000", "2019-09-30": "15431.00000", "2019-06-30": "13156.00000", "2019-03-31": "12931.00000", "2018-12-31": "12676.00000", "2018-09-30": "12543.00000", "2018-06-30": "12567.00000", "2018-03-31": "12772.00000", "2017-12-31": "12604.00000", "2017-09-30": "12202.00000", "2017-06-30": "11568.00000", "2017-03-31": "11445.00000", "2016-12-31": "11212.00000", "2016-09-30": "9348.00000", "2016-06-30": "9223.00000", "2016-03-31": "8816.30000", "2015-12-31": "8582.10000", "2015-09-30": "8425.40000", "2015-06-30": "8226.90000", "2015-03-31": "8095.10000", "2014-12-31": "7856.60000", "2014-09-30": "7664.30000", "2014-06-30": "7868.80000", "2014-03-31": "7646.00000", "2013-12-31": "7841.20000", "2013-09-30": "7520.50000", "2013-06-30": "7145.20000", "2013-03-31": "7095.10000", "2012-12-31": "7170.10000", "2012-09-30": "7007.60000", "2012-06-30": "6593.00000", "2012-03-31": "6601.50000", "2011-12-31": "6342.20000", "2011-09-30": "6135.40000", "2011-06-30": "6273.90000", "2011-03-31": "6196.50000", "2010-12-31": "5981.80000", "2010-09-30": "5637.50000", "2010-06-30": "5335.60000", "2010-03-31": "5794.00000", "2009-12-31": "5711.50000", "2009-09-30": "5466.80000", "2009-06-30": "5176.60000", "2009-03-31": "5118.80000", "2008-12-31": "5322.00000", "2008-09-30": "5181.70000", "2008-06-30": "5011.20000", "2008-03-31": "5052.30000", "2007-12-31": "4737.20000", "2007-09-30": "4612.90000", "2007-06-30": "4125.70000", "2007-03-31": "4014.20000", "2006-12-31": "4041.90000", "2006-09-30": "3946.00000", "2006-06-30": "3784.10000", "2006-03-31": "3697.00000", "2005-12-31": "3701.00000", "2005-09-30": "3967.70000", "2005-06-30": "3885.80000", "2005-03-31": "3984.20000"}}, "cash flow statement": {"Net Income/Loss": {"2020-06-30": "696.00000", "2019-06-30": "1794.00000", "2018-06-30": "1117.00000", "2017-06-30": "1256.00000", "2016-06-30": "1121.00000", "2015-06-30": "1094.00000", "2014-06-30": "1209.10000", "2013-06-30": "1023.80000", "2012-06-30": "860.50000", "2011-06-30": "703.80000", "2010-06-30": "482.40000", "2009-06-30": "226.80000", "2008-06-30": "484.00000", "2007-06-30": "449.20000", "2006-06-30": "244.20000", "2005-06-30": "406.10000"}, "Total Depreciation And Amortization - Cash Flow": {"2020-06-30": "611.00000", "2019-06-30": "557.00000", "2018-06-30": "531.00000", "2017-06-30": "464.00000", "2016-06-30": "415.00000", "2015-06-30": "409.00000", "2014-06-30": "384.60000", "2013-06-30": "354.60000", "2012-06-30": "317.50000", "2011-06-30": "332.40000", "2010-06-30": "312.10000", "2009-06-30": "317.10000", "2008-06-30": "264.70000", "2007-06-30": "218.30000", "2006-06-30": "198.40000", "2005-06-30": "196.70000"}, "Other Non-Cash Items": {"2020-06-30": "984.00000", "2019-06-30": "168.00000", "2018-06-30": "350.00000", "2017-06-30": "59.00000", "2016-06-30": "108.00000", "2015-06-30": "91.00000", "2014-06-30": "136.80000", "2013-06-30": "56.20000", "2012-06-30": "6.30000", "2011-06-30": "24.40000", "2010-06-30": "4.80000", "2009-06-30": "-52.60000", "2008-06-30": "-75.00000", "2007-06-30": "58.80000", "2006-06-30": "43.30000", "2005-06-30": "122.80000"}, "Total Non-Cash Items": {"2020-06-30": "1595.00000", "2019-06-30": "725.00000", "2018-06-30": "881.00000", "2017-06-30": "523.00000", "2016-06-30": "523.00000", "2015-06-30": "500.00000", "2014-06-30": "521.40000", "2013-06-30": "410.80000", "2012-06-30": "323.80000", "2011-06-30": "356.80000", "2010-06-30": "316.90000", "2009-06-30": "264.50000", "2008-06-30": "189.70000", "2007-06-30": "277.10000", "2006-06-30": "241.70000", "2005-06-30": "319.50000"}, "Change In Accounts Receivable": {"2020-06-30": "625.00000", "2019-06-30": "-169.00000", "2018-06-30": "-105.00000", "2017-06-30": "-92.00000", "2016-06-30": "-101.00000", "2015-06-30": "103.00000", "2014-06-30": "-196.20000", "2013-06-30": "-113.00000", "2012-06-30": "-178.40000", "2011-06-30": "-124.70000", "2010-06-30": "79.20000", "2009-06-30": "103.80000", "2008-06-30": "-86.50000", "2007-06-30": "-68.00000", "2006-06-30": "14.60000", "2005-06-30": "-106.60000"}, "Change In Inventories": {"2020-06-30": "-3.00000", "2019-06-30": "-375.00000", "2018-06-30": "-147.00000", "2017-06-30": "-85.00000", "2016-06-30": "-69.00000", "2015-06-30": "-26.00000", "2014-06-30": "-156.80000", "2013-06-30": "-134.50000", "2012-06-30": "-41.20000", "2011-06-30": "-95.10000", "2010-06-30": "-60.80000", "2009-06-30": "125.70000", "2008-06-30": "-70.70000", "2007-06-30": "-70.80000", "2006-06-30": "1.90000", "2005-06-30": "-105.10000"}, "Change In Accounts Payable": {"2020-06-30": "-308.00000", "2019-06-30": "319.00000", "2018-06-30": "349.00000", "2017-06-30": "54.00000", "2016-06-30": "101.00000", "2015-06-30": "147.00000", "2014-06-30": "34.00000", "2013-06-30": "-8.70000", "2012-06-30": "68.30000", "2011-06-30": "-17.00000", "2010-06-30": "103.60000", "2009-06-30": "-11.90000", "2008-06-30": "17.10000", "2007-06-30": "46.40000", "2006-06-30": "9.10000", "2005-06-30": "-23.90000"}, "Change In Assets/Liabilities": {"2020-06-30": "-156.00000", "2019-06-30": "-62.00000", "2018-06-30": "1.00000", "2017-06-30": "134.00000", "2016-06-30": "214.00000", "2015-06-30": "125.00000", "2014-06-30": "-45.20000", "2013-06-30": "47.90000", "2012-06-30": "93.70000", "2011-06-30": "100.10000", "2010-06-30": "114.20000", "2009-06-30": "-37.40000", "2008-06-30": "39.60000", "2007-06-30": "-26.30000", "2006-06-30": "68.60000", "2005-06-30": "14.60000"}, "Total Change In Assets/Liabilities": {"2020-06-30": "-11.00000", "2019-06-30": "-2.00000", "2018-06-30": "564.00000", "2017-06-30": "11.00000", "2016-06-30": "145.00000", "2015-06-30": "349.00000", "2014-06-30": "-195.30000", "2013-06-30": "-208.30000", "2012-06-30": "-57.60000", "2011-06-30": "-33.60000", "2010-06-30": "157.40000", "2009-06-30": "204.70000", "2008-06-30": "16.40000", "2007-06-30": "-64.70000", "2006-06-30": "223.90000", "2005-06-30": "-247.50000"}, "Cash Flow From Operating Activities": {"2020-06-30": "2280.00000", "2019-06-30": "2517.00000", "2018-06-30": "2562.00000", "2017-06-30": "1790.00000", "2016-06-30": "1789.00000", "2015-06-30": "1943.00000", "2014-06-30": "1535.20000", "2013-06-30": "1226.30000", "2012-06-30": "1126.70000", "2011-06-30": "1027.00000", "2010-06-30": "956.70000", "2009-06-30": "696.00000", "2008-06-30": "690.10000", "2007-06-30": "661.60000", "2006-06-30": "709.80000", "2005-06-30": "478.10000"}, "Net Change In Property, Plant, And Equipment": {"2020-06-30": "-623.00000", "2019-06-30": "-742.00000", "2018-06-30": "-629.00000", "2017-06-30": "-492.00000", "2016-06-30": "-525.00000", "2015-06-30": "-473.00000", "2014-06-30": "-510.20000", "2013-06-30": "-461.00000", "2012-06-30": "-420.70000", "2011-06-30": "-351.00000", "2010-06-30": "-270.60000", "2009-06-30": "-279.80000", "2008-06-30": "-357.80000", "2007-06-30": "-312.10000", "2006-06-30": "-261.20000", "2005-06-30": "-229.60000"}, "Net Change In Intangible Assets": {"2020-06-30": "", "2019-06-30": "", "2018-06-30": "", "2017-06-30": "", "2016-06-30": "", "2015-06-30": "", "2014-06-30": "", "2013-06-30": "", "2012-06-30": "", "2011-06-30": "", "2010-06-30": "", "2009-06-30": "", "2008-06-30": "", "2007-06-30": "", "2006-06-30": "", "2005-06-30": ""}, "Net Acquisitions/Divestitures": {"2020-06-30": "-1047.00000", "2019-06-30": "", "2018-06-30": "", "2017-06-30": "-1671.00000", "2016-06-30": "-101.00000", "2015-06-30": "-241.00000", "2014-06-30": "-9.20000", "2013-06-30": "-8.70000", "2012-06-30": "-7.60000", "2011-06-30": "-256.10000", "2010-06-30": "-10.70000", "2009-06-30": "-68.50000", "2008-06-30": "-116.00000", "2007-06-30": "-61.20000", "2006-06-30": "-42.40000", "2005-06-30": "-7.10000"}, "Net Change In Short-term Investments": {"2020-06-30": "", "2019-06-30": "", "2018-06-30": "", "2017-06-30": "", "2016-06-30": "", "2015-06-30": "", "2014-06-30": "", "2013-06-30": "", "2012-06-30": "", "2011-06-30": "", "2010-06-30": "", "2009-06-30": "", "2008-06-30": "", "2007-06-30": "", "2006-06-30": "", "2005-06-30": ""}, "Net Change In Long-Term Investments": {"2020-06-30": "-28.00000", "2019-06-30": "1215.00000", "2018-06-30": "271.00000", "2017-06-30": "-41.00000", "2016-06-30": "-643.00000", "2015-06-30": "-902.00000", "2014-06-30": "7.80000", "2013-06-30": "4.20000", "2012-06-30": "", "2011-06-30": "0.20000", "2010-06-30": "-0.10000", "2009-06-30": "8.80000", "2008-06-30": "-4.70000", "2007-06-30": "-0.50000", "2006-06-30": "0.40000", "2005-06-30": "-0.30000"}, "Net Change In Investments - Total": {"2020-06-30": "-28.00000", "2019-06-30": "1215.00000", "2018-06-30": "271.00000", "2017-06-30": "-41.00000", "2016-06-30": "-643.00000", "2015-06-30": "-902.00000", "2014-06-30": "7.80000", "2013-06-30": "4.20000", "2012-06-30": "", "2011-06-30": "0.20000", "2010-06-30": "-0.10000", "2009-06-30": "8.80000", "2008-06-30": "-4.70000", "2007-06-30": "-0.50000", "2006-06-30": "0.40000", "2005-06-30": "-0.30000"}, "Investing Activities - Other": {"2020-06-30": "", "2019-06-30": "", "2018-06-30": "", "2017-06-30": "", "2016-06-30": "", "2015-06-30": "", "2014-06-30": "", "2013-06-30": "", "2012-06-30": "", "2011-06-30": "", "2010-06-30": "", "2009-06-30": "", "2008-06-30": "", "2007-06-30": "", "2006-06-30": "", "2005-06-30": ""}, "Cash Flow From Investing Activities": {"2020-06-30": "-1698.00000", "2019-06-30": "473.00000", "2018-06-30": "-358.00000", "2017-06-30": "-2204.00000", "2016-06-30": "-1269.00000", "2015-06-30": "-1616.00000", "2014-06-30": "-511.60000", "2013-06-30": "-465.50000", "2012-06-30": "-428.30000", "2011-06-30": "-606.90000", "2010-06-30": "-281.40000", "2009-06-30": "-339.50000", "2008-06-30": "-478.50000", "2007-06-30": "-373.80000", "2006-06-30": "-303.20000", "2005-06-30": "-237.00000"}, "Net Long-Term Debt": {"2020-06-30": "1968.00000", "2019-06-30": "-1.00000", "2018-06-30": "-2.00000", "2017-06-30": "1192.00000", "2016-06-30": "608.00000", "2015-06-30": "286.00000", "2014-06-30": "-11.80000", "2013-06-30": "257.20000", "2012-06-30": "-128.80000", "2011-06-30": "-16.50000", "2010-06-30": "-227.20000", "2009-06-30": "287.60000", "2008-06-30": "-5.90000", "2007-06-30": "585.00000", "2006-06-30": "-97.80000", "2005-06-30": "-2.50000"}, "Net Current Debt": {"2020-06-30": "755.00000", "2019-06-30": "-171.00000", "2018-06-30": "-8.00000", "2017-06-30": "165.00000", "2016-06-30": "", "2015-06-30": "13.00000", "2014-06-30": "5.10000", "2013-06-30": "-198.50000", "2012-06-30": "197.40000", "2011-06-30": "0.40000", "2010-06-30": "-7.50000", "2009-06-30": "-93.50000", "2008-06-30": "54.80000", "2007-06-30": "-31.60000", "2006-06-30": "-82.00000", "2005-06-30": "158.60000"}, "Debt Issuance/Retirement Net - Total": {"2020-06-30": "2723.00000", "2019-06-30": "-172.00000", "2018-06-30": "-10.00000", "2017-06-30": "1357.00000", "2016-06-30": "608.00000", "2015-06-30": "299.00000", "2014-06-30": "-6.70000", "2013-06-30": "58.70000", "2012-06-30": "68.60000", "2011-06-30": "-16.10000", "2010-06-30": "-234.70000", "2009-06-30": "194.10000", "2008-06-30": "48.90000", "2007-06-30": "553.40000", "2006-06-30": "-179.80000", "2005-06-30": "156.10000"}, "Net Common Equity Issued/Repurchased": {"2020-06-30": "-893.00000", "2019-06-30": "-1555.00000", "2018-06-30": "-759.00000", "2017-06-30": "-413.00000", "2016-06-30": "-890.00000", "2015-06-30": "-983.00000", "2014-06-30": "-667.20000", "2013-06-30": "-387.70000", "2012-06-30": "-592.70000", "2011-06-30": "-396.60000", "2010-06-30": "-266.70000", "2009-06-30": "-62.60000", "2008-06-30": "-12.30000", "2007-06-30": "-850.20000", "2006-06-30": "-333.20000", "2005-06-30": "-358.00000"}, "Net Total Equity Issued/Repurchased": {"2020-06-30": "-893.00000", "2019-06-30": "-1555.00000", "2018-06-30": "-759.00000", "2017-06-30": "-413.00000", "2016-06-30": "-890.00000", "2015-06-30": "-983.00000", "2014-06-30": "-667.20000", "2013-06-30": "-387.70000", "2012-06-30": "-592.70000", "2011-06-30": "-396.60000", "2010-06-30": "-266.70000", "2009-06-30": "-62.60000", "2008-06-30": "-12.30000", "2007-06-30": "-850.20000", "2006-06-30": "-333.20000", "2005-06-30": "-358.00000"}, "Total Common And Preferred Stock Dividends Paid": {"2020-06-30": "-503.00000", "2019-06-30": "-609.00000", "2018-06-30": "-546.00000", "2017-06-30": "-486.00000", "2016-06-30": "-423.00000", "2015-06-30": "-350.00000", "2014-06-30": "-301.80000", "2013-06-30": "-419.20000", "2012-06-30": "-204.00000", "2011-06-30": "-148.00000", "2010-06-30": "-109.10000", "2009-06-30": "-108.40000", "2008-06-30": "-106.60000", "2007-06-30": "-103.60000", "2006-06-30": "-85.40000", "2005-06-30": "-90.10000"}, "Financial Activities - Other": {"2020-06-30": "134.00000", "2019-06-30": "163.00000", "2018-06-30": "143.00000", "2017-06-30": "172.00000", "2016-06-30": "100.00000", "2015-06-30": "139.00000", "2014-06-30": "118.80000", "2013-06-30": "136.70000", "2012-06-30": "143.00000", "2011-06-30": "247.60000", "2010-06-30": "204.40000", "2009-06-30": "102.70000", "2008-06-30": "-8.10000", "2007-06-30": "-11.20000", "2006-06-30": "3.80000", "2005-06-30": "-8.40000"}, "Cash Flow From Financial Activities": {"2020-06-30": "1461.00000", "2019-06-30": "-2173.00000", "2018-06-30": "-1172.00000", "2017-06-30": "630.00000", "2016-06-30": "-605.00000", "2015-06-30": "-895.00000", "2014-06-30": "-856.90000", "2013-06-30": "-611.50000", "2012-06-30": "-585.10000", "2011-06-30": "-313.10000", "2010-06-30": "-406.10000", "2009-06-30": "125.80000", "2008-06-30": "-78.10000", "2007-06-30": "-411.60000", "2006-06-30": "-594.60000", "2005-06-30": "-300.40000"}, "Net Cash Flow": {"2020-06-30": "2035.00000", "2019-06-30": "806.00000", "2018-06-30": "1045.00000", "2017-06-30": "222.00000", "2016-06-30": "-107.00000", "2015-06-30": "-608.00000", "2014-06-30": "133.40000", "2013-06-30": "148.00000", "2012-06-30": "94.70000", "2011-06-30": "132.30000", "2010-06-30": "256.20000", "2009-06-30": "462.80000", "2008-06-30": "148.00000", "2007-06-30": "-114.90000", "2006-06-30": "-184.70000", "2005-06-30": "-58.30000"}, "Stock-Based Compensation": {"2020-06-30": "213.00000", "2019-06-30": "243.00000", "2018-06-30": "236.00000", "2017-06-30": "219.00000", "2016-06-30": "184.00000", "2015-06-30": "165.00000", "2014-06-30": "152.60000", "2013-06-30": "145.80000", "2012-06-30": "124.70000", "2011-06-30": "94.80000", "2010-06-30": "57.00000", "2009-06-30": "51.50000", "2008-06-30": "47.20000", "2007-06-30": "43.30000", "2006-06-30": "35.90000", "2005-06-30": "-1.20000"}, "Common Stock Dividends Paid": {"2020-06-30": "-503.00000", "2019-06-30": "-609.00000", "2018-06-30": "-546.00000", "2017-06-30": "-486.00000", "2016-06-30": "-423.00000", "2015-06-30": "-350.00000", "2014-06-30": "-301.80000", "2013-06-30": "-419.20000", "2012-06-30": "-204.00000", "2011-06-30": "-148.00000", "2010-06-30": "-109.10000", "2009-06-30": "-108.40000", "2008-06-30": "-106.60000", "2007-06-30": "-103.60000", "2006-06-30": "-85.40000", "2005-06-30": "-90.10000"}}, "cash flow statement, quarterly": {"Net Income/Loss": {"2020-12-31": -525, "2020-09-30": "525.00000", "2020-06-30": -459, "2020-03-31": -4, "2019-12-31": 561, "2019-09-30": "598.00000", "2019-06-30": 158, "2019-03-31": 557, "2018-12-31": 577, "2018-09-30": "502.00000", "2018-06-30": 188, "2018-03-31": 374, "2017-12-31": 125, "2017-09-30": "430.00000", "2017-06-30": 230, "2017-03-31": 300, "2016-12-31": 430, "2016-09-30": "296.00000", "2016-06-30": 95, "2016-03-31": 266, "2015-12-31": 449, "2015-09-30": "311.00000", "2015-06-30": 154.4, "2015-03-31": 272.7, "2014-12-31": 437.7, "2014-09-30": "229.20000", "2014-06-30": 258.4, "2014-03-31": 213.7, "2013-12-31": 435.2, "2013-09-30": "301.80000", "2013-06-30": 95.9, "2013-03-31": 178.9, "2012-12-31": 449.4, "2012-09-30": "299.60000", "2012-06-30": 52.2, "2012-03-31": 131.3, "2011-12-31": 398.4, "2011-09-30": "278.60000", "2011-06-30": 43.2, "2011-03-31": 125.1, "2010-12-31": 345.9, "2010-09-30": "189.60000", "2010-06-30": 25, "2010-03-31": 57.9, "2009-12-31": 261.7, "2009-09-30": "137.80000", "2009-06-30": -12.4, "2009-03-31": 28.3, "2008-12-31": 161.3, "2008-09-30": "49.60000", "2008-06-30": 130.4, "2008-03-31": 90.1, "2007-12-31": 224.4, "2007-09-30": "39.10000", "2007-06-30": 88.6, "2007-03-31": 93.9, "2006-12-31": 208.4, "2006-09-30": "58.30000", "2006-06-30": 44.5, "2006-03-31": 59.5, "2005-12-31": 81.7, "2005-09-30": "58.50000", "2005-06-30": 66.6, "2005-03-31": 339.5}, "Total Depreciation And Amortization - Cash Flow": {"2020-12-31": -156, "2020-09-30": "156.00000", "2020-06-30": -959, "2020-03-31": 1283, "2019-12-31": 144, "2019-09-30": "143.00000", "2019-06-30": 63, "2019-03-31": 225, "2018-12-31": 137, "2018-09-30": "132.00000", "2018-06-30": 142, "2018-03-31": 133, "2017-12-31": 129, "2017-09-30": "127.00000", "2017-06-30": 127, "2017-03-31": 119, "2016-12-31": 112, "2016-09-30": "106.00000", "2016-06-30": 110, "2016-03-31": 103, "2015-12-31": 104, "2015-09-30": "98.00000", "2015-06-30": 110.4, "2015-03-31": 100, "2014-12-31": 98, "2014-09-30": "100.60000", "2014-06-30": 104.6, "2014-03-31": 95.6, "2013-12-31": 95.5, "2013-09-30": "88.90000", "2013-06-30": 107.4, "2013-03-31": 90.4, "2012-12-31": 79.3, "2012-09-30": "77.50000", "2012-06-30": 102.1, "2012-03-31": 74.4, "2011-12-31": 71.4, "2011-09-30": "69.60000", "2011-06-30": 83.5, "2011-03-31": 113.6, "2010-12-31": 66.5, "2010-09-30": "68.80000", "2010-06-30": 69.7, "2010-03-31": 69.1, "2009-12-31": 108, "2009-09-30": "65.30000", "2009-06-30": 110.7, "2009-03-31": 80.5, "2008-12-31": 63.3, "2008-09-30": "62.60000", "2008-06-30": 80.2, "2008-03-31": 62.6, "2007-12-31": 62.9, "2007-09-30": "59.00000", "2007-06-30": 65.5, "2007-03-31": 49, "2006-12-31": 52.9, "2006-09-30": "50.90000", "2006-06-30": 51.4, "2006-03-31": 49.9, "2005-12-31": 49.9, "2005-09-30": "47.20000", "2005-06-30": 52.7, "2005-03-31": 144}, "Other Non-Cash Items": {"2020-12-31": -33, "2020-09-30": "33.00000", "2020-06-30": 1379, "2020-03-31": -761, "2019-12-31": 287, "2019-09-30": "79.00000", "2019-06-30": 83, "2019-03-31": -44, "2018-12-31": 80, "2018-09-30": "49.00000", "2018-06-30": 87, "2018-03-31": 2, "2017-12-31": 196, "2017-09-30": "65.00000", "2017-06-30": -18, "2017-03-31": -9, "2016-12-31": 30, "2016-09-30": "56.00000", "2016-06-30": -43, "2016-03-31": 35, "2015-12-31": 54, "2015-09-30": "62.00000", "2015-06-30": 11.1, "2015-03-31": 0.4, "2014-12-31": 28.6, "2014-09-30": "50.90000", "2014-06-30": 1.9, "2014-03-31": 55.7, "2013-12-31": 43.2, "2013-09-30": "36.00000", "2013-06-30": -0.1, "2013-03-31": 8.7, "2012-12-31": 8.1, "2012-09-30": "39.50000", "2012-06-30": -28.3, "2012-03-31": -15.3, "2011-12-31": 12.2, "2011-09-30": "37.70000", "2011-06-30": -13.5, "2011-03-31": -34.7, "2010-12-31": 26.9, "2010-09-30": "45.70000", "2010-06-30": -11.7, "2010-03-31": -5.7, "2009-12-31": 12.2, "2009-09-30": "10.00000", "2009-06-30": -87.2, "2009-03-31": 1.1, "2008-12-31": 14.6, "2008-09-30": "18.90000", "2008-06-30": -47.9, "2008-03-31": -59.9, "2007-12-31": 18.4, "2007-09-30": "14.40000", "2007-06-30": 36.5, "2007-03-31": 7.9, "2006-12-31": 3.8, "2006-09-30": "10.60000", "2006-06-30": -7.1, "2006-03-31": -25.7, "2005-12-31": 75.4, "2005-09-30": "0.70000", "2005-06-30": 73.8, "2005-03-31": 49}, "Total Non-Cash Items": {"2020-12-31": -189, "2020-09-30": "189.00000", "2020-06-30": 420, "2020-03-31": 522, "2019-12-31": 431, "2019-09-30": "222.00000", "2019-06-30": 146, "2019-03-31": 181, "2018-12-31": 217, "2018-09-30": "181.00000", "2018-06-30": 229, "2018-03-31": 135, "2017-12-31": 325, "2017-09-30": "192.00000", "2017-06-30": 109, "2017-03-31": 110, "2016-12-31": 142, "2016-09-30": "162.00000", "2016-06-30": 67, "2016-03-31": 138, "2015-12-31": 158, "2015-09-30": "160.00000", "2015-06-30": 121.5, "2015-03-31": 100.4, "2014-12-31": 126.6, "2014-09-30": "151.50000", "2014-06-30": 106.5, "2014-03-31": 151.3, "2013-12-31": 138.7, "2013-09-30": "124.90000", "2013-06-30": 107.3, "2013-03-31": 99.1, "2012-12-31": 87.4, "2012-09-30": "117.00000", "2012-06-30": 73.8, "2012-03-31": 59.1, "2011-12-31": 83.6, "2011-09-30": "107.30000", "2011-06-30": 70, "2011-03-31": 78.9, "2010-12-31": 93.4, "2010-09-30": "114.50000", "2010-06-30": 58, "2010-03-31": 63.4, "2009-12-31": 120.2, "2009-09-30": "75.30000", "2009-06-30": 23.5, "2009-03-31": 81.6, "2008-12-31": 77.9, "2008-09-30": "81.50000", "2008-06-30": 32.3, "2008-03-31": 2.7, "2007-12-31": 81.3, "2007-09-30": "73.40000", "2007-06-30": 102, "2007-03-31": 56.9, "2006-12-31": 56.7, "2006-09-30": "61.50000", "2006-06-30": 44.3, "2006-03-31": 24.2, "2005-12-31": 125.3, "2005-09-30": "47.90000", "2005-06-30": 126.5, "2005-03-31": 193}, "Change In Accounts Receivable": {"2020-12-31": 607, "2020-09-30": "-607.00000", "2020-06-30": 673, "2020-03-31": 299, "2019-12-31": 140, "2019-09-30": "-487.00000", "2019-06-30": 208, "2019-03-31": -34, "2018-12-31": 203, "2018-09-30": "-546.00000", "2018-06-30": 220, "2018-03-31": -44, "2017-12-31": 109, "2017-09-30": "-390.00000", "2017-06-30": 150, "2017-03-31": 1, "2016-12-31": 122, "2016-09-30": "-365.00000", "2016-06-30": 150, "2016-03-31": 26, "2015-12-31": 112, "2015-09-30": "-389.00000", "2015-06-30": 197.2, "2015-03-31": 15.6, "2014-12-31": 58.1, "2014-09-30": "-167.90000", "2014-06-30": 30.5, "2014-03-31": 91.7, "2013-12-31": 56.7, "2013-09-30": "-375.10000", "2013-06-30": 184, "2013-03-31": 147.9, "2012-12-31": 73.2, "2012-09-30": "-518.10000", "2012-06-30": 218.6, "2012-03-31": 97.4, "2011-12-31": -12.3, "2011-09-30": "-482.10000", "2011-06-30": 309.2, "2011-03-31": -46, "2010-12-31": -18.7, "2010-09-30": "-369.20000", "2010-06-30": 211.7, "2010-03-31": 93.8, "2009-12-31": -7.6, "2009-09-30": "-218.70000", "2009-06-30": 216.8, "2009-03-31": -24.1, "2008-12-31": 88.7, "2008-09-30": "-177.60000", "2008-06-30": 103.4, "2008-03-31": 11.6, "2007-12-31": -26.9, "2007-09-30": "-174.60000", "2007-06-30": 106.7, "2007-03-31": 37.8, "2006-12-31": -3.3, "2006-09-30": "-209.20000", "2006-06-30": 151.3, "2006-03-31": -60.7, "2005-12-31": 68.8, "2005-09-30": "-144.80000", "2005-06-30": 108.6, "2005-03-31": -215.2}, "Change In Inventories": {"2020-12-31": 94, "2020-09-30": "-94.00000", "2020-06-30": 38, "2020-03-31": -72, "2019-12-31": 114, "2019-09-30": "-83.00000", "2019-06-30": -191, "2019-03-31": -163, "2018-12-31": 15, "2018-09-30": "-36.00000", "2018-06-30": -147, "2018-03-31": -66, "2017-12-31": 82, "2017-09-30": "-16.00000", "2017-06-30": -144, "2017-03-31": -19, "2016-12-31": 109, "2016-09-30": "-31.00000", "2016-06-30": -122, "2016-03-31": -49, "2015-12-31": 85, "2015-09-30": "17.00000", "2015-06-30": -130.9, "2015-03-31": -2.2, "2014-12-31": 116.8, "2014-09-30": "-9.70000", "2014-06-30": -69.4, "2014-03-31": -74.5, "2013-12-31": 45.2, "2013-09-30": "-58.10000", "2013-06-30": -130.3, "2013-03-31": -15.9, "2012-12-31": 70.9, "2012-09-30": "-59.20000", "2012-06-30": -107.2, "2012-03-31": 6.8, "2011-12-31": 80.6, "2011-09-30": "-21.40000", "2011-06-30": -94.7, "2011-03-31": -0.6, "2010-12-31": 34.8, "2010-09-30": "-34.60000", "2010-06-30": -64.8, "2010-03-31": -44.6, "2009-12-31": 91.2, "2009-09-30": "-42.60000", "2009-06-30": 49.1, "2009-03-31": 61.9, "2008-12-31": 111.5, "2008-09-30": "-96.80000", "2008-06-30": -51.9, "2008-03-31": -10.8, "2007-12-31": 76.9, "2007-09-30": "-84.90000", "2007-06-30": -41.5, "2007-03-31": -22.8, "2006-12-31": 62.3, "2006-09-30": "-68.80000", "2006-06-30": -34.2, "2006-03-31": 12.3, "2005-12-31": 81.4, "2005-09-30": "-57.60000", "2005-06-30": -63.9, "2005-03-31": -41.2}, "Change In Accounts Payable": {"2020-12-31": 21, "2020-09-30": "-21.00000", "2020-06-30": 9, "2020-03-31": 58, "2019-12-31": 25, "2019-09-30": "-400.00000", "2019-06-30": 424, "2019-03-31": 69, "2018-12-31": 88, "2018-09-30": "-262.00000", "2018-06-30": 329, "2018-03-31": 131, "2017-12-31": 55, "2017-09-30": "-166.00000", "2017-06-30": 222, "2017-03-31": -25, "2016-12-31": 27, "2016-09-30": "-170.00000", "2016-06-30": 147, "2016-03-31": 35, "2015-12-31": 20, "2015-09-30": "-101.00000", "2015-06-30": 132.2, "2015-03-31": 15.9, "2014-12-31": -13.1, "2014-09-30": "12.00000", "2014-06-30": 7.6, "2014-03-31": 20.8, "2013-12-31": 32.4, "2013-09-30": "-26.80000", "2013-06-30": 95.4, "2013-03-31": 54, "2012-12-31": -78.8, "2012-09-30": "-79.30000", "2012-06-30": 95.2, "2012-03-31": 21.3, "2011-12-31": -37.6, "2011-09-30": "-10.60000", "2011-06-30": 64.2, "2011-03-31": 14.7, "2010-12-31": -32.1, "2010-09-30": "-63.80000", "2010-06-30": 78.8, "2010-03-31": 47, "2009-12-31": -28.3, "2009-09-30": "6.10000", "2009-06-30": 43.7, "2009-03-31": -25.1, "2008-12-31": -11.9, "2008-09-30": "-18.60000", "2008-06-30": 18.8, "2008-03-31": -14, "2007-12-31": 23.8, "2007-09-30": "-11.50000", "2007-06-30": 38.4, "2007-03-31": -14.4, "2006-12-31": -17.5, "2006-09-30": "39.90000", "2006-06-30": 16.7, "2006-03-31": -6.5, "2005-12-31": -6.9, "2005-09-30": "5.80000", "2005-06-30": 7.8, "2005-03-31": -31.7}, "Change In Assets/Liabilities": {"2020-12-31": -366, "2020-09-30": "366.00000", "2020-06-30": -177, "2020-03-31": -113, "2019-12-31": 154, "2019-09-30": "-20.00000", "2019-06-30": -269, "2019-03-31": -127, "2018-12-31": 292, "2018-09-30": "42.00000", "2018-06-30": -643, "2018-03-31": -49, "2017-12-31": 661, "2017-09-30": "32.00000", "2017-06-30": -29, "2017-03-31": 61, "2016-12-31": 98, "2016-09-30": "4.00000", "2016-06-30": 136, "2016-03-31": -62, "2015-12-31": 130, "2015-09-30": "10.00000", "2015-06-30": 139.4, "2015-03-31": -17.3, "2014-12-31": 40, "2014-09-30": "-37.10000", "2014-06-30": 19.9, "2014-03-31": -20.3, "2013-12-31": -108, "2013-09-30": "63.20000", "2013-06-30": 71.9, "2013-03-31": -317, "2012-12-31": 178.2, "2012-09-30": "114.80000", "2012-06-30": 126.3, "2012-03-31": -47.2, "2011-12-31": 23.7, "2011-09-30": "-9.10000", "2011-06-30": -31.7, "2011-03-31": 30, "2010-12-31": 48.9, "2010-09-30": "52.90000", "2010-06-30": 2.1, "2010-03-31": -14.4, "2009-12-31": 151, "2009-09-30": "-24.50000", "2009-06-30": 32.1, "2009-03-31": -1.6, "2008-12-31": -44.9, "2008-09-30": "-23.00000", "2008-06-30": -50.2, "2008-03-31": 114.5, "2007-12-31": -12.6, "2007-09-30": "-12.10000", "2007-06-30": 21.2, "2007-03-31": -17, "2006-12-31": -15.2, "2006-09-30": "-15.30000", "2006-06-30": 57.6, "2006-03-31": 20.1, "2005-12-31": 9.3, "2005-09-30": "-18.40000", "2005-06-30": 8.2, "2005-03-31": 6.4}, "Total Change In Assets/Liabilities": {"2020-12-31": 356, "2020-09-30": "-356.00000", "2020-06-30": 374, "2020-03-31": 172, "2019-12-31": 433, "2019-09-30": "-990.00000", "2019-06-30": 457, "2019-03-31": -255, "2018-12-31": 598, "2018-09-30": "-802.00000", "2018-06-30": 225, "2018-03-31": -28, "2017-12-31": 907, "2017-09-30": "-540.00000", "2017-06-30": 199, "2017-03-31": 18, "2016-12-31": 402, "2016-09-30": "-608.00000", "2016-06-30": 311, "2016-03-31": -50, "2015-12-31": 347, "2015-09-30": "-463.00000", "2015-06-30": 282.1, "2015-03-31": 18.2, "2014-12-31": 301.7, "2014-09-30": "-253.00000", "2014-06-30": 0.9, "2014-03-31": 22, "2013-12-31": 178.6, "2013-09-30": "-396.80000", "2013-06-30": 88.9, "2013-03-31": 1.1, "2012-12-31": 243.5, "2012-09-30": "-541.80000", "2012-06-30": 131, "2012-03-31": 69.1, "2011-12-31": 164.4, "2011-09-30": "-422.10000", "2011-06-30": 186.2, "2011-03-31": 15.6, "2010-12-31": 107.8, "2010-09-30": "-343.20000", "2010-06-30": 75.5, "2010-03-31": 60, "2009-12-31": 232.3, "2009-09-30": "-210.40000", "2009-06-30": 378.2, "2009-03-31": -19.9, "2008-12-31": 173.7, "2008-09-30": "-327.30000", "2008-06-30": 8.9, "2008-03-31": 63.8, "2007-12-31": 189, "2007-09-30": "-245.30000", "2007-06-30": 20.4, "2007-03-31": -7.2, "2006-12-31": 113.2, "2006-09-30": "-191.10000", "2006-06-30": 151.5, "2006-03-31": 1.4, "2005-12-31": 243.1, "2005-09-30": "-172.10000", "2005-06-30": -9.8, "2005-03-31": -237.7}, "Cash Flow From Operating Activities": {"2020-12-31": -358, "2020-09-30": "358.00000", "2020-06-30": 335, "2020-03-31": 690, "2019-12-31": 1425, "2019-09-30": "-170.00000", "2019-06-30": 761, "2019-03-31": 483, "2018-12-31": 1392, "2018-09-30": "-119.00000", "2018-06-30": 642, "2018-03-31": 481, "2017-12-31": 1357, "2017-09-30": "82.00000", "2017-06-30": 538, "2017-03-31": 428, "2016-12-31": 974, "2016-09-30": "-150.00000", "2016-06-30": 473, "2016-03-31": 354, "2015-12-31": 954, "2015-09-30": "8.00000", "2015-06-30": 558, "2015-03-31": 391.3, "2014-12-31": 866, "2014-09-30": "127.70000", "2014-06-30": 365.8, "2014-03-31": 387, "2013-12-31": 752.5, "2013-09-30": "29.90000", "2013-06-30": 292.1, "2013-03-31": 279.1, "2012-12-31": 780.3, "2012-09-30": "-125.20000", "2012-06-30": 257, "2012-03-31": 259.5, "2011-12-31": 646.4, "2011-09-30": "-36.20000", "2011-06-30": 299.4, "2011-03-31": 219.6, "2010-12-31": 547.1, "2010-09-30": "-39.10000", "2010-06-30": 158.5, "2010-03-31": 181.3, "2009-12-31": 614.2, "2009-09-30": "2.70000", "2009-06-30": 389.3, "2009-03-31": 90, "2008-12-31": 412.9, "2008-09-30": "-196.20000", "2008-06-30": 171.6, "2008-03-31": 156.6, "2007-12-31": 494.7, "2007-09-30": "-132.80000", "2007-06-30": 211, "2007-03-31": 143.6, "2006-12-31": 378.3, "2006-09-30": "-71.30000", "2006-06-30": 240.3, "2006-03-31": 85.1, "2005-12-31": 450.1, "2005-09-30": "-65.70000", "2005-06-30": 183.3, "2005-03-31": 294.8}, "Net Change In Property, Plant, And Equipment": {"2020-12-31": 116, "2020-09-30": "-116.00000", "2020-06-30": -155, "2020-03-31": -177, "2019-12-31": -166, "2019-09-30": "-125.00000", "2019-06-30": -301, "2019-03-31": -149, "2018-12-31": -337, "2018-09-30": "45.00000", "2018-06-30": -261, "2018-03-31": -105, "2017-12-31": -147, "2017-09-30": "-116.00000", "2017-06-30": -188, "2017-03-31": -108, "2016-12-31": -123, "2016-09-30": "-73.00000", "2016-06-30": -191, "2016-03-31": -111, "2015-12-31": -133, "2015-09-30": "-90.00000", "2015-06-30": -193.2, "2015-03-31": -92.4, "2014-12-31": -108.7, "2014-09-30": "-78.70000", "2014-06-30": -167.4, "2014-03-31": -125.9, "2013-12-31": -131.2, "2013-09-30": "-85.70000", "2013-06-30": -155.5, "2013-03-31": -100.1, "2012-12-31": -109.9, "2012-09-30": "-95.50000", "2012-06-30": -148.8, "2012-03-31": -90.4, "2011-12-31": -100.7, "2011-09-30": "-80.80000", "2011-06-30": -127.1, "2011-03-31": -79.1, "2010-12-31": -87.1, "2010-09-30": "-57.70000", "2010-06-30": -109.2, "2010-03-31": -57.2, "2009-12-31": -58.8, "2009-09-30": "-45.40000", "2009-06-30": -63.9, "2009-03-31": -58.4, "2008-12-31": -81.6, "2008-09-30": "-75.90000", "2008-06-30": -107.5, "2008-03-31": -89.9, "2007-12-31": -81.9, "2007-09-30": "-78.50000", "2007-06-30": -100.1, "2007-03-31": -71.5, "2006-12-31": -73.2, "2006-09-30": "-67.30000", "2006-06-30": -90.9, "2006-03-31": -65.7, "2005-12-31": -58.3, "2005-09-30": "-46.30000", "2005-06-30": -67.1, "2005-03-31": -162.5}, "Net Change In Intangible Assets": {"2020-12-31": 0, "2020-09-30": "", "2020-06-30": 0, "2020-03-31": 0, "2019-12-31": 0, "2019-09-30": "", "2019-06-30": 0, "2019-03-31": 0, "2018-12-31": 0, "2018-09-30": "", "2018-06-30": 0, "2018-03-31": 0, "2017-12-31": 0, "2017-09-30": "", "2017-06-30": 0, "2017-03-31": 0, "2016-12-31": 0, "2016-09-30": "", "2016-06-30": 0, "2016-03-31": 0, "2015-12-31": 0, "2015-09-30": "", "2015-06-30": 0, "2015-03-31": 0, "2014-12-31": 0, "2014-09-30": "", "2014-06-30": 0, "2014-03-31": 0, "2013-12-31": 0, "2013-09-30": "", "2013-06-30": 0, "2013-03-31": 0, "2012-12-31": 0, "2012-09-30": "", "2012-06-30": 0, "2012-03-31": 0, "2011-12-31": 0, "2011-09-30": "", "2011-06-30": 0, "2011-03-31": 0, "2010-12-31": 0, "2010-09-30": "", "2010-06-30": 0, "2010-03-31": 0, "2009-12-31": 0, "2009-09-30": "", "2009-06-30": 0, "2009-03-31": 0, "2008-12-31": 0, "2008-09-30": "", "2008-06-30": 0, "2008-03-31": 0, "2007-12-31": 0, "2007-09-30": "", "2007-06-30": 0, "2007-03-31": 0, "2006-12-31": 0, "2006-09-30": "", "2006-06-30": 0, "2006-03-31": 0, "2005-12-31": 0, "2005-09-30": "", "2005-06-30": 0, "2005-03-31": 0}, "Net Acquisitions/Divestitures": {"2020-12-31": 6, "2020-09-30": "-6.00000", "2020-06-30": 0, "2020-03-31": -7, "2019-12-31": -1040, "2019-09-30": "", "2019-06-30": 0, "2019-03-31": 0, "2018-12-31": 0, "2018-09-30": "", "2018-06-30": 0, "2018-03-31": 0, "2017-12-31": 0, "2017-09-30": "", "2017-06-30": 19, "2017-03-31": 0, "2016-12-31": -1680, "2016-09-30": "-10.00000", "2016-06-30": 0, "2016-03-31": -82, "2015-12-31": 0, "2015-09-30": "-19.00000", "2015-06-30": -180.3, "2015-03-31": 43.5, "2014-12-31": -94.2, "2014-09-30": "-10.00000", "2014-06-30": 0, "2014-03-31": 0, "2013-12-31": 0, "2013-09-30": "-9.20000", "2013-06-30": 0, "2013-03-31": 0, "2012-12-31": 0, "2012-09-30": "-8.70000", "2012-06-30": 0, "2012-03-31": 0.1, "2011-12-31": 0, "2011-09-30": "-7.70000", "2011-06-30": 0, "2011-03-31": 0, "2010-12-31": 2.4, "2010-09-30": "-258.50000", "2010-06-30": -1.4, "2010-03-31": 0, "2009-12-31": 0, "2009-09-30": "-9.30000", "2009-06-30": -4, "2009-03-31": -0.7, "2008-12-31": -0.3, "2008-09-30": "-63.50000", "2008-06-30": 4.4, "2008-03-31": -4.4, "2007-12-31": 0.4, "2007-09-30": "-116.40000", "2007-06-30": -4.5, "2007-03-31": 0, "2006-12-31": 0, "2006-09-30": "-56.70000", "2006-06-30": 6.8, "2006-03-31": -2.7, "2005-12-31": -46.5, "2005-09-30": "", "2005-06-30": -0.2, "2005-03-31": -6.9}, "Net Change In Short-term Investments": {"2020-12-31": 0, "2020-09-30": "", "2020-06-30": 0, "2020-03-31": 0, "2019-12-31": 0, "2019-09-30": "", "2019-06-30": 0, "2019-03-31": 0, "2018-12-31": 0, "2018-09-30": "", "2018-06-30": 0, "2018-03-31": 0, "2017-12-31": 0, "2017-09-30": "", "2017-06-30": 0, "2017-03-31": 0, "2016-12-31": 0, "2016-09-30": "", "2016-06-30": 0, "2016-03-31": 0, "2015-12-31": 0, "2015-09-30": "", "2015-06-30": 0, "2015-03-31": 0, "2014-12-31": 0, "2014-09-30": "", "2014-06-30": 0, "2014-03-31": 0, "2013-12-31": 0, "2013-09-30": "", "2013-06-30": 0, "2013-03-31": 0, "2012-12-31": 0, "2012-09-30": "", "2012-06-30": 0, "2012-03-31": 0, "2011-12-31": 0, "2011-09-30": "", "2011-06-30": 0, "2011-03-31": 0, "2010-12-31": 0, "2010-09-30": "", "2010-06-30": 0, "2010-03-31": 0, "2009-12-31": 0, "2009-09-30": "", "2009-06-30": 0, "2009-03-31": 0, "2008-12-31": 0, "2008-09-30": "", "2008-06-30": 0, "2008-03-31": 0, "2007-12-31": 0, "2007-09-30": "", "2007-06-30": 0, "2007-03-31": 0, "2006-12-31": 0, "2006-09-30": "", "2006-06-30": 0, "2006-03-31": 0, "2005-12-31": 0, "2005-09-30": "", "2005-06-30": 0, "2005-03-31": 0}, "Net Change In Long-Term Investments": {"2020-12-31": 152, "2020-09-30": "-152.00000", "2020-06-30": 14, "2020-03-31": -23, "2019-12-31": -16, "2019-09-30": "-3.00000", "2019-06-30": 0, "2019-03-31": 958, "2018-12-31": 271, "2018-09-30": "-14.00000", "2018-06-30": 47, "2018-03-31": 94, "2017-12-31": -33, "2017-09-30": "163.00000", "2017-06-30": 71, "2017-03-31": -271, "2016-12-31": 142, "2016-09-30": "17.00000", "2016-06-30": 19, "2016-03-31": -260, "2015-12-31": 53, "2015-09-30": "-455.00000", "2015-06-30": -210.3, "2015-03-31": -192.4, "2014-12-31": -507.7, "2014-09-30": "8.40000", "2014-06-30": 0, "2014-03-31": 8.4, "2013-12-31": -0.6, "2013-09-30": "", "2013-06-30": 0.8, "2013-03-31": 5.5, "2012-12-31": -2.1, "2012-09-30": "", "2012-06-30": 0, "2012-03-31": 0, "2011-12-31": 0, "2011-09-30": "", "2011-06-30": 0, "2011-03-31": 0.2, "2010-12-31": 0, "2010-09-30": "", "2010-06-30": 0, "2010-03-31": 0, "2009-12-31": -0.1, "2009-09-30": "", "2009-06-30": 8.3, "2009-03-31": 0.1, "2008-12-31": -0.1, "2008-09-30": "0.50000", "2008-06-30": -4.3, "2008-03-31": 0, "2007-12-31": 0, "2007-09-30": "-0.40000", "2007-06-30": 0, "2007-03-31": -0.1, "2006-12-31": -0.1, "2006-09-30": "-0.30000", "2006-06-30": 0, "2006-03-31": 0, "2005-12-31": -0.1, "2005-09-30": "0.50000", "2005-06-30": 0, "2005-03-31": -0.3}, "Net Change In Investments - Total": {"2020-12-31": 152, "2020-09-30": "-152.00000", "2020-06-30": 14, "2020-03-31": -23, "2019-12-31": -16, "2019-09-30": "-3.00000", "2019-06-30": 0, "2019-03-31": 958, "2018-12-31": 271, "2018-09-30": "-14.00000", "2018-06-30": 47, "2018-03-31": 94, "2017-12-31": -33, "2017-09-30": "163.00000", "2017-06-30": 71, "2017-03-31": -271, "2016-12-31": 142, "2016-09-30": "17.00000", "2016-06-30": 19, "2016-03-31": -260, "2015-12-31": 53, "2015-09-30": "-455.00000", "2015-06-30": -210.3, "2015-03-31": -192.4, "2014-12-31": -507.7, "2014-09-30": "8.40000", "2014-06-30": 0, "2014-03-31": 8.4, "2013-12-31": -0.6, "2013-09-30": "", "2013-06-30": 0.8, "2013-03-31": 5.5, "2012-12-31": -2.1, "2012-09-30": "", "2012-06-30": 0, "2012-03-31": 0, "2011-12-31": 0, "2011-09-30": "", "2011-06-30": 0, "2011-03-31": 0.2, "2010-12-31": 0, "2010-09-30": "", "2010-06-30": 0, "2010-03-31": 0, "2009-12-31": -0.1, "2009-09-30": "", "2009-06-30": 8.3, "2009-03-31": 0.1, "2008-12-31": -0.1, "2008-09-30": "0.50000", "2008-06-30": -4.3, "2008-03-31": 0, "2007-12-31": 0, "2007-09-30": "-0.40000", "2007-06-30": 0, "2007-03-31": -0.1, "2006-12-31": -0.1, "2006-09-30": "-0.30000", "2006-06-30": 0, "2006-03-31": 0, "2005-12-31": -0.1, "2005-09-30": "0.50000", "2005-06-30": 0, "2005-03-31": -0.3}, "Investing Activities - Other": {"2020-12-31": -32, "2020-09-30": "32.00000", "2020-06-30": 0, "2020-03-31": 0, "2019-12-31": 0, "2019-09-30": "", "2019-06-30": 0, "2019-03-31": 0, "2018-12-31": 0, "2018-09-30": "", "2018-06-30": 0, "2018-03-31": 0, "2017-12-31": 0, "2017-09-30": "", "2017-06-30": 0, "2017-03-31": 0, "2016-12-31": 0, "2016-09-30": "", "2016-06-30": 0, "2016-03-31": 0, "2015-12-31": 0, "2015-09-30": "", "2015-06-30": 0, "2015-03-31": 0, "2014-12-31": 0, "2014-09-30": "", "2014-06-30": 0, "2014-03-31": 0, "2013-12-31": 0, "2013-09-30": "", "2013-06-30": 0, "2013-03-31": 0, "2012-12-31": 0, "2012-09-30": "", "2012-06-30": 0, "2012-03-31": 0, "2011-12-31": 0, "2011-09-30": "", "2011-06-30": 0, "2011-03-31": 0, "2010-12-31": 0, "2010-09-30": "", "2010-06-30": 0, "2010-03-31": 0, "2009-12-31": 0, "2009-09-30": "", "2009-06-30": 0, "2009-03-31": 0, "2008-12-31": 0, "2008-09-30": "", "2008-06-30": 0, "2008-03-31": 0, "2007-12-31": 0, "2007-09-30": "", "2007-06-30": 0, "2007-03-31": 0, "2006-12-31": 0, "2006-09-30": "", "2006-06-30": 0, "2006-03-31": 0, "2005-12-31": 0, "2005-09-30": "", "2005-06-30": 0, "2005-03-31": 0}, "Cash Flow From Investing Activities": {"2020-12-31": 242, "2020-09-30": "-242.00000", "2020-06-30": -141, "2020-03-31": -207, "2019-12-31": -1222, "2019-09-30": "-128.00000", "2019-06-30": -301, "2019-03-31": 809, "2018-12-31": -66, "2018-09-30": "31.00000", "2018-06-30": -214, "2018-03-31": -11, "2017-12-31": -180, "2017-09-30": "47.00000", "2017-06-30": -98, "2017-03-31": -379, "2016-12-31": -1661, "2016-09-30": "-66.00000", "2016-06-30": -172, "2016-03-31": -453, "2015-12-31": -80, "2015-09-30": "-564.00000", "2015-06-30": -583.8, "2015-03-31": -241.3, "2014-12-31": -710.6, "2014-09-30": "-80.30000", "2014-06-30": -167.4, "2014-03-31": -117.5, "2013-12-31": -131.8, "2013-09-30": "-94.90000", "2013-06-30": -154.7, "2013-03-31": -94.6, "2012-12-31": -112, "2012-09-30": "-104.20000", "2012-06-30": -148.8, "2012-03-31": -90.3, "2011-12-31": -100.7, "2011-09-30": "-88.50000", "2011-06-30": -127.1, "2011-03-31": -78.9, "2010-12-31": -84.7, "2010-09-30": "-316.20000", "2010-06-30": -110.6, "2010-03-31": -57.2, "2009-12-31": -58.9, "2009-09-30": "-54.70000", "2009-06-30": -59.6, "2009-03-31": -59, "2008-12-31": -82, "2008-09-30": "-138.90000", "2008-06-30": -107.4, "2008-03-31": -94.3, "2007-12-31": -81.5, "2007-09-30": "-195.30000", "2007-06-30": -104.6, "2007-03-31": -71.6, "2006-12-31": -73.3, "2006-09-30": "-124.30000", "2006-06-30": -84.1, "2006-03-31": -68.4, "2005-12-31": -104.9, "2005-09-30": "-45.80000", "2005-06-30": -67.3, "2005-03-31": -169.7}, "Net Long-Term Debt": {"2020-12-31": 2, "2020-09-30": "-2.00000", "2020-06-30": 696, "2020-03-31": -503, "2019-12-31": 1780, "2019-09-30": "-5.00000", "2019-06-30": 0, "2019-03-31": -1, "2018-12-31": 0, "2018-09-30": "", "2018-06-30": -1, "2018-03-31": 0, "2017-12-31": -1, "2017-09-30": "", "2017-06-30": -302, "2017-03-31": 1497, "2016-12-31": -1, "2016-09-30": "-2.00000", "2016-06-30": 614, "2016-03-31": -2, "2015-12-31": -2, "2015-09-30": "-2.00000", "2015-06-30": 292, "2015-03-31": -1.1, "2014-12-31": -1.3, "2014-09-30": "-3.60000", "2014-06-30": -2.7, "2014-03-31": -2.4, "2013-12-31": -3, "2013-09-30": "-3.70000", "2013-06-30": -3.3, "2013-03-31": 1, "2012-12-31": -3.3, "2012-09-30": "262.80000", "2012-06-30": -1.2, "2012-03-31": -122.3, "2011-12-31": -2.9, "2011-09-30": "-2.40000", "2011-06-30": -1.4, "2011-03-31": -2.4, "2010-12-31": -3.2, "2010-09-30": "-9.50000", "2010-06-30": -201.8, "2010-03-31": -10.4, "2009-12-31": -1.1, "2009-09-30": "-13.90000", "2009-06-30": -1, "2009-03-31": -1.5, "2008-12-31": 293.2, "2008-09-30": "-3.10000", "2008-06-30": -1.6, "2008-03-31": -1.9, "2007-12-31": -1.1, "2007-09-30": "-1.30000", "2007-06-30": -3.6, "2007-03-31": 589.8, "2006-12-31": -0.8, "2006-09-30": "-0.40000", "2006-06-30": -1.4, "2006-03-31": -26.5, "2005-12-31": -69.4, "2005-09-30": "-0.50000", "2005-06-30": -1.8, "2005-03-31": -0.7}, "Net Current Debt": {"2020-12-31": 747, "2020-09-30": "-747.00000", "2020-06-30": -759, "2020-03-31": 1506, "2019-12-31": 3, "2019-09-30": "5.00000", "2019-06-30": -4, "2019-03-31": 2, "2018-12-31": -166, "2018-09-30": "-3.00000", "2018-06-30": -114, "2018-03-31": -116, "2017-12-31": -140, "2017-09-30": "362.00000", "2017-06-30": -29, "2017-03-31": -1623, "2016-12-31": 1554, "2016-09-30": "263.00000", "2016-06-30": -286, "2016-03-31": -61, "2015-12-31": -79, "2015-09-30": "426.00000", "2015-06-30": -105.7, "2015-03-31": 68.2, "2014-12-31": 53.4, "2014-09-30": "-2.90000", "2014-06-30": -0.2, "2014-03-31": 1.9, "2013-12-31": 3.2, "2013-09-30": "0.20000", "2013-06-30": 0.2, "2013-03-31": -6.3, "2012-12-31": 3, "2012-09-30": "-195.40000", "2012-06-30": 75.5, "2012-03-31": 118.4, "2011-12-31": 2.3, "2011-09-30": "1.20000", "2011-06-30": -6.3, "2011-03-31": -0.6, "2010-12-31": 0.2, "2010-09-30": "7.10000", "2010-06-30": 1.5, "2010-03-31": -3.7, "2009-12-31": 1, "2009-09-30": "-6.30000", "2009-06-30": -109.2, "2009-03-31": -106.1, "2008-12-31": -98.5, "2008-09-30": "220.30000", "2008-06-30": -76.2, "2008-03-31": -7.1, "2007-12-31": -197.4, "2007-09-30": "335.50000", "2007-06-30": -81.5, "2007-03-31": -49.7, "2006-12-31": -15.7, "2006-09-30": "115.30000", "2006-06-30": -33.1, "2006-03-31": -64.9, "2005-12-31": 25.9, "2005-09-30": "-9.90000", "2005-06-30": 150.3, "2005-03-31": 8.3}, "Debt Issuance/Retirement Net - Total": {"2020-12-31": 749, "2020-09-30": "-749.00000", "2020-06-30": -63, "2020-03-31": 1003, "2019-12-31": 1783, "2019-09-30": "", "2019-06-30": -4, "2019-03-31": 1, "2018-12-31": -166, "2018-09-30": "-3.00000", "2018-06-30": -115, "2018-03-31": -116, "2017-12-31": -141, "2017-09-30": "362.00000", "2017-06-30": -331, "2017-03-31": -126, "2016-12-31": 1553, "2016-09-30": "261.00000", "2016-06-30": 328, "2016-03-31": -63, "2015-12-31": -81, "2015-09-30": "424.00000", "2015-06-30": 186.3, "2015-03-31": 67.1, "2014-12-31": 52.1, "2014-09-30": "-6.50000", "2014-06-30": -2.9, "2014-03-31": -0.5, "2013-12-31": 0.2, "2013-09-30": "-3.50000", "2013-06-30": -3.1, "2013-03-31": -5.3, "2012-12-31": -0.3, "2012-09-30": "67.40000", "2012-06-30": 74.3, "2012-03-31": -3.9, "2011-12-31": -0.6, "2011-09-30": "-1.20000", "2011-06-30": -7.7, "2011-03-31": -3, "2010-12-31": -3, "2010-09-30": "-2.40000", "2010-06-30": -200.3, "2010-03-31": -14.1, "2009-12-31": -0.1, "2009-09-30": "-20.20000", "2009-06-30": -110.2, "2009-03-31": -107.6, "2008-12-31": 194.7, "2008-09-30": "217.20000", "2008-06-30": -77.8, "2008-03-31": -9, "2007-12-31": -198.5, "2007-09-30": "334.20000", "2007-06-30": -85.1, "2007-03-31": 540.1, "2006-12-31": -16.5, "2006-09-30": "114.90000", "2006-06-30": -34.5, "2006-03-31": -91.4, "2005-12-31": -43.5, "2005-09-30": "-10.40000", "2005-06-30": 148.5, "2005-03-31": 7.6}, "Net Common Equity Issued/Repurchased": {"2020-12-31": 25, "2020-09-30": "-25.00000", "2020-06-30": -10, "2020-03-31": -70, "2019-12-31": -500, "2019-09-30": "-313.00000", "2019-06-30": -211, "2019-03-31": -218, "2018-12-31": -596, "2018-09-30": "-530.00000", "2018-06-30": -83, "2018-03-31": -278, "2017-12-31": -287, "2017-09-30": "-111.00000", "2017-06-30": -50, "2017-03-31": 0, "2016-12-31": -141, "2016-09-30": "-222.00000", "2016-06-30": -187, "2016-03-31": -75, "2015-12-31": -241, "2015-09-30": "-387.00000", "2015-06-30": -356.9, "2015-03-31": -147.5, "2014-12-31": -271.6, "2014-09-30": "-207.00000", "2014-06-30": -66.9, "2014-03-31": -395.4, "2013-12-31": -145.4, "2013-09-30": "-59.50000", "2013-06-30": -24.5, "2013-03-31": -36.7, "2012-12-31": -161.1, "2012-09-30": "-165.40000", "2012-06-30": -42.7, "2012-03-31": -27.6, "2011-12-31": -119.5, "2011-09-30": "-402.90000", "2011-06-30": -50, "2011-03-31": -173.6, "2010-12-31": -29.2, "2010-09-30": "-143.80000", "2010-06-30": -119, "2010-03-31": -69.6, "2009-12-31": -77.7, "2009-09-30": "-0.40000", "2009-06-30": 0, "2009-03-31": 0, "2008-12-31": -5.6, "2008-09-30": "-57.00000", "2008-06-30": 81.3, "2008-03-31": -13.5, "2007-12-31": -25.7, "2007-09-30": "-54.40000", "2007-06-30": 154.1, "2007-03-31": -750, "2006-12-31": -143.8, "2006-09-30": "-110.50000", "2006-06-30": 19.3, "2006-03-31": -46.7, "2005-12-31": -234.7, "2005-09-30": "-71.10000", "2005-06-30": -140.9, "2005-03-31": -217.1}, "Net Total Equity Issued/Repurchased": {"2020-12-31": 25, "2020-09-30": "-25.00000", "2020-06-30": -10, "2020-03-31": -70, "2019-12-31": -500, "2019-09-30": "-313.00000", "2019-06-30": -211, "2019-03-31": -218, "2018-12-31": -596, "2018-09-30": "-530.00000", "2018-06-30": -83, "2018-03-31": -278, "2017-12-31": -287, "2017-09-30": "-111.00000", "2017-06-30": -50, "2017-03-31": 0, "2016-12-31": -141, "2016-09-30": "-222.00000", "2016-06-30": -187, "2016-03-31": -75, "2015-12-31": -241, "2015-09-30": "-387.00000", "2015-06-30": -356.9, "2015-03-31": -147.5, "2014-12-31": -271.6, "2014-09-30": "-207.00000", "2014-06-30": -66.9, "2014-03-31": -395.4, "2013-12-31": -145.4, "2013-09-30": "-59.50000", "2013-06-30": -24.5, "2013-03-31": -36.7, "2012-12-31": -161.1, "2012-09-30": "-165.40000", "2012-06-30": -42.7, "2012-03-31": -27.6, "2011-12-31": -119.5, "2011-09-30": "-402.90000", "2011-06-30": -50, "2011-03-31": -173.6, "2010-12-31": -29.2, "2010-09-30": "-143.80000", "2010-06-30": -119, "2010-03-31": -69.6, "2009-12-31": -77.7, "2009-09-30": "-0.40000", "2009-06-30": 0, "2009-03-31": 0, "2008-12-31": -5.6, "2008-09-30": "-57.00000", "2008-06-30": 81.3, "2008-03-31": -13.5, "2007-12-31": -25.7, "2007-09-30": "-54.40000", "2007-06-30": 154.1, "2007-03-31": -750, "2006-12-31": -143.8, "2006-09-30": "-110.50000", "2006-06-30": 19.3, "2006-03-31": -46.7, "2005-12-31": -234.7, "2005-09-30": "-71.10000", "2005-06-30": -140.9, "2005-03-31": -217.1}, "Total Common And Preferred Stock Dividends Paid": {"2020-12-31": 174, "2020-09-30": "-174.00000", "2020-06-30": -1, "2020-03-31": -172, "2019-12-31": -174, "2019-09-30": "-156.00000", "2019-06-30": -156, "2019-03-31": -156, "2018-12-31": -156, "2018-09-30": "-141.00000", "2018-06-30": -139, "2018-03-31": -140, "2017-12-31": -141, "2017-09-30": "-126.00000", "2017-06-30": -125, "2017-03-31": -125, "2016-12-31": -125, "2016-09-30": "-111.00000", "2016-06-30": -111, "2016-03-31": -111, "2015-12-31": -111, "2015-09-30": "-90.00000", "2015-06-30": -90.2, "2015-03-31": -90.9, "2014-12-31": -91.4, "2014-09-30": "-77.50000", "2014-06-30": -76.6, "2014-03-31": -76.8, "2013-12-31": -78.6, "2013-09-30": "-69.80000", "2013-06-30": -69.9, "2013-03-31": -69.8, "2012-12-31": -279, "2012-09-30": "-0.50000", "2012-06-30": 0, "2012-03-31": 0, "2011-12-31": -203.7, "2011-09-30": "-0.30000", "2011-06-30": 0, "2011-03-31": 0, "2010-12-31": -147.9, "2010-09-30": "-0.10000", "2010-06-30": 0, "2010-03-31": 0, "2009-12-31": -109, "2009-09-30": "-0.10000", "2009-06-30": 0, "2009-03-31": 0, "2008-12-31": -108.3, "2008-09-30": "-0.10000", "2008-06-30": 0, "2008-03-31": 0, "2007-12-31": -106.6, "2007-09-30": "", "2007-06-30": 0, "2007-03-31": 0, "2006-12-31": -103.6, "2006-09-30": "", "2006-06-30": 0, "2006-03-31": 0, "2005-12-31": -85.4, "2005-09-30": "", "2005-06-30": 0, "2005-03-31": -90.1}, "Financial Activities - Other": {"2020-12-31": -58, "2020-09-30": "58.00000", "2020-06-30": 10, "2020-03-31": 77, "2019-12-31": -6, "2019-09-30": "53.00000", "2019-06-30": 12, "2019-03-31": 95, "2018-12-31": 24, "2018-09-30": "32.00000", "2018-06-30": -13, "2018-03-31": 74, "2017-12-31": 34, "2017-09-30": "48.00000", "2017-06-30": 53, "2017-03-31": 64, "2016-12-31": 19, "2016-09-30": "36.00000", "2016-06-30": 30, "2016-03-31": 37, "2015-12-31": 24, "2015-09-30": "9.00000", "2015-06-30": 20.2, "2015-03-31": 85, "2014-12-31": 15.4, "2014-09-30": "18.40000", "2014-06-30": 34.2, "2014-03-31": 31.1, "2013-12-31": 35.6, "2013-09-30": "17.90000", "2013-06-30": 22.5, "2013-03-31": 47.8, "2012-12-31": 38.7, "2012-09-30": "27.70000", "2012-06-30": 24, "2012-03-31": 48.5, "2011-12-31": 57, "2011-09-30": "13.50000", "2011-06-30": 33.4, "2011-03-31": 87.2, "2010-12-31": 64.1, "2010-09-30": "62.90000", "2010-06-30": 29.1, "2010-03-31": 118, "2009-12-31": 56.9, "2009-09-30": "0.40000", "2009-06-30": -8.2, "2009-03-31": 0, "2008-12-31": 0.2, "2008-09-30": "110.70000", "2008-06-30": -79.6, "2008-03-31": 45, "2007-12-31": 23.8, "2007-09-30": "2.70000", "2007-06-30": -128.8, "2007-03-31": 88.3, "2006-12-31": 27, "2006-09-30": "2.30000", "2006-06-30": -44.3, "2006-03-31": 17.7, "2005-12-31": 2.2, "2005-09-30": "28.20000", "2005-06-30": -79.6, "2005-03-31": 71.2}, "Cash Flow From Financial Activities": {"2020-12-31": 890, "2020-09-30": "-890.00000", "2020-06-30": -64, "2020-03-31": 838, "2019-12-31": 1103, "2019-09-30": "-416.00000", "2019-06-30": -359, "2019-03-31": -278, "2018-12-31": -894, "2018-09-30": "-642.00000", "2018-06-30": -350, "2018-03-31": -460, "2017-12-31": -535, "2017-09-30": "173.00000", "2017-06-30": -453, "2017-03-31": -187, "2016-12-31": 1306, "2016-09-30": "-36.00000", "2016-06-30": 60, "2016-03-31": -212, "2015-12-31": -409, "2015-09-30": "-44.00000", "2015-06-30": -240.6, "2015-03-31": -86.3, "2014-12-31": -295.5, "2014-09-30": "-272.60000", "2014-06-30": -112.2, "2014-03-31": -441.6, "2013-12-31": -188.2, "2013-09-30": "-114.90000", "2013-06-30": -75, "2013-03-31": -64, "2012-12-31": -401.7, "2012-09-30": "-70.80000", "2012-06-30": 55.6, "2012-03-31": 17, "2011-12-31": -266.8, "2011-09-30": "-390.90000", "2011-06-30": -24.3, "2011-03-31": -89.4, "2010-12-31": -116, "2010-09-30": "-83.40000", "2010-06-30": -290.2, "2010-03-31": 34.3, "2009-12-31": -129.9, "2009-09-30": "-20.30000", "2009-06-30": -118.4, "2009-03-31": -107.6, "2008-12-31": 81, "2008-09-30": "270.80000", "2008-06-30": -76.1, "2008-03-31": 22.5, "2007-12-31": -307, "2007-09-30": "282.50000", "2007-06-30": -59.8, "2007-03-31": -121.6, "2006-12-31": -236.9, "2006-09-30": "6.70000", "2006-06-30": -59.5, "2006-03-31": -120.4, "2005-12-31": -361.4, "2005-09-30": "-53.30000", "2005-06-30": -72, "2005-03-31": -228.4}, "Net Cash Flow": {"2020-12-31": 755, "2020-09-30": "-755.00000", "2020-06-30": 146, "2020-03-31": 1280, "2019-12-31": 1337, "2019-09-30": "-728.00000", "2019-06-30": 85, "2019-03-31": 1026, "2018-12-31": 433, "2018-09-30": "-738.00000", "2018-06-30": 41, "2018-03-31": 35, "2017-12-31": 661, "2017-09-30": "308.00000", "2017-06-30": -3, "2017-03-31": -123, "2016-12-31": 598, "2016-09-30": "-250.00000", "2016-06-30": 358, "2016-03-31": -312, "2015-12-31": 460, "2015-09-30": "-613.00000", "2015-06-30": -267.2, "2015-03-31": 47.1, "2014-12-31": -154.2, "2014-09-30": "-233.70000", "2014-06-30": 98.9, "2014-03-31": -217.8, "2013-12-31": 425.8, "2013-09-30": "-173.50000", "2013-06-30": 57.1, "2013-03-31": 115, "2012-12-31": 269.9, "2012-09-30": "-294.00000", "2012-06-30": 154.9, "2012-03-31": 193.7, "2011-12-31": 279.6, "2011-09-30": "-533.50000", "2011-06-30": 154, "2011-03-31": 55.9, "2010-12-31": 349.6, "2010-09-30": "-427.20000", "2010-06-30": -260.5, "2010-03-31": 157.6, "2009-12-31": 424.4, "2009-09-30": "-65.30000", "2009-06-30": 223.9, "2009-03-31": -88.3, "2008-12-31": 400.1, "2008-09-30": "-72.90000", "2008-06-30": -8.3, "2008-03-31": 90.5, "2007-12-31": 108.1, "2007-09-30": "-42.30000", "2007-06-30": 51.7, "2007-03-31": -49.8, "2006-12-31": 71.1, "2006-09-30": "-187.90000", "2006-06-30": 100.3, "2006-03-31": -102, "2005-12-31": -19.2, "2005-09-30": "-163.80000", "2005-06-30": 35.3, "2005-03-31": -93.6}, "Stock-Based Compensation": {"2020-12-31": -64, "2020-09-30": "64.00000", "2020-06-30": 3, "2020-03-31": 71, "2019-12-31": 83, "2019-09-30": "56.00000", "2019-06-30": 42, "2019-03-31": 70, "2018-12-31": 73, "2018-09-30": "58.00000", "2018-06-30": 40, "2018-03-31": 64, "2017-12-31": 75, "2017-09-30": "57.00000", "2017-06-30": 44, "2017-03-31": 41, "2016-12-31": 46, "2016-09-30": "88.00000", "2016-06-30": 37, "2016-03-31": 36, "2015-12-31": 42, "2015-09-30": "69.00000", "2015-06-30": 31.1, "2015-03-31": 33, "2014-12-31": 38.8, "2014-09-30": "62.10000", "2014-06-30": 27.8, "2014-03-31": 29.9, "2013-12-31": 38.6, "2013-09-30": "56.30000", "2013-06-30": 27.4, "2013-03-31": 29.6, "2012-12-31": 34.3, "2012-09-30": "54.50000", "2012-06-30": 23.7, "2012-03-31": 24.4, "2011-12-31": 31.2, "2011-09-30": "45.40000", "2011-06-30": 20.3, "2011-03-31": 20.1, "2010-12-31": 23.8, "2010-09-30": "30.60000", "2010-06-30": 12.2, "2010-03-31": 14, "2009-12-31": 11.6, "2009-09-30": "19.20000", "2009-06-30": 8.9, "2009-03-31": 10.5, "2008-12-31": 9.5, "2008-09-30": "22.60000", "2008-06-30": 6.4, "2008-03-31": 7.6, "2007-12-31": 14.3, "2007-09-30": "18.90000", "2007-06-30": 7.7, "2007-03-31": 9, "2006-12-31": 11.8, "2006-09-30": "14.80000", "2006-06-30": 6.4, "2006-03-31": 5.8, "2005-12-31": 10.5, "2005-09-30": "13.20000", "2005-06-30": 0, "2005-03-31": -1.2}, "Common Stock Dividends Paid": {"2020-12-31": 174, "2020-09-30": "-174.00000", "2020-06-30": -1, "2020-03-31": -172, "2019-12-31": -174, "2019-09-30": "-156.00000", "2019-06-30": -156, "2019-03-31": -156, "2018-12-31": -156, "2018-09-30": "-141.00000", "2018-06-30": -139, "2018-03-31": -140, "2017-12-31": -141, "2017-09-30": "-126.00000", "2017-06-30": -125, "2017-03-31": -125, "2016-12-31": -125, "2016-09-30": "-111.00000", "2016-06-30": -111, "2016-03-31": -111, "2015-12-31": -111, "2015-09-30": "-90.00000", "2015-06-30": -90.2, "2015-03-31": -90.9, "2014-12-31": -91.4, "2014-09-30": "-77.50000", "2014-06-30": -76.6, "2014-03-31": -76.8, "2013-12-31": -78.6, "2013-09-30": "-69.80000", "2013-06-30": -69.9, "2013-03-31": -69.8, "2012-12-31": -279, "2012-09-30": "-0.50000", "2012-06-30": 0, "2012-03-31": 0, "2011-12-31": -203.7, "2011-09-30": "-0.30000", "2011-06-30": 0, "2011-03-31": 0, "2010-12-31": -147.9, "2010-09-30": "-0.10000", "2010-06-30": 0, "2010-03-31": 0, "2009-12-31": -109, "2009-09-30": "-0.10000", "2009-06-30": 0, "2009-03-31": 0, "2008-12-31": -108.3, "2008-09-30": "-0.10000", "2008-06-30": 0, "2008-03-31": 0, "2007-12-31": -106.6, "2007-09-30": "", "2007-06-30": 0, "2007-03-31": 0, "2006-12-31": -103.6, "2006-09-30": "", "2006-06-30": 0, "2006-03-31": 0, "2005-12-31": -85.4, "2005-09-30": "", "2005-06-30": 0, "2005-03-31": -90.1}}, "financial ratios": {"Current Ratio": {"2020-06-30": "1.71690", "2019-06-30": "1.56610", "2018-06-30": "1.86340", "2017-06-30": "1.75840", "2016-06-30": "1.57590", "2015-06-30": "1.96430", "2014-06-30": "2.34610", "2013-06-30": "2.22120", "2012-06-30": "1.81350", "2011-06-30": "1.89700", "2010-06-30": "1.98510", "2009-06-30": "1.99600", "2008-06-30": "1.64030", "2007-06-30": "1.49220", "2006-06-30": "1.51360", "2005-06-30": "1.53740"}, "Long-term Debt / Capital": {"2020-06-30": "0.55360", "2019-06-30": "0.39630", "2018-06-30": "0.41640", "2017-06-30": "0.43460", "2016-06-30": "0.34750", "2015-06-30": "0.30390", "2014-06-30": "0.25500", "2013-06-30": "0.28650", "2012-06-30": "0.28010", "2011-06-30": "0.28980", "2010-06-30": "0.38010", "2009-06-30": "0.45470", "2008-06-30": "0.39470", "2007-06-30": "0.46160", "2006-06-30": "0.21020", "2005-06-30": "0.21040"}, "Debt/Equity Ratio": {"2020-06-30": "1.54870", "2019-06-30": "0.77350", "2018-06-30": "0.75240", "2017-06-30": "0.81140", "2016-06-30": "0.62500", "2015-06-30": "0.44470", "2014-06-30": "0.34710", "2013-06-30": "0.40710", "2012-06-30": "0.46880", "2011-06-30": "0.46020", "2010-06-30": "0.62500", "2009-06-30": "0.85420", "2008-06-30": "0.72400", "2007-06-30": "0.90780", "2006-06-30": "0.32150", "2005-06-30": "0.42220"}, "Gross Margin": {"2020-06-30": "75.15040", "2019-06-30": "77.21190", "2018-06-30": "79.21510", "2017-06-30": "79.41480", "2016-06-30": "80.63400", "2015-06-30": "80.51950", "2014-06-30": "80.32420", "2013-06-30": "80.10250", "2012-06-30": "79.45360", "2011-06-30": "78.01480", "2010-06-30": "76.53350", "2009-06-30": "74.30840", "2008-06-30": "74.75860", "2007-06-30": "74.78080", "2006-06-30": "73.90700", "2005-06-30": "74.47770"}, "Operating Margin": {"2020-06-30": "4.23950", "2019-06-30": "15.56210", "2018-06-30": "15.01860", "2017-06-30": "14.41140", "2016-06-30": "14.29590", "2015-06-30": "14.89800", "2014-06-30": "16.66180", "2013-06-30": "14.98770", "2012-06-30": "13.50380", "2011-06-30": "12.36550", "2010-06-30": "10.13240", "2009-06-30": "5.71290", "2008-06-30": "10.24800", "2007-06-30": "10.65580", "2006-06-30": "11.01060", "2005-06-30": "11.57330"}, "EBIT Margin": {"2020-06-30": "4.23950", "2019-06-30": "15.56210", "2018-06-30": "15.01860", "2017-06-30": "14.41140", "2016-06-30": "14.29590", "2015-06-30": "14.89800", "2014-06-30": "16.66180", "2013-06-30": "14.98770", "2012-06-30": "13.50380", "2011-06-30": "12.36550", "2010-06-30": "10.13240", "2009-06-30": "5.71290", "2008-06-30": "10.24800", "2007-06-30": "10.65580", "2006-06-30": "11.01060", "2005-06-30": "11.57330"}, "EBITDA Margin": {"2020-06-30": "8.51410", "2019-06-30": "19.30970", "2018-06-30": "18.89940", "2017-06-30": "18.33560", "2016-06-30": "17.98080", "2015-06-30": "18.69200", "2014-06-30": "20.16810", "2013-06-30": "18.47040", "2012-06-30": "16.77240", "2011-06-30": "16.13850", "2010-06-30": "14.13580", "2009-06-30": "10.04260", "2008-06-30": "13.59410", "2007-06-30": "13.75770", "2006-06-30": "14.08000", "2005-06-30": "14.70540"}, "Pre-Tax Profit Margin": {"2020-06-30": "7.31780", "2019-06-30": "15.52180", "2018-06-30": "14.47050", "2017-06-30": "13.67560", "2016-06-30": "13.80750", "2015-06-30": "14.48050", "2014-06-30": "16.19870", "2013-06-30": "14.48870", "2012-06-30": "12.98280", "2011-06-30": "11.64020", "2010-06-30": "8.82910", "2009-06-30": "4.67930", "2008-06-30": "9.40360", "2007-06-30": "10.10300", "2006-06-30": "9.21750", "2005-06-30": "11.35190"}, "Net Profit Margin": {"2020-06-30": "4.78520", "2019-06-30": "12.00970", "2018-06-30": "8.09760", "2017-06-30": "10.56330", "2016-06-30": "9.90060", "2015-06-30": "10.10200", "2014-06-30": "10.97750", "2013-06-30": "10.01600", "2012-06-30": "8.82170", "2011-06-30": "7.95460", "2010-06-30": "6.13540", "2009-06-30": "2.98210", "2008-06-30": "5.98930", "2007-06-30": "6.38290", "2006-06-30": "3.77800", "2005-06-30": "6.46660"}, "Asset Turnover": {"2020-06-30": "0.80390", "2019-06-30": "1.12980", "2018-06-30": "1.08880", "2017-06-30": "1.02210", "2016-06-30": "1.22110", "2015-06-30": "1.31030", "2014-06-30": "1.39400", "2013-06-30": "1.42500", "2012-06-30": "1.47330", "2011-06-30": "1.40420", "2010-06-30": "1.46110", "2009-06-30": "1.41480", "2008-06-30": "1.57860", "2007-06-30": "1.70580", "2006-06-30": "1.70810", "2005-06-30": "1.61610"}, "Inventory Turnover Ratio": {"2020-06-30": "1.72260", "2019-06-30": "1.68840", "2018-06-30": "1.75770", "2017-06-30": "1.64570", "2016-06-30": "1.72550", "2015-06-30": "1.72730", "2014-06-30": "1.66790", "2013-06-30": "1.81870", "2012-06-30": "2.02910", "2011-06-30": "1.94550", "2010-06-30": "2.21320", "2009-06-30": "2.36680", "2008-06-30": "2.02270", "2007-06-30": "2.07380", "2006-06-30": "2.20100", "2005-06-30": "2.08620"}, "Receiveable Turnover": {"2020-06-30": "11.97150", "2019-06-30": "8.11740", "2018-06-30": "9.20170", "2017-06-30": "8.47600", "2016-06-30": "8.95230", "2015-06-30": "9.17840", "2014-06-30": "7.95240", "2013-06-30": "8.68970", "2012-06-30": "9.16120", "2011-06-30": "9.31680", "2010-06-30": "10.44730", "2009-06-30": "8.58290", "2008-06-30": "7.61530", "2007-06-30": "8.17840", "2006-06-30": "8.38150", "2005-06-30": "8.08650"}, "Days Sales In Receivables": {"2020-06-30": "30.48900", "2019-06-30": "44.96500", "2018-06-30": "39.66640", "2017-06-30": "43.06280", "2016-06-30": "40.77160", "2015-06-30": "39.76740", "2014-06-30": "45.89790", "2013-06-30": "42.00380", "2012-06-30": "39.84200", "2011-06-30": "39.17640", "2010-06-30": "34.93720", "2009-06-30": "42.52640", "2008-06-30": "47.92970", "2007-06-30": "44.62980", "2006-06-30": "43.54840", "2005-06-30": "45.13680"}, "ROE - Return On Equity": {"2020-06-30": "17.56690", "2019-06-30": "40.67110", "2018-06-30": "23.71550", "2017-06-30": "28.53250", "2016-06-30": "31.25170", "2015-06-30": "29.93730", "2014-06-30": "31.24770", "2013-06-30": "31.00640", "2012-06-30": "31.31940", "2011-06-30": "26.58860", "2010-06-30": "24.54460", "2009-06-30": "13.62980", "2008-06-30": "29.27660", "2007-06-30": "37.42290", "2006-06-30": "20.00250", "2005-06-30": "24.21430"}, "Return On Tangible Equity": {"2020-06-30": "312.10760", "2019-06-30": "133.88060", "2018-06-30": "74.07160", "2017-06-30": "108.36930", "2016-06-30": "55.63280", "2015-06-30": "50.11680", "2014-06-30": "42.89260", "2013-06-30": "45.48600", "2012-06-30": "51.37930", "2011-06-30": "45.63610", "2010-06-30": "43.71940", "2009-06-30": "30.07960", "2008-06-30": "64.32750", "2007-06-30": "103.31560", "2006-06-30": "35.67890", "2005-06-30": "45.52420"}, "ROA - Return On Assets": {"2020-06-30": "3.91430", "2019-06-30": "13.63640", "2018-06-30": "8.88840", "2017-06-30": "10.85750", "2016-06-30": "12.15440", "2015-06-30": "13.29780", "2014-06-30": "15.36580", "2013-06-30": "14.32850", "2012-06-30": "13.05170", "2011-06-30": "11.21790", "2010-06-30": "9.04120", "2009-06-30": "4.38130", "2008-06-30": "9.65840", "2007-06-30": "10.87570", "2006-06-30": "8.57540", "2005-06-30": "10.54870"}, "ROI - Return On Investment": {"2020-06-30": "7.84140", "2019-06-30": "24.55180", "2018-06-30": "13.83970", "2017-06-30": "16.13360", "2016-06-30": "20.39290", "2015-06-30": "20.84050", "2014-06-30": "23.27830", "2013-06-30": "22.12230", "2012-06-30": "22.54630", "2011-06-30": "18.88330", "2010-06-30": "15.21580", "2009-06-30": "7.43220", "2008-06-30": "17.71990", "2007-06-30": "20.14730", "2006-06-30": "15.79770", "2005-06-30": "19.11940"}, "Book Value Per Share": {"2020-06-30": "10.98950", "2019-06-30": "12.21540", "2018-06-30": "12.82870", "2017-06-30": "11.95860", "2016-06-30": "9.75360", "2015-06-30": "9.74790", "2014-06-30": "10.10590", "2013-06-30": "8.51020", "2012-06-30": "7.06490", "2011-06-30": "6.70870", "2010-06-30": "4.97010", "2009-06-30": "4.22990", "2008-06-30": "4.24100", "2007-06-30": "3.08500", "2006-06-30": "3.83050", "2005-06-30": "3.84200"}, "Operating Cash Flow Per Share": {"2020-06-30": -0.5812, "2019-06-30": -0.0239, "2018-06-30": 2.0204, "2017-06-30": 0.0485, "2016-06-30": -0.2872, "2015-06-30": 1.1322, "2014-06-30": 0.8001, "2013-06-30": 0.2673, "2012-06-30": 0.2858, "2011-06-30": 0.1694, "2010-06-30": 0.6226, "2009-06-30": 0.0096, "2008-06-30": 0.1587, "2007-06-30": -0.0406, "2006-06-30": 0.5868, "2005-06-30": 1.0457}, "Free Cash Flow Per Share": {"2020-06-30": -0.2759, "2019-06-30": -0.353, "2018-06-30": 1.6652, "2017-06-30": 0.1236, "2016-06-30": -0.455, "2015-06-30": 1.2038, "2014-06-30": 0.6695, "2013-06-30": 0.1597, "2012-06-30": 0.0984, "2011-06-30": -0.0289, "2010-06-30": 0.6562, "2009-06-30": 0.2096, "2008-06-30": 0.002, "2007-06-30": -0.1907, "2006-06-30": 0.4882, "2005-06-30": 0.5435}}, "financial ratios, quarterly": {"Current Ratio": {"2020-09-30": "1.85390", "2020-06-30": "1.71690", "2020-03-31": "1.62520", "2019-12-31": "1.68540", "2019-09-30": "1.52980", "2019-06-30": "1.56610", "2019-03-31": "1.69230", "2018-12-31": "1.70550", "2018-09-30": "1.75390", "2018-06-30": "1.86340", "2018-03-31": "1.82080", "2017-12-31": "1.75580", "2017-09-30": "1.75270", "2017-06-30": "1.75840", "2017-03-31": "1.73850", "2016-12-31": "1.07420", "2016-09-30": "1.62280", "2016-06-30": "1.57590", "2016-03-31": "1.74730", "2015-12-31": "1.80520", "2015-09-30": "1.78600", "2015-06-30": "1.96430", "2015-03-31": "2.11180", "2014-12-31": "2.16520", "2014-09-30": "2.43490", "2014-06-30": "2.34610", "2014-03-31": "2.30070", "2013-12-31": "2.41560", "2013-09-30": "2.33070", "2013-06-30": "2.22120", "2013-03-31": "2.23720", "2012-12-31": "2.11530", "2012-09-30": "2.13600", "2012-06-30": "1.81350", "2012-03-31": "1.89480", "2011-12-31": "1.85610", "2011-09-30": "1.80850", "2011-06-30": "1.89700", "2011-03-31": "1.87920", "2010-12-31": "2.00650", "2010-09-30": "1.89600", "2010-06-30": "1.98510", "2010-03-31": "2.15040", "2009-12-31": "2.08340", "2009-09-30": "2.05430", "2009-06-30": "1.99600", "2009-03-31": "2.00760", "2008-12-31": "1.83160", "2008-09-30": "1.59320", "2008-06-30": "1.64030", "2008-03-31": "1.59240", "2007-12-31": "1.52450", "2007-09-30": "1.42690", "2007-06-30": "1.49220", "2007-03-31": "1.37510", "2006-12-31": "1.35490", "2006-09-30": "1.38470", "2006-06-30": "1.51360", "2006-03-31": "1.48620", "2005-12-31": "1.43830", "2005-09-30": "1.60960", "2005-06-30": "1.53740", "2005-03-31": "1.73110"}, "Long-term Debt / Capital": {"2020-09-30": "0.52300", "2020-06-30": "0.55360", "2020-03-31": "0.51750", "2019-12-31": "0.50330", "2019-09-30": "0.38840", "2019-06-30": "0.39630", "2019-03-31": "0.38440", "2018-12-31": "0.43770", "2018-09-30": "0.43140", "2018-06-30": "0.41640", "2018-03-31": "0.41520", "2017-12-31": "0.42370", "2017-09-30": "0.41580", "2017-06-30": "0.43460", "2017-03-31": "0.44950", "2016-12-31": "0.33170", "2016-09-30": "0.34180", "2016-06-30": "0.34750", "2016-03-31": "0.29670", "2015-12-31": "0.30770", "2015-09-30": "0.31530", "2015-06-30": "0.30390", "2015-03-31": "0.25420", "2014-12-31": "0.25640", "2014-09-30": "0.25800", "2014-06-30": "0.25500", "2014-03-31": "0.26500", "2013-12-31": "0.25410", "2013-09-30": "0.26830", "2013-06-30": "0.28650", "2013-03-31": "0.29300", "2012-12-31": "0.29870", "2012-09-30": "0.30440", "2012-06-30": "0.28010", "2012-03-31": "0.27180", "2011-12-31": "0.28790", "2011-09-30": "0.30090", "2011-06-30": "0.28980", "2011-03-31": "0.29980", "2010-12-31": "0.33370", "2010-09-30": "0.36040", "2010-06-30": "0.38010", "2010-03-31": "0.39930", "2009-12-31": "0.40650", "2009-09-30": "0.42800", "2009-06-30": "0.45470", "2009-03-31": "0.45940", "2008-12-31": "0.45960", "2008-09-30": "0.38660", "2008-06-30": "0.39470", "2008-03-31": "0.41080", "2007-12-31": "0.43860", "2007-09-30": "0.46480", "2007-06-30": "0.46160", "2007-03-31": "0.49240", "2006-12-31": "0.21380", "2006-09-30": "0.21630", "2006-06-30": "0.21020", "2006-03-31": "0.22090", "2005-12-31": "0.22890", "2005-09-30": "0.20420", "2005-06-30": "0.21040", "2005-03-31": "0.18760"}, "Debt/Equity Ratio": {"2020-09-30": "1.20200", "2020-06-30": "1.54870", "2020-03-31": "1.42290", "2019-12-31": "1.12670", "2019-09-30": "0.74920", "2019-06-30": "0.77350", "2019-03-31": "0.73620", "2018-12-31": "0.78260", "2018-09-30": "0.80000", "2018-06-30": "0.75240", "2018-03-31": "0.77240", "2017-12-31": "0.82520", "2017-09-30": "0.82790", "2017-06-30": "0.81140", "2017-03-31": "0.94220", "2016-12-31": "1.05910", "2016-09-30": "0.68030", "2016-06-30": "0.62500", "2016-03-31": "0.50370", "2015-12-31": "0.54810", "2015-09-30": "0.59000", "2015-06-30": "0.44470", "2015-03-31": "0.37590", "2014-12-31": "0.36280", "2014-09-30": "0.35130", "2014-06-30": "0.34710", "2014-03-31": "0.36550", "2013-12-31": "0.34480", "2013-09-30": "0.37110", "2013-06-30": "0.40710", "2013-03-31": "0.42070", "2012-12-31": "0.43420", "2012-09-30": "0.44560", "2012-06-30": "0.46880", "2012-03-31": "0.42370", "2011-12-31": "0.45860", "2011-09-30": "0.48740", "2011-06-30": "0.46020", "2011-03-31": "0.48540", "2010-12-31": "0.51170", "2010-09-30": "0.57770", "2010-06-30": "0.62500", "2010-03-31": "0.67500", "2009-12-31": "0.69880", "2009-09-30": "0.75890", "2009-06-30": "0.85420", "2009-03-31": "0.93500", "2008-12-31": "1.00090", "2008-09-30": "0.83420", "2008-06-30": "0.72400", "2008-03-31": "0.82030", "2007-12-31": "0.92590", "2007-09-30": "1.19230", "2007-06-30": "0.90780", "2007-03-31": "1.10260", "2006-12-31": "0.38950", "2006-09-30": "0.40470", "2006-06-30": "0.32150", "2006-03-31": "0.36100", "2005-12-31": "0.43780", "2005-09-30": "0.40290", "2005-06-30": "0.42220", "2005-03-31": "0.29030"}, "Gross Margin": {"2020-09-30": "76.83890", "2020-06-30": "68.43620", "2020-03-31": "75.00750", "2019-12-31": "77.48700", "2019-09-30": "76.68810", "2019-06-30": "76.74090", "2019-03-31": "78.12500", "2018-12-31": "77.27840", "2018-09-30": "76.64590", "2018-06-30": "78.84670", "2018-03-31": "79.73290", "2017-12-31": "79.88780", "2017-09-30": "78.28350", "2017-06-30": "78.92190", "2017-03-31": "79.31400", "2016-12-31": "80.14340", "2016-09-30": "79.19720", "2016-06-30": "80.68780", "2016-03-31": "81.03120", "2015-12-31": "81.14600", "2015-09-30": "79.64730", "2015-06-30": "80.68940", "2015-03-31": "80.51150", "2014-12-31": "81.17590", "2014-09-30": "79.60470", "2014-06-30": "80.41320", "2014-03-31": "80.44160", "2013-12-31": "80.73340", "2013-09-30": "79.65980", "2013-06-30": "80.24420", "2013-03-31": "80.66590", "2012-12-31": "80.63420", "2012-09-30": "78.85080", "2012-06-30": "80.40160", "2012-03-31": "79.12550", "2011-12-31": "79.87220", "2011-09-30": "78.42690", "2011-06-30": "79.37010", "2011-03-31": "77.71620", "2010-12-31": "78.28650", "2010-09-30": "76.66490", "2010-06-30": "77.48490", "2010-03-31": "76.09680", "2009-12-31": "76.77590", "2009-09-30": "75.72270", "2009-06-30": "74.61970", "2009-03-31": "73.68700", "2008-12-31": "75.11020", "2008-09-30": "73.72740", "2008-06-30": "75.61750", "2008-03-31": "74.89630", "2007-12-31": "74.94370", "2007-09-30": "73.34660", "2007-06-30": "76.07240", "2007-03-31": "74.80040", "2006-12-31": "74.93850", "2006-09-30": "73.13460", "2006-06-30": "75.25240", "2006-03-31": "73.92600", "2005-12-31": "74.29790", "2005-09-30": "71.97920", "2005-06-30": "75.95050", "2005-03-31": "74.84430"}, "Operating Margin": {"2020-09-30": "19.79230", "2020-06-30": "-22.34570", "2020-03-31": "3.25860", "2019-12-31": "5.64450", "2019-09-30": "20.00000", "2019-06-30": "6.01670", "2019-03-31": "18.00210", "2018-12-31": "19.25090", "2018-09-30": "18.50170", "2018-06-30": "8.43700", "2018-03-31": "14.77750", "2017-12-31": "18.96370", "2017-09-30": "17.37940", "2017-06-30": "8.36210", "2017-03-31": "14.94580", "2016-12-31": "19.23320", "2016-09-30": "14.58990", "2016-06-30": "5.40440", "2016-03-31": "14.45240", "2015-12-31": "20.16650", "2015-09-30": "15.97880", "2015-06-30": "9.03330", "2015-03-31": "15.39240", "2014-12-31": "20.78500", "2014-09-30": "13.22690", "2014-06-30": "13.95080", "2014-03-31": "13.39710", "2013-12-31": "21.74120", "2013-09-30": "16.80380", "2013-06-30": "6.05640", "2013-03-31": "10.69460", "2012-12-31": "22.26730", "2012-09-30": "18.90570", "2012-06-30": "3.25160", "2012-03-31": "9.40750", "2011-12-31": "21.80820", "2011-09-30": "17.36180", "2011-06-30": "3.13500", "2011-03-31": "9.65510", "2010-12-31": "20.77450", "2010-09-30": "14.24680", "2010-06-30": "2.36940", "2010-03-31": "6.79030", "2009-12-31": "17.66340", "2009-09-30": "12.02140", "2009-06-30": "-0.87350", "2009-03-31": "4.14380", "2008-12-31": "13.24350", "2008-09-30": "4.85950", "2008-06-30": "9.98460", "2008-03-31": "8.57540", "2007-12-31": "16.04300", "2007-09-30": "4.57280", "2007-06-30": "9.10690", "2007-03-31": "9.26350", "2006-12-31": "16.69430", "2006-09-30": "6.30060", "2006-06-30": "11.61660", "2006-03-31": "10.63870", "2005-12-31": "14.14320", "2005-09-30": "7.02020", "2005-06-30": "10.40510", "2005-03-31": "11.72230"}, "EBIT Margin": {"2020-09-30": "19.79230", "2020-06-30": "-22.34570", "2020-03-31": "3.25860", "2019-12-31": "5.64450", "2019-09-30": "20.00000", "2019-06-30": "6.01670", "2019-03-31": "18.00210", "2018-12-31": "19.25090", "2018-09-30": "18.50170", "2018-06-30": "8.43700", "2018-03-31": "14.77750", "2017-12-31": "18.96370", "2017-09-30": "17.37940", "2017-06-30": "8.36210", "2017-03-31": "14.94580", "2016-12-31": "19.23320", "2016-09-30": "14.58990", "2016-06-30": "5.40440", "2016-03-31": "14.45240", "2015-12-31": "20.16650", "2015-09-30": "15.97880", "2015-06-30": "9.03330", "2015-03-31": "15.39240", "2014-12-31": "20.78500", "2014-09-30": "13.22690", "2014-06-30": "13.95080", "2014-03-31": "13.39710", "2013-12-31": "21.74120", "2013-09-30": "16.80380", "2013-06-30": "6.05640", "2013-03-31": "10.69460", "2012-12-31": "22.26730", "2012-09-30": "18.90570", "2012-06-30": "3.25160", "2012-03-31": "9.40750", "2011-12-31": "21.80820", "2011-09-30": "17.36180", "2011-06-30": "3.13500", "2011-03-31": "9.65510", "2010-12-31": "20.77450", "2010-09-30": "14.24680", "2010-06-30": "2.36940", "2010-03-31": "6.79030", "2009-12-31": "17.66340", "2009-09-30": "12.02140", "2009-06-30": "-0.87350", "2009-03-31": "4.14380", "2008-12-31": "13.24350", "2008-09-30": "4.85950", "2008-06-30": "9.98460", "2008-03-31": "8.57540", "2007-12-31": "16.04300", "2007-09-30": "4.57280", "2007-06-30": "9.10690", "2007-03-31": "9.26350", "2006-12-31": "16.69430", "2006-09-30": "6.30060", "2006-06-30": "11.61660", "2006-03-31": "10.63870", "2005-12-31": "14.14320", "2005-09-30": "7.02020", "2005-06-30": "10.40510", "2005-03-31": "11.72230"}, "EBITDA Margin": {"2020-09-30": "", "2020-06-30": "", "2020-03-31": "", "2019-12-31": "", "2019-09-30": "", "2019-06-30": "", "2019-03-31": "", "2018-12-31": "", "2018-09-30": "", "2018-06-30": "", "2018-03-31": "", "2017-12-31": "", "2017-09-30": "", "2017-06-30": "", "2017-03-31": "", "2016-12-31": "", "2016-09-30": "", "2016-06-30": "", "2016-03-31": "", "2015-12-31": "", "2015-09-30": "", "2015-06-30": "", "2015-03-31": "", "2014-12-31": "", "2014-09-30": "", "2014-06-30": "", "2014-03-31": "", "2013-12-31": "", "2013-09-30": "", "2013-06-30": "", "2013-03-31": "", "2012-12-31": "", "2012-09-30": "", "2012-06-30": "", "2012-03-31": "", "2011-12-31": "", "2011-09-30": "", "2011-06-30": "", "2011-03-31": "", "2010-12-31": "", "2010-09-30": "", "2010-06-30": "", "2010-03-31": "", "2009-12-31": "", "2009-09-30": "", "2009-06-30": "", "2009-03-31": "", "2008-12-31": "", "2008-09-30": "", "2008-06-30": "", "2008-03-31": "", "2007-12-31": "", "2007-09-30": "", "2007-06-30": "", "2007-03-31": "", "2006-12-31": "", "2006-09-30": "", "2006-06-30": "", "2006-03-31": "", "2005-12-31": "", "2005-09-30": "", "2005-06-30": "", "2005-03-31": ""}, "Pre-Tax Profit Margin": {"2020-09-30": "18.83770", "2020-06-30": "-24.89710", "2020-03-31": "2.39160", "2019-12-31": "17.53890", "2019-09-30": "19.51220", "2019-06-30": "5.54320", "2019-03-31": "19.41770", "2018-12-31": "18.67670", "2018-09-30": "17.96250", "2018-06-30": "7.92110", "2018-03-31": "14.24330", "2017-12-31": "18.42950", "2017-09-30": "16.76850", "2017-06-30": "7.15270", "2017-03-31": "14.24570", "2016-12-31": "18.70320", "2016-09-30": "14.06630", "2016-06-30": "4.91310", "2016-03-31": "13.92550", "2015-12-31": "19.71830", "2015-09-30": "15.48500", "2015-06-30": "8.69650", "2015-03-31": "14.92350", "2014-12-31": "20.41710", "2014-09-30": "12.72520", "2014-06-30": "13.48840", "2014-03-31": "12.91470", "2013-12-31": "21.33040", "2013-09-30": "16.29910", "2013-06-30": "5.51630", "2013-03-31": "10.14490", "2012-12-31": "22.53670", "2012-09-30": "17.60740", "2012-06-30": "2.62970", "2012-03-31": "8.76260", "2011-12-31": "21.58540", "2011-09-30": "16.71580", "2011-06-30": "2.36340", "2011-03-31": "8.92550", "2010-12-31": "20.12840", "2010-09-30": "13.47710", "2010-06-30": "-0.01630", "2010-03-31": "5.81180", "2009-12-31": "16.78380", "2009-09-30": "10.95230", "2009-06-30": "-2.07390", "2009-03-31": "2.92960", "2008-12-31": "12.28320", "2008-09-30": "4.05570", "2008-06-30": "9.29870", "2008-03-31": "7.71890", "2007-12-31": "15.25470", "2007-09-30": "3.47930", "2007-06-30": "8.23880", "2007-03-31": "8.74890", "2006-12-31": "16.30760", "2006-09-30": "5.84880", "2006-06-30": "8.89940", "2006-03-31": "6.95100", "2005-12-31": "13.66670", "2005-09-30": "6.64620", "2005-06-30": "10.19570", "2005-03-31": "11.50590"}, "Net Profit Margin": {"2020-09-30": "14.68280", "2020-06-30": "-19.01240", "2020-03-31": "-0.17940", "2019-12-31": "12.04590", "2019-09-30": "15.27600", "2019-06-30": "4.37330", "2019-03-31": "14.82370", "2018-12-31": "14.30710", "2018-09-30": "14.18840", "2018-06-30": "5.64490", "2018-03-31": "11.03860", "2017-12-31": "3.28530", "2017-09-30": "13.04220", "2017-06-30": "7.91290", "2017-03-31": "10.43050", "2016-12-31": "13.34170", "2016-09-30": "10.26180", "2016-06-30": "3.55250", "2016-03-31": "9.97370", "2015-12-31": "14.30860", "2015-09-30": "10.89950", "2015-06-30": "6.06580", "2015-03-31": "10.54450", "2014-12-31": "14.31110", "2014-09-30": "8.66970", "2014-06-30": "9.45580", "2014-03-31": "8.36140", "2013-12-31": "14.32740", "2013-09-30": "11.24110", "2013-06-30": "3.90460", "2013-03-31": "7.80170", "2012-12-31": "15.25740", "2012-09-30": "11.74740", "2012-06-30": "2.27430", "2012-03-31": "5.80020", "2011-12-31": "14.49130", "2011-09-30": "11.24880", "2011-06-30": "1.99460", "2011-03-31": "5.75800", "2010-12-31": "13.80020", "2010-09-30": "9.13610", "2010-06-30": "1.29880", "2010-03-31": "3.09140", "2009-12-31": "11.32480", "2009-09-30": "7.67430", "2009-06-30": "-1.06370", "2009-03-31": "1.60330", "2008-12-31": "7.74130", "2008-09-30": "2.68450", "2008-06-30": "5.97390", "2008-03-31": "4.79310", "2007-12-31": "9.71930", "2007-09-30": "2.28640", "2007-06-30": "5.02720", "2007-03-31": "5.55460", "2006-12-31": "10.46660", "2006-09-30": "3.65860", "2006-06-30": "2.77330", "2006-03-31": "3.77010", "2005-12-31": "4.57990", "2005-09-30": "3.90760", "2005-06-30": "4.35840", "2005-03-31": "6.96260"}, "Asset Turnover": {"2020-09-30": "0.19900", "2020-06-30": "0.13670", "2020-03-31": "0.18220", "2019-12-31": "0.25780", "2019-09-30": "0.25240", "2019-06-30": "0.27290", "2019-03-31": "0.28950", "2018-12-31": "0.31600", "2018-09-30": "0.28100", "2018-06-30": "0.26220", "2018-03-31": "0.26390", "2017-12-31": "0.29700", "2017-09-30": "0.26830", "2017-06-30": "0.25020", "2017-03-31": "0.24960", "2016-12-31": "0.28610", "2016-09-30": "0.30650", "2016-06-30": "0.28690", "2016-03-31": "0.30140", "2015-12-31": "0.36400", "2015-09-30": "0.33650", "2015-06-30": "0.30680", "2015-03-31": "0.31880", "2014-12-31": "0.38750", "2014-09-30": "0.34330", "2014-06-30": "0.34630", "2014-03-31": "0.33350", "2013-12-31": "0.38500", "2013-09-30": "0.35570", "2013-06-30": "0.33690", "2013-03-31": "0.32300", "2012-12-31": "0.40910", "2012-09-30": "0.36380", "2012-06-30": "0.34150", "2012-03-31": "0.34060", "2011-12-31": "0.43160", "2011-09-30": "0.40370", "2011-06-30": "0.32840", "2011-03-31": "0.34950", "2010-12-31": "0.41660", "2010-09-30": "0.37100", "2010-06-30": "0.34490", "2010-03-31": "0.32100", "2009-12-31": "0.39610", "2009-09-30": "0.33540", "2009-06-30": "0.32510", "2009-03-31": "0.33140", "2008-12-31": "0.38350", "2008-09-30": "0.36740", "2008-06-30": "0.40150", "2008-03-31": "0.37210", "2007-12-31": "0.48740", "2007-09-30": "0.37070", "2007-06-30": "0.42720", "2007-03-31": "0.42110", "2006-12-31": "0.49260", "2006-09-30": "0.40380", "2006-06-30": "0.42400", "2006-03-31": "0.42690", "2005-12-31": "0.48200", "2005-09-30": "0.37730", "2005-06-30": "0.39330", "2005-03-31": "0.38280"}, "Inventory Turnover Ratio": {"2020-09-30": "0.37430", "2020-06-30": "0.37200", "2020-03-31": "0.40060", "2019-12-31": "0.50580", "2019-09-30": "0.44180", "2019-06-30": "0.41630", "2019-03-31": "0.45150", "2018-12-31": "0.55120", "2018-09-30": "0.48960", "2018-06-30": "0.43080", "2018-03-31": "0.44550", "2017-12-31": "0.52110", "2017-09-30": "0.46840", "2017-06-30": "0.41240", "2017-03-31": "0.45110", "2016-12-31": "0.49840", "2016-09-30": "0.45990", "2016-06-30": "0.40430", "2016-03-31": "0.43810", "2015-12-31": "0.54670", "2015-09-30": "0.49040", "2015-06-30": "0.40090", "2015-03-31": "0.46860", "2014-12-31": "0.51520", "2014-09-30": "0.42690", "2014-06-30": "0.41250", "2014-03-31": "0.41030", "2013-12-31": "0.50750", "2013-09-30": "0.45480", "2013-06-30": "0.42700", "2013-03-31": "0.44790", "2012-12-31": "0.57140", "2012-09-30": "0.50490", "2012-06-30": "0.44860", "2012-03-31": "0.52220", "2011-12-31": "0.61300", "2011-09-30": "0.54400", "2011-06-30": "0.42700", "2011-03-31": "0.54270", "2010-12-31": "0.62420", "2010-09-30": "0.53920", "2010-06-30": "0.50120", "2010-03-31": "0.56670", "2009-12-31": "0.69460", "2009-09-30": "0.52720", "2009-06-30": "0.53720", "2009-03-31": "0.54420", "2008-12-31": "0.56660", "2008-09-30": "0.47700", "2008-06-30": "0.49700", "2008-03-31": "0.50860", "2007-12-31": "0.64350", "2007-09-30": "0.47060", "2007-06-30": "0.49280", "2007-03-31": "0.52830", "2006-12-31": "0.63730", "2006-09-30": "0.51330", "2006-06-30": "0.51820", "2006-03-31": "0.57300", "2005-12-31": "0.63100", "2005-09-30": "0.51490", "2005-06-30": "0.47830", "2005-03-31": "0.53050"}, "Receiveable Turnover": {"2020-09-30": "1.96580", "2020-06-30": "2.03520", "2020-03-31": "1.81200", "2019-12-31": "2.07820", "2019-09-30": "1.69790", "2019-06-30": "1.96070", "2019-03-31": "1.83890", "2018-12-31": "2.00250", "2018-09-30": "1.59170", "2018-06-30": "2.21590", "2018-03-31": "1.91370", "2017-12-31": "2.20360", "2017-09-30": "1.81990", "2017-06-30": "2.07460", "2017-03-31": "1.86980", "2016-12-31": "2.12730", "2016-09-30": "1.76420", "2016-06-30": "2.10330", "2016-03-31": "1.87560", "2015-12-31": "2.21470", "2015-09-30": "1.84190", "2015-06-30": "2.14900", "2015-03-31": "1.91120", "2014-12-31": "2.17620", "2014-09-30": "1.75150", "2014-06-30": "1.97590", "2014-03-31": "1.82260", "2013-12-31": "2.01110", "2013-09-30": "1.70740", "2013-06-30": "2.05460", "2013-03-31": "1.68280", "2012-12-31": "1.91490", "2012-09-30": "1.58880", "2012-06-30": "2.12320", "2012-03-31": "1.72300", "2011-12-31": "1.97840", "2011-09-30": "1.79670", "2011-06-30": "2.17910", "2011-03-31": "1.73310", "2010-12-31": "2.12540", "2010-09-30": "1.81040", "2010-06-30": "2.46600", "2010-03-31": "1.90030", "2009-12-31": "2.05940", "2009-09-30": "1.67070", "2009-06-30": "1.97210", "2009-03-31": "1.64450", "2008-12-31": "1.97470", "2008-09-30": "1.63400", "2008-06-30": "1.93690", "2008-03-31": "1.65200", "2007-12-31": "2.10010", "2007-09-30": "1.60970", "2007-06-30": "2.04810", "2007-03-31": "1.75200", "2006-12-31": "1.98100", "2006-09-30": "1.62590", "2006-06-30": "2.08070", "2006-03-31": "1.75340", "2005-12-31": "2.14330", "2005-09-30": "1.63580", "2005-06-30": "1.96770", "2005-03-31": "1.65520"}, "Days Sales In Receivables": {"2020-09-30": "45.78330", "2020-06-30": "44.22220", "2020-03-31": "49.66820", "2019-12-31": "43.30670", "2019-09-30": "53.00640", "2019-06-30": "45.90250", "2019-03-31": "48.94230", "2018-12-31": "44.94380", "2018-09-30": "56.54370", "2018-06-30": "40.61610", "2018-03-31": "47.02970", "2017-12-31": "40.84130", "2017-09-30": "49.45330", "2017-06-30": "43.38290", "2017-03-31": "48.13440", "2016-12-31": "42.30670", "2016-09-30": "51.01570", "2016-06-30": "42.78910", "2016-03-31": "47.98420", "2015-12-31": "40.63830", "2015-09-30": "48.86350", "2015-06-30": "41.88000", "2015-03-31": "47.09090", "2014-12-31": "41.35650", "2014-09-30": "51.38310", "2014-06-30": "45.54990", "2014-03-31": "49.38030", "2013-12-31": "44.75110", "2013-09-30": "52.71140", "2013-06-30": "43.80370", "2013-03-31": "53.48240", "2012-12-31": "47.00070", "2012-09-30": "56.64760", "2012-06-30": "42.38940", "2012-03-31": "52.23380", "2011-12-31": "45.49150", "2011-09-30": "50.09290", "2011-06-30": "41.30060", "2011-03-31": "51.92960", "2010-12-31": "42.34550", "2010-09-30": "49.71360", "2010-06-30": "36.49690", "2010-03-31": "47.36130", "2009-12-31": "43.70110", "2009-09-30": "53.87040", "2009-06-30": "45.63640", "2009-03-31": "54.72680", "2008-12-31": "45.57770", "2008-09-30": "55.07800", "2008-06-30": "46.46490", "2008-03-31": "54.47970", "2007-12-31": "42.85600", "2007-09-30": "55.91250", "2007-06-30": "43.94290", "2007-03-31": "51.37000", "2006-12-31": "45.43170", "2006-09-30": "55.35550", "2006-06-30": "43.25570", "2006-03-31": "51.33000", "2005-12-31": "41.99060", "2005-09-30": "55.01840", "2005-06-30": "45.73920", "2005-03-31": "54.37290"}, "ROE - Return On Equity": {"2020-09-30": "11.71610", "2020-06-30": "-11.58510", "2020-03-31": "-0.09180", "2019-12-31": "12.19300", "2019-09-30": "13.11980", "2019-06-30": "3.58200", "2019-03-31": "12.06410", "2018-12-31": "13.31640", "2018-09-30": "11.33180", "2018-06-30": "3.99150", "2018-03-31": "7.89530", "2017-12-31": "2.72390", "2017-09-30": "9.04690", "2017-06-30": "5.22490", "2017-03-31": "7.25510", "2016-12-31": "11.29200", "2016-09-30": "8.05440", "2016-06-30": "2.64850", "2016-03-31": "6.95900", "2015-12-31": "12.41880", "2015-09-30": "8.88060", "2015-06-30": "4.22520", "2015-03-31": "7.05580", "2014-12-31": "11.43030", "2014-09-30": "6.04080", "2014-06-30": "6.67800", "2014-03-31": "5.80330", "2013-12-31": "11.20750", "2013-09-30": "8.35430", "2013-06-30": "2.90440", "2013-03-31": "5.57880", "2012-12-31": "14.38960", "2012-09-30": "9.85360", "2012-06-30": "1.89990", "2012-03-31": "4.59810", "2011-12-31": "15.06980", "2011-09-30": "11.17980", "2011-06-30": "1.63200", "2011-03-31": "4.94700", "2010-12-31": "14.37840", "2010-09-30": "8.86810", "2010-06-30": "1.27200", "2010-03-31": "2.75690", "2009-12-31": "13.02900", "2009-09-30": "7.42220", "2009-06-30": "-0.54690", "2009-03-31": "1.71380", "2008-12-31": "9.55490", "2008-09-30": "2.88980", "2008-06-30": "7.88770", "2008-03-31": "5.78530", "2007-12-31": "16.33190", "2007-09-30": "3.19600", "2007-06-30": "7.37280", "2007-03-31": "8.80830", "2006-12-31": "12.90620", "2006-09-30": "3.65080", "2006-06-30": "3.02660", "2006-03-31": "4.10820", "2005-12-31": "10.11030", "2005-09-30": "3.56480", "2005-06-30": "3.95200", "2005-03-31": "5.62230"}, "Return On Tangible Equity": {"2020-09-30": "74.78630", "2020-06-30": "-205.82960", "2020-03-31": "-0.74770", "2019-12-31": "165.48670", "2019-09-30": "39.89330", "2019-06-30": "11.79100", "2019-03-31": "36.23940", "2018-12-31": "48.52820", "2018-09-30": "40.58210", "2018-06-30": "12.46680", "2018-03-31": "24.71910", "2017-12-31": "9.18440", "2017-09-30": "28.36410", "2017-06-30": "19.84470", "2017-03-31": "35.04670", "2016-12-31": "82.53360", "2016-09-30": "14.05510", "2016-06-30": "4.71460", "2016-03-31": "11.84960", "2015-12-31": "20.87310", "2015-09-30": "15.28030", "2015-06-30": "7.07320", "2015-03-31": "11.42200", "2014-12-31": "16.70290", "2014-09-30": "8.34580", "2014-06-30": "9.16670", "2014-03-31": "8.12330", "2013-12-31": "15.37920", "2013-09-30": "11.78630", "2013-06-30": "4.26070", "2013-03-31": "8.37820", "2012-12-31": "21.92840", "2012-09-30": "15.23050", "2012-06-30": "3.11680", "2012-03-31": "7.43910", "2011-12-31": "25.65520", "2011-09-30": "19.99710", "2011-06-30": "2.80120", "2011-03-31": "8.79620", "2010-12-31": "27.36340", "2010-09-30": "19.03040", "2010-06-30": "2.26570", "2010-03-31": "4.72000", "2009-12-31": "23.08570", "2009-09-30": "14.64400", "2009-06-30": "-1.20690", "2009-03-31": "3.80940", "2008-12-31": "21.75710", "2008-09-30": "6.42570", "2008-06-30": "17.33120", "2008-03-31": "13.74100", "2007-12-31": "47.44180", "2007-09-30": "12.13160", "2007-06-30": "20.35460", "2007-03-31": "30.97760", "2006-12-31": "24.46610", "2006-09-30": "7.02260", "2006-06-30": "5.39860", "2006-03-31": "7.61350", "2005-12-31": "19.24750", "2005-09-30": "5.97970", "2005-06-30": "7.43000", "2005-03-31": "9.29830"}, "ROA - Return On Assets": {"2020-09-30": "2.93250", "2020-06-30": "-2.58140", "2020-03-31": "-0.02180", "2019-12-31": "3.12760", "2019-09-30": "3.87530", "2019-06-30": "1.20100", "2019-03-31": "4.30750", "2018-12-31": "4.55190", "2018-09-30": "4.00220", "2018-06-30": "1.49600", "2018-03-31": "2.92830", "2017-12-31": "0.99170", "2017-09-30": "3.52400", "2017-06-30": "1.98820", "2017-03-31": "2.62120", "2016-12-31": "3.83520", "2016-09-30": "3.16650", "2016-06-30": "1.03000", "2016-03-31": "3.01710", "2015-12-31": "5.23180", "2015-09-30": "3.69120", "2015-06-30": "1.87680", "2015-03-31": "3.36870", "2014-12-31": "5.57110", "2014-09-30": "2.99050", "2014-06-30": "3.28390", "2014-03-31": "2.79490", "2013-12-31": "5.55020", "2013-09-30": "4.01300", "2013-06-30": "1.34220", "2013-03-31": "2.52150", "2012-12-31": "6.26770", "2012-09-30": "4.27540", "2012-06-30": "0.79170", "2012-03-31": "1.98890", "2011-12-31": "6.28170", "2011-09-30": "4.54090", "2011-06-30": "0.68860", "2011-03-31": "2.01890", "2010-12-31": "5.78250", "2010-09-30": "3.36320", "2010-06-30": "0.46860", "2010-03-31": "0.99930", "2009-12-31": "4.58200", "2009-09-30": "2.52070", "2009-06-30": "-0.17580", "2009-03-31": "0.55290", "2008-12-31": "2.96880", "2008-09-30": "0.95720", "2008-06-30": "2.60220", "2008-03-31": "1.78330", "2007-12-31": "4.73700", "2007-09-30": "0.84760", "2007-06-30": "2.14270", "2007-03-31": "2.33670", "2006-12-31": "5.15850", "2006-09-30": "1.46980", "2006-06-30": "1.29750", "2006-03-31": "1.70950", "2005-12-31": "4.06380", "2005-09-30": "1.55760", "2005-06-30": "1.72170", "2005-03-31": "2.70070"}, "ROI - Return On Investment": {"2020-09-30": "5.58870", "2020-06-30": "-5.17120", "2020-03-31": "-0.04430", "2019-12-31": "6.05640", "2019-09-30": "8.02360", "2019-06-30": "2.16230", "2019-03-31": "7.42670", "2018-12-31": "7.48770", "2018-09-30": "6.44330", "2018-06-30": "2.32930", "2018-03-31": "4.61730", "2017-12-31": "1.56980", "2017-09-30": "5.28520", "2017-06-30": "2.95440", "2017-03-31": "3.99360", "2016-12-31": "7.54650", "2016-09-30": "5.30180", "2016-06-30": "1.72820", "2016-03-31": "4.89430", "2015-12-31": "8.59690", "2015-09-30": "6.08080", "2015-06-30": "2.94130", "2015-03-31": "5.26200", "2014-12-31": "8.49900", "2014-09-30": "4.48250", "2014-06-30": "4.97490", "2014-03-31": "4.26540", "2013-12-31": "8.35960", "2013-09-30": "6.11280", "2013-06-30": "2.07220", "2013-03-31": "3.94400", "2012-12-31": "10.09160", "2012-09-30": "6.85400", "2012-06-30": "1.36770", "2012-03-31": "3.34830", "2011-12-31": "10.73160", "2011-09-30": "7.81530", "2011-06-30": "1.15910", "2011-03-31": "3.46380", "2010-12-31": "9.57960", "2010-09-30": "5.67240", "2010-06-30": "0.78850", "2010-03-31": "1.65610", "2009-12-31": "7.73230", "2009-09-30": "4.24520", "2009-06-30": "-0.29820", "2009-03-31": "0.92650", "2008-12-31": "5.16340", "2008-09-30": "1.77240", "2008-06-30": "4.77410", "2008-03-31": "3.40870", "2007-12-31": "9.16930", "2007-09-30": "1.71060", "2007-06-30": "3.96930", "2007-03-31": "4.47110", "2006-12-31": "10.14700", "2006-09-30": "2.86090", "2006-06-30": "2.39030", "2006-03-31": "3.20050", "2005-12-31": "7.79600", "2005-09-30": "2.83680", "2005-06-30": "3.12050", "2005-03-31": "4.56780"}, "Book Value Per Share": {"2020-09-30": "12.39590", "2020-06-30": "10.98950", "2020-03-31": "12.10600", "2019-12-31": "12.80200", "2019-09-30": "12.63650", "2019-06-30": "12.21540", "2019-03-31": "12.76220", "2018-12-31": "11.97430", "2018-09-30": "12.15550", "2018-06-30": "12.82870", "2018-03-31": "12.89680", "2017-12-31": "12.46760", "2017-09-30": "12.89740", "2017-06-30": "11.95860", "2017-03-31": "11.24540", "2016-12-31": "10.40050", "2016-09-30": "10.03210", "2016-06-30": "9.75360", "2016-03-31": "10.35400", "2015-12-31": "9.78770", "2015-09-30": "9.44720", "2015-06-30": "9.74790", "2015-03-31": "10.21450", "2014-12-31": "10.10800", "2014-09-30": "9.95260", "2014-06-30": "10.10590", "2014-03-31": "9.61640", "2013-12-31": "10.00930", "2013-09-30": "9.31200", "2013-06-30": "8.51020", "2013-03-31": "8.27140", "2012-12-31": "8.07180", "2012-09-30": "7.85230", "2012-06-30": "7.06490", "2012-03-31": "7.34610", "2011-12-31": "6.81940", "2011-09-30": "6.43930", "2011-06-30": "6.70870", "2011-03-31": "6.41540", "2010-12-31": "6.09610", "2010-09-30": "5.46100", "2010-06-30": "4.97010", "2010-03-31": "5.27900", "2009-12-31": "5.09320", "2009-09-30": "4.71870", "2009-06-30": "4.22990", "2009-03-31": "4.19770", "2008-12-31": "4.20360", "2008-09-30": "4.37030", "2008-06-30": "4.24100", "2008-03-31": "4.00550", "2007-12-31": "3.55170", "2007-09-30": "3.16960", "2007-06-30": "3.08500", "2007-03-31": "2.75580", "2006-12-31": "3.90990", "2006-09-30": "3.80190", "2006-06-30": "3.83050", "2006-03-31": "3.62520", "2005-12-31": "3.49560", "2005-09-30": "3.94940", "2005-06-30": "3.84200", "2005-03-31": "4.23810"}, "Operating Cash Flow Per Share": {"2020-09-30": "0.97490", "2020-06-30": 0.8144, "2020-03-31": 1.9774, "2019-12-31": 3.8836, "2019-09-30": "-0.46120", "2019-06-30": 2.0275, "2019-03-31": 1.3264, "2018-12-31": 3.7593, "2018-09-30": "-0.31780", "2018-06-30": 1.7088, "2018-03-31": 1.2844, "2017-12-31": 3.6077, "2017-09-30": "0.21840", "2017-06-30": 1.436, "2017-03-31": 1.1514, "2016-12-31": 2.6133, "2016-09-30": "-0.40180", "2016-06-30": 1.2467, "2016-03-31": 0.9452, "2015-12-31": 2.5374, "2015-09-30": "0.02110", "2015-06-30": 1.4374, "2015-03-31": 1.0265, "2014-12-31": 2.2447, "2014-09-30": "0.32900", "2014-06-30": 0.923, "2014-03-31": 1.0036, "2013-12-31": 1.9031, "2013-09-30": "0.07570", "2013-06-30": 0.7342, "2013-03-31": 0.7114, "2012-12-31": 1.9763, "2012-09-30": "-0.31660", "2012-06-30": 0.6434, "2012-03-31": 0.6506, "2011-12-31": 1.6347, "2011-09-30": "-0.09070", "2011-06-30": 0.7517, "2011-03-31": 0.5362, "2010-12-31": 1.3619, "2010-09-30": "-0.09760", "2010-06-30": 0.4051, "2010-03-31": 0.4385, "2009-12-31": 1.5324, "2009-09-30": "0.00680", "2009-06-30": 0.9826, "2009-03-31": 0.229, "2008-12-31": 1.0421, "2008-09-30": "-0.49350", "2008-06-30": 0.4319, "2008-03-31": 0.3978, "2007-12-31": 1.2576, "2007-09-30": "-0.33670", "2007-06-30": 0.5087, "2007-03-31": 0.3571, "2006-12-31": 0.893, "2006-09-30": "-0.16690", "2006-06-30": 0.5401, "2006-03-31": 0.2051, "2005-12-31": 1.0342, "2005-09-30": "-0.14690", "2005-06-30": 0.4012, "2005-03-31": 0.6445}, "Free Cash Flow Per Share": {"2020-09-30": "0.65900", "2020-06-30": 0.4157, "2020-03-31": 1.4716, "2019-12-31": 3.4292, "2019-09-30": "-0.80030", "2019-06-30": 1.2216, "2019-03-31": 0.9184, "2018-12-31": 2.8497, "2018-09-30": "-0.19760", "2018-06-30": 1.0141, "2018-03-31": 1.0042, "2017-12-31": 3.2174, "2017-09-30": "-0.09060", "2017-06-30": 0.9336, "2017-03-31": 0.8608, "2016-12-31": 2.2829, "2016-09-30": "-0.59740", "2016-06-30": 0.7418, "2016-03-31": 0.6491, "2015-12-31": 2.1818, "2015-09-30": "-0.21640", "2015-06-30": 0.9384, "2015-03-31": 0.7846, "2014-12-31": 1.9621, "2014-09-30": "0.12620", "2014-06-30": 0.4994, "2014-03-31": 0.6779, "2013-12-31": 1.5715, "2013-09-30": "-0.14130", "2013-06-30": 0.3423, "2013-03-31": 0.4564, "2012-12-31": 1.6973, "2012-09-30": "-0.55800", "2012-06-30": 0.2698, "2012-03-31": 0.4237, "2011-12-31": 1.3778, "2011-09-30": "-0.29300", "2011-06-30": 0.4334, "2011-03-31": 0.3426, "2010-12-31": 1.1454, "2010-09-30": "-0.24150", "2010-06-30": 0.131, "2010-03-31": 0.2986, "2009-12-31": 1.3869, "2009-09-30": "-0.10770", "2009-06-30": 0.8224, "2009-03-31": 0.0803, "2008-12-31": 0.8343, "2008-09-30": "-0.68440", "2008-06-30": 0.1609, "2008-03-31": 0.1694, "2007-12-31": 1.0485, "2007-09-30": "-0.53580", "2007-06-30": 0.2674, "2007-03-31": 0.1798, "2006-12-31": 0.7182, "2006-09-30": "-0.32440", "2006-06-30": 0.3356, "2006-03-31": 0.0502, "2005-12-31": 0.8963, "2005-09-30": "-0.25040", "2005-06-30": 0.2543, "2005-03-31": 0.2892}}, "revenue": {"Estee Lauder Annual Revenue (Millions of US $)": {"2020": "$14,294", "2019": "$14,863", "2018": "$13,683", "2017": "$11,824", "2016": "$11,262", "2015": "$10,780", "2014": "$10,969", "2013": "$10,182", "2012": "$9,714", "2011": "$8,810", "2010": "$7,796", "2009": "$7,324", "2008": "$7,911", "2007": "$7,038", "2006": "$6,464", "2005": "$6,280"}, "Estee Lauder Quarterly Revenue (Millions of US $)": {"2020-12-31": "$4,853", "2020-09-30": "$3,562", "2020-06-30": "$2,430", "2020-03-31": "$3,345", "2019-12-31": "$4,624", "2019-09-30": "$3,895", "2019-06-30": "$3,590", "2019-03-31": "$3,744", "2018-12-31": "$4,005", "2018-09-30": "$3,524", "2018-06-30": "$3,295", "2018-03-31": "$3,370", "2017-12-31": "$3,744", "2017-09-30": "$3,274", "2017-06-30": "$2,894", "2017-03-31": "$2,857", "2016-12-31": "$3,208", "2016-09-30": "$2,865", "2016-06-30": "$2,646", "2016-03-31": "$2,657", "2015-12-31": "$3,124", "2015-09-30": "$2,835", "2015-06-30": "$2,524", "2015-03-31": "$2,581", "2014-12-31": "$3,045", "2014-09-30": "$2,631", "2014-06-30": "$2,725", "2014-03-31": "$2,550", "2013-12-31": "$3,019", "2013-09-30": "$2,675", "2013-06-30": "$2,407", "2013-03-31": "$2,292", "2012-12-31": "$2,933", "2012-09-30": "$2,550", "2012-06-30": "$2,251", "2012-03-31": "$2,248", "2011-12-31": "$2,738", "2011-09-30": "$2,477", "2011-06-30": "$2,061", "2011-03-31": "$2,166", "2010-12-31": "$2,492", "2010-09-30": "$2,092", "2010-06-30": "$1,840", "2010-03-31": "$1,860", "2009-12-31": "$2,262", "2009-09-30": "$1,833", "2009-06-30": "$1,683", "2009-03-31": "$1,697", "2008-12-31": "$2,041", "2008-09-30": "$1,904", "2008-06-30": "$2,012", "2008-03-31": "$1,880", "2007-12-31": "$2,309", "2007-09-30": "$1,710", "2007-06-30": "$1,762", "2007-03-31": "$1,691", "2006-12-31": "$1,991", "2006-09-30": "$1,594", "2006-06-30": "$1,605", "2006-03-31": "$1,578", "2005-12-31": "$1,784", "2005-09-30": "$1,497", "2005-06-30": "$1,528", "2005-03-31": "$1,525"}}, "gross-profit": {"Estee Lauder Annual Gross Profit (Millions of US $)": {"2020": "$10,742", "2019": "$11,476", "2018": "$10,839", "2017": "$9,390", "2016": "$9,081", "2015": "$8,680", "2014": "$8,811", "2013": "$8,156", "2012": "$7,718", "2011": "$6,873", "2010": "$5,966", "2009": "$5,442", "2008": "$5,914", "2007": "$5,263", "2006": "$4,777", "2005": "$4,677"}, "Estee Lauder Quarterly Gross Profit (Millions of US $)": {"2020-12-31": "$3,769", "2020-09-30": "$2,737", "2020-06-30": "$1,663", "2020-03-31": "$2,509", "2019-12-31": "$3,583", "2019-09-30": "$2,987", "2019-06-30": "$2,755", "2019-03-31": "$2,925", "2018-12-31": "$3,095", "2018-09-30": "$2,701", "2018-06-30": "$2,598", "2018-03-31": "$2,687", "2017-12-31": "$2,991", "2017-09-30": "$2,563", "2017-06-30": "$2,284", "2017-03-31": "$2,266", "2016-12-31": "$2,571", "2016-09-30": "$2,269", "2016-06-30": "$2,135", "2016-03-31": "$2,153", "2015-12-31": "$2,535", "2015-09-30": "$2,258", "2015-06-30": "$2,037", "2015-03-31": "$2,078", "2014-12-31": "$2,471", "2014-09-30": "$2,094", "2014-06-30": "$2,192", "2014-03-31": "$2,051", "2013-12-31": "$2,437", "2013-09-30": "$2,131", "2013-06-30": "$1,932", "2013-03-31": "$1,849", "2012-12-31": "$2,365", "2012-09-30": "$2,010", "2012-06-30": "$1,810", "2012-03-31": "$1,779", "2011-12-31": "$2,187", "2011-09-30": "$1,942", "2011-06-30": "$1,636", "2011-03-31": "$1,683", "2010-12-31": "$1,951", "2010-09-30": "$1,604", "2010-06-30": "$1,426", "2010-03-31": "$1,415", "2009-12-31": "$1,737", "2009-09-30": "$1,388", "2009-06-30": "$1,256", "2009-03-31": "$1,250", "2008-12-31": "$1,533", "2008-09-30": "$1,403", "2008-06-30": "$1,522", "2008-03-31": "$1,408", "2007-12-31": "$1,730", "2007-09-30": "$1,254", "2007-06-30": "$1,341", "2007-03-31": "$1,265", "2006-12-31": "$1,492", "2006-09-30": "$1,165", "2006-06-30": "$1,208", "2006-03-31": "$1,167", "2005-12-31": "$1,325", "2005-09-30": "$1,078", "2005-06-30": "$1,161", "2005-03-31": "$1,142"}}, "operating-income": {"Estee Lauder Annual Operating Income (Millions of US $)": {"2020": "$606", "2019": "$2,313", "2018": "$2,055", "2017": "$1,704", "2016": "$1,610", "2015": "$1,606", "2014": "$1,828", "2013": "$1,526", "2012": "$1,312", "2011": "$1,089", "2010": "$790", "2009": "$418", "2008": "$811", "2007": "$750", "2006": "$712", "2005": "$727"}, "Estee Lauder Quarterly Operating Income (Millions of US $)": {"2020-12-31": "$1,063", "2020-09-30": "$705", "2020-06-30": "$-543", "2020-03-31": "$109", "2019-12-31": "$261", "2019-09-30": "$779", "2019-06-30": "$216", "2019-03-31": "$674", "2018-12-31": "$771", "2018-09-30": "$652", "2018-06-30": "$278", "2018-03-31": "$498", "2017-12-31": "$710", "2017-09-30": "$569", "2017-06-30": "$242", "2017-03-31": "$427", "2016-12-31": "$617", "2016-09-30": "$418", "2016-06-30": "$143", "2016-03-31": "$384", "2015-12-31": "$630", "2015-09-30": "$453", "2015-06-30": "$228", "2015-03-31": "$397", "2014-12-31": "$633", "2014-09-30": "$348", "2014-06-30": "$380", "2014-03-31": "$342", "2013-12-31": "$656", "2013-09-30": "$450", "2013-06-30": "$146", "2013-03-31": "$245", "2012-12-31": "$653", "2012-09-30": "$482", "2012-06-30": "$73", "2012-03-31": "$212", "2011-12-31": "$597", "2011-09-30": "$430", "2011-06-30": "$65", "2011-03-31": "$209", "2010-12-31": "$518", "2010-09-30": "$298", "2010-06-30": "$44", "2010-03-31": "$126", "2009-12-31": "$400", "2009-09-30": "$220", "2009-06-30": "$-15", "2009-03-31": "$70", "2008-12-31": "$270", "2008-09-30": "$93", "2008-06-30": "$201", "2008-03-31": "$161", "2007-12-31": "$370", "2007-09-30": "$78", "2007-06-30": "$160", "2007-03-31": "$157", "2006-12-31": "$332", "2006-09-30": "$100", "2006-06-30": "$186", "2006-03-31": "$168", "2005-12-31": "$252", "2005-09-30": "$105", "2005-06-30": "$159", "2005-03-31": "$179"}}, "ebitda": {"Estee Lauder Annual EBITDA (Millions of US $)": {"2020": "$1,217", "2019": "$2,870", "2018": "$2,586", "2017": "$2,168", "2016": "$2,025", "2015": "$2,015", "2014": "$2,212", "2013": "$1,881", "2012": "$1,629", "2011": "$1,422", "2010": "$1,102", "2009": "$736", "2008": "$1,075", "2007": "$968", "2006": "$910", "2005": "$924"}, "Estee Lauder Quarterly EBITDA (Millions of US $)": {"2020-09-30": "$861", "2020-06-30": "$-1,502", "2020-03-31": "$1,392", "2019-12-31": "$405", "2019-09-30": "$922", "2019-06-30": "$279", "2019-03-31": "$899", "2018-12-31": "$908", "2018-09-30": "$784", "2018-06-30": "$420", "2018-03-31": "$631", "2017-12-31": "$839", "2017-09-30": "$696", "2017-06-30": "$369", "2017-03-31": "$546", "2016-12-31": "$729", "2016-09-30": "$524", "2016-06-30": "$253", "2016-03-31": "$487", "2015-12-31": "$734", "2015-09-30": "$551", "2015-06-30": "$338", "2015-03-31": "$497", "2014-12-31": "$731", "2014-09-30": "$449", "2014-06-30": "$485", "2014-03-31": "$437", "2013-12-31": "$752", "2013-09-30": "$538", "2013-06-30": "$253", "2013-03-31": "$336", "2012-12-31": "$732", "2012-09-30": "$560", "2012-06-30": "$175", "2012-03-31": "$286", "2011-12-31": "$668", "2011-09-30": "$500", "2011-06-30": "$148", "2011-03-31": "$323", "2010-12-31": "$584", "2010-09-30": "$367", "2010-06-30": "$113", "2010-03-31": "$195", "2009-12-31": "$508", "2009-09-30": "$286", "2009-06-30": "$96", "2009-03-31": "$151", "2008-12-31": "$334", "2008-09-30": "$155", "2008-06-30": "$281", "2008-03-31": "$224", "2007-12-31": "$433", "2007-09-30": "$137", "2007-06-30": "$226", "2007-03-31": "$206", "2006-12-31": "$385", "2006-09-30": "$151", "2006-06-30": "$238", "2006-03-31": "$218", "2005-12-31": "$302", "2005-09-30": "$152", "2005-06-30": "$212", "2005-03-31": "$228"}}, "net-income": {"Estee Lauder Annual Net Income (Millions of US $)": {"2020": "$684", "2019": "$1,785", "2018": "$1,108", "2017": "$1,249", "2016": "$1,115", "2015": "$1,089", "2014": "$1,204", "2013": "$1,020", "2012": "$857", "2011": "$701", "2010": "$478", "2009": "$218", "2008": "$474", "2007": "$449", "2006": "$244", "2005": "$406"}, "Estee Lauder Quarterly Net Income (Millions of US $)": {"2020-12-31": "$873", "2020-09-30": "$523", "2020-06-30": "$-462", "2020-03-31": "$-6", "2019-12-31": "$557", "2019-09-30": "$595", "2019-06-30": "$157", "2019-03-31": "$555", "2018-12-31": "$573", "2018-09-30": "$500", "2018-06-30": "$186", "2018-03-31": "$372", "2017-12-31": "$123", "2017-09-30": "$427", "2017-06-30": "$229", "2017-03-31": "$298", "2016-12-31": "$428", "2016-09-30": "$294", "2016-06-30": "$94", "2016-03-31": "$265", "2015-12-31": "$447", "2015-09-30": "$309", "2015-06-30": "$153", "2015-03-31": "$272", "2014-12-31": "$436", "2014-09-30": "$228", "2014-06-30": "$258", "2014-03-31": "$213", "2013-12-31": "$433", "2013-09-30": "$301", "2013-06-30": "$94", "2013-03-31": "$179", "2012-12-31": "$448", "2012-09-30": "$300", "2012-06-30": "$51", "2012-03-31": "$130", "2011-12-31": "$397", "2011-09-30": "$279", "2011-06-30": "$41", "2011-03-31": "$125", "2010-12-31": "$344", "2010-09-30": "$191", "2010-06-30": "$24", "2010-03-31": "$58", "2009-12-31": "$256", "2009-09-30": "$141", "2009-06-30": "$-18", "2009-03-31": "$27", "2008-12-31": "$158", "2008-09-30": "$51", "2008-06-30": "$120", "2008-03-31": "$90", "2007-12-31": "$224", "2007-09-30": "$39", "2007-06-30": "$89", "2007-03-31": "$94", "2006-12-31": "$208", "2006-09-30": "$58", "2006-06-30": "$45", "2006-03-31": "$60", "2005-12-31": "$82", "2005-09-30": "$59", "2005-06-30": "$67", "2005-03-31": "$106"}}, "eps-earnings-per-share-diluted": {"Estee Lauder Annual EPS": {"2020": "$1.86", "2019": "$4.82", "2018": "$2.95", "2017": "$3.35", "2016": "$2.96", "2015": "$2.82", "2014": "$3.06", "2013": "$2.58", "2012": "$2.16", "2011": "$1.74", "2010": "$1.19", "2009": "$0.55", "2008": "$1.20", "2007": "$1.08", "2006": "$0.56", "2005": "$0.89"}, "Estee Lauder Quarterly EPS": {"2020-12-31": "$2.37", "2020-09-30": "$1.42", "2020-06-30": "$-1.25", "2020-03-31": "$-0.02", "2019-12-31": "$1.52", "2019-09-30": "$1.61", "2019-06-30": "$0.42", "2019-03-31": "$1.51", "2018-12-31": "$1.55", "2018-09-30": "$1.34", "2018-06-30": "$0.49", "2018-03-31": "$0.99", "2017-12-31": "$0.33", "2017-09-30": "$1.14", "2017-06-30": "$0.61", "2017-03-31": "$0.80", "2016-12-31": "$1.15", "2016-09-30": "$0.79", "2016-06-30": "$0.24", "2016-03-31": "$0.71", "2015-12-31": "$1.19", "2015-09-30": "$0.82", "2015-06-30": "$0.39", "2015-03-31": "$0.71", "2014-12-31": "$1.13", "2014-09-30": "$0.59", "2014-06-30": "$0.67", "2014-03-31": "$0.54", "2013-12-31": "$1.09", "2013-09-30": "$0.76", "2013-06-30": "$0.24", "2013-03-31": "$0.45", "2012-12-31": "$1.13", "2012-09-30": "$0.76", "2012-06-30": "$0.13", "2012-03-31": "$0.33", "2011-12-31": "$1.00", "2011-09-30": "$0.70", "2011-06-30": "$0.10", "2011-03-31": "$0.31", "2010-12-31": "$0.86", "2010-09-30": "$0.48", "2010-06-30": "$0.06", "2010-03-31": "$0.14", "2009-12-31": "$0.64", "2009-09-30": "$0.36", "2009-06-30": "$-0.05", "2009-03-31": "$0.07", "2008-12-31": "$0.40", "2008-09-30": "$0.13", "2008-06-30": "$0.30", "2008-03-31": "$0.23", "2007-12-31": "$0.57", "2007-09-30": "$0.10", "2007-06-30": "$0.23", "2007-03-31": "$0.23", "2006-12-31": "$0.50", "2006-09-30": "$0.14", "2006-06-30": "$0.10", "2006-03-31": "$0.14", "2005-12-31": "$0.19", "2005-09-30": "$0.13", "2005-06-30": "$0.16", "2005-03-31": "$0.23"}}, "shares-outstanding": {"Estee Lauder Annual Shares Outstanding (Millions of Shares)": {"2020": "367", "2019": "370", "2018": "376", "2017": "373", "2016": "377", "2015": "386", "2014": "393", "2013": "395", "2012": "397", "2011": "402", "2010": "402", "2009": "395", "2008": "394", "2007": "416", "2006": "435", "2005": "457"}, "Estee Lauder Quarterly Shares Outstanding (Millions of Shares)": {"2020-12-31": "368", "2020-09-30": "367", "2020-06-30": "367", "2020-03-31": "360", "2019-12-31": "367", "2019-09-30": "369", "2019-06-30": "370", "2019-03-31": "368", "2018-12-31": "370", "2018-09-30": "374", "2018-06-30": "376", "2018-03-31": "376", "2017-12-31": "376", "2017-09-30": "375", "2017-06-30": "373", "2017-03-31": "372", "2016-12-31": "373", "2016-09-30": "373", "2016-06-30": "377", "2016-03-31": "376", "2015-12-31": "376", "2015-09-30": "379", "2015-06-30": "386", "2015-03-31": "385", "2014-12-31": "386", "2014-09-30": "388", "2014-06-30": "393", "2014-03-31": "392", "2013-12-31": "395", "2013-09-30": "395", "2013-06-30": "395", "2013-03-31": "394", "2012-12-31": "395", "2012-09-30": "396", "2012-06-30": "397", "2012-03-31": "396", "2011-12-31": "395", "2011-09-30": "399", "2011-06-30": "402", "2011-03-31": "404", "2010-12-31": "402", "2010-09-30": "401", "2010-06-30": "402", "2010-03-31": "404", "2009-12-31": "401", "2009-09-30": "396", "2009-06-30": "395", "2009-03-31": "394", "2008-12-31": "395", "2008-09-30": "398", "2008-06-30": "394", "2008-03-31": "393", "2007-12-31": "393", "2007-09-30": "394", "2007-06-30": "416", "2007-03-31": "416", "2006-12-31": "423", "2006-09-30": "427", "2006-06-30": "435", "2006-03-31": "430", "2005-12-31": "433", "2005-09-30": "447", "2005-06-30": "457", "2005-03-31": "457"}}, "total-assets": {"Estee Lauder Annual Total Assets (Millions of US $)": {"2020": "$17,781", "2019": "$13,156", "2018": "$12,567", "2017": "$11,568", "2016": "$9,223", "2015": "$8,227", "2014": "$7,869", "2013": "$7,145", "2012": "$6,593", "2011": "$6,274", "2010": "$5,336", "2009": "$5,177", "2008": "$5,011", "2007": "$4,126", "2006": "$3,784", "2005": "$3,886"}, "Estee Lauder Quarterly Total Assets (Millions of US $)": {"2020-09-30": "$17,903", "2020-06-30": "$17,781", "2020-03-31": "$18,363", "2019-12-31": "$17,937", "2019-09-30": "$15,431", "2019-06-30": "$13,156", "2019-03-31": "$12,931", "2018-12-31": "$12,676", "2018-09-30": "$12,543", "2018-06-30": "$12,567", "2018-03-31": "$12,772", "2017-12-31": "$12,604", "2017-09-30": "$12,202", "2017-06-30": "$11,568", "2017-03-31": "$11,445", "2016-12-31": "$11,212", "2016-09-30": "$9,348", "2016-06-30": "$9,223", "2016-03-31": "$8,816", "2015-12-31": "$8,582", "2015-09-30": "$8,425", "2015-06-30": "$8,227", "2015-03-31": "$8,095", "2014-12-31": "$7,857", "2014-09-30": "$7,664", "2014-06-30": "$7,869", "2014-03-31": "$7,646", "2013-12-31": "$7,841", "2013-09-30": "$7,521", "2013-06-30": "$7,145", "2013-03-31": "$7,095", "2012-12-31": "$7,170", "2012-09-30": "$7,008", "2012-06-30": "$6,593", "2012-03-31": "$6,602", "2011-12-31": "$6,342", "2011-09-30": "$6,135", "2011-06-30": "$6,274", "2011-03-31": "$6,197", "2010-12-31": "$5,982", "2010-09-30": "$5,638", "2010-06-30": "$5,336", "2010-03-31": "$5,794", "2009-12-31": "$5,712", "2009-09-30": "$5,467", "2009-06-30": "$5,177", "2009-03-31": "$5,119", "2008-12-31": "$5,322", "2008-09-30": "$5,182", "2008-06-30": "$5,011", "2008-03-31": "$5,052", "2007-12-31": "$4,737", "2007-09-30": "$4,613", "2007-06-30": "$4,126", "2007-03-31": "$4,014", "2006-12-31": "$4,042", "2006-09-30": "$3,946", "2006-06-30": "$3,784", "2006-03-31": "$3,697", "2005-12-31": "$3,701", "2005-09-30": "$3,968", "2005-06-30": "$3,886", "2005-03-31": "$3,984"}}, "cash-on-hand": {"Estee Lauder Annual Cash on Hand (Millions of US $)": {"2020": "$5,022", "2019": "$2,987", "2018": "$2,715", "2017": "$1,741", "2016": "$1,383", "2015": "$1,525", "2014": "$1,629", "2013": "$1,496", "2012": "$1,348", "2011": "$1,253", "2010": "$1,121", "2009": "$865", "2008": "$402", "2007": "$254", "2006": "$369", "2005": "$553"}, "Estee Lauder Quarterly Cash on Hand (Millions of US $)": {"2020-09-30": "$4,267", "2020-06-30": "$5,022", "2020-03-31": "$4,876", "2019-12-31": "$3,596", "2019-09-30": "$2,259", "2019-06-30": "$2,987", "2019-03-31": "$2,902", "2018-12-31": "$2,401", "2018-09-30": "$1,993", "2018-06-30": "$2,715", "2018-03-31": "$2,524", "2017-12-31": "$2,499", "2017-09-30": "$1,825", "2017-06-30": "$1,741", "2017-03-31": "$1,840", "2016-12-31": "$1,675", "2016-09-30": "$1,189", "2016-06-30": "$1,383", "2016-03-31": "$1,074", "2015-12-31": "$1,414", "2015-09-30": "$1,079", "2015-06-30": "$1,525", "2015-03-31": "$1,425", "2014-12-31": "$1,372", "2014-09-30": "$1,395", "2014-06-30": "$1,629", "2014-03-31": "$1,530", "2013-12-31": "$1,748", "2013-09-30": "$1,322", "2013-06-30": "$1,496", "2013-03-31": "$1,439", "2012-12-31": "$1,324", "2012-09-30": "$1,054", "2012-06-30": "$1,348", "2012-03-31": "$1,193", "2011-12-31": "$999", "2011-09-30": "$720", "2011-06-30": "$1,253", "2011-03-31": "$1,099", "2010-12-31": "$1,043", "2010-09-30": "$694", "2010-06-30": "$1,121", "2010-03-31": "$1,381", "2009-12-31": "$1,224", "2009-09-30": "$799", "2009-06-30": "$865", "2009-03-31": "$641", "2008-12-31": "$729", "2008-09-30": "$329", "2008-06-30": "$402", "2008-03-31": "$410", "2007-12-31": "$320", "2007-09-30": "$211", "2007-06-30": "$254", "2007-03-31": "$202", "2006-12-31": "$252", "2006-09-30": "$181", "2006-06-30": "$369", "2006-03-31": "$268", "2005-12-31": "$370", "2005-09-30": "$390", "2005-06-30": "$553", "2005-03-31": "$518"}}, "long-term-debt": {"Estee Lauder Annual Long Term Debt (Millions of US $)": {"2020": "$4,914", "2019": "$2,896", "2018": "$3,361", "2017": "$3,383", "2016": "$1,910", "2015": "$1,595", "2014": "$1,325", "2013": "$1,326", "2012": "$1,069", "2011": "$1,080", "2010": "$1,205", "2009": "$1,388", "2008": "$1,078", "2007": "$1,028", "2006": "$432", "2005": "$451"}, "Estee Lauder Quarterly Long Term Debt (Millions of US $)": {"2020-09-30": "$4,913", "2020-06-30": "$4,914", "2020-03-31": "$4,674", "2019-12-31": "$4,662", "2019-09-30": "$2,895", "2019-06-30": "$2,896", "2019-03-31": "$2,883", "2018-12-31": "$3,373", "2018-09-30": "$3,361", "2018-06-30": "$3,361", "2018-03-31": "$3,363", "2017-12-31": "$3,374", "2017-09-30": "$3,383", "2017-06-30": "$3,383", "2017-03-31": "$3,377", "2016-12-31": "$1,890", "2016-09-30": "$1,908", "2016-06-30": "$1,910", "2016-03-31": "$1,613", "2015-12-31": "$1,607", "2015-09-30": "$1,613", "2015-06-30": "$1,595", "2015-03-31": "$1,318", "2014-12-31": "$1,321", "2014-09-30": "$1,319", "2014-06-30": "$1,325", "2014-03-31": "$1,328", "2013-12-31": "$1,323", "2013-09-30": "$1,325", "2013-06-30": "$1,326", "2013-03-31": "$1,329", "2012-12-31": "$1,330", "2012-09-30": "$1,331", "2012-06-30": "$1,069", "2012-03-31": "$1,066", "2011-12-31": "$1,069", "2011-09-30": "$1,073", "2011-06-30": "$1,080", "2011-03-31": "$1,083", "2010-12-31": "$1,205", "2010-09-30": "$1,205", "2010-06-30": "$1,205", "2010-03-31": "$1,396", "2009-12-31": "$1,376", "2009-09-30": "$1,389", "2009-06-30": "$1,388", "2009-03-31": "$1,403", "2008-12-31": "$1,406", "2008-09-30": "$1,082", "2008-06-30": "$1,078", "2008-03-31": "$1,086", "2007-12-31": "$1,073", "2007-09-30": "$1,062", "2007-06-30": "$1,028", "2007-03-31": "$1,033", "2006-12-31": "$439", "2006-09-30": "$439", "2006-06-30": "$432", "2006-03-31": "$436", "2005-12-31": "$442", "2005-09-30": "$445", "2005-06-30": "$451", "2005-03-31": "$442"}}, "total-liabilities": {"Estee Lauder Annual Total Liabilities (Millions of US $)": {"2020": "$13,819", "2019": "$8,745", "2018": "$7,857", "2017": "$7,166", "2016": "$5,636", "2015": "$4,573", "2014": "$3,999", "2013": "$3,843", "2012": "$3,846", "2011": "$3,627", "2010": "$3,370", "2009": "$3,513", "2008": "$3,358", "2007": "$2,927", "2006": "$2,162", "2005": "$2,193"}, "Estee Lauder Quarterly Total Liabilities (Millions of US $)": {"2020-09-30": "$13,422", "2020-06-30": "$13,819", "2020-03-31": "$14,005", "2019-12-31": "$13,336", "2019-09-30": "$10,873", "2019-06-30": "$8,745", "2019-03-31": "$8,314", "2018-12-31": "$8,343", "2018-09-30": "$8,113", "2018-06-30": "$7,857", "2018-03-31": "$8,035", "2017-12-31": "$8,015", "2017-09-30": "$7,449", "2017-06-30": "$7,166", "2017-03-31": "$7,310", "2016-12-31": "$7,404", "2016-09-30": "$5,673", "2016-06-30": "$5,636", "2016-03-31": "$4,994", "2015-12-31": "$4,967", "2015-09-30": "$4,923", "2015-06-30": "$4,573", "2015-03-31": "$4,230", "2014-12-31": "$4,027", "2014-09-30": "$3,870", "2014-06-30": "$3,999", "2014-03-31": "$3,964", "2013-12-31": "$3,958", "2013-09-30": "$3,908", "2013-06-30": "$3,843", "2013-03-31": "$3,888", "2012-12-31": "$4,047", "2012-09-30": "$3,967", "2012-06-30": "$3,846", "2012-03-31": "$3,746", "2011-12-31": "$3,699", "2011-09-30": "$3,643", "2011-06-30": "$3,627", "2011-03-31": "$3,668", "2010-12-31": "$3,576", "2010-09-30": "$3,500", "2010-06-30": "$3,370", "2010-03-31": "$3,694", "2009-12-31": "$3,703", "2009-09-30": "$3,610", "2009-06-30": "$3,513", "2009-03-31": "$3,468", "2008-12-31": "$3,668", "2008-09-30": "$3,465", "2008-06-30": "$3,358", "2008-03-31": "$3,495", "2007-12-31": "$3,363", "2007-09-30": "$3,390", "2007-06-30": "$2,927", "2007-03-31": "$2,949", "2006-12-31": "$2,426", "2006-09-30": "$2,357", "2006-06-30": "$2,162", "2006-03-31": "$2,159", "2005-12-31": "$2,213", "2005-09-30": "$2,234", "2005-06-30": "$2,193", "2005-03-31": "$2,070"}}, "total-share-holder-equity": {"Estee Lauder Annual Share Holder Equity (Millions of US $)": {"2020": "$3,962", "2019": "$4,411", "2018": "$4,710", "2017": "$4,402", "2016": "$3,587", "2015": "$3,654", "2014": "$3,869", "2013": "$3,302", "2012": "$2,748", "2011": "$2,647", "2010": "$1,965", "2009": "$1,664", "2008": "$1,653", "2007": "$1,199", "2006": "$1,622", "2005": "$1,693"}, "Estee Lauder Quarterly Share Holder Equity (Millions of US $)": {"2020-09-30": "$4,481", "2020-06-30": "$3,962", "2020-03-31": "$4,358", "2019-12-31": "$4,601", "2019-09-30": "$4,558", "2019-06-30": "$4,411", "2019-03-31": "$4,617", "2018-12-31": "$4,333", "2018-09-30": "$4,430", "2018-06-30": "$4,710", "2018-03-31": "$4,737", "2017-12-31": "$4,589", "2017-09-30": "$4,753", "2017-06-30": "$4,402", "2017-03-31": "$4,135", "2016-12-31": "$3,808", "2016-09-30": "$3,675", "2016-06-30": "$3,587", "2016-03-31": "$3,822", "2015-12-31": "$3,616", "2015-09-30": "$3,502", "2015-06-30": "$3,654", "2015-03-31": "$3,865", "2014-12-31": "$3,829", "2014-09-30": "$3,794", "2014-06-30": "$3,869", "2014-03-31": "$3,682", "2013-12-31": "$3,883", "2013-09-30": "$3,613", "2013-06-30": "$3,302", "2013-03-31": "$3,207", "2012-12-31": "$3,123", "2012-09-30": "$3,041", "2012-06-30": "$2,748", "2012-03-31": "$2,856", "2011-12-31": "$2,644", "2011-09-30": "$2,492", "2011-06-30": "$2,647", "2011-03-31": "$2,529", "2010-12-31": "$2,406", "2010-09-30": "$2,138", "2010-06-30": "$1,965", "2010-03-31": "$2,100", "2009-12-31": "$2,009", "2009-09-30": "$1,857", "2009-06-30": "$1,664", "2009-03-31": "$1,651", "2008-12-31": "$1,654", "2008-09-30": "$1,716", "2008-06-30": "$1,653", "2008-03-31": "$1,557", "2007-12-31": "$1,374", "2007-09-30": "$1,223", "2007-06-30": "$1,199", "2007-03-31": "$1,065", "2006-12-31": "$1,616", "2006-09-30": "$1,589", "2006-06-30": "$1,622", "2006-03-31": "$1,538", "2005-12-31": "$1,488", "2005-09-30": "$1,734", "2005-06-30": "$1,693", "2005-03-31": "$1,914"}}, "profit-margins": {"current": "4.38%"}, "gross margin": {"2020-12-31": "75.25%", "2020-09-30": "75.15%", "2020-06-30": "75.15%", "2020-03-31": "76.58%", "2019-12-31": "77.27%", "2019-09-30": "77.21%", "2019-06-30": "77.21%", "2019-03-31": "77.70%", "2018-12-31": "78.07%", "2018-09-30": "78.78%", "2018-06-30": "79.22%", "2018-03-31": "79.24%", "2017-12-31": "79.13%", "2017-09-30": "79.16%", "2017-06-30": "79.41%", "2017-03-31": "79.83%", "2016-12-31": "80.24%", "2016-09-30": "80.52%", "2016-06-30": "80.63%", "2016-03-31": "80.64%", "2015-12-31": "80.51%", "2015-09-30": "80.51%", "2015-06-30": "80.51%", "2015-03-31": "80.45%", "2014-12-31": "80.43%", "2014-09-30": "80.31%", "2014-06-30": "80.33%", "2014-03-31": "80.28%", "2013-12-31": "80.33%", "2013-09-30": "80.30%", "2013-06-30": "80.10%", "2013-03-31": "80.13%", "2012-12-31": "79.78%", "2012-09-30": "79.55%", "2012-06-30": "79.45%", "2012-03-31": "79.21%", "2011-12-31": "78.88%", "2011-09-30": "78.43%", "2011-06-30": "78.02%", "2011-03-31": "77.58%", "2010-12-31": "77.21%", "2010-09-30": "76.76%", "2010-06-30": "76.54%", "2010-03-31": "75.88%", "2009-12-31": "75.33%", "2009-09-30": "74.81%", "2009-06-30": "74.29%", "2009-03-31": "74.58%", "2008-12-31": "74.85%", "2008-09-30": "74.81%", "2008-06-30": "74.76%", "2008-03-31": "74.83%", "2007-12-31": "74.81%", "2007-09-30": "74.81%", "2007-06-30": "74.78%", "2007-03-31": "74.55%", "2006-12-31": "74.35%", "2006-09-30": "74.15%", "2006-06-30": "73.92%", "2006-03-31": "74.07%", "2005-12-31": "74.30%"}, "operating margin": {"2020-12-31": "9.40%", "2020-09-30": "3.81%", "2020-06-30": "4.24%", "2020-03-31": "8.83%", "2019-12-31": "12.17%", "2019-09-30": "16.02%", "2019-06-30": "15.56%", "2019-03-31": "16.30%", "2018-12-31": "15.49%", "2018-09-30": "15.34%", "2018-06-30": "15.02%", "2018-03-31": "15.20%", "2017-12-31": "15.26%", "2017-09-30": "15.16%", "2017-06-30": "14.41%", "2017-03-31": "13.86%", "2016-12-31": "13.73%", "2016-09-30": "13.95%", "2016-06-30": "14.30%", "2016-03-31": "15.22%", "2015-12-31": "15.44%", "2015-09-30": "15.58%", "2015-06-30": "14.90%", "2015-03-31": "16.01%", "2014-12-31": "15.55%", "2014-09-30": "15.80%", "2014-06-30": "16.67%", "2014-03-31": "14.97%", "2013-12-31": "14.40%", "2013-09-30": "14.50%", "2013-06-30": "14.99%", "2013-03-31": "14.49%", "2012-12-31": "14.22%", "2012-09-30": "13.93%", "2012-06-30": "13.50%", "2012-03-31": "13.68%", "2011-12-31": "13.78%", "2011-09-30": "13.29%", "2011-06-30": "12.37%", "2011-03-31": "12.44%", "2010-12-31": "11.90%", "2010-09-30": "10.78%", "2010-06-30": "10.13%", "2010-03-31": "9.57%", "2009-12-31": "9.03%", "2009-09-30": "7.51%", "2009-06-30": "5.71%", "2009-03-31": "8.28%", "2008-12-31": "9.25%", "2008-09-30": "10.18%", "2008-06-30": "10.24%", "2008-03-31": "10.04%", "2007-12-31": "10.24%", "2007-09-30": "10.16%", "2007-06-30": "10.64%", "2007-03-31": "11.26%", "2006-12-31": "11.61%", "2006-09-30": "10.76%", "2006-06-30": "11.00%", "2006-03-31": "10.71%", "2005-12-31": "10.97%"}, "ebitda margin": {"2020-09-30": "8.28%", "2020-06-30": "8.51%", "2020-03-31": "19.40%", "2019-12-31": "15.80%", "2019-09-30": "19.75%", "2019-06-30": "19.31%", "2019-03-31": "20.67%", "2018-12-31": "19.33%", "2018-09-30": "19.19%", "2018-06-30": "18.90%", "2018-03-31": "19.09%", "2017-12-31": "19.19%", "2017-09-30": "19.13%", "2017-06-30": "18.34%", "2017-03-31": "17.73%", "2016-12-31": "17.52%", "2016-09-30": "17.69%", "2016-06-30": "17.98%", "2016-03-31": "18.94%", "2015-12-31": "19.16%", "2015-09-30": "19.27%", "2015-06-30": "18.69%", "2015-03-31": "19.69%", "2014-12-31": "19.19%", "2014-09-30": "19.43%", "2014-06-30": "20.17%", "2014-03-31": "18.59%", "2013-12-31": "18.07%", "2013-09-30": "18.03%", "2013-06-30": "18.46%", "2013-03-31": "17.97%", "2012-12-31": "17.56%", "2012-09-30": "17.26%", "2012-06-30": "16.77%", "2012-03-31": "16.82%", "2011-12-31": "17.36%", "2011-09-30": "16.91%", "2011-06-30": "16.14%", "2011-03-31": "16.15%", "2010-12-31": "15.20%", "2010-09-30": "14.69%", "2010-06-30": "14.14%", "2010-03-31": "14.21%", "2009-12-31": "13.93%", "2009-09-30": "11.95%", "2009-06-30": "10.05%", "2009-03-31": "12.03%", "2008-12-31": "12.68%", "2008-09-30": "13.49%", "2008-06-30": "13.59%", "2008-03-31": "13.31%", "2007-12-31": "13.41%", "2007-09-30": "13.34%", "2007-06-30": "13.75%", "2007-03-31": "14.24%", "2006-12-31": "14.66%", "2006-09-30": "13.85%", "2006-06-30": "14.08%", "2006-03-31": "13.84%", "2005-12-31": "14.11%"}, "pre tax profit margin": {"2020-12-31": "8.29%", "2020-09-30": "6.85%", "2020-06-30": "7.32%", "2020-03-31": "11.97%", "2019-12-31": "15.75%", "2019-09-30": "15.98%", "2019-06-30": "15.52%", "2019-03-31": "16.26%", "2018-12-31": "14.95%", "2018-09-30": "14.81%", "2018-06-30": "14.47%", "2018-03-31": "14.50%", "2017-12-31": "14.51%", "2017-09-30": "14.41%", "2017-06-30": "13.68%", "2017-03-31": "13.30%", "2016-12-31": "13.21%", "2016-09-30": "13.45%", "2016-06-30": "13.81%", "2016-03-31": "14.77%", "2015-12-31": "15.00%", "2015-09-30": "15.17%", "2015-06-30": "14.49%", "2015-03-31": "15.57%", "2014-12-31": "15.10%", "2014-09-30": "15.34%", "2014-06-30": "16.20%", "2014-03-31": "14.48%", "2013-12-31": "13.91%", "2013-09-30": "14.19%", "2013-06-30": "14.50%", "2013-03-31": "13.98%", "2012-12-31": "13.68%", "2012-09-30": "13.24%", "2012-06-30": "12.98%", "2012-03-31": "13.14%", "2011-12-31": "13.21%", "2011-09-30": "12.59%", "2011-06-30": "11.64%", "2011-03-31": "11.37%", "2010-12-31": "10.77%", "2010-09-30": "9.56%", "2010-06-30": "8.84%", "2010-03-31": "8.56%", "2009-12-31": "7.97%", "2009-09-30": "6.44%", "2009-06-30": "4.68%", "2009-03-31": "7.38%", "2008-12-31": "8.42%", "2008-09-30": "9.39%", "2008-06-30": "9.40%", "2008-03-31": "9.16%", "2007-12-31": "9.44%", "2007-09-30": "9.48%", "2007-06-30": "10.10%", "2007-03-31": "10.30%", "2006-12-31": "9.91%", "2006-09-30": "8.99%", "2006-06-30": "9.24%", "2006-03-31": "9.55%", "2005-12-31": "10.67%"}, "net profit margin": {"2020-12-31": "6.54%", "2020-09-30": "4.38%", "2020-06-30": "4.79%", "2020-03-31": "8.43%", "2019-12-31": "11.76%", "2019-09-30": "12.34%", "2019-06-30": "12.01%", "2019-03-31": "12.45%", "2018-12-31": "11.49%", "2018-09-30": "8.48%", "2018-06-30": "8.10%", "2018-03-31": "8.67%", "2017-12-31": "8.43%", "2017-09-30": "11.30%", "2017-06-30": "10.56%", "2017-03-31": "9.62%", "2016-12-31": "9.50%", "2016-09-30": "9.74%", "2016-06-30": "9.90%", "2016-03-31": "10.54%", "2015-12-31": "10.67%", "2015-09-30": "10.65%", "2015-06-30": "10.10%", "2015-03-31": "10.87%", "2014-12-31": "10.36%", "2014-09-30": "10.36%", "2014-06-30": "10.99%", "2014-03-31": "9.77%", "2013-12-31": "9.69%", "2013-09-30": "9.92%", "2013-06-30": "10.03%", "2013-03-31": "9.75%", "2012-12-31": "9.31%", "2012-09-30": "8.97%", "2012-06-30": "8.82%", "2012-03-31": "8.89%", "2011-12-31": "8.92%", "2011-09-30": "8.58%", "2011-06-30": "7.96%", "2011-03-31": "7.96%", "2010-12-31": "7.45%", "2010-09-30": "6.57%", "2010-06-30": "6.14%", "2010-03-31": "5.72%", "2009-12-31": "5.43%", "2009-09-30": "4.25%", "2009-06-30": "2.98%", "2009-03-31": "4.65%", "2008-12-31": "5.35%", "2008-09-30": "5.98%", "2008-06-30": "5.98%", "2008-03-31": "5.77%", "2007-12-31": "5.97%", "2007-09-30": "6.01%", "2007-06-30": "6.38%", "2007-03-31": "5.89%", "2006-12-31": "5.48%", "2006-09-30": "3.73%", "2006-06-30": "3.81%", "2006-03-31": "4.20%", "2005-12-31": "4.96%"}, "pe ratio": {"current": "62.43", "2021-02-05": "2273.42", "2020-12-31": "2218.25", "2020-09-30": "132.79", "2020-06-30": "102.66", "2020-03-31": "44.82", "2019-12-31": "40.46", "2019-09-30": "38.65", "2019-06-30": "37.48", "2019-03-31": "33.38", "2018-12-31": "29.27", "2018-09-30": "45.36", "2018-06-30": "47.43", "2018-03-31": "47.71", "2017-12-31": "43.10", "2017-09-30": "28.35", "2017-06-30": "27.78", "2017-03-31": "27.39", "2016-12-31": "25.37", "2016-09-30": "28.85", "2016-06-30": "29.26", "2016-03-31": "28.76", "2015-12-31": "26.77", "2015-09-30": "24.92", "2015-06-30": "28.86", "2015-03-31": "25.29", "2014-12-31": "24.45", "2014-09-30": "24.23", "2014-06-30": "22.68", "2014-03-31": "23.63", "2013-12-31": "27.47", "2013-09-30": "25.03", "2013-06-30": "23.49", "2013-03-31": "23.82", "2012-12-31": "23.34", "2012-09-30": "25.10", "2012-06-30": "22.68", "2012-03-31": "26.32", "2011-12-31": "24.09", "2011-09-30": "20.04", "2011-06-30": "27.10", "2011-03-31": "25.41", "2010-12-31": "23.64", "2010-09-30": "21.34", "2010-06-30": "20.70", "2010-03-31": "26.41", "2009-12-31": "21.04", "2009-09-30": "20.86", "2009-06-30": "25.83", "2009-03-31": "11.95", "2008-12-31": "12.76", "2008-09-30": "17.39", "2008-06-30": "16.59", "2008-03-31": "17.54", "2007-12-31": "16.75", "2007-09-30": "17.26", "2007-06-30": "17.90", "2007-03-31": "21.62", "2006-12-31": "19.82"}, "price sales": {"2021-02-05": "7.03", "2020-12-31": "6.86", "2020-09-30": "5.70", "2020-06-30": "4.81", "2020-03-31": "3.76", "2019-12-31": "4.77", "2019-09-30": "4.78", "2019-06-30": "4.51", "2019-03-31": "4.17", "2018-12-31": "3.37", "2018-09-30": "3.85", "2018-06-30": "3.84", "2018-03-31": "4.14", "2017-12-31": "3.64", "2017-09-30": "3.20", "2017-06-30": "2.93", "2017-03-31": "2.64", "2016-12-31": "2.42", "2016-09-30": "2.82", "2016-06-30": "2.91", "2016-03-31": "3.05", "2015-12-31": "2.88", "2015-09-30": "2.66", "2015-06-30": "2.93", "2015-03-31": "2.76", "2014-12-31": "2.54", "2014-09-30": "2.51", "2014-06-30": "2.48", "2014-03-31": "2.30", "2013-12-31": "2.65", "2013-09-30": "2.47", "2013-06-30": "2.35", "2013-03-31": "2.32", "2012-12-31": "2.18", "2012-09-30": "2.25", "2012-06-30": "2.00", "2012-03-31": "2.34", "2011-12-31": "2.15", "2011-09-30": "1.72", "2011-06-30": "2.15", "2011-03-31": "2.02", "2010-12-31": "1.75", "2010-09-30": "1.40", "2010-06-30": "1.27", "2010-03-31": "1.50", "2009-12-31": "1.14", "2009-09-30": "0.89", "2009-06-30": "0.77", "2009-03-31": "0.56", "2008-12-31": "0.68", "2008-09-30": "1.05", "2008-06-30": "0.99", "2008-03-31": "1.03", "2007-12-31": "1.01", "2007-09-30": "1.04", "2007-06-30": "1.15", "2007-03-31": "1.28", "2006-12-31": "1.10"}, "price book": {"current": "22.02", "2021-02-05": "22.01", "2020-09-30": "17.57", "2020-06-30": "17.10", "2020-03-31": "13.11", "2019-12-31": "16.02", "2019-09-30": "15.60", "2019-06-30": "14.82", "2019-03-31": "12.79", "2018-12-31": "10.68", "2018-09-30": "11.76", "2018-06-30": "10.91", "2018-03-31": "11.36", "2017-12-31": "9.96", "2017-09-30": "8.13", "2017-06-30": "7.78", "2017-03-31": "7.28", "2016-12-31": "7.08", "2016-09-30": "8.46", "2016-06-30": "8.91", "2016-03-31": "8.67", "2015-12-31": "8.53", "2015-09-30": "8.07", "2015-06-30": "8.38", "2015-03-31": "7.65", "2014-12-31": "7.06", "2014-09-30": "7.01", "2014-06-30": "6.85", "2014-03-31": "6.46", "2013-12-31": "6.97", "2013-09-30": "6.94", "2013-06-30": "7.12", "2013-03-31": "7.11", "2012-12-31": "6.80", "2012-09-30": "7.10", "2012-06-30": "6.93", "2012-03-31": "7.63", "2011-12-31": "7.45", "2011-09-30": "6.11", "2011-06-30": "7.03", "2011-03-31": "6.73", "2010-12-31": "5.93", "2010-09-30": "5.14", "2010-06-30": "4.98", "2010-03-31": "5.45", "2009-12-31": "4.21", "2009-09-30": "3.45", "2009-06-30": "3.39", "2009-03-31": "2.58", "2008-12-31": "3.23", "2008-09-30": "4.91", "2008-06-30": "4.71", "2008-03-31": "4.93", "2007-12-31": "5.28", "2007-09-30": "5.69", "2007-06-30": "6.27", "2007-03-31": "7.53", "2006-12-31": "4.44", "2006-09-30": "4.45", "2006-06-30": "4.24", "2006-03-31": "4.31"}, "price fcf": {"2021-02-05": "", "2020-09-30": "$5.98", "2020-06-30": "$4.52", "2020-03-31": "$5.32", "2019-12-31": "$4.77", "2019-09-30": "$4.19", "2019-06-30": "$4.79", "2019-03-31": "$4.58", "2018-12-31": "$4.67", "2018-09-30": "$5.04", "2018-06-30": "$5.15", "2018-03-31": "$5.06", "2017-12-31": "$4.92", "2017-09-30": "$3.99", "2017-06-30": "$3.48", "2017-03-31": "$3.29", "2016-12-31": "$3.08", "2016-09-30": "$2.98", "2016-06-30": "$3.36", "2016-03-31": "$3.55", "2015-12-31": "$3.69", "2015-09-30": "$3.47", "2015-06-30": "$3.81", "2015-03-31": "$3.37", "2014-12-31": "$3.27", "2014-09-30": "$2.88", "2014-06-30": "$2.61", "2014-03-31": "$2.45", "2013-12-31": "$2.23", "2013-09-30": "$2.35", "2013-06-30": "$1.94", "2013-03-31": "$1.87", "2012-12-31": "$1.83", "2012-09-30": "$1.51", "2012-06-30": "$1.78", "2012-03-31": "$1.94", "2011-12-31": "$1.86", "2011-09-30": "$1.63", "2011-06-30": "$1.68", "2011-03-31": "$1.38", "2010-12-31": "$1.33", "2010-09-30": "$1.58", "2010-06-30": "$1.71", "2010-03-31": "$2.40", "2009-12-31": "$2.18", "2009-09-30": "$1.63", "2009-06-30": "$1.05", "2009-03-31": "$0.39", "2008-12-31": "$0.48", "2008-09-30": "$0.69", "2008-06-30": "$0.84", "2008-03-31": "$0.95", "2007-12-31": "$0.96", "2007-09-30": "$0.63", "2007-06-30": "$0.84", "2007-03-31": "$0.91", "2006-12-31": "$1.43"}, "net worth": {"value": "$98.65B"}, "current ratio": {"2020-12-31": "1.90", "2020-09-30": "1.85", "2020-06-30": "1.72", "2020-03-31": "1.63", "2019-12-31": "1.69", "2019-09-30": "1.53", "2019-06-30": "1.57", "2019-03-31": "1.69", "2018-12-31": "1.71", "2018-09-30": "1.75", "2018-06-30": "1.86", "2018-03-31": "1.82", "2017-12-31": "1.76", "2017-09-30": "1.75", "2017-06-30": "1.76", "2017-03-31": "1.74", "2016-12-31": "1.07", "2016-09-30": "1.62", "2016-06-30": "1.58", "2016-03-31": "1.75", "2015-12-31": "1.81", "2015-09-30": "1.79", "2015-06-30": "1.96", "2015-03-31": "2.11", "2014-12-31": "2.17", "2014-09-30": "2.44", "2014-06-30": "2.35", "2014-03-31": "2.30", "2013-12-31": "2.42", "2013-09-30": "2.33", "2013-06-30": "2.22", "2013-03-31": "2.24", "2012-12-31": "2.12", "2012-09-30": "2.14", "2012-06-30": "1.81", "2012-03-31": "1.90", "2011-12-31": "1.86", "2011-09-30": "1.81", "2011-06-30": "1.90", "2011-03-31": "1.88", "2010-12-31": "2.01", "2010-09-30": "1.90", "2010-06-30": "1.99", "2010-03-31": "2.15", "2009-12-31": "2.08", "2009-09-30": "2.05", "2009-06-30": "2.00", "2009-03-31": "2.01", "2008-12-31": "1.83", "2008-09-30": "1.59", "2008-06-30": "1.64", "2008-03-31": "1.59", "2007-12-31": "1.52", "2007-09-30": "1.43", "2007-06-30": "1.49", "2007-03-31": "1.38", "2006-12-31": "1.36", "2006-09-30": "1.39", "2006-06-30": "1.51", "2006-03-31": "1.49", "2005-12-31": "1.44", "2005-09-30": "1.61", "2005-06-30": "1.54", "2005-03-31": "1.73"}, "quick ratio": {"2020-12-31": "1.51", "2020-09-30": "1.39", "2020-06-30": "1.32", "2020-03-31": "1.26", "2019-12-31": "1.27", "2019-09-30": "1.08", "2019-06-30": "1.13", "2019-03-31": "1.26", "2018-12-31": "1.27", "2018-09-30": "1.28", "2018-06-30": "1.38", "2018-03-31": "1.37", "2017-12-31": "1.33", "2017-09-30": "1.27", "2017-06-30": "1.24", "2017-03-31": "1.28", "2016-12-31": "0.79", "2016-09-30": "1.15", "2016-06-30": "1.10", "2016-03-31": "1.28", "2015-12-31": "1.37", "2015-09-30": "1.31", "2015-06-30": "1.39", "2015-03-31": "1.60", "2014-12-31": "1.62", "2014-09-30": "1.79", "2014-06-30": "1.72", "2014-03-31": "1.71", "2013-12-31": "1.85", "2013-09-30": "1.73", "2013-06-30": "1.65", "2013-03-31": "1.72", "2012-12-31": "1.63", "2012-09-30": "1.60", "2012-06-30": "1.35", "2012-03-31": "1.46", "2011-12-31": "1.41", "2011-09-30": "1.31", "2011-06-30": "1.39", "2011-03-31": "1.43", "2010-12-31": "1.51", "2010-09-30": "1.36", "2010-06-30": "1.46", "2010-03-31": "1.67", "2009-12-31": "1.63", "2009-09-30": "1.51", "2009-06-30": "1.45", "2009-03-31": "1.44", "2008-12-31": "1.30", "2008-09-30": "1.02", "2008-06-30": "1.06", "2008-03-31": "1.07", "2007-12-31": "1.00", "2007-09-30": "0.88", "2007-06-30": "0.92", "2007-03-31": "0.89", "2006-12-31": "0.90", "2006-09-30": "0.88", "2006-06-30": "0.98", "2006-03-31": "1.00", "2005-12-31": "0.96", "2005-09-30": "1.08", "2005-06-30": "1.02", "2005-03-31": "1.22"}, "debt equity ratio": {"current": "1.10", "2020-12-31": "2.59", "2020-09-30": "3.00", "2020-06-30": "3.49", "2020-03-31": "3.21", "2019-12-31": "2.90", "2019-09-30": "2.39", "2019-06-30": "1.98", "2019-03-31": "1.80", "2018-12-31": "1.93", "2018-09-30": "1.83", "2018-06-30": "1.67", "2018-03-31": "1.70", "2017-12-31": "1.75", "2017-09-30": "1.57", "2017-06-30": "1.63", "2017-03-31": "1.77", "2016-12-31": "1.94", "2016-09-30": "1.54", "2016-06-30": "1.57", "2016-03-31": "1.31", "2015-12-31": "1.37", "2015-09-30": "1.41", "2015-06-30": "1.25", "2015-03-31": "1.10", "2014-12-31": "1.05", "2014-09-30": "1.02", "2014-06-30": "1.03", "2014-03-31": "1.08", "2013-12-31": "1.02", "2013-09-30": "1.08", "2013-06-30": "1.16", "2013-03-31": "1.21", "2012-12-31": "1.30", "2012-09-30": "1.31", "2012-06-30": "1.40", "2012-03-31": "1.31", "2011-12-31": "1.40", "2011-09-30": "1.46", "2011-06-30": "1.37", "2011-03-31": "1.45", "2010-12-31": "1.49", "2010-09-30": "1.64", "2010-06-30": "1.72", "2010-03-31": "1.76", "2009-12-31": "1.84", "2009-09-30": "1.95", "2009-06-30": "2.11", "2009-03-31": "2.10", "2008-12-31": "2.22", "2008-09-30": "2.02", "2008-06-30": "2.03", "2008-03-31": "2.24", "2007-12-31": "2.45", "2007-09-30": "2.77", "2007-06-30": "2.44", "2007-03-31": "2.77", "2006-12-31": "1.50", "2006-09-30": "1.48", "2006-06-30": "1.33", "2006-03-31": "1.40", "2005-12-31": "1.49", "2005-09-30": "1.29", "2005-06-30": "1.30", "2005-03-31": "1.08"}, "return on equity": {"2020-12-31": "20.33%", "2020-09-30": "14.07%", "2020-06-30": "15.65%", "2020-03-31": "29.07%", "2019-12-31": "41.00%", "2019-09-30": "41.97%", "2019-06-30": "40.13%", "2019-03-31": "40.11%", "2018-12-31": "35.83%", "2018-09-30": "25.58%", "2018-06-30": "23.59%", "2018-03-31": "24.91%", "2017-12-31": "24.10%", "2017-09-30": "32.33%", "2017-06-30": "31.19%", "2017-03-31": "29.31%", "2016-12-31": "29.04%", "2016-09-30": "29.93%", "2016-06-30": "30.70%", "2016-03-31": "32.18%", "2015-12-31": "32.27%", "2015-09-30": "31.52%", "2015-06-30": "28.77%", "2015-03-31": "31.10%", "2014-12-31": "29.92%", "2014-09-30": "29.73%", "2014-06-30": "32.03%", "2014-03-31": "28.76%", "2013-12-31": "28.76%", "2013-09-30": "30.86%", "2013-06-30": "32.23%", "2013-03-31": "32.28%", "2012-12-31": "31.58%", "2012-09-30": "31.11%", "2012-06-30": "31.92%", "2012-03-31": "31.85%", "2011-12-31": "32.66%", "2011-09-30": "31.33%", "2011-06-30": "28.85%", "2011-03-31": "30.27%", "2010-12-31": "28.67%", "2010-09-30": "25.77%", "2010-06-30": "24.16%", "2010-03-31": "22.91%", "2009-12-31": "22.62%", "2009-09-30": "18.05%", "2009-06-30": "13.04%", "2009-03-31": "21.34%", "2008-12-31": "25.47%", "2008-09-30": "30.79%", "2008-06-30": "32.58%", "2008-03-31": "33.03%", "2007-12-31": "36.70%", "2007-09-30": "33.71%", "2007-06-30": "32.84%", "2007-03-31": "27.49%", "2006-12-31": "23.32%", "2006-09-30": "15.71%", "2006-06-30": "15.42%", "2006-03-31": "16.61%", "2005-12-31": "18.39%"}, "return on assets": {"2020-12-31": "5.04%", "2020-09-30": "3.40%", "2020-06-30": "3.94%", "2020-03-31": "8.03%", "2019-12-31": "12.54%", "2019-09-30": "13.88%", "2019-06-30": "13.92%", "2019-03-31": "14.31%", "2018-12-31": "12.90%", "2018-09-30": "9.36%", "2018-06-30": "8.84%", "2018-03-31": "9.37%", "2017-12-31": "9.01%", "2017-09-30": "11.91%", "2017-06-30": "11.47%", "2017-03-31": "10.81%", "2016-12-31": "11.20%", "2016-09-30": "12.23%", "2016-06-30": "12.73%", "2016-03-31": "13.79%", "2015-12-31": "14.17%", "2015-09-30": "14.35%", "2015-06-30": "13.68%", "2015-03-31": "15.17%", "2014-12-31": "14.63%", "2014-09-30": "14.60%", "2014-06-30": "15.61%", "2014-03-31": "13.81%", "2013-12-31": "13.61%", "2013-09-30": "14.13%", "2013-06-30": "14.37%", "2013-03-31": "14.04%", "2012-12-31": "13.58%", "2012-09-30": "13.23%", "2012-06-30": "13.35%", "2012-03-31": "13.36%", "2011-12-31": "13.50%", "2011-09-30": "12.84%", "2011-06-30": "11.64%", "2011-03-31": "11.82%", "2010-12-31": "10.85%", "2010-09-30": "9.41%", "2010-06-30": "8.59%", "2010-03-31": "7.89%", "2009-12-31": "7.56%", "2009-09-30": "5.84%", "2009-06-30": "4.19%", "2009-03-31": "6.90%", "2008-12-31": "8.15%", "2008-09-30": "9.71%", "2008-06-30": "9.75%", "2008-03-31": "9.54%", "2007-12-31": "10.20%", "2007-09-30": "10.24%", "2007-06-30": "11.14%", "2007-03-31": "10.26%", "2006-12-31": "9.59%", "2006-09-30": "6.48%", "2006-06-30": "6.50%", "2006-03-31": "7.03%", "2005-12-31": "8.08%"}, "return on investments": {"2020-12-31": "14.16%", "2020-09-30": "5.82%", "2020-06-30": "7.00%", "2020-03-31": "16.52%", "2019-12-31": "24.49%", "2019-09-30": "32.57%", "2019-06-30": "30.53%", "2019-03-31": "30.58%", "2018-12-31": "27.78%", "2018-09-30": "26.79%", "2018-06-30": "25.47%", "2018-03-31": "25.25%", "2017-12-31": "24.82%", "2017-09-30": "25.47%", "2017-06-30": "25.65%", "2017-03-31": "26.43%", "2016-12-31": "28.13%", "2016-09-30": "28.98%", "2016-06-30": "30.28%", "2016-03-31": "32.25%", "2015-12-31": "32.90%", "2015-09-30": "33.07%", "2015-06-30": "31.04%", "2015-03-31": "34.07%", "2014-12-31": "33.28%", "2014-09-30": "33.64%", "2014-06-30": "35.94%", "2014-03-31": "32.23%", "2013-12-31": "31.01%", "2013-09-30": "32.21%", "2013-06-30": "33.93%", "2013-03-31": "33.84%", "2012-12-31": "34.27%", "2012-09-30": "34.46%", "2012-06-30": "34.93%", "2012-03-31": "34.92%", "2011-12-31": "35.60%", "2011-09-30": "33.68%", "2011-06-30": "30.50%", "2011-03-31": "31.13%", "2010-12-31": "28.96%", "2010-09-30": "25.92%", "2010-06-30": "23.76%", "2010-03-31": "22.19%", "2009-12-31": "21.20%", "2009-09-30": "17.56%", "2009-06-30": "13.97%", "2009-03-31": "21.78%", "2008-12-31": "25.82%", "2008-09-30": "31.08%", "2008-06-30": "32.06%", "2008-03-31": "32.03%", "2007-12-31": "33.78%", "2007-09-30": "33.56%", "2007-06-30": "35.64%", "2007-03-31": "37.65%", "2006-12-31": "38.76%", "2006-09-30": "35.37%", "2006-06-30": "34.95%", "2006-03-31": "33.26%", "2005-12-31": "32.30%"}, "return on tangible equity": {"2020-09-30": "136.08%", "2020-06-30": "105.39%", "2020-03-31": "140.37%", "2019-12-31": "158.13%", "2019-09-30": "135.13%", "2019-06-30": "134.64%", "2019-03-31": "132.63%", "2018-12-31": "119.77%", "2018-09-30": "84.07%", "2018-06-30": "75.14%", "2018-03-31": "82.97%", "2017-12-31": "88.06%", "2017-09-30": "136.43%", "2017-06-30": "107.63%", "2017-03-31": "81.05%", "2016-12-31": "62.78%", "2016-09-30": "51.66%", "2016-06-30": "52.81%", "2016-03-31": "54.52%", "2015-12-31": "53.95%", "2015-09-30": "50.72%", "2015-06-30": "43.83%", "2015-03-31": "45.17%", "2014-12-31": "41.97%", "2014-09-30": "41.07%", "2014-06-30": "44.46%", "2014-03-31": "40.53%", "2013-12-31": "41.20%", "2013-09-30": "45.44%", "2013-06-30": "48.61%", "2013-03-31": "49.99%", "2012-12-31": "49.84%", "2012-09-30": "50.46%", "2012-06-30": "53.68%", "2012-03-31": "54.18%", "2011-12-31": "56.99%", "2011-09-30": "56.15%", "2011-06-30": "53.68%", "2011-03-31": "57.18%", "2010-12-31": "53.77%", "2010-09-30": "47.44%", "2010-06-30": "43.50%", "2010-03-31": "43.10%", "2009-12-31": "45.46%", "2009-09-30": "38.94%", "2009-06-30": "29.12%", "2009-03-31": "47.58%", "2008-12-31": "57.67%", "2008-09-30": "73.12%", "2008-06-30": "85.88%", "2008-03-31": "93.79%", "2007-12-31": "116.45%", "2007-09-30": "90.01%", "2007-06-30": "74.37%", "2007-03-31": "56.04%", "2006-12-31": "43.42%", "2006-09-30": "29.28%", "2006-06-30": "27.68%", "2006-03-31": "30.24%", "2005-12-31": "32.44%"}, "dividend yield history": {"last payout": "$2.12", "last yield": "0.78%"}}