{"ticker": "ETN", "price": {"title": "Eaton Historical Annual Stock Price Data", "value": 123.53, "historical": {"2021": {"Average Stock Price": "122.6239", "Year Open": "118.7500", "Year High": "129.0900", "Year Low": "114.8600", "Year Close": "123.5300", "Annual % Change": "2.82%"}, "2020": {"Average Stock Price": "96.2792", "Year Open": "95.8700", "Year High": "123.2500", "Year Low": "57.7700", "Year Close": "120.1400", "Annual % Change": "26.84%"}, "2019": {"Average Stock Price": "81.8154", "Year Open": "68.6100", "Year High": "95.1300", "Year Low": "66.6300", "Year Close": "94.7200", "Annual % Change": "37.96%"}, "2018": {"Average Stock Price": "78.9673", "Year Open": "78.8600", "Year High": "88.5000", "Year Low": "64.8600", "Year Close": "68.6600", "Annual % Change": "-13.10%"}, "2017": {"Average Stock Price": "75.1275", "Year Open": "68.5300", "Year High": "81.5100", "Year Low": "66.8800", "Year Close": "79.0100", "Annual % Change": "17.77%"}, "2016": {"Average Stock Price": "61.7943", "Year Open": "52.2200", "Year High": "69.8600", "Year Low": "47.2700", "Year Close": "67.0900", "Annual % Change": "28.92%"}, "2015": {"Average Stock Price": "62.8556", "Year Open": "67.9300", "Year High": "73.5000", "Year Low": "49.7400", "Year Close": "52.0400", "Annual % Change": "-23.43%"}, "2014": {"Average Stock Price": "71.1290", "Year Open": "75.4900", "Year High": "79.4400", "Year Low": "58.2700", "Year Close": "67.9600", "Annual % Change": "-10.72%"}, "2013": {"Average Stock Price": "65.2996", "Year Open": "56.4500", "Year High": "76.7500", "Year Low": "55.0200", "Year Close": "76.1200", "Annual % Change": "40.49%"}, "2012": {"Average Stock Price": "46.8010", "Year Open": "45.4900", "Year High": "54.6600", "Year Low": "37.0400", "Year Close": "54.1800", "Annual % Change": "24.47%"}, "2011": {"Average Stock Price": "47.6818", "Year Open": "51.8350", "Year High": "56.2200", "Year Low": "34.1600", "Year Close": "43.5300", "Annual % Change": "-14.24%"}, "2010": {"Average Stock Price": "38.9123", "Year Open": "32.1600", "Year High": "51.0900", "Year Low": "30.6200", "Year Close": "50.7550", "Annual % Change": "59.56%"}, "2009": {"Average Stock Price": "25.1991", "Year Open": "25.9100", "Year High": "33.1050", "Year Low": "15.1350", "Year Close": "31.8100", "Annual % Change": "27.98%"}, "2008": {"Average Stock Price": "35.9162", "Year Open": "46.8300", "Year High": "48.3450", "Year Low": "19.3900", "Year Close": "24.8550", "Annual % Change": "-48.73%"}, "2007": {"Average Stock Price": "44.7499", "Year Open": "37.5950", "Year High": "51.2750", "Year Low": "36.9000", "Year Close": "48.4750", "Annual % Change": "29.03%"}, "2006": {"Average Stock Price": "35.6021", "Year Open": "33.6150", "Year High": "39.4450", "Year Low": "31.5000", "Year Close": "37.5700", "Annual % Change": "12.00%"}, "2005": {"Average Stock Price": "31.9303", "Year Open": "35.5650", "Year High": "35.5650", "Year Low": "28.3400", "Year Close": "33.5450", "Annual % Change": "-7.28%"}, "2004": {"Average Stock Price": "30.7962", "Year Open": "26.6200", "Year High": "36.1800", "Year Low": "26.6200", "Year Close": "36.1800", "Annual % Change": "34.02%"}, "2003": {"Average Stock Price": "21.3443", "Year Open": "20.0000", "Year High": "27.1625", "Year Low": "16.7225", "Year Close": "26.9950", "Annual % Change": "38.24%"}, "2002": {"Average Stock Price": "18.6068", "Year Open": "18.6225", "Year High": "21.9625", "Year Low": "14.8400", "Year Close": "19.5275", "Annual % Change": "4.97%"}, "2001": {"Average Stock Price": "17.6996", "Year Open": "16.8275", "Year High": "20.0475", "Year Low": "14.3675", "Year Close": "18.6025", "Annual % Change": "-1.04%"}, "2000": {"Average Stock Price": "17.7072", "Year Open": "17.8450", "Year High": "21.1725", "Year Low": "14.7500", "Year Close": "18.7975", "Annual % Change": "3.52%"}, "1999": {"Average Stock Price": "20.5639", "Year Open": "17.8600", "Year High": "25.6250", "Year Low": "15.9525", "Year Close": "18.1575", "Annual % Change": "2.74%"}, "1998": {"Average Stock Price": "19.6681", "Year Open": "21.8600", "Year High": "24.5950", "Year Low": "14.6400", "Year Close": "17.6725", "Annual % Change": "-20.80%"}, "1997": {"Average Stock Price": "20.9823", "Year Open": "17.0000", "Year High": "25.7500", "Year Low": "17.0000", "Year Close": "22.3125", "Annual % Change": "27.96%"}, "1996": {"Average Stock Price": "14.8272", "Year Open": "13.7500", "Year High": "17.4700", "Year Low": "13.1563", "Year Close": "17.4375", "Annual % Change": "30.06%"}, "1995": {"Average Stock Price": "13.4717", "Year Open": "12.2200", "Year High": "15.5625", "Year Low": "11.3450", "Year Close": "13.4075", "Annual % Change": "8.34%"}, "1994": {"Average Stock Price": "13.1763", "Year Open": "12.8125", "Year High": "15.5000", "Year Low": "11.0950", "Year Close": "12.3750", "Annual % Change": "-1.98%"}, "1993": {"Average Stock Price": "11.4410", "Year Open": "10.0313", "Year High": "13.7825", "Year Low": "9.6563", "Year Close": "12.6250", "Annual % Change": "23.73%"}, "1992": {"Average Stock Price": "9.3944", "Year Open": "8.0000", "Year High": "10.3600", "Year Low": "7.7500", "Year Close": "10.2038", "Annual % Change": "26.30%"}, "1991": {"Average Stock Price": "7.3959", "Year Open": "6.2038", "Year High": "8.2350", "Year Low": "5.8275", "Year Close": "8.0788", "Annual % Change": "29.57%"}, "1990": {"Average Stock Price": "6.6022", "Year Open": "7.1250", "Year High": "8.0463", "Year Low": "5.1250", "Year Close": "6.2350", "Annual % Change": "-12.49%"}, "1989": {"Average Stock Price": "7.4328", "Year Open": "6.8913", "Year High": "8.3913", "Year Low": "6.6250", "Year Close": "7.1250", "Annual % Change": "2.24%"}, "1988": {"Average Stock Price": "6.5349", "Year Open": "6.6042", "Year High": "7.1142", "Year Low": "5.7708", "Year Close": "6.9688", "Annual % Change": "5.52%"}, "1987": {"Average Stock Price": "7.1022", "Year Open": "6.2400", "Year High": "8.8750", "Year Low": "4.6667", "Year Close": "6.6042", "Annual % Change": "7.46%"}, "1986": {"Average Stock Price": "5.8827", "Year Open": "5.3333", "Year High": "6.6042", "Year Low": "5.2600", "Year Close": "6.1458", "Annual % Change": "15.02%"}, "1985": {"Average Stock Price": "4.6297", "Year Open": "4.3542", "Year High": "5.3542", "Year Low": "4.1567", "Year Close": "5.3433", "Annual % Change": "20.12%"}, "1984": {"Average Stock Price": "4.0109", "Year Open": "4.5942", "Year High": "4.6875", "Year Low": "3.2183", "Year Close": "4.4483", "Annual % Change": "-3.82%"}, "1983": {"Average Stock Price": "3.4763", "Year Open": "2.6042", "Year High": "4.6250", "Year Low": "2.5108", "Year Close": "4.6250", "Annual % Change": "73.44%"}, "1982": {"Average Stock Price": "2.4159", "Year Open": "2.6875", "Year High": "2.9483", "Year Low": "1.9058", "Year Close": "2.6667", "Annual % Change": "0.38%"}, "1981": {"Average Stock Price": "2.7508", "Year Open": "2.3750", "Year High": "3.4375", "Year Low": "2.2192", "Year Close": "2.6567", "Annual % Change": "11.86%"}, "1980": {"Average Stock Price": "2.2525", "Year Open": "2.0833", "Year High": "2.8750", "Year Low": "1.6875", "Year Close": "2.3750", "Annual % Change": "10.68%"}, "1979": {"Average Stock Price": "2.1811", "Year Open": "1.9517", "Year High": "2.4375", "Year Low": "1.9517", "Year Close": "2.1458", "Annual % Change": "10.73%"}, "1978": {"Average Stock Price": "2.0659", "Year Open": "2.0211", "Year High": "2.2844", "Year Low": "1.8406", "Year Close": "1.9378", "Annual % Change": "-5.09%"}, "1977": {"Average Stock Price": "2.2505", "Year Open": "2.4517", "Year High": "2.5417", "Year Low": "1.9722", "Year Close": "2.0417", "Annual % Change": "-16.72%"}, "1976": {"Average Stock Price": "2.1701", "Year Open": "1.6594", "Year High": "2.4861", "Year Low": "1.6594", "Year Close": "2.4517", "Annual % Change": "47.75%"}, "1975": {"Average Stock Price": "1.4768", "Year Open": "1.1322", "Year High": "1.6667", "Year Low": "1.1322", "Year Close": "1.6594", "Annual % Change": "54.20%"}, "1974": {"Average Stock Price": "1.4285", "Year Open": "1.4444", "Year High": "1.6667", "Year Low": "1.0000", "Year Close": "1.0761", "Annual % Change": "-25.50%"}, "1973": {"Average Stock Price": "1.8735", "Year Open": "2.2433", "Year High": "2.2778", "Year Low": "1.2500", "Year Close": "1.4444", "Annual % Change": "-35.61%"}}}, "market cap": {"value": "$47.76B"}, "income statement": {"Revenue": {"2020-12-31": "17858.00000", "2019-12-31": "21390.00000", "2018-12-31": "21609.00000", "2017-12-31": "20404.00000", "2016-12-31": "19747.00000", "2015-12-31": "20855.00000", "2014-12-31": "22552.00000", "2013-12-31": "22046.00000", "2012-12-31": "16311.00000", "2011-12-31": "16049.00000", "2010-12-31": "13715.00000", "2009-12-31": "11873.00000", "2008-12-31": "15376.00000", "2007-12-31": "13033.00000", "2006-12-31": "12232.00000", "2005-12-31": "10874.00000"}, "Cost Of Goods Sold": {"2020-12-31": "12408.00000", "2019-12-31": "14338.00000", "2018-12-31": "14511.00000", "2017-12-31": "13756.00000", "2016-12-31": "13396.00000", "2015-12-31": "14304.00000", "2014-12-31": "15646.00000", "2013-12-31": "15369.00000", "2012-12-31": "11448.00000", "2011-12-31": "11261.00000", "2010-12-31": "9633.00000", "2009-12-31": "8782.00000", "2008-12-31": "11191.00000", "2007-12-31": "9382.00000", "2006-12-31": "8949.00000", "2005-12-31": "7830.00000"}, "Gross Profit": {"2020-12-31": "5450.00000", "2019-12-31": "7052.00000", "2018-12-31": "7098.00000", "2017-12-31": "6648.00000", "2016-12-31": "6351.00000", "2015-12-31": "6551.00000", "2014-12-31": "6906.00000", "2013-12-31": "6677.00000", "2012-12-31": "4863.00000", "2011-12-31": "4788.00000", "2010-12-31": "4082.00000", "2009-12-31": "3091.00000", "2008-12-31": "4185.00000", "2007-12-31": "3651.00000", "2006-12-31": "3283.00000", "2005-12-31": "3044.00000"}, "Research And Development Expenses": {"2020-12-31": "551.00000", "2019-12-31": "606.00000", "2018-12-31": "584.00000", "2017-12-31": "584.00000", "2016-12-31": "587.00000", "2015-12-31": "625.00000", "2014-12-31": "647.00000", "2013-12-31": "644.00000", "2012-12-31": "439.00000", "2011-12-31": "417.00000", "2010-12-31": "425.00000", "2009-12-31": "395.00000", "2008-12-31": "417.00000", "2007-12-31": "335.00000", "2006-12-31": "315.00000", "2005-12-31": "279.00000"}, "SG&A Expenses": {"2020-12-31": "3075.00000", "2019-12-31": "3583.00000", "2018-12-31": "3548.00000", "2017-12-31": "3526.00000", "2016-12-31": "3464.00000", "2015-12-31": "3596.00000", "2014-12-31": "3810.00000", "2013-12-31": "3886.00000", "2012-12-31": "2894.00000", "2011-12-31": "2738.00000", "2010-12-31": "2486.00000", "2009-12-31": "2252.00000", "2008-12-31": "2513.00000", "2007-12-31": "2139.00000", "2006-12-31": "1939.00000", "2005-12-31": "1746.00000"}, "Other Operating Income Or Expenses": {"2020-12-31": "", "2019-12-31": "0.00000", "2018-12-31": "-275.00000", "2017-12-31": "0.00000", "2016-12-31": "0.00000", "2015-12-31": "", "2014-12-31": "-644.00000", "2013-12-31": "0.00000", "2012-12-31": "0.00000", "2011-12-31": "", "2010-12-31": "", "2009-12-31": "", "2008-12-31": "", "2007-12-31": "", "2006-12-31": "", "2005-12-31": ""}, "Operating Expenses": {"2020-12-31": "16034.00000", "2019-12-31": "18527.00000", "2018-12-31": "18918.00000", "2017-12-31": "17866.00000", "2016-12-31": "17447.00000", "2015-12-31": "18525.00000", "2014-12-31": "20747.00000", "2013-12-31": "19899.00000", "2012-12-31": "14781.00000", "2011-12-31": "14416.00000", "2010-12-31": "12544.00000", "2009-12-31": "11429.00000", "2008-12-31": "14121.00000", "2007-12-31": "11856.00000", "2006-12-31": "11203.00000", "2005-12-31": "9855.00000"}, "Operating Income": {"2020-12-31": "1824.00000", "2019-12-31": "2863.00000", "2018-12-31": "2691.00000", "2017-12-31": "2538.00000", "2016-12-31": "2300.00000", "2015-12-31": "2330.00000", "2014-12-31": "1805.00000", "2013-12-31": "2147.00000", "2012-12-31": "1530.00000", "2011-12-31": "1633.00000", "2010-12-31": "1171.00000", "2009-12-31": "444.00000", "2008-12-31": "1255.00000", "2007-12-31": "1177.00000", "2006-12-31": "1029.00000", "2005-12-31": "1019.00000"}, "Total Non-Operating Income/Expense": {"2020-12-31": "-78.00000", "2019-12-31": "-272.00000", "2018-12-31": "-267.00000", "2017-12-31": "830.00000", "2016-12-31": "-182.00000", "2015-12-31": "-197.00000", "2014-12-31": "-44.00000", "2013-12-31": "-263.00000", "2012-12-31": "-279.00000", "2011-12-31": "-80.00000", "2010-12-31": "-135.00000", "2009-12-31": "-141.00000", "2008-12-31": "-115.00000", "2007-12-31": "-122.00000", "2006-12-31": "-60.00000", "2005-12-31": "-55.00000"}, "Pre-Tax Income": {"2020-12-31": "1746.00000", "2019-12-31": "2591.00000", "2018-12-31": "2424.00000", "2017-12-31": "3368.00000", "2016-12-31": "2118.00000", "2015-12-31": "2133.00000", "2014-12-31": "1761.00000", "2013-12-31": "1884.00000", "2012-12-31": "1251.00000", "2011-12-31": "1553.00000", "2010-12-31": "1036.00000", "2009-12-31": "303.00000", "2008-12-31": "1140.00000", "2007-12-31": "1055.00000", "2006-12-31": "969.00000", "2005-12-31": "964.00000"}, "Income Taxes": {"2020-12-31": "331.00000", "2019-12-31": "378.00000", "2018-12-31": "278.00000", "2017-12-31": "382.00000", "2016-12-31": "199.00000", "2015-12-31": "159.00000", "2014-12-31": "-42.00000", "2013-12-31": "11.00000", "2012-12-31": "31.00000", "2011-12-31": "201.00000", "2010-12-31": "99.00000", "2009-12-31": "-82.00000", "2008-12-31": "73.00000", "2007-12-31": "82.00000", "2006-12-31": "72.00000", "2005-12-31": "181.00000"}, "Income After Taxes": {"2020-12-31": "1415.00000", "2019-12-31": "2213.00000", "2018-12-31": "2146.00000", "2017-12-31": "2986.00000", "2016-12-31": "1919.00000", "2015-12-31": "1974.00000", "2014-12-31": "1803.00000", "2013-12-31": "1873.00000", "2012-12-31": "1220.00000", "2011-12-31": "1352.00000", "2010-12-31": "937.00000", "2009-12-31": "385.00000", "2008-12-31": "1067.00000", "2007-12-31": "973.00000", "2006-12-31": "897.00000", "2005-12-31": "783.00000"}, "Other Income": {"2020-12-31": "", "2019-12-31": "", "2018-12-31": "", "2017-12-31": "", "2016-12-31": "", "2015-12-31": "", "2014-12-31": "", "2013-12-31": "", "2012-12-31": "", "2011-12-31": "", "2010-12-31": "", "2009-12-31": "", "2008-12-31": "", "2007-12-31": "", "2006-12-31": "", "2005-12-31": ""}, "Income From Continuous Operations": {"2020-12-31": "1415.00000", "2019-12-31": "2213.00000", "2018-12-31": "2146.00000", "2017-12-31": "2986.00000", "2016-12-31": "1919.00000", "2015-12-31": "1974.00000", "2014-12-31": "1803.00000", "2013-12-31": "1873.00000", "2012-12-31": "1220.00000", "2011-12-31": "1352.00000", "2010-12-31": "937.00000", "2009-12-31": "385.00000", "2008-12-31": "1067.00000", "2007-12-31": "973.00000", "2006-12-31": "897.00000", "2005-12-31": "783.00000"}, "Income From Discontinued Operations": {"2020-12-31": "", "2019-12-31": "", "2018-12-31": "", "2017-12-31": "", "2016-12-31": "", "2015-12-31": "", "2014-12-31": "", "2013-12-31": "", "2012-12-31": "", "2011-12-31": "", "2010-12-31": "", "2009-12-31": "", "2008-12-31": "3.00000", "2007-12-31": "35.00000", "2006-12-31": "53.00000", "2005-12-31": "22.00000"}, "Net Income": {"2020-12-31": "1410.00000", "2019-12-31": "2211.00000", "2018-12-31": "2145.00000", "2017-12-31": "2985.00000", "2016-12-31": "1916.00000", "2015-12-31": "1972.00000", "2014-12-31": "1793.00000", "2013-12-31": "1861.00000", "2012-12-31": "1217.00000", "2011-12-31": "1350.00000", "2010-12-31": "929.00000", "2009-12-31": "383.00000", "2008-12-31": "1058.00000", "2007-12-31": "994.00000", "2006-12-31": "950.00000", "2005-12-31": "805.00000"}, "EBITDA": {"2020-12-31": "1824.00000", "2019-12-31": "3747.00000", "2018-12-31": "3594.00000", "2017-12-31": "3452.00000", "2016-12-31": "3229.00000", "2015-12-31": "3255.00000", "2014-12-31": "2788.00000", "2013-12-31": "3144.00000", "2012-12-31": "2128.00000", "2011-12-31": "2189.00000", "2010-12-31": "1722.00000", "2009-12-31": "1017.00000", "2008-12-31": "1826.00000", "2007-12-31": "1616.00000", "2006-12-31": "1463.00000", "2005-12-31": "1428.00000"}, "EBIT": {"2020-12-31": "1824.00000", "2019-12-31": "2863.00000", "2018-12-31": "2691.00000", "2017-12-31": "2538.00000", "2016-12-31": "2300.00000", "2015-12-31": "2330.00000", "2014-12-31": "1805.00000", "2013-12-31": "2147.00000", "2012-12-31": "1530.00000", "2011-12-31": "1633.00000", "2010-12-31": "1171.00000", "2009-12-31": "444.00000", "2008-12-31": "1255.00000", "2007-12-31": "1177.00000", "2006-12-31": "1029.00000", "2005-12-31": "1019.00000"}, "Basic Shares Outstanding": {"2020-12-31": "402.20000", "2019-12-31": "419.00000", "2018-12-31": "434.30000", "2017-12-31": "444.50000", "2016-12-31": "455.00000", "2015-12-31": "465.50000", "2014-12-31": "474.10000", "2013-12-31": "473.50000", "2012-12-31": "347.80000", "2011-12-31": "338.30000", "2010-12-31": "335.50000", "2009-12-31": "332.70000", "2008-12-31": "640.80000", "2007-12-31": "294.60000", "2006-12-31": "300.40000", "2005-12-31": "300.40000"}, "Shares Outstanding": {"2020-12-31": "404.00000", "2019-12-31": "420.80000", "2018-12-31": "436.90000", "2017-12-31": "447.00000", "2016-12-31": "456.50000", "2015-12-31": "467.10000", "2014-12-31": "476.80000", "2013-12-31": "476.70000", "2012-12-31": "350.90000", "2011-12-31": "342.80000", "2010-12-31": "339.50000", "2009-12-31": "335.80000", "2008-12-31": "649.20000", "2007-12-31": "300.60000", "2006-12-31": "305.80000", "2005-12-31": "308.00000"}, "Basic EPS": {"2020-12-31": "3.51000", "2019-12-31": "5.28000", "2018-12-31": "4.93000", "2017-12-31": "6.71000", "2016-12-31": "4.21000", "2015-12-31": "4.23000", "2014-12-31": "3.78000", "2013-12-31": "3.93000", "2012-12-31": "3.54000", "2011-12-31": "3.98000", "2010-12-31": "2.76000", "2009-12-31": "1.16000", "2008-12-31": "1.65000", "2007-12-31": "3.37500", "2006-12-31": "3.16000", "2005-12-31": "2.68000"}, "EPS - Earnings Per Share": {"2020-12-31": "3.49000", "2019-12-31": "5.25000", "2018-12-31": "4.91000", "2017-12-31": "6.68000", "2016-12-31": "4.20000", "2015-12-31": "4.22000", "2014-12-31": "3.76000", "2013-12-31": "3.90000", "2012-12-31": "3.46000", "2011-12-31": "3.93000", "2010-12-31": "2.73000", "2009-12-31": "1.14000", "2008-12-31": "1.63000", "2007-12-31": "3.31000", "2006-12-31": "3.11000", "2005-12-31": "2.61500"}}, "income statement, quarterly": {"Revenue": {"2020-12-31": "4687.00000", "2020-09-30": "4526.00000", "2020-06-30": "3856.00000", "2020-03-31": "4789.00000", "2019-12-31": "5238.00000", "2019-09-30": "5314.00000", "2019-06-30": "5533.00000", "2019-03-31": "5305.00000", "2018-12-31": "5459.00000", "2018-09-30": "5412.00000", "2018-06-30": "5487.00000", "2018-03-31": "5251.00000", "2017-12-31": "5213.00000", "2017-09-30": "5211.00000", "2017-06-30": "5132.00000", "2017-03-31": "4848.00000", "2016-12-31": "4867.00000", "2016-09-30": "4987.00000", "2016-06-30": "5080.00000", "2016-03-31": "4813.00000", "2015-12-31": "5057.00000", "2015-09-30": "5203.00000", "2015-06-30": "5372.00000", "2015-03-31": "5223.00000", "2014-12-31": "5565.00000", "2014-09-30": "5728.00000", "2014-06-30": "5767.00000", "2014-03-31": "5492.00000", "2013-12-31": "5527.00000", "2013-09-30": "5607.00000", "2013-06-30": "5602.00000", "2013-03-31": "5310.00000", "2012-12-31": "4333.00000", "2012-09-30": "3950.00000", "2012-06-30": "4068.00000", "2012-03-31": "3960.00000", "2011-12-31": "4033.00000", "2011-09-30": "4123.00000", "2011-06-30": "4090.00000", "2011-03-31": "3803.00000", "2010-12-31": "3663.00000", "2010-09-30": "3571.00000", "2010-06-30": "3378.00000", "2010-03-31": "3103.00000", "2009-12-31": "3131.00000", "2009-09-30": "3028.00000", "2009-06-30": "2901.00000", "2009-03-31": "2813.00000", "2008-12-31": "3487.00000", "2008-09-30": "4114.00000", "2008-06-30": "4279.00000", "2008-03-31": "3496.00000", "2007-12-31": "3374.00000", "2007-09-30": "3298.00000", "2007-06-30": "3248.00000", "2007-03-31": "3113.00000", "2006-12-31": "3033.00000", "2006-09-30": "3083.00000", "2006-06-30": "3125.00000", "2006-03-31": "2991.00000", "2005-12-31": "2619.00000", "2005-09-30": "2767.00000", "2005-06-30": "2834.00000", "2005-03-31": "2654.00000"}, "Cost Of Goods Sold": {"2020-12-31": "3178.00000", "2020-09-30": "3051.00000", "2020-06-30": "2877.00000", "2020-03-31": "3302.00000", "2019-12-31": "3556.00000", "2019-09-30": "3512.00000", "2019-06-30": "3697.00000", "2019-03-31": "3573.00000", "2018-12-31": "3670.00000", "2018-09-30": "3597.00000", "2018-06-30": "3671.00000", "2018-03-31": "3573.00000", "2017-12-31": "3535.00000", "2017-09-30": "3466.00000", "2017-06-30": "3448.00000", "2017-03-31": "3307.00000", "2016-12-31": "3315.00000", "2016-09-30": "3371.00000", "2016-06-30": "3419.00000", "2016-03-31": "3291.00000", "2015-12-31": "3439.00000", "2015-09-30": "3597.00000", "2015-06-30": "3675.00000", "2015-03-31": "3593.00000", "2014-12-31": "3847.00000", "2014-09-30": "3916.00000", "2014-06-30": "4025.00000", "2014-03-31": "3858.00000", "2013-12-31": "3881.00000", "2013-09-30": "3883.00000", "2013-06-30": "3870.00000", "2013-03-31": "3735.00000", "2012-12-31": "3132.00000", "2012-09-30": "2747.00000", "2012-06-30": "2815.00000", "2012-03-31": "2754.00000", "2011-12-31": "2817.00000", "2011-09-30": "2900.00000", "2011-06-30": "2862.00000", "2011-03-31": "2682.00000", "2010-12-31": "2565.00000", "2010-09-30": "2480.00000", "2010-06-30": "2387.00000", "2010-03-31": "2201.00000", "2009-12-31": "2241.00000", "2009-09-30": "2178.00000", "2009-06-30": "2189.00000", "2009-03-31": "2174.00000", "2008-12-31": "2626.00000", "2008-09-30": "2964.00000", "2008-06-30": "3069.00000", "2008-03-31": "2532.00000", "2007-12-31": "2428.00000", "2007-09-30": "2381.00000", "2007-06-30": "2346.00000", "2007-03-31": "2227.00000", "2006-12-31": "2249.00000", "2006-09-30": "2289.00000", "2006-06-30": "2262.00000", "2006-03-31": "2149.00000", "2005-12-31": "1895.00000", "2005-09-30": "1983.00000", "2005-06-30": "2039.00000", "2005-03-31": "1913.00000"}, "Gross Profit": {"2020-12-31": "1509.00000", "2020-09-30": "1475.00000", "2020-06-30": "979.00000", "2020-03-31": "1487.00000", "2019-12-31": "1682.00000", "2019-09-30": "1802.00000", "2019-06-30": "1836.00000", "2019-03-31": "1732.00000", "2018-12-31": "1789.00000", "2018-09-30": "1815.00000", "2018-06-30": "1816.00000", "2018-03-31": "1678.00000", "2017-12-31": "1678.00000", "2017-09-30": "1745.00000", "2017-06-30": "1684.00000", "2017-03-31": "1541.00000", "2016-12-31": "1552.00000", "2016-09-30": "1616.00000", "2016-06-30": "1661.00000", "2016-03-31": "1522.00000", "2015-12-31": "1618.00000", "2015-09-30": "1606.00000", "2015-06-30": "1697.00000", "2015-03-31": "1630.00000", "2014-12-31": "1718.00000", "2014-09-30": "1812.00000", "2014-06-30": "1742.00000", "2014-03-31": "1634.00000", "2013-12-31": "1646.00000", "2013-09-30": "1724.00000", "2013-06-30": "1732.00000", "2013-03-31": "1575.00000", "2012-12-31": "1201.00000", "2012-09-30": "1203.00000", "2012-06-30": "1253.00000", "2012-03-31": "1206.00000", "2011-12-31": "1216.00000", "2011-09-30": "1223.00000", "2011-06-30": "1228.00000", "2011-03-31": "1121.00000", "2010-12-31": "1098.00000", "2010-09-30": "1091.00000", "2010-06-30": "991.00000", "2010-03-31": "902.00000", "2009-12-31": "890.00000", "2009-09-30": "850.00000", "2009-06-30": "712.00000", "2009-03-31": "639.00000", "2008-12-31": "861.00000", "2008-09-30": "1150.00000", "2008-06-30": "1210.00000", "2008-03-31": "964.00000", "2007-12-31": "946.00000", "2007-09-30": "917.00000", "2007-06-30": "902.00000", "2007-03-31": "886.00000", "2006-12-31": "784.00000", "2006-09-30": "794.00000", "2006-06-30": "863.00000", "2006-03-31": "842.00000", "2005-12-31": "724.00000", "2005-09-30": "784.00000", "2005-06-30": "795.00000", "2005-03-31": "741.00000"}, "Research And Development Expenses": {"2020-12-31": "140.00000", "2020-09-30": "132.00000", "2020-06-30": "126.00000", "2020-03-31": "153.00000", "2019-12-31": "152.00000", "2019-09-30": "147.00000", "2019-06-30": "151.00000", "2019-03-31": "156.00000", "2018-12-31": "145.00000", "2018-09-30": "138.00000", "2018-06-30": "145.00000", "2018-03-31": "156.00000", "2017-12-31": "144.00000", "2017-09-30": "147.00000", "2017-06-30": "150.00000", "2017-03-31": "143.00000", "2016-12-31": "143.00000", "2016-09-30": "146.00000", "2016-06-30": "149.00000", "2016-03-31": "149.00000", "2015-12-31": "153.00000", "2015-09-30": "156.00000", "2015-06-30": "158.00000", "2015-03-31": "158.00000", "2014-12-31": "154.00000", "2014-09-30": "163.00000", "2014-06-30": "168.00000", "2014-03-31": "162.00000", "2013-12-31": "165.00000", "2013-09-30": "166.00000", "2013-06-30": "161.00000", "2013-03-31": "152.00000", "2012-12-31": "126.00000", "2012-09-30": "102.00000", "2012-06-30": "106.00000", "2012-03-31": "105.00000", "2011-12-31": "101.00000", "2011-09-30": "104.00000", "2011-06-30": "107.00000", "2011-03-31": "105.00000", "2010-12-31": "117.00000", "2010-09-30": "104.00000", "2010-06-30": "103.00000", "2010-03-31": "101.00000", "2009-12-31": "103.00000", "2009-09-30": "99.00000", "2009-06-30": "95.00000", "2009-03-31": "98.00000", "2008-12-31": "100.00000", "2008-09-30": "117.00000", "2008-06-30": "111.00000", "2008-03-31": "89.00000", "2007-12-31": "84.00000", "2007-09-30": "86.00000", "2007-06-30": "85.00000", "2007-03-31": "80.00000", "2006-12-31": "71.00000", "2006-09-30": "84.00000", "2006-06-30": "80.00000", "2006-03-31": "80.00000", "2005-12-31": "67.00000", "2005-09-30": "74.00000", "2005-06-30": "69.00000", "2005-03-31": "69.00000"}, "SG&A Expenses": {"2020-12-31": "765.00000", "2020-09-30": "754.00000", "2020-06-30": "691.00000", "2020-03-31": "865.00000", "2019-12-31": "874.00000", "2019-09-30": "885.00000", "2019-06-30": "907.00000", "2019-03-31": "917.00000", "2018-12-31": "869.00000", "2018-09-30": "889.00000", "2018-06-30": "901.00000", "2018-03-31": "889.00000", "2017-12-31": "857.00000", "2017-09-30": "902.00000", "2017-06-30": "891.00000", "2017-03-31": "876.00000", "2016-12-31": "822.00000", "2016-09-30": "853.00000", "2016-06-30": "897.00000", "2016-03-31": "892.00000", "2015-12-31": "873.00000", "2015-09-30": "907.00000", "2015-06-30": "901.00000", "2015-03-31": "915.00000", "2014-12-31": "903.00000", "2014-09-30": "961.00000", "2014-06-30": "984.00000", "2014-03-31": "962.00000", "2013-12-31": "1001.00000", "2013-09-30": "967.00000", "2013-06-30": "960.00000", "2013-03-31": "958.00000", "2012-12-31": "815.00000", "2012-09-30": "687.00000", "2012-06-30": "690.00000", "2012-03-31": "702.00000", "2011-12-31": "707.00000", "2011-09-30": "668.00000", "2011-06-30": "698.00000", "2011-03-31": "665.00000", "2010-12-31": "644.00000", "2010-09-30": "651.00000", "2010-06-30": "604.00000", "2010-03-31": "587.00000", "2009-12-31": "587.00000", "2009-09-30": "553.00000", "2009-06-30": "554.00000", "2009-03-31": "558.00000", "2008-12-31": "598.00000", "2008-09-30": "659.00000", "2008-06-30": "704.00000", "2008-03-31": "552.00000", "2007-12-31": "574.00000", "2007-09-30": "530.00000", "2007-06-30": "528.00000", "2007-03-31": "507.00000", "2006-12-31": "498.00000", "2006-09-30": "467.00000", "2006-06-30": "495.00000", "2006-03-31": "479.00000", "2005-12-31": "443.00000", "2005-09-30": "438.00000", "2005-06-30": "446.00000", "2005-03-31": "419.00000"}, "Other Operating Income Or Expenses": {"2020-12-31": "", "2020-09-30": "", "2020-06-30": "", "2020-03-31": "", "2019-12-31": "", "2019-09-30": "", "2019-06-30": "", "2019-03-31": "", "2018-12-31": "", "2018-09-30": "-275.00000", "2018-06-30": "", "2018-03-31": "", "2017-12-31": "", "2017-09-30": "0.00000", "2017-06-30": "", "2017-03-31": "", "2016-12-31": "", "2016-09-30": "", "2016-06-30": "", "2016-03-31": "", "2015-12-31": "", "2015-09-30": "", "2015-06-30": "", "2015-03-31": "", "2014-12-31": "", "2014-09-30": "0.00000", "2014-06-30": "-644.00000", "2014-03-31": "", "2013-12-31": "", "2013-09-30": "0.00000", "2013-06-30": "0.00000", "2013-03-31": "", "2012-12-31": "", "2012-09-30": "", "2012-06-30": "", "2012-03-31": "", "2011-12-31": "", "2011-09-30": "", "2011-06-30": "", "2011-03-31": "", "2010-12-31": "", "2010-09-30": "", "2010-06-30": "", "2010-03-31": "", "2009-12-31": "", "2009-09-30": "", "2009-06-30": "", "2009-03-31": "", "2008-12-31": "", "2008-09-30": "", "2008-06-30": "", "2008-03-31": "", "2007-12-31": "", "2007-09-30": "", "2007-06-30": "", "2007-03-31": "", "2006-12-31": "", "2006-09-30": "", "2006-06-30": "", "2006-03-31": "", "2005-12-31": "", "2005-09-30": "", "2005-06-30": "", "2005-03-31": ""}, "Operating Expenses": {"2020-12-31": "4083.00000", "2020-09-30": "3937.00000", "2020-06-30": "3694.00000", "2020-03-31": "4320.00000", "2019-12-31": "4582.00000", "2019-09-30": "4544.00000", "2019-06-30": "4755.00000", "2019-03-31": "4646.00000", "2018-12-31": "4684.00000", "2018-09-30": "4899.00000", "2018-06-30": "4717.00000", "2018-03-31": "4618.00000", "2017-12-31": "4536.00000", "2017-09-30": "4515.00000", "2017-06-30": "4489.00000", "2017-03-31": "4326.00000", "2016-12-31": "4280.00000", "2016-09-30": "4370.00000", "2016-06-30": "4465.00000", "2016-03-31": "4332.00000", "2015-12-31": "4465.00000", "2015-09-30": "4660.00000", "2015-06-30": "4734.00000", "2015-03-31": "4666.00000", "2014-12-31": "4904.00000", "2014-09-30": "5040.00000", "2014-06-30": "5821.00000", "2014-03-31": "4982.00000", "2013-12-31": "5047.00000", "2013-09-30": "5016.00000", "2013-06-30": "4991.00000", "2013-03-31": "4845.00000", "2012-12-31": "4073.00000", "2012-09-30": "3536.00000", "2012-06-30": "3611.00000", "2012-03-31": "3561.00000", "2011-12-31": "3625.00000", "2011-09-30": "3672.00000", "2011-06-30": "3667.00000", "2011-03-31": "3452.00000", "2010-12-31": "3326.00000", "2010-09-30": "3235.00000", "2010-06-30": "3094.00000", "2010-03-31": "2889.00000", "2009-12-31": "2931.00000", "2009-09-30": "2830.00000", "2009-06-30": "2838.00000", "2009-03-31": "2830.00000", "2008-12-31": "3324.00000", "2008-09-30": "3740.00000", "2008-06-30": "3884.00000", "2008-03-31": "3173.00000", "2007-12-31": "3086.00000", "2007-09-30": "2997.00000", "2007-06-30": "2959.00000", "2007-03-31": "2814.00000", "2006-12-31": "2818.00000", "2006-09-30": "2840.00000", "2006-06-30": "2837.00000", "2006-03-31": "2708.00000", "2005-12-31": "2405.00000", "2005-09-30": "2495.00000", "2005-06-30": "2554.00000", "2005-03-31": "2401.00000"}, "Operating Income": {"2020-12-31": "604.00000", "2020-09-30": "589.00000", "2020-06-30": "162.00000", "2020-03-31": "469.00000", "2019-12-31": "656.00000", "2019-09-30": "770.00000", "2019-06-30": "778.00000", "2019-03-31": "659.00000", "2018-12-31": "775.00000", "2018-09-30": "513.00000", "2018-06-30": "770.00000", "2018-03-31": "633.00000", "2017-12-31": "677.00000", "2017-09-30": "696.00000", "2017-06-30": "643.00000", "2017-03-31": "522.00000", "2016-12-31": "587.00000", "2016-09-30": "617.00000", "2016-06-30": "615.00000", "2016-03-31": "481.00000", "2015-12-31": "592.00000", "2015-09-30": "543.00000", "2015-06-30": "638.00000", "2015-03-31": "557.00000", "2014-12-31": "661.00000", "2014-09-30": "688.00000", "2014-06-30": "-54.00000", "2014-03-31": "510.00000", "2013-12-31": "480.00000", "2013-09-30": "591.00000", "2013-06-30": "611.00000", "2013-03-31": "465.00000", "2012-12-31": "260.00000", "2012-09-30": "414.00000", "2012-06-30": "457.00000", "2012-03-31": "399.00000", "2011-12-31": "408.00000", "2011-09-30": "451.00000", "2011-06-30": "423.00000", "2011-03-31": "351.00000", "2010-12-31": "337.00000", "2010-09-30": "336.00000", "2010-06-30": "284.00000", "2010-03-31": "214.00000", "2009-12-31": "200.00000", "2009-09-30": "198.00000", "2009-06-30": "63.00000", "2009-03-31": "-17.00000", "2008-12-31": "163.00000", "2008-09-30": "374.00000", "2008-06-30": "395.00000", "2008-03-31": "323.00000", "2007-12-31": "288.00000", "2007-09-30": "301.00000", "2007-06-30": "289.00000", "2007-03-31": "299.00000", "2006-12-31": "215.00000", "2006-09-30": "243.00000", "2006-06-30": "288.00000", "2006-03-31": "283.00000", "2005-12-31": "214.00000", "2005-09-30": "272.00000", "2005-06-30": "280.00000", "2005-03-31": "253.00000"}, "Total Non-Operating Income/Expense": {"2020-12-31": "-51.00000", "2020-09-30": "-64.00000", "2020-06-30": "-115.00000", "2020-03-31": "152.00000", "2019-12-31": "-124.00000", "2019-09-30": "-52.00000", "2019-06-30": "-40.00000", "2019-03-31": "-56.00000", "2018-12-31": "-49.00000", "2018-09-30": "-74.00000", "2018-06-30": "-76.00000", "2018-03-31": "-68.00000", "2017-12-31": "-42.00000", "2017-09-30": "998.00000", "2017-06-30": "-71.00000", "2017-03-31": "-55.00000", "2016-12-31": "-37.00000", "2016-09-30": "-44.00000", "2016-06-30": "-62.00000", "2016-03-31": "-39.00000", "2015-12-31": "-49.00000", "2015-09-30": "-56.00000", "2015-06-30": "-40.00000", "2015-03-31": "-52.00000", "2014-12-31": "-52.00000", "2014-09-30": "-46.00000", "2014-06-30": "111.00000", "2014-03-31": "-57.00000", "2013-12-31": "-51.00000", "2013-09-30": "-70.00000", "2013-06-30": "-77.00000", "2013-03-31": "-65.00000", "2012-12-31": "-172.00000", "2012-09-30": "-38.00000", "2012-06-30": "-38.00000", "2012-03-31": "-31.00000", "2011-12-31": "-18.00000", "2011-09-30": "-19.00000", "2011-06-30": "-27.00000", "2011-03-31": "-16.00000", "2010-12-31": "-44.00000", "2010-09-30": "-31.00000", "2010-06-30": "-33.00000", "2010-03-31": "-27.00000", "2009-12-31": "-30.00000", "2009-09-30": "-32.00000", "2009-06-30": "-33.00000", "2009-03-31": "-46.00000", "2008-12-31": "-27.00000", "2008-09-30": "-17.00000", "2008-06-30": "-37.00000", "2008-03-31": "-34.00000", "2007-12-31": "-15.00000", "2007-09-30": "-38.00000", "2007-06-30": "-33.00000", "2007-03-31": "-36.00000", "2006-12-31": "13.00000", "2006-09-30": "-22.00000", "2006-06-30": "-19.00000", "2006-03-31": "-32.00000", "2005-12-31": "", "2005-09-30": "-25.00000", "2005-06-30": "-13.00000", "2005-03-31": "-17.00000"}, "Pre-Tax Income": {"2020-12-31": "553.00000", "2020-09-30": "525.00000", "2020-06-30": "47.00000", "2020-03-31": "621.00000", "2019-12-31": "532.00000", "2019-09-30": "718.00000", "2019-06-30": "738.00000", "2019-03-31": "603.00000", "2018-12-31": "726.00000", "2018-09-30": "439.00000", "2018-06-30": "694.00000", "2018-03-31": "565.00000", "2017-12-31": "635.00000", "2017-09-30": "1694.00000", "2017-06-30": "572.00000", "2017-03-31": "467.00000", "2016-12-31": "550.00000", "2016-09-30": "573.00000", "2016-06-30": "553.00000", "2016-03-31": "442.00000", "2015-12-31": "543.00000", "2015-09-30": "487.00000", "2015-06-30": "598.00000", "2015-03-31": "505.00000", "2014-12-31": "609.00000", "2014-09-30": "642.00000", "2014-06-30": "57.00000", "2014-03-31": "453.00000", "2013-12-31": "429.00000", "2013-09-30": "521.00000", "2013-06-30": "534.00000", "2013-03-31": "400.00000", "2012-12-31": "88.00000", "2012-09-30": "376.00000", "2012-06-30": "419.00000", "2012-03-31": "368.00000", "2011-12-31": "390.00000", "2011-09-30": "432.00000", "2011-06-30": "396.00000", "2011-03-31": "335.00000", "2010-12-31": "293.00000", "2010-09-30": "305.00000", "2010-06-30": "251.00000", "2010-03-31": "187.00000", "2009-12-31": "170.00000", "2009-09-30": "166.00000", "2009-06-30": "30.00000", "2009-03-31": "-63.00000", "2008-12-31": "136.00000", "2008-09-30": "357.00000", "2008-06-30": "358.00000", "2008-03-31": "289.00000", "2007-12-31": "273.00000", "2007-09-30": "263.00000", "2007-06-30": "256.00000", "2007-03-31": "263.00000", "2006-12-31": "228.00000", "2006-09-30": "221.00000", "2006-06-30": "269.00000", "2006-03-31": "251.00000", "2005-12-31": "214.00000", "2005-09-30": "247.00000", "2005-06-30": "267.00000", "2005-03-31": "236.00000"}, "Income Taxes": {"2020-12-31": "77.00000", "2020-09-30": "78.00000", "2020-06-30": "-7.00000", "2020-03-31": "183.00000", "2019-12-31": "79.00000", "2019-09-30": "116.00000", "2019-06-30": "102.00000", "2019-03-31": "81.00000", "2018-12-31": "94.00000", "2018-09-30": "23.00000", "2018-06-30": "83.00000", "2018-03-31": "78.00000", "2017-12-31": "1.00000", "2017-09-30": "293.00000", "2017-06-30": "55.00000", "2017-03-31": "33.00000", "2016-12-31": "48.00000", "2016-09-30": "51.00000", "2016-06-30": "61.00000", "2016-03-31": "39.00000", "2015-12-31": "16.00000", "2015-09-30": "42.00000", "2015-06-30": "63.00000", "2015-03-31": "38.00000", "2014-12-31": "24.00000", "2014-09-30": "37.00000", "2014-06-30": "-115.00000", "2014-03-31": "12.00000", "2013-12-31": "-53.00000", "2013-09-30": "7.00000", "2013-06-30": "37.00000", "2013-03-31": "20.00000", "2012-12-31": "-92.00000", "2012-09-30": "29.00000", "2012-06-30": "37.00000", "2012-03-31": "57.00000", "2011-12-31": "29.00000", "2011-09-30": "65.00000", "2011-06-30": "58.00000", "2011-03-31": "49.00000", "2010-12-31": "10.00000", "2010-09-30": "36.00000", "2010-06-30": "22.00000", "2010-03-31": "31.00000", "2009-12-31": "-42.00000", "2009-09-30": "-28.00000", "2009-06-30": "-1.00000", "2009-03-31": "-11.00000", "2008-12-31": "-29.00000", "2008-09-30": "39.00000", "2008-06-30": "21.00000", "2008-03-31": "42.00000", "2007-12-31": "7.00000", "2007-09-30": "25.00000", "2007-06-30": "16.00000", "2007-03-31": "34.00000", "2006-12-31": "-5.00000", "2006-09-30": "11.00000", "2006-06-30": "21.00000", "2006-03-31": "45.00000", "2005-12-31": "24.00000", "2005-09-30": "50.00000", "2005-06-30": "58.00000", "2005-03-31": "49.00000"}, "Income After Taxes": {"2020-12-31": "476.00000", "2020-09-30": "447.00000", "2020-06-30": "54.00000", "2020-03-31": "438.00000", "2019-12-31": "453.00000", "2019-09-30": "602.00000", "2019-06-30": "636.00000", "2019-03-31": "522.00000", "2018-12-31": "632.00000", "2018-09-30": "416.00000", "2018-06-30": "611.00000", "2018-03-31": "487.00000", "2017-12-31": "634.00000", "2017-09-30": "1401.00000", "2017-06-30": "517.00000", "2017-03-31": "434.00000", "2016-12-31": "502.00000", "2016-09-30": "522.00000", "2016-06-30": "492.00000", "2016-03-31": "403.00000", "2015-12-31": "527.00000", "2015-09-30": "445.00000", "2015-06-30": "535.00000", "2015-03-31": "467.00000", "2014-12-31": "585.00000", "2014-09-30": "605.00000", "2014-06-30": "172.00000", "2014-03-31": "441.00000", "2013-12-31": "482.00000", "2013-09-30": "514.00000", "2013-06-30": "497.00000", "2013-03-31": "380.00000", "2012-12-31": "180.00000", "2012-09-30": "347.00000", "2012-06-30": "382.00000", "2012-03-31": "311.00000", "2011-12-31": "361.00000", "2011-09-30": "367.00000", "2011-06-30": "338.00000", "2011-03-31": "286.00000", "2010-12-31": "283.00000", "2010-09-30": "269.00000", "2010-06-30": "229.00000", "2010-03-31": "156.00000", "2009-12-31": "212.00000", "2009-09-30": "194.00000", "2009-06-30": "31.00000", "2009-03-31": "-52.00000", "2008-12-31": "165.00000", "2008-09-30": "318.00000", "2008-06-30": "337.00000", "2008-03-31": "247.00000", "2007-12-31": "266.00000", "2007-09-30": "238.00000", "2007-06-30": "240.00000", "2007-03-31": "229.00000", "2006-12-31": "233.00000", "2006-09-30": "210.00000", "2006-06-30": "248.00000", "2006-03-31": "206.00000", "2005-12-31": "190.00000", "2005-09-30": "197.00000", "2005-06-30": "209.00000", "2005-03-31": "187.00000"}, "Other Income": {"2020-12-31": "", "2020-09-30": "", "2020-06-30": "", "2020-03-31": "", "2019-12-31": "", "2019-09-30": "", "2019-06-30": "", "2019-03-31": "", "2018-12-31": "", "2018-09-30": "", "2018-06-30": "", "2018-03-31": "", "2017-12-31": "", "2017-09-30": "", "2017-06-30": "", "2017-03-31": "", "2016-12-31": "", "2016-09-30": "", "2016-06-30": "", "2016-03-31": "", "2015-12-31": "", "2015-09-30": "", "2015-06-30": "", "2015-03-31": "", "2014-12-31": "", "2014-09-30": "", "2014-06-30": "", "2014-03-31": "", "2013-12-31": "", "2013-09-30": "", "2013-06-30": "", "2013-03-31": "", "2012-12-31": "", "2012-09-30": "", "2012-06-30": "", "2012-03-31": "", "2011-12-31": "", "2011-09-30": "", "2011-06-30": "", "2011-03-31": "", "2010-12-31": "", "2010-09-30": "", "2010-06-30": "", "2010-03-31": "", "2009-12-31": "", "2009-09-30": "", "2009-06-30": "", "2009-03-31": "", "2008-12-31": "", "2008-09-30": "", "2008-06-30": "", "2008-03-31": "", "2007-12-31": "", "2007-09-30": "", "2007-06-30": "", "2007-03-31": "", "2006-12-31": "", "2006-09-30": "", "2006-06-30": "", "2006-03-31": "", "2005-12-31": "", "2005-09-30": "", "2005-06-30": "", "2005-03-31": ""}, "Income From Continuous Operations": {"2020-12-31": "476.00000", "2020-09-30": "447.00000", "2020-06-30": "54.00000", "2020-03-31": "438.00000", "2019-12-31": "453.00000", "2019-09-30": "602.00000", "2019-06-30": "636.00000", "2019-03-31": "522.00000", "2018-12-31": "632.00000", "2018-09-30": "416.00000", "2018-06-30": "611.00000", "2018-03-31": "487.00000", "2017-12-31": "634.00000", "2017-09-30": "1401.00000", "2017-06-30": "517.00000", "2017-03-31": "434.00000", "2016-12-31": "502.00000", "2016-09-30": "522.00000", "2016-06-30": "492.00000", "2016-03-31": "403.00000", "2015-12-31": "527.00000", "2015-09-30": "445.00000", "2015-06-30": "535.00000", "2015-03-31": "467.00000", "2014-12-31": "585.00000", "2014-09-30": "605.00000", "2014-06-30": "172.00000", "2014-03-31": "441.00000", "2013-12-31": "482.00000", "2013-09-30": "514.00000", "2013-06-30": "497.00000", "2013-03-31": "380.00000", "2012-12-31": "180.00000", "2012-09-30": "347.00000", "2012-06-30": "382.00000", "2012-03-31": "311.00000", "2011-12-31": "361.00000", "2011-09-30": "367.00000", "2011-06-30": "338.00000", "2011-03-31": "286.00000", "2010-12-31": "283.00000", "2010-09-30": "269.00000", "2010-06-30": "229.00000", "2010-03-31": "156.00000", "2009-12-31": "212.00000", "2009-09-30": "194.00000", "2009-06-30": "31.00000", "2009-03-31": "-52.00000", "2008-12-31": "165.00000", "2008-09-30": "318.00000", "2008-06-30": "337.00000", "2008-03-31": "247.00000", "2007-12-31": "266.00000", "2007-09-30": "238.00000", "2007-06-30": "240.00000", "2007-03-31": "229.00000", "2006-12-31": "233.00000", "2006-09-30": "210.00000", "2006-06-30": "248.00000", "2006-03-31": "206.00000", "2005-12-31": "190.00000", "2005-09-30": "197.00000", "2005-06-30": "209.00000", "2005-03-31": "187.00000"}, "Income From Discontinued Operations": {"2020-12-31": "", "2020-09-30": "", "2020-06-30": "", "2020-03-31": "", "2019-12-31": "", "2019-09-30": "", "2019-06-30": "", "2019-03-31": "", "2018-12-31": "", "2018-09-30": "", "2018-06-30": "", "2018-03-31": "", "2017-12-31": "", "2017-09-30": "", "2017-06-30": "", "2017-03-31": "", "2016-12-31": "", "2016-09-30": "", "2016-06-30": "", "2016-03-31": "", "2015-12-31": "", "2015-09-30": "", "2015-06-30": "", "2015-03-31": "", "2014-12-31": "", "2014-09-30": "", "2014-06-30": "", "2014-03-31": "", "2013-12-31": "", "2013-09-30": "", "2013-06-30": "", "2013-03-31": "", "2012-12-31": "", "2012-09-30": "", "2012-06-30": "", "2012-03-31": "", "2011-12-31": "", "2011-09-30": "", "2011-06-30": "", "2011-03-31": "", "2010-12-31": "", "2010-09-30": "", "2010-06-30": "", "2010-03-31": "", "2009-12-31": "", "2009-09-30": "", "2009-06-30": "", "2009-03-31": "", "2008-12-31": "", "2008-09-30": "", "2008-06-30": "", "2008-03-31": "3.00000", "2007-12-31": "4.00000", "2007-09-30": "20.00000", "2007-06-30": "6.00000", "2007-03-31": "5.00000", "2006-12-31": "8.00000", "2006-09-30": "38.00000", "2006-06-30": "5.00000", "2006-03-31": "2.00000", "2005-12-31": "20.00000", "2005-09-30": "2.00000", "2005-06-30": "", "2005-03-31": ""}, "Net Income": {"2020-12-31": "475.00000", "2020-09-30": "446.00000", "2020-06-30": "51.00000", "2020-03-31": "438.00000", "2019-12-31": "452.00000", "2019-09-30": "601.00000", "2019-06-30": "636.00000", "2019-03-31": "522.00000", "2018-12-31": "631.00000", "2018-09-30": "416.00000", "2018-06-30": "610.00000", "2018-03-31": "488.00000", "2017-12-31": "634.00000", "2017-09-30": "1401.00000", "2017-06-30": "516.00000", "2017-03-31": "434.00000", "2016-12-31": "498.00000", "2016-09-30": "523.00000", "2016-06-30": "491.00000", "2016-03-31": "404.00000", "2015-12-31": "525.00000", "2015-09-30": "446.00000", "2015-06-30": "535.00000", "2015-03-31": "466.00000", "2014-12-31": "581.00000", "2014-09-30": "602.00000", "2014-06-30": "171.00000", "2014-03-31": "439.00000", "2013-12-31": "479.00000", "2013-09-30": "510.00000", "2013-06-30": "494.00000", "2013-03-31": "378.00000", "2012-12-31": "179.00000", "2012-09-30": "345.00000", "2012-06-30": "382.00000", "2012-03-31": "311.00000", "2011-12-31": "362.00000", "2011-09-30": "365.00000", "2011-06-30": "336.00000", "2011-03-31": "287.00000", "2010-12-31": "280.00000", "2010-09-30": "268.00000", "2010-06-30": "226.00000", "2010-03-31": "155.00000", "2009-12-31": "211.00000", "2009-09-30": "193.00000", "2009-06-30": "29.00000", "2009-03-31": "-50.00000", "2008-12-31": "163.00000", "2008-09-30": "315.00000", "2008-06-30": "333.00000", "2008-03-31": "247.00000", "2007-12-31": "256.00000", "2007-09-30": "258.00000", "2007-06-30": "246.00000", "2007-03-31": "234.00000", "2006-12-31": "241.00000", "2006-09-30": "248.00000", "2006-06-30": "253.00000", "2006-03-31": "208.00000", "2005-12-31": "210.00000", "2005-09-30": "199.00000", "2005-06-30": "209.00000", "2005-03-31": "187.00000"}, "EBITDA": {"2020-12-31": "", "2020-09-30": "795.00000", "2020-06-30": "360.00000", "2020-03-31": "668.00000", "2019-12-31": "872.00000", "2019-09-30": "996.00000", "2019-06-30": "999.00000", "2019-03-31": "880.00000", "2018-12-31": "998.00000", "2018-09-30": "736.00000", "2018-06-30": "997.00000", "2018-03-31": "863.00000", "2017-12-31": "906.00000", "2017-09-30": "928.00000", "2017-06-30": "871.00000", "2017-03-31": "747.00000", "2016-12-31": "816.00000", "2016-09-30": "850.00000", "2016-06-30": "849.00000", "2016-03-31": "714.00000", "2015-12-31": "825.00000", "2015-09-30": "775.00000", "2015-06-30": "872.00000", "2015-03-31": "783.00000", "2014-12-31": "901.00000", "2014-09-30": "932.00000", "2014-06-30": "196.00000", "2014-03-31": "759.00000", "2013-12-31": "737.00000", "2013-09-30": "841.00000", "2013-06-30": "856.00000", "2013-03-31": "710.00000", "2012-12-31": "439.00000", "2012-09-30": "555.00000", "2012-06-30": "595.00000", "2012-03-31": "539.00000", "2011-12-31": "545.00000", "2011-09-30": "590.00000", "2011-06-30": "564.00000", "2011-03-31": "490.00000", "2010-12-31": "475.00000", "2010-09-30": "472.00000", "2010-06-30": "420.00000", "2010-03-31": "355.00000", "2009-12-31": "344.00000", "2009-09-30": "346.00000", "2009-06-30": "205.00000", "2009-03-31": "122.00000", "2008-12-31": "299.00000", "2008-09-30": "529.00000", "2008-06-30": "549.00000", "2008-03-31": "449.00000", "2007-12-31": "383.00000", "2007-09-30": "418.00000", "2007-06-30": "407.00000", "2007-03-31": "408.00000", "2006-12-31": "327.00000", "2006-09-30": "351.00000", "2006-06-30": "396.00000", "2006-03-31": "389.00000", "2005-12-31": "323.00000", "2005-09-30": "373.00000", "2005-06-30": "379.00000", "2005-03-31": "353.00000"}, "EBIT": {"2020-12-31": "604.00000", "2020-09-30": "589.00000", "2020-06-30": "162.00000", "2020-03-31": "469.00000", "2019-12-31": "656.00000", "2019-09-30": "770.00000", "2019-06-30": "778.00000", "2019-03-31": "659.00000", "2018-12-31": "775.00000", "2018-09-30": "513.00000", "2018-06-30": "770.00000", "2018-03-31": "633.00000", "2017-12-31": "677.00000", "2017-09-30": "696.00000", "2017-06-30": "643.00000", "2017-03-31": "522.00000", "2016-12-31": "587.00000", "2016-09-30": "617.00000", "2016-06-30": "615.00000", "2016-03-31": "481.00000", "2015-12-31": "592.00000", "2015-09-30": "543.00000", "2015-06-30": "638.00000", "2015-03-31": "557.00000", "2014-12-31": "661.00000", "2014-09-30": "688.00000", "2014-06-30": "-54.00000", "2014-03-31": "510.00000", "2013-12-31": "480.00000", "2013-09-30": "591.00000", "2013-06-30": "611.00000", "2013-03-31": "465.00000", "2012-12-31": "260.00000", "2012-09-30": "414.00000", "2012-06-30": "457.00000", "2012-03-31": "399.00000", "2011-12-31": "408.00000", "2011-09-30": "451.00000", "2011-06-30": "423.00000", "2011-03-31": "351.00000", "2010-12-31": "337.00000", "2010-09-30": "336.00000", "2010-06-30": "284.00000", "2010-03-31": "214.00000", "2009-12-31": "200.00000", "2009-09-30": "198.00000", "2009-06-30": "63.00000", "2009-03-31": "-17.00000", "2008-12-31": "163.00000", "2008-09-30": "374.00000", "2008-06-30": "395.00000", "2008-03-31": "323.00000", "2007-12-31": "288.00000", "2007-09-30": "301.00000", "2007-06-30": "289.00000", "2007-03-31": "299.00000", "2006-12-31": "215.00000", "2006-09-30": "243.00000", "2006-06-30": "288.00000", "2006-03-31": "283.00000", "2005-12-31": "214.00000", "2005-09-30": "272.00000", "2005-06-30": "280.00000", "2005-03-31": "253.00000"}, "Basic Shares Outstanding": {"2020-12-31": "398.70000", "2020-09-30": "400.40000", "2020-06-30": "400.40000", "2020-03-31": "409.30000", "2019-12-31": "419.00000", "2019-09-30": "416.60000", "2019-06-30": "421.60000", "2019-03-31": "424.00000", "2018-12-31": "434.30000", "2018-09-30": "433.50000", "2018-06-30": "435.20000", "2018-03-31": "438.80000", "2017-12-31": "444.50000", "2017-09-30": "442.60000", "2017-06-30": "446.30000", "2017-03-31": "448.80000", "2016-12-31": "455.00000", "2016-09-30": "453.90000", "2016-06-30": "457.00000", "2016-03-31": "458.60000", "2015-12-31": "465.50000", "2015-09-30": "465.10000", "2015-06-30": "467.60000", "2015-03-31": "467.90000", "2014-12-31": "474.10000", "2014-09-30": "474.80000", "2014-06-30": "475.90000", "2014-03-31": "475.80000", "2013-12-31": "473.50000", "2013-09-30": "474.00000", "2013-06-30": "473.40000", "2013-03-31": "471.90000", "2012-12-31": "347.80000", "2012-09-30": "337.60000", "2012-06-30": "337.00000", "2012-03-31": "335.40000", "2011-12-31": "338.30000", "2011-09-30": "338.10000", "2011-06-30": "340.90000", "2011-03-31": "340.10000", "2010-12-31": "335.50000", "2010-09-30": "335.20000", "2010-06-30": "334.70000", "2010-03-31": "334.20000", "2009-12-31": "332.70000", "2009-09-30": "334.00000", "2009-06-30": "333.80000", "2009-03-31": "332.20000", "2008-12-31": "640.80000", "2008-09-30": "332.40000", "2008-06-30": "322.40000", "2008-03-31": "295.40000", "2007-12-31": "294.60000", "2007-09-30": "294.00000", "2007-06-30": "294.80000", "2007-03-31": "295.20000", "2006-12-31": "300.40000", "2006-09-30": "301.00000", "2006-06-30": "303.40000", "2006-03-31": "300.80000", "2005-12-31": "300.40000", "2005-09-30": "298.20000", "2005-06-30": "299.60000", "2005-03-31": "306.20000"}, "Shares Outstanding": {"2020-12-31": "401.30000", "2020-09-30": "402.30000", "2020-06-30": "401.30000", "2020-03-31": "411.10000", "2019-12-31": "420.80000", "2019-09-30": "418.40000", "2019-06-30": "423.10000", "2019-03-31": "425.90000", "2018-12-31": "436.90000", "2018-09-30": "436.30000", "2018-06-30": "437.30000", "2018-03-31": "441.70000", "2017-12-31": "447.00000", "2017-09-30": "445.20000", "2017-06-30": "448.60000", "2017-03-31": "451.00000", "2016-12-31": "456.50000", "2016-09-30": "455.60000", "2016-06-30": "458.30000", "2016-03-31": "459.80000", "2015-12-31": "467.10000", "2015-09-30": "466.40000", "2015-06-30": "469.20000", "2015-03-31": "470.00000", "2014-12-31": "476.80000", "2014-09-30": "477.20000", "2014-06-30": "478.50000", "2014-03-31": "478.80000", "2013-12-31": "476.70000", "2013-09-30": "477.20000", "2013-06-30": "476.30000", "2013-03-31": "475.10000", "2012-12-31": "350.90000", "2012-09-30": "339.80000", "2012-06-30": "339.50000", "2012-03-31": "339.80000", "2011-12-31": "342.80000", "2011-09-30": "341.90000", "2011-06-30": "345.70000", "2011-03-31": "345.70000", "2010-12-31": "339.50000", "2010-09-30": "340.60000", "2010-06-30": "340.40000", "2010-03-31": "339.20000", "2009-12-31": "335.80000", "2009-09-30": "338.40000", "2009-06-30": "335.20000", "2009-03-31": "332.20000", "2008-12-31": "649.20000", "2008-09-30": "336.80000", "2008-06-30": "327.20000", "2008-03-31": "301.00000", "2007-12-31": "300.60000", "2007-09-30": "300.80000", "2007-06-30": "300.60000", "2007-03-31": "300.00000", "2006-12-31": "305.80000", "2006-09-30": "306.00000", "2006-06-30": "308.60000", "2006-03-31": "306.20000", "2005-12-31": "308.00000", "2005-09-30": "304.80000", "2005-06-30": "306.80000", "2005-03-31": "314.40000"}, "Basic EPS": {"2020-12-31": "1.19000", "2020-09-30": "1.11000", "2020-06-30": "0.13000", "2020-03-31": "1.07000", "2019-12-31": "1.10000", "2019-09-30": "1.44000", "2019-06-30": "1.51000", "2019-03-31": "1.23000", "2018-12-31": "1.46000", "2018-09-30": "0.96000", "2018-06-30": "1.40000", "2018-03-31": "1.11000", "2017-12-31": "1.42000", "2017-09-30": "3.16000", "2017-06-30": "1.16000", "2017-03-31": "0.97000", "2016-12-31": "1.10000", "2016-09-30": "1.15000", "2016-06-30": "1.08000", "2016-03-31": "0.88000", "2015-12-31": "1.13000", "2015-09-30": "0.96000", "2015-06-30": "1.14000", "2015-03-31": "1.00000", "2014-12-31": "1.23000", "2014-09-30": "1.27000", "2014-06-30": "0.36000", "2014-03-31": "0.92000", "2013-12-31": "1.01000", "2013-09-30": "1.08000", "2013-06-30": "1.04000", "2013-03-31": "0.80000", "2012-12-31": "0.46000", "2012-09-30": "1.02000", "2012-06-30": "1.13000", "2012-03-31": "0.93000", "2011-12-31": "1.08000", "2011-09-30": "1.07000", "2011-06-30": "0.99000", "2011-03-31": "0.84000", "2010-12-31": "0.83000", "2010-09-30": "0.80000", "2010-06-30": "0.67000", "2010-03-31": "0.46000", "2009-12-31": "0.64500", "2009-09-30": "0.58000", "2009-06-30": "0.08500", "2009-03-31": "-0.15000", "2008-12-31": "-1.17000", "2008-09-30": "0.95000", "2008-06-30": "1.03500", "2008-03-31": "0.83500", "2007-12-31": "0.87000", "2007-09-30": "0.87500", "2007-06-30": "0.83500", "2007-03-31": "0.79500", "2006-12-31": "0.81000", "2006-09-30": "0.82500", "2006-06-30": "0.83500", "2006-03-31": "0.69000", "2005-12-31": "0.70500", "2005-09-30": "0.66500", "2005-06-30": "0.70000", "2005-03-31": "0.61000"}, "EPS - Earnings Per Share": {"2020-12-31": "1.18000", "2020-09-30": "1.11000", "2020-06-30": "0.13000", "2020-03-31": "1.07000", "2019-12-31": "1.08000", "2019-09-30": "1.44000", "2019-06-30": "1.50000", "2019-03-31": "1.23000", "2018-12-31": "1.47000", "2018-09-30": "0.95000", "2018-06-30": "1.39000", "2018-03-31": "1.10000", "2017-12-31": "1.43000", "2017-09-30": "3.14000", "2017-06-30": "1.15000", "2017-03-31": "0.96000", "2016-12-31": "1.10000", "2016-09-30": "1.15000", "2016-06-30": "1.07000", "2016-03-31": "0.88000", "2015-12-31": "1.13000", "2015-09-30": "0.96000", "2015-06-30": "1.14000", "2015-03-31": "0.99000", "2014-12-31": "1.22000", "2014-09-30": "1.26000", "2014-06-30": "0.36000", "2014-03-31": "0.92000", "2013-12-31": "1.00000", "2013-09-30": "1.07000", "2013-06-30": "1.04000", "2013-03-31": "0.79000", "2012-12-31": "0.41000", "2012-09-30": "1.02000", "2012-06-30": "1.12000", "2012-03-31": "0.91000", "2011-12-31": "1.06000", "2011-09-30": "1.07000", "2011-06-30": "0.97000", "2011-03-31": "0.83000", "2010-12-31": "0.83000", "2010-09-30": "0.78000", "2010-06-30": "0.66000", "2010-03-31": "0.46000", "2009-12-31": "0.63500", "2009-09-30": "0.57000", "2009-06-30": "0.08500", "2009-03-31": "-0.15000", "2008-12-31": "-1.14000", "2008-09-30": "0.93500", "2008-06-30": "1.01500", "2008-03-31": "0.82000", "2007-12-31": "0.85500", "2007-09-30": "0.85500", "2007-06-30": "0.82000", "2007-03-31": "0.78000", "2006-12-31": "0.80000", "2006-09-30": "0.81000", "2006-06-30": "0.82000", "2006-03-31": "0.68000", "2005-12-31": "0.68500", "2005-09-30": "0.65000", "2005-06-30": "0.68500", "2005-03-31": "0.59500"}}, "balance sheet": {"Cash On Hand": {"2020-12-31": "1102.00000", "2019-12-31": "591.00000", "2018-12-31": "440.00000", "2017-12-31": "1095.00000", "2016-12-31": "746.00000", "2015-12-31": "445.00000", "2014-12-31": "1026.00000", "2013-12-31": "1709.00000", "2012-12-31": "1104.00000", "2011-12-31": "1084.00000", "2010-12-31": "1171.00000", "2009-12-31": "773.00000", "2008-12-31": "530.00000", "2007-12-31": "646.00000", "2006-12-31": "785.00000", "2005-12-31": "336.00000"}, "Receivables": {"2020-12-31": "2904.00000", "2019-12-31": "3437.00000", "2018-12-31": "3858.00000", "2017-12-31": "3943.00000", "2016-12-31": "3560.00000", "2015-12-31": "3479.00000", "2014-12-31": "3667.00000", "2013-12-31": "3648.00000", "2012-12-31": "3474.00000", "2011-12-31": "2444.00000", "2010-12-31": "2239.00000", "2009-12-31": "1899.00000", "2008-12-31": "2295.00000", "2007-12-31": "2208.00000", "2006-12-31": "1928.00000", "2005-12-31": "1785.00000"}, "Inventory": {"2020-12-31": "2109.00000", "2019-12-31": "2805.00000", "2018-12-31": "2785.00000", "2017-12-31": "2620.00000", "2016-12-31": "2346.00000", "2015-12-31": "2323.00000", "2014-12-31": "2428.00000", "2013-12-31": "2382.00000", "2012-12-31": "2336.00000", "2011-12-31": "1701.00000", "2010-12-31": "1564.00000", "2009-12-31": "1326.00000", "2008-12-31": "1554.00000", "2007-12-31": "1483.00000", "2006-12-31": "1293.00000", "2005-12-31": "1099.00000"}, "Pre-Paid Expenses": {"2020-12-31": "576.00000", "2019-12-31": "518.00000", "2018-12-31": "507.00000", "2017-12-31": "679.00000", "2016-12-31": "381.00000", "2015-12-31": "369.00000", "2014-12-31": "386.00000", "2013-12-31": "415.00000", "2012-12-31": "421.00000", "2011-12-31": "199.00000", "2010-12-31": "229.00000", "2009-12-31": "", "2008-12-31": "", "2007-12-31": "", "2006-12-31": "", "2005-12-31": ""}, "Other Current Assets": {"2020-12-31": "2487.00000", "2019-12-31": "1377.00000", "2018-12-31": "", "2017-12-31": "", "2016-12-31": "", "2015-12-31": "", "2014-12-31": "", "2013-12-31": "", "2012-12-31": "", "2011-12-31": "", "2010-12-31": "", "2009-12-31": "149.00000", "2008-12-31": "177.00000", "2007-12-31": "139.00000", "2006-12-31": "135.00000", "2005-12-31": "115.00000"}, "Total Current Assets": {"2020-12-31": "9178.00000", "2019-12-31": "8728.00000", "2018-12-31": "7590.00000", "2017-12-31": "8337.00000", "2016-12-31": "7033.00000", "2015-12-31": "6616.00000", "2014-12-31": "8100.00000", "2013-12-31": "8731.00000", "2012-12-31": "7900.00000", "2011-12-31": "5826.00000", "2010-12-31": "5506.00000", "2009-12-31": "4524.00000", "2008-12-31": "4795.00000", "2007-12-31": "4767.00000", "2006-12-31": "4408.00000", "2005-12-31": "3578.00000"}, "Property, Plant, And Equipment": {"2020-12-31": "2964.00000", "2019-12-31": "3496.00000", "2018-12-31": "3467.00000", "2017-12-31": "3502.00000", "2016-12-31": "3443.00000", "2015-12-31": "3565.00000", "2014-12-31": "3750.00000", "2013-12-31": "3833.00000", "2012-12-31": "3786.00000", "2011-12-31": "2602.00000", "2010-12-31": "2477.00000", "2009-12-31": "2445.00000", "2008-12-31": "2639.00000", "2007-12-31": "2333.00000", "2006-12-31": "2271.00000", "2005-12-31": "2175.00000"}, "Long-Term Investments": {"2020-12-31": "", "2019-12-31": "", "2018-12-31": "", "2017-12-31": "", "2016-12-31": "", "2015-12-31": "", "2014-12-31": "", "2013-12-31": "", "2012-12-31": "", "2011-12-31": "", "2010-12-31": "", "2009-12-31": "", "2008-12-31": "", "2007-12-31": "", "2006-12-31": "", "2005-12-31": ""}, "Goodwill And Intangible Assets": {"2020-12-31": "17078.00000", "2019-12-31": "18094.00000", "2018-12-31": "18174.00000", "2017-12-31": "18833.00000", "2016-12-31": "18715.00000", "2015-12-31": "19493.00000", "2014-12-31": "20449.00000", "2013-12-31": "21681.00000", "2012-12-31": "22023.00000", "2011-12-31": "7729.00000", "2010-12-31": "7726.00000", "2009-12-31": "7876.00000", "2008-12-31": "7750.00000", "2007-12-31": "5539.00000", "2006-12-31": "4003.00000", "2005-12-31": "3765.00000"}, "Other Long-Term Assets": {"2020-12-31": "1750.00000", "2019-12-31": "1679.00000", "2018-12-31": "1568.00000", "2017-12-31": "1698.00000", "2016-12-31": "960.00000", "2015-12-31": "960.00000", "2014-12-31": "1002.00000", "2013-12-31": "1006.00000", "2012-12-31": "1748.00000", "2011-12-31": "582.00000", "2010-12-31": "542.00000", "2009-12-31": "464.00000", "2008-12-31": "500.00000", "2007-12-31": "293.00000", "2006-12-31": "", "2005-12-31": ""}, "Total Long-Term Assets": {"2020-12-31": "22646.00000", "2019-12-31": "24077.00000", "2018-12-31": "23502.00000", "2017-12-31": "24286.00000", "2016-12-31": "23443.00000", "2015-12-31": "24380.00000", "2014-12-31": "25429.00000", "2013-12-31": "26760.00000", "2012-12-31": "27910.00000", "2011-12-31": "12047.00000", "2010-12-31": "11746.00000", "2009-12-31": "11758.00000", "2008-12-31": "11860.00000", "2007-12-31": "8663.00000", "2006-12-31": "7009.00000", "2005-12-31": "6640.00000"}, "Total Assets": {"2020-12-31": "31824.00000", "2019-12-31": "32805.00000", "2018-12-31": "31092.00000", "2017-12-31": "32623.00000", "2016-12-31": "30476.00000", "2015-12-31": "30996.00000", "2014-12-31": "33529.00000", "2013-12-31": "35491.00000", "2012-12-31": "35810.00000", "2011-12-31": "17873.00000", "2010-12-31": "17252.00000", "2009-12-31": "16282.00000", "2008-12-31": "16655.00000", "2007-12-31": "13430.00000", "2006-12-31": "11417.00000", "2005-12-31": "10218.00000"}, "Total Current Liabilities": {"2020-12-31": "5926.00000", "2019-12-31": "5132.00000", "2018-12-31": "5154.00000", "2017-12-31": "5075.00000", "2016-12-31": "5485.00000", "2015-12-31": "4625.00000", "2014-12-31": "5355.00000", "2013-12-31": "4914.00000", "2012-12-31": "5515.00000", "2011-12-31": "3637.00000", "2010-12-31": "3233.00000", "2009-12-31": "2689.00000", "2008-12-31": "3745.00000", "2007-12-31": "3659.00000", "2006-12-31": "3290.00000", "2005-12-31": "2968.00000"}, "Long Term Debt": {"2020-12-31": "7010.00000", "2019-12-31": "7819.00000", "2018-12-31": "6768.00000", "2017-12-31": "7167.00000", "2016-12-31": "6711.00000", "2015-12-31": "7746.00000", "2014-12-31": "8024.00000", "2013-12-31": "8969.00000", "2012-12-31": "9765.00000", "2011-12-31": "3366.00000", "2010-12-31": "3382.00000", "2009-12-31": "3349.00000", "2008-12-31": "3190.00000", "2007-12-31": "2432.00000", "2006-12-31": "1774.00000", "2005-12-31": "1830.00000"}, "Other Non-Current Liabilities": {"2020-12-31": "1394.00000", "2019-12-31": "1204.00000", "2018-12-31": "1054.00000", "2017-12-31": "965.00000", "2016-12-31": "934.00000", "2015-12-31": "978.00000", "2014-12-31": "1085.00000", "2013-12-31": "1299.00000", "2012-12-31": "1059.00000", "2011-12-31": "501.00000", "2010-12-31": "575.00000", "2009-12-31": "536.00000", "2008-12-31": "459.00000", "2007-12-31": "490.00000", "2006-12-31": "539.00000", "2005-12-31": "473.00000"}, "Total Long Term Liabilities": {"2020-12-31": "10925.00000", "2019-12-31": "11540.00000", "2018-12-31": "9796.00000", "2017-12-31": "10258.00000", "2016-12-31": "9993.00000", "2015-12-31": "11140.00000", "2014-12-31": "12335.00000", "2013-12-31": "13714.00000", "2012-12-31": "15117.00000", "2011-12-31": "6744.00000", "2010-12-31": "6616.00000", "2009-12-31": "6775.00000", "2008-12-31": "6545.00000", "2007-12-31": "4599.00000", "2006-12-31": "4021.00000", "2005-12-31": "3472.00000"}, "Total Liabilities": {"2020-12-31": "16851.00000", "2019-12-31": "16672.00000", "2018-12-31": "14950.00000", "2017-12-31": "15333.00000", "2016-12-31": "15478.00000", "2015-12-31": "15765.00000", "2014-12-31": "17690.00000", "2013-12-31": "18628.00000", "2012-12-31": "20632.00000", "2011-12-31": "10381.00000", "2010-12-31": "9849.00000", "2009-12-31": "9464.00000", "2008-12-31": "10290.00000", "2007-12-31": "8258.00000", "2006-12-31": "7311.00000", "2005-12-31": "6440.00000"}, "Common Stock Net": {"2020-12-31": "", "2019-12-31": "4.00000", "2018-12-31": "4.00000", "2017-12-31": "4.00000", "2016-12-31": "5.00000", "2015-12-31": "5.00000", "2014-12-31": "5.00000", "2013-12-31": "5.00000", "2012-12-31": "5.00000", "2011-12-31": "167.00000", "2010-12-31": "170.00000", "2009-12-31": "166.00000", "2008-12-31": "82.00000", "2007-12-31": "73.00000", "2006-12-31": "73.00000", "2005-12-31": "74.00000"}, "Retained Earnings (Accumulated Deficit)": {"2020-12-31": "", "2019-12-31": "8170.00000", "2018-12-31": "8161.00000", "2017-12-31": "8669.00000", "2016-12-31": "7555.00000", "2015-12-31": "7346.00000", "2014-12-31": "7078.00000", "2013-12-31": "6866.00000", "2012-12-31": "5805.00000", "2011-12-31": "5103.00000", "2010-12-31": "4455.00000", "2009-12-31": "3893.00000", "2008-12-31": "3917.00000", "2007-12-31": "3257.00000", "2006-12-31": "2796.00000", "2005-12-31": "2376.00000"}, "Comprehensive Income": {"2020-12-31": "", "2019-12-31": "-4290.00000", "2018-12-31": "-4145.00000", "2017-12-31": "-3404.00000", "2016-12-31": "-4448.00000", "2015-12-31": "-3863.00000", "2014-12-31": "-2899.00000", "2013-12-31": "-1560.00000", "2012-12-31": "-1964.00000", "2011-12-31": "-1964.00000", "2010-12-31": "-1348.00000", "2009-12-31": "-1208.00000", "2008-12-31": "-1538.00000", "2007-12-31": "-423.00000", "2006-12-31": "-849.00000", "2005-12-31": "-649.00000"}, "Other Share Holders Equity": {"2020-12-31": "", "2019-12-31": "", "2018-12-31": "", "2017-12-31": "", "2016-12-31": "", "2015-12-31": "", "2014-12-31": "", "2013-12-31": "", "2012-12-31": "", "2011-12-31": "", "2010-12-31": "", "2009-12-31": "", "2008-12-31": "", "2007-12-31": "", "2006-12-31": "", "2005-12-31": ""}, "Share Holder Equity": {"2020-12-31": "14973.00000", "2019-12-31": "16133.00000", "2018-12-31": "16142.00000", "2017-12-31": "17290.00000", "2016-12-31": "14998.00000", "2015-12-31": "15231.00000", "2014-12-31": "15839.00000", "2013-12-31": "16863.00000", "2012-12-31": "15178.00000", "2011-12-31": "7492.00000", "2010-12-31": "7403.00000", "2009-12-31": "6818.00000", "2008-12-31": "6365.00000", "2007-12-31": "5172.00000", "2006-12-31": "4106.00000", "2005-12-31": "3778.00000"}, "Total Liabilities And Share Holders Equity": {"2020-12-31": "31824.00000", "2019-12-31": "32805.00000", "2018-12-31": "31092.00000", "2017-12-31": "32623.00000", "2016-12-31": "30476.00000", "2015-12-31": "30996.00000", "2014-12-31": "33529.00000", "2013-12-31": "35491.00000", "2012-12-31": "35810.00000", "2011-12-31": "17873.00000", "2010-12-31": "17252.00000", "2009-12-31": "16282.00000", "2008-12-31": "16655.00000", "2007-12-31": "13430.00000", "2006-12-31": "11417.00000", "2005-12-31": "10218.00000"}}, "balance sheet, quarterly": {"Cash On Hand": {"2020-12-31": "1102.00000", "2020-09-30": "763.00000", "2020-06-30": "496.00000", "2020-03-31": "417.00000", "2019-12-31": "591.00000", "2019-09-30": "830.00000", "2019-06-30": "797.00000", "2019-03-31": "446.00000", "2018-12-31": "440.00000", "2018-09-30": "505.00000", "2018-06-30": "492.00000", "2018-03-31": "827.00000", "2017-12-31": "1095.00000", "2017-09-30": "1634.00000", "2017-06-30": "837.00000", "2017-03-31": "523.00000", "2016-12-31": "746.00000", "2016-09-30": "707.00000", "2016-06-30": "469.00000", "2016-03-31": "573.00000", "2015-12-31": "445.00000", "2015-09-30": "568.00000", "2015-06-30": "430.00000", "2015-03-31": "802.00000", "2014-12-31": "1026.00000", "2014-09-30": "990.00000", "2014-06-30": "1265.00000", "2014-03-31": "1144.00000", "2013-12-31": "1709.00000", "2013-09-30": "1340.00000", "2013-06-30": "996.00000", "2013-03-31": "1036.00000", "2012-12-31": "1104.00000", "2012-09-30": "1045.00000", "2012-06-30": "1177.00000", "2012-03-31": "811.00000", "2011-12-31": "1084.00000", "2011-09-30": "814.00000", "2011-06-30": "883.00000", "2011-03-31": "697.00000", "2010-12-31": "1171.00000", "2010-09-30": "888.00000", "2010-06-30": "787.00000", "2010-03-31": "489.00000", "2009-12-31": "773.00000", "2009-09-30": "665.00000", "2009-06-30": "581.00000", "2009-03-31": "434.00000", "2008-12-31": "530.00000", "2008-09-30": "463.00000", "2008-06-30": "718.00000", "2008-03-31": "583.00000", "2007-12-31": "646.00000", "2007-09-30": "739.00000", "2007-06-30": "494.00000", "2007-03-31": "419.00000", "2006-12-31": "785.00000", "2006-09-30": "701.00000", "2006-06-30": "479.00000", "2006-03-31": "442.00000", "2005-12-31": "336.00000", "2005-09-30": "339.00000", "2005-06-30": "445.00000", "2005-03-31": "343.00000"}, "Receivables": {"2020-12-31": "2904.00000", "2020-09-30": "2876.00000", "2020-06-30": "2647.00000", "2020-03-31": "2951.00000", "2019-12-31": "3437.00000", "2019-09-30": "3787.00000", "2019-06-30": "3944.00000", "2019-03-31": "3865.00000", "2018-12-31": "3858.00000", "2018-09-30": "4027.00000", "2018-06-30": "4092.00000", "2018-03-31": "4005.00000", "2017-12-31": "3943.00000", "2017-09-30": "3962.00000", "2017-06-30": "3813.00000", "2017-03-31": "3673.00000", "2016-12-31": "3560.00000", "2016-09-30": "3659.00000", "2016-06-30": "3628.00000", "2016-03-31": "3581.00000", "2015-12-31": "3479.00000", "2015-09-30": "3656.00000", "2015-06-30": "3840.00000", "2015-03-31": "3733.00000", "2014-12-31": "3667.00000", "2014-09-30": "3972.00000", "2014-06-30": "4010.00000", "2014-03-31": "3889.00000", "2013-12-31": "3648.00000", "2013-09-30": "3950.00000", "2013-06-30": "3820.00000", "2013-03-31": "3685.00000", "2012-12-31": "3474.00000", "2012-09-30": "2645.00000", "2012-06-30": "2683.00000", "2012-03-31": "2588.00000", "2011-12-31": "2444.00000", "2011-09-30": "2549.00000", "2011-06-30": "2625.00000", "2011-03-31": "2466.00000", "2010-12-31": "2239.00000", "2010-09-30": "2332.00000", "2010-06-30": "2126.00000", "2010-03-31": "2052.00000", "2009-12-31": "1899.00000", "2009-09-30": "2047.00000", "2009-06-30": "2015.00000", "2009-03-31": "2016.00000", "2008-12-31": "2295.00000", "2008-09-30": "2845.00000", "2008-06-30": "3029.00000", "2008-03-31": "2561.00000", "2007-12-31": "2208.00000", "2007-09-30": "2220.00000", "2007-06-30": "2208.00000", "2007-03-31": "2139.00000", "2006-12-31": "1928.00000", "2006-09-30": "2025.00000", "2006-06-30": "2035.00000", "2006-03-31": "1971.00000", "2005-12-31": "1785.00000", "2005-09-30": "1861.00000", "2005-06-30": "1759.00000", "2005-03-31": "1709.00000"}, "Inventory": {"2020-12-31": "2109.00000", "2020-09-30": "2096.00000", "2020-06-30": "2138.00000", "2020-03-31": "2346.00000", "2019-12-31": "2805.00000", "2019-09-30": "2901.00000", "2019-06-30": "2853.00000", "2019-03-31": "2897.00000", "2018-12-31": "2785.00000", "2018-09-30": "2835.00000", "2018-06-30": "2753.00000", "2018-03-31": "2745.00000", "2017-12-31": "2620.00000", "2017-09-30": "2457.00000", "2017-06-30": "2393.00000", "2017-03-31": "2344.00000", "2016-12-31": "2346.00000", "2016-09-30": "2328.00000", "2016-06-30": "2323.00000", "2016-03-31": "2391.00000", "2015-12-31": "2323.00000", "2015-09-30": "2395.00000", "2015-06-30": "2439.00000", "2015-03-31": "2424.00000", "2014-12-31": "2428.00000", "2014-09-30": "2498.00000", "2014-06-30": "2534.00000", "2014-03-31": "2532.00000", "2013-12-31": "2382.00000", "2013-09-30": "2403.00000", "2013-06-30": "2405.00000", "2013-03-31": "2394.00000", "2012-12-31": "2336.00000", "2012-09-30": "1801.00000", "2012-06-30": "1756.00000", "2012-03-31": "1779.00000", "2011-12-31": "1701.00000", "2011-09-30": "1769.00000", "2011-06-30": "1766.00000", "2011-03-31": "1667.00000", "2010-12-31": "1564.00000", "2010-09-30": "1533.00000", "2010-06-30": "1386.00000", "2010-03-31": "1374.00000", "2009-12-31": "1326.00000", "2009-09-30": "1359.00000", "2009-06-30": "1373.00000", "2009-03-31": "1490.00000", "2008-12-31": "1554.00000", "2008-09-30": "1795.00000", "2008-06-30": "1844.00000", "2008-03-31": "1634.00000", "2007-12-31": "1483.00000", "2007-09-30": "1399.00000", "2007-06-30": "1382.00000", "2007-03-31": "1389.00000", "2006-12-31": "1293.00000", "2006-09-30": "1239.00000", "2006-06-30": "1186.00000", "2006-03-31": "1157.00000", "2005-12-31": "1099.00000", "2005-09-30": "1065.00000", "2005-06-30": "1031.00000", "2005-03-31": "1018.00000"}, "Pre-Paid Expenses": {"2020-12-31": "576.00000", "2020-09-30": "538.00000", "2020-06-30": "527.00000", "2020-03-31": "516.00000", "2019-12-31": "518.00000", "2019-09-30": "494.00000", "2019-06-30": "532.00000", "2019-03-31": "536.00000", "2018-12-31": "507.00000", "2018-09-30": "500.00000", "2018-06-30": "576.00000", "2018-03-31": "552.00000", "2017-12-31": "679.00000", "2017-09-30": "396.00000", "2017-06-30": "444.00000", "2017-03-31": "435.00000", "2016-12-31": "381.00000", "2016-09-30": "393.00000", "2016-06-30": "406.00000", "2016-03-31": "468.00000", "2015-12-31": "369.00000", "2015-09-30": "410.00000", "2015-06-30": "382.00000", "2015-03-31": "405.00000", "2014-12-31": "386.00000", "2014-09-30": "390.00000", "2014-06-30": "477.00000", "2014-03-31": "564.00000", "2013-12-31": "415.00000", "2013-09-30": "669.00000", "2013-06-30": "560.00000", "2013-03-31": "622.00000", "2012-12-31": "421.00000", "2012-09-30": "", "2012-06-30": "", "2012-03-31": "", "2011-12-31": "199.00000", "2011-09-30": "", "2011-06-30": "", "2011-03-31": "", "2010-12-31": "229.00000", "2010-09-30": "", "2010-06-30": "", "2010-03-31": "", "2009-12-31": "", "2009-09-30": "", "2009-06-30": "", "2009-03-31": "", "2008-12-31": "", "2008-09-30": "", "2008-06-30": "", "2008-03-31": "", "2007-12-31": "", "2007-09-30": "", "2007-06-30": "", "2007-03-31": "", "2006-12-31": "", "2006-09-30": "", "2006-06-30": "", "2006-03-31": "", "2005-12-31": "", "2005-09-30": "", "2005-06-30": "", "2005-03-31": ""}, "Other Current Assets": {"2020-12-31": "2487.00000", "2020-09-30": "2398.00000", "2020-06-30": "2405.00000", "2020-03-31": "2440.00000", "2019-12-31": "1377.00000", "2019-09-30": "", "2019-06-30": "", "2019-03-31": "", "2018-12-31": "", "2018-09-30": "", "2018-06-30": "", "2018-03-31": "", "2017-12-31": "", "2017-09-30": "", "2017-06-30": "", "2017-03-31": "", "2016-12-31": "", "2016-09-30": "", "2016-06-30": "", "2016-03-31": "", "2015-12-31": "", "2015-09-30": "", "2015-06-30": "", "2015-03-31": "", "2014-12-31": "", "2014-09-30": "", "2014-06-30": "", "2014-03-31": "", "2013-12-31": "", "2013-09-30": "", "2013-06-30": "", "2013-03-31": "", "2012-12-31": "", "2012-09-30": "704.00000", "2012-06-30": "750.00000", "2012-03-31": "704.00000", "2011-12-31": "", "2011-09-30": "601.00000", "2011-06-30": "643.00000", "2011-03-31": "640.00000", "2010-12-31": "", "2010-09-30": "", "2010-06-30": "", "2010-03-31": "", "2009-12-31": "149.00000", "2009-09-30": "", "2009-06-30": "", "2009-03-31": "", "2008-12-31": "177.00000", "2008-09-30": "", "2008-06-30": "", "2008-03-31": "", "2007-12-31": "139.00000", "2007-09-30": "", "2007-06-30": "", "2007-03-31": "", "2006-12-31": "135.00000", "2006-09-30": "", "2006-06-30": "", "2006-03-31": "", "2005-12-31": "115.00000", "2005-09-30": "", "2005-06-30": "", "2005-03-31": ""}, "Total Current Assets": {"2020-12-31": "9178.00000", "2020-09-30": "8671.00000", "2020-06-30": "8213.00000", "2020-03-31": "8670.00000", "2019-12-31": "8728.00000", "2019-09-30": "8012.00000", "2019-06-30": "8126.00000", "2019-03-31": "7744.00000", "2018-12-31": "7590.00000", "2018-09-30": "7867.00000", "2018-06-30": "7913.00000", "2018-03-31": "8129.00000", "2017-12-31": "8337.00000", "2017-09-30": "8449.00000", "2017-06-30": "7487.00000", "2017-03-31": "6975.00000", "2016-12-31": "7033.00000", "2016-09-30": "7087.00000", "2016-06-30": "6826.00000", "2016-03-31": "7013.00000", "2015-12-31": "6616.00000", "2015-09-30": "7579.00000", "2015-06-30": "7644.00000", "2015-03-31": "7940.00000", "2014-12-31": "8100.00000", "2014-09-30": "8431.00000", "2014-06-30": "8838.00000", "2014-03-31": "8683.00000", "2013-12-31": "8731.00000", "2013-09-30": "8766.00000", "2013-06-30": "8229.00000", "2013-03-31": "8196.00000", "2012-12-31": "7900.00000", "2012-09-30": "6195.00000", "2012-06-30": "6366.00000", "2012-03-31": "5882.00000", "2011-12-31": "5826.00000", "2011-09-30": "5733.00000", "2011-06-30": "5917.00000", "2011-03-31": "5470.00000", "2010-12-31": "5506.00000", "2010-09-30": "5353.00000", "2010-06-30": "4862.00000", "2010-03-31": "4480.00000", "2009-12-31": "4524.00000", "2009-09-30": "4588.00000", "2009-06-30": "4477.00000", "2009-03-31": "4427.00000", "2008-12-31": "4795.00000", "2008-09-30": "5587.00000", "2008-06-30": "6063.00000", "2008-03-31": "5249.00000", "2007-12-31": "4767.00000", "2007-09-30": "4826.00000", "2007-06-30": "4535.00000", "2007-03-31": "4405.00000", "2006-12-31": "4408.00000", "2006-09-30": "4401.00000", "2006-06-30": "4119.00000", "2006-03-31": "3965.00000", "2005-12-31": "3578.00000", "2005-09-30": "3626.00000", "2005-06-30": "3563.00000", "2005-03-31": "3403.00000"}, "Property, Plant, And Equipment": {"2020-12-31": "2964.00000", "2020-09-30": "2916.00000", "2020-06-30": "2904.00000", "2020-03-31": "2939.00000", "2019-12-31": "3496.00000", "2019-09-30": "3483.00000", "2019-06-30": "3510.00000", "2019-03-31": "3473.00000", "2018-12-31": "3467.00000", "2018-09-30": "3446.00000", "2018-06-30": "3462.00000", "2018-03-31": "3543.00000", "2017-12-31": "3502.00000", "2017-09-30": "3486.00000", "2017-06-30": "3530.00000", "2017-03-31": "3481.00000", "2016-12-31": "3443.00000", "2016-09-30": "3506.00000", "2016-06-30": "3551.00000", "2016-03-31": "3583.00000", "2015-12-31": "3565.00000", "2015-09-30": "3590.00000", "2015-06-30": "3680.00000", "2015-03-31": "3634.00000", "2014-12-31": "3750.00000", "2014-09-30": "3702.00000", "2014-06-30": "3793.00000", "2014-03-31": "3806.00000", "2013-12-31": "3833.00000", "2013-09-30": "3757.00000", "2013-06-30": "3749.00000", "2013-03-31": "3841.00000", "2012-12-31": "3786.00000", "2012-09-30": "2794.00000", "2012-06-30": "2675.00000", "2012-03-31": "2660.00000", "2011-12-31": "2602.00000", "2011-09-30": "2537.00000", "2011-06-30": "2589.00000", "2011-03-31": "2523.00000", "2010-12-31": "2477.00000", "2010-09-30": "2381.00000", "2010-06-30": "2270.00000", "2010-03-31": "2349.00000", "2009-12-31": "2445.00000", "2009-09-30": "2528.00000", "2009-06-30": "2542.00000", "2009-03-31": "2525.00000", "2008-12-31": "2639.00000", "2008-09-30": "2585.00000", "2008-06-30": "2699.00000", "2008-03-31": "2473.00000", "2007-12-31": "2333.00000", "2007-09-30": "2252.00000", "2007-06-30": "2270.00000", "2007-03-31": "2275.00000", "2006-12-31": "2271.00000", "2006-09-30": "2202.00000", "2006-06-30": "2220.00000", "2006-03-31": "2204.00000", "2005-12-31": "2175.00000", "2005-09-30": "2100.00000", "2005-06-30": "2075.00000", "2005-03-31": "2105.00000"}, "Long-Term Investments": {"2020-12-31": "", "2020-09-30": "", "2020-06-30": "", "2020-03-31": "", "2019-12-31": "", "2019-09-30": "", "2019-06-30": "", "2019-03-31": "", "2018-12-31": "", "2018-09-30": "", "2018-06-30": "", "2018-03-31": "", "2017-12-31": "", "2017-09-30": "", "2017-06-30": "", "2017-03-31": "", "2016-12-31": "", "2016-09-30": "", "2016-06-30": "", "2016-03-31": "", "2015-12-31": "", "2015-09-30": "", "2015-06-30": "", "2015-03-31": "", "2014-12-31": "", "2014-09-30": "", "2014-06-30": "", "2014-03-31": "", "2013-12-31": "", "2013-09-30": "", "2013-06-30": "", "2013-03-31": "", "2012-12-31": "", "2012-09-30": "", "2012-06-30": "", "2012-03-31": "", "2011-12-31": "", "2011-09-30": "", "2011-06-30": "", "2011-03-31": "", "2010-12-31": "", "2010-09-30": "", "2010-06-30": "", "2010-03-31": "", "2009-12-31": "", "2009-09-30": "", "2009-06-30": "", "2009-03-31": "", "2008-12-31": "", "2008-09-30": "", "2008-06-30": "", "2008-03-31": "", "2007-12-31": "", "2007-09-30": "", "2007-06-30": "", "2007-03-31": "", "2006-12-31": "", "2006-09-30": "", "2006-06-30": "", "2006-03-31": "", "2005-12-31": "", "2005-09-30": "", "2005-06-30": "", "2005-03-31": ""}, "Goodwill And Intangible Assets": {"2020-12-31": "17078.00000", "2020-09-30": "16856.00000", "2020-06-30": "16738.00000", "2020-03-31": "16716.00000", "2019-12-31": "18094.00000", "2019-09-30": "17994.00000", "2019-06-30": "18229.00000", "2019-03-31": "18072.00000", "2018-12-31": "18174.00000", "2018-09-30": "18334.00000", "2018-06-30": "18477.00000", "2018-03-31": "18904.00000", "2017-12-31": "18833.00000", "2017-09-30": "18899.00000", "2017-06-30": "18888.00000", "2017-03-31": "18737.00000", "2016-12-31": "18715.00000", "2016-09-30": "19123.00000", "2016-06-30": "19245.00000", "2016-03-31": "19535.00000", "2015-12-31": "19493.00000", "2015-09-30": "19679.00000", "2015-06-30": "19980.00000", "2015-03-31": "19865.00000", "2014-12-31": "20449.00000", "2014-09-30": "20827.00000", "2014-06-30": "21353.00000", "2014-03-31": "21528.00000", "2013-12-31": "21681.00000", "2013-09-30": "21507.00000", "2013-06-30": "21235.00000", "2013-03-31": "20939.00000", "2012-12-31": "22023.00000", "2012-09-30": "8091.00000", "2012-06-30": "7867.00000", "2012-03-31": "7797.00000", "2011-12-31": "7729.00000", "2011-09-30": "7824.00000", "2011-06-30": "8083.00000", "2011-03-31": "7873.00000", "2010-12-31": "7726.00000", "2010-09-30": "7800.00000", "2010-06-30": "7328.00000", "2010-03-31": "7637.00000", "2009-12-31": "7876.00000", "2009-09-30": "7974.00000", "2009-06-30": "7857.00000", "2009-03-31": "7639.00000", "2008-12-31": "7750.00000", "2008-09-30": "7799.00000", "2008-06-30": "8228.00000", "2008-03-31": "6089.00000", "2007-12-31": "5539.00000", "2007-09-30": "4877.00000", "2007-06-30": "4864.00000", "2007-03-31": "4810.00000", "2006-12-31": "4003.00000", "2006-09-30": "3989.00000", "2006-06-30": "3916.00000", "2006-03-31": "3896.00000", "2005-12-31": "3765.00000", "2005-09-30": "3358.00000", "2005-06-30": "3185.00000", "2005-03-31": "3068.00000"}, "Other Long-Term Assets": {"2020-12-31": "1750.00000", "2020-09-30": "1745.00000", "2020-06-30": "1718.00000", "2020-03-31": "1740.00000", "2019-12-31": "1679.00000", "2019-09-30": "1668.00000", "2019-06-30": "1657.00000", "2019-03-31": "1631.00000", "2018-12-31": "1568.00000", "2018-09-30": "1740.00000", "2018-06-30": "1717.00000", "2018-03-31": "1736.00000", "2017-12-31": "1698.00000", "2017-09-30": "1627.00000", "2017-06-30": "1007.00000", "2017-03-31": "979.00000", "2016-12-31": "960.00000", "2016-09-30": "1109.00000", "2016-06-30": "1119.00000", "2016-03-31": "1072.00000", "2015-12-31": "960.00000", "2015-09-30": "1107.00000", "2015-06-30": "1025.00000", "2015-03-31": "1037.00000", "2014-12-31": "1002.00000", "2014-09-30": "1038.00000", "2014-06-30": "1032.00000", "2014-03-31": "988.00000", "2013-12-31": "1006.00000", "2013-09-30": "954.00000", "2013-06-30": "875.00000", "2013-03-31": "898.00000", "2012-12-31": "1748.00000", "2012-09-30": "656.00000", "2012-06-30": "622.00000", "2012-03-31": "597.00000", "2011-12-31": "582.00000", "2011-09-30": "562.00000", "2011-06-30": "571.00000", "2011-03-31": "511.00000", "2010-12-31": "542.00000", "2010-09-30": "", "2010-06-30": "", "2010-03-31": "", "2009-12-31": "464.00000", "2009-09-30": "", "2009-06-30": "", "2009-03-31": "", "2008-12-31": "500.00000", "2008-09-30": "", "2008-06-30": "", "2008-03-31": "", "2007-12-31": "293.00000", "2007-09-30": "", "2007-06-30": "", "2007-03-31": "", "2006-12-31": "", "2006-09-30": "", "2006-06-30": "", "2006-03-31": "", "2005-12-31": "", "2005-09-30": "", "2005-06-30": "", "2005-03-31": ""}, "Total Long-Term Assets": {"2020-12-31": "22646.00000", "2020-09-30": "22314.00000", "2020-06-30": "22135.00000", "2020-03-31": "22175.00000", "2019-12-31": "24077.00000", "2019-09-30": "23883.00000", "2019-06-30": "24118.00000", "2019-03-31": "23905.00000", "2018-12-31": "23502.00000", "2018-09-30": "23761.00000", "2018-06-30": "23952.00000", "2018-03-31": "24539.00000", "2017-12-31": "24286.00000", "2017-09-30": "24276.00000", "2017-06-30": "23868.00000", "2017-03-31": "23636.00000", "2016-12-31": "23443.00000", "2016-09-30": "24150.00000", "2016-06-30": "24328.00000", "2016-03-31": "24570.00000", "2015-12-31": "24380.00000", "2015-09-30": "24622.00000", "2015-06-30": "24935.00000", "2015-03-31": "24756.00000", "2014-12-31": "25429.00000", "2014-09-30": "25808.00000", "2014-06-30": "26420.00000", "2014-03-31": "26579.00000", "2013-12-31": "26760.00000", "2013-09-30": "26546.00000", "2013-06-30": "27028.00000", "2013-03-31": "26781.00000", "2012-12-31": "27910.00000", "2012-09-30": "12605.00000", "2012-06-30": "12188.00000", "2012-03-31": "12111.00000", "2011-12-31": "12047.00000", "2011-09-30": "11894.00000", "2011-06-30": "12204.00000", "2011-03-31": "11867.00000", "2010-12-31": "11746.00000", "2010-09-30": "11662.00000", "2010-06-30": "11065.00000", "2010-03-31": "11367.00000", "2009-12-31": "11758.00000", "2009-09-30": "11907.00000", "2009-06-30": "11714.00000", "2009-03-31": "11574.00000", "2008-12-31": "11860.00000", "2008-09-30": "11380.00000", "2008-06-30": "11860.00000", "2008-03-31": "9397.00000", "2007-12-31": "8663.00000", "2007-09-30": "7913.00000", "2007-06-30": "7884.00000", "2007-03-31": "7835.00000", "2006-12-31": "7009.00000", "2006-09-30": "6853.00000", "2006-06-30": "6766.00000", "2006-03-31": "6726.00000", "2005-12-31": "6640.00000", "2005-09-30": "6123.00000", "2005-06-30": "5944.00000", "2005-03-31": "5871.00000"}, "Total Assets": {"2020-12-31": "31824.00000", "2020-09-30": "30985.00000", "2020-06-30": "30348.00000", "2020-03-31": "30845.00000", "2019-12-31": "32805.00000", "2019-09-30": "31895.00000", "2019-06-30": "32244.00000", "2019-03-31": "31649.00000", "2018-12-31": "31092.00000", "2018-09-30": "31628.00000", "2018-06-30": "31865.00000", "2018-03-31": "32668.00000", "2017-12-31": "32623.00000", "2017-09-30": "32725.00000", "2017-06-30": "31355.00000", "2017-03-31": "30611.00000", "2016-12-31": "30476.00000", "2016-09-30": "31237.00000", "2016-06-30": "31154.00000", "2016-03-31": "31583.00000", "2015-12-31": "30996.00000", "2015-09-30": "32201.00000", "2015-06-30": "32579.00000", "2015-03-31": "32696.00000", "2014-12-31": "33529.00000", "2014-09-30": "34239.00000", "2014-06-30": "35258.00000", "2014-03-31": "35262.00000", "2013-12-31": "35491.00000", "2013-09-30": "35312.00000", "2013-06-30": "35257.00000", "2013-03-31": "34977.00000", "2012-12-31": "35810.00000", "2012-09-30": "18800.00000", "2012-06-30": "18554.00000", "2012-03-31": "17993.00000", "2011-12-31": "17873.00000", "2011-09-30": "17627.00000", "2011-06-30": "18121.00000", "2011-03-31": "17337.00000", "2010-12-31": "17252.00000", "2010-09-30": "17015.00000", "2010-06-30": "15927.00000", "2010-03-31": "15847.00000", "2009-12-31": "16282.00000", "2009-09-30": "16495.00000", "2009-06-30": "16191.00000", "2009-03-31": "16001.00000", "2008-12-31": "16655.00000", "2008-09-30": "16967.00000", "2008-06-30": "17923.00000", "2008-03-31": "14646.00000", "2007-12-31": "13430.00000", "2007-09-30": "12739.00000", "2007-06-30": "12419.00000", "2007-03-31": "12240.00000", "2006-12-31": "11417.00000", "2006-09-30": "11254.00000", "2006-06-30": "10885.00000", "2006-03-31": "10691.00000", "2005-12-31": "10218.00000", "2005-09-30": "9749.00000", "2005-06-30": "9507.00000", "2005-03-31": "9274.00000"}, "Total Current Liabilities": {"2020-12-31": "5926.00000", "2020-09-30": "5805.00000", "2020-06-30": "5489.00000", "2020-03-31": "4944.00000", "2019-12-31": "5132.00000", "2019-09-30": "4661.00000", "2019-06-30": "4450.00000", "2019-03-31": "5286.00000", "2018-12-31": "5154.00000", "2018-09-30": "5267.00000", "2018-06-30": "5387.00000", "2018-03-31": "5396.00000", "2017-12-31": "5075.00000", "2017-09-30": "5900.00000", "2017-06-30": "6309.00000", "2017-03-31": "5557.00000", "2016-12-31": "5485.00000", "2016-09-30": "4595.00000", "2016-06-30": "4816.00000", "2016-03-31": "5022.00000", "2015-12-31": "4625.00000", "2015-09-30": "5100.00000", "2015-06-30": "5056.00000", "2015-03-31": "5666.00000", "2014-12-31": "5355.00000", "2014-09-30": "4986.00000", "2014-06-30": "5543.00000", "2014-03-31": "4805.00000", "2013-12-31": "4914.00000", "2013-09-30": "5054.00000", "2013-06-30": "4981.00000", "2013-03-31": "4903.00000", "2012-12-31": "5515.00000", "2012-09-30": "3708.00000", "2012-06-30": "3830.00000", "2012-03-31": "3565.00000", "2011-12-31": "3637.00000", "2011-09-30": "3780.00000", "2011-06-30": "3403.00000", "2011-03-31": "3201.00000", "2010-12-31": "3233.00000", "2010-09-30": "3313.00000", "2010-06-30": "2998.00000", "2010-03-31": "2770.00000", "2009-12-31": "2689.00000", "2009-09-30": "3013.00000", "2009-06-30": "3059.00000", "2009-03-31": "2930.00000", "2008-12-31": "3745.00000", "2008-09-30": "4502.00000", "2008-06-30": "4675.00000", "2008-03-31": "4262.00000", "2007-12-31": "3659.00000", "2007-09-30": "3153.00000", "2007-06-30": "3169.00000", "2007-03-31": "3135.00000", "2006-12-31": "3290.00000", "2006-09-30": "3405.00000", "2006-06-30": "3479.00000", "2006-03-31": "3511.00000", "2005-12-31": "2968.00000", "2005-09-30": "2823.00000", "2005-06-30": "2577.00000", "2005-03-31": "2525.00000"}, "Long Term Debt": {"2020-12-31": "7010.00000", "2020-09-30": "6948.00000", "2020-06-30": "6906.00000", "2020-03-31": "7842.00000", "2019-12-31": "7819.00000", "2019-09-30": "8013.00000", "2019-06-30": "8079.00000", "2019-03-31": "6782.00000", "2018-12-31": "6768.00000", "2018-09-30": "6737.00000", "2018-06-30": "6753.00000", "2018-03-31": "6845.00000", "2017-12-31": "7167.00000", "2017-09-30": "7273.00000", "2017-06-30": "6264.00000", "2017-03-31": "6677.00000", "2016-12-31": "6711.00000", "2016-09-30": "7881.00000", "2016-06-30": "7605.00000", "2016-03-31": "7572.00000", "2015-12-31": "7746.00000", "2015-09-30": "7830.00000", "2015-06-30": "7770.00000", "2015-03-31": "7829.00000", "2014-12-31": "8024.00000", "2014-09-30": "8587.00000", "2014-06-30": "8615.00000", "2014-03-31": "8991.00000", "2013-12-31": "8969.00000", "2013-09-30": "9029.00000", "2013-06-30": "9069.00000", "2013-03-31": "9473.00000", "2012-12-31": "9765.00000", "2012-09-30": "3690.00000", "2012-06-30": "3678.00000", "2012-03-31": "3345.00000", "2011-12-31": "3366.00000", "2011-09-30": "3368.00000", "2011-06-30": "3650.00000", "2011-03-31": "3354.00000", "2010-12-31": "3382.00000", "2010-09-30": "3406.00000", "2010-06-30": "3378.00000", "2010-03-31": "3347.00000", "2009-12-31": "3349.00000", "2009-09-30": "3391.00000", "2009-06-30": "3399.00000", "2009-03-31": "3707.00000", "2008-12-31": "3190.00000", "2008-09-30": "2921.00000", "2008-06-30": "3155.00000", "2008-03-31": "2704.00000", "2007-12-31": "2432.00000", "2007-09-30": "2547.00000", "2007-06-30": "2518.00000", "2007-03-31": "2553.00000", "2006-12-31": "1774.00000", "2006-09-30": "1770.00000", "2006-06-30": "1514.00000", "2006-03-31": "1561.00000", "2005-12-31": "1830.00000", "2005-09-30": "1725.00000", "2005-06-30": "1941.00000", "2005-03-31": "1734.00000"}, "Other Non-Current Liabilities": {"2020-12-31": "1394.00000", "2020-09-30": "1423.00000", "2020-06-30": "1442.00000", "2020-03-31": "1437.00000", "2019-12-31": "1204.00000", "2019-09-30": "1118.00000", "2019-06-30": "1064.00000", "2019-03-31": "1061.00000", "2018-12-31": "1054.00000", "2018-09-30": "984.00000", "2018-06-30": "986.00000", "2018-03-31": "985.00000", "2017-12-31": "965.00000", "2017-09-30": "895.00000", "2017-06-30": "930.00000", "2017-03-31": "940.00000", "2016-12-31": "934.00000", "2016-09-30": "988.00000", "2016-06-30": "1017.00000", "2016-03-31": "1008.00000", "2015-12-31": "978.00000", "2015-09-30": "997.00000", "2015-06-30": "1015.00000", "2015-03-31": "1020.00000", "2014-12-31": "1085.00000", "2014-09-30": "1141.00000", "2014-06-30": "1121.00000", "2014-03-31": "1165.00000", "2013-12-31": "1299.00000", "2013-09-30": "1065.00000", "2013-06-30": "934.00000", "2013-03-31": "862.00000", "2012-12-31": "1059.00000", "2012-09-30": "437.00000", "2012-06-30": "546.00000", "2012-03-31": "528.00000", "2011-12-31": "501.00000", "2011-09-30": "461.00000", "2011-06-30": "521.00000", "2011-03-31": "515.00000", "2010-12-31": "575.00000", "2010-09-30": "", "2010-06-30": "", "2010-03-31": "", "2009-12-31": "536.00000", "2009-09-30": "1094.00000", "2009-06-30": "1011.00000", "2009-03-31": "943.00000", "2008-12-31": "459.00000", "2008-09-30": "926.00000", "2008-06-30": "986.00000", "2008-03-31": "707.00000", "2007-12-31": "490.00000", "2007-09-30": "661.00000", "2007-06-30": "666.00000", "2007-03-31": "680.00000", "2006-12-31": "539.00000", "2006-09-30": "", "2006-06-30": "", "2006-03-31": "", "2005-12-31": "473.00000", "2005-09-30": "", "2005-06-30": "", "2005-03-31": ""}, "Total Long Term Liabilities": {"2020-12-31": "10925.00000", "2020-09-30": "10662.00000", "2020-06-30": "10624.00000", "2020-03-31": "11613.00000", "2019-12-31": "11540.00000", "2019-09-30": "11334.00000", "2019-06-30": "11433.00000", "2019-03-31": "10096.00000", "2018-12-31": "9796.00000", "2018-09-30": "9572.00000", "2018-06-30": "9753.00000", "2018-03-31": "9971.00000", "2017-12-31": "10258.00000", "2017-09-30": "10189.00000", "2017-06-30": "9452.00000", "2017-03-31": "9855.00000", "2016-12-31": "9993.00000", "2016-09-30": "11196.00000", "2016-06-30": "10974.00000", "2016-03-31": "10998.00000", "2015-12-31": "11140.00000", "2015-09-30": "11688.00000", "2015-06-30": "11720.00000", "2015-03-31": "11766.00000", "2014-12-31": "12335.00000", "2014-09-30": "12608.00000", "2014-06-30": "12673.00000", "2014-03-31": "13346.00000", "2013-12-31": "13714.00000", "2013-09-30": "14141.00000", "2013-06-30": "14845.00000", "2013-03-31": "14864.00000", "2012-12-31": "15117.00000", "2012-09-30": "6850.00000", "2012-06-30": "6766.00000", "2012-03-31": "6474.00000", "2011-12-31": "6744.00000", "2011-09-30": "6101.00000", "2011-06-30": "6531.00000", "2011-03-31": "6312.00000", "2010-12-31": "6616.00000", "2010-09-30": "6453.00000", "2010-06-30": "6319.00000", "2010-03-31": "6355.00000", "2009-12-31": "6775.00000", "2009-09-30": "6475.00000", "2009-06-30": "6441.00000", "2009-03-31": "6964.00000", "2008-12-31": "6545.00000", "2008-09-30": "5486.00000", "2008-06-30": "5854.00000", "2008-03-31": "4884.00000", "2007-12-31": "4599.00000", "2007-09-30": "4843.00000", "2007-06-30": "4803.00000", "2007-03-31": "4827.00000", "2006-12-31": "4021.00000", "2006-09-30": "3461.00000", "2006-06-30": "3157.00000", "2006-03-31": "3133.00000", "2005-12-31": "3472.00000", "2005-09-30": "3231.00000", "2005-06-30": "3441.00000", "2005-03-31": "3221.00000"}, "Total Liabilities": {"2020-12-31": "16851.00000", "2020-09-30": "16467.00000", "2020-06-30": "16113.00000", "2020-03-31": "16557.00000", "2019-12-31": "16672.00000", "2019-09-30": "15995.00000", "2019-06-30": "15883.00000", "2019-03-31": "15382.00000", "2018-12-31": "14950.00000", "2018-09-30": "14839.00000", "2018-06-30": "15140.00000", "2018-03-31": "15367.00000", "2017-12-31": "15333.00000", "2017-09-30": "16089.00000", "2017-06-30": "15761.00000", "2017-03-31": "15412.00000", "2016-12-31": "15478.00000", "2016-09-30": "15791.00000", "2016-06-30": "15790.00000", "2016-03-31": "16020.00000", "2015-12-31": "15765.00000", "2015-09-30": "16788.00000", "2015-06-30": "16776.00000", "2015-03-31": "17432.00000", "2014-12-31": "17690.00000", "2014-09-30": "17594.00000", "2014-06-30": "18216.00000", "2014-03-31": "18151.00000", "2013-12-31": "18628.00000", "2013-09-30": "19195.00000", "2013-06-30": "19826.00000", "2013-03-31": "19767.00000", "2012-12-31": "20632.00000", "2012-09-30": "10558.00000", "2012-06-30": "10596.00000", "2012-03-31": "10039.00000", "2011-12-31": "10381.00000", "2011-09-30": "9881.00000", "2011-06-30": "9934.00000", "2011-03-31": "9513.00000", "2010-12-31": "9849.00000", "2010-09-30": "9766.00000", "2010-06-30": "9317.00000", "2010-03-31": "9125.00000", "2009-12-31": "9464.00000", "2009-09-30": "9488.00000", "2009-06-30": "9500.00000", "2009-03-31": "9894.00000", "2008-12-31": "10290.00000", "2008-09-30": "9988.00000", "2008-06-30": "10529.00000", "2008-03-31": "9146.00000", "2007-12-31": "8258.00000", "2007-09-30": "7996.00000", "2007-06-30": "7972.00000", "2007-03-31": "7962.00000", "2006-12-31": "7311.00000", "2006-09-30": "6866.00000", "2006-06-30": "6636.00000", "2006-03-31": "6644.00000", "2005-12-31": "6440.00000", "2005-09-30": "6054.00000", "2005-06-30": "6018.00000", "2005-03-31": "5746.00000"}, "Common Stock Net": {"2020-12-31": "", "2020-09-30": "4.00000", "2020-06-30": "4.00000", "2020-03-31": "4.00000", "2019-12-31": "4.00000", "2019-09-30": "4.00000", "2019-06-30": "4.00000", "2019-03-31": "4.00000", "2018-12-31": "4.00000", "2018-09-30": "", "2018-06-30": "", "2018-03-31": "", "2017-12-31": "4.00000", "2017-09-30": "", "2017-06-30": "", "2017-03-31": "", "2016-12-31": "5.00000", "2016-09-30": "", "2016-06-30": "", "2016-03-31": "", "2015-12-31": "5.00000", "2015-09-30": "", "2015-06-30": "", "2015-03-31": "", "2014-12-31": "5.00000", "2014-09-30": "", "2014-06-30": "", "2014-03-31": "", "2013-12-31": "5.00000", "2013-09-30": "", "2013-06-30": "", "2013-03-31": "", "2012-12-31": "5.00000", "2012-09-30": "", "2012-06-30": "", "2012-03-31": "", "2011-12-31": "167.00000", "2011-09-30": "", "2011-06-30": "", "2011-03-31": "", "2010-12-31": "170.00000", "2010-09-30": "", "2010-06-30": "", "2010-03-31": "", "2009-12-31": "166.00000", "2009-09-30": "", "2009-06-30": "", "2009-03-31": "", "2008-12-31": "82.00000", "2008-09-30": "", "2008-06-30": "", "2008-03-31": "", "2007-12-31": "73.00000", "2007-09-30": "", "2007-06-30": "", "2007-03-31": "", "2006-12-31": "73.00000", "2006-09-30": "", "2006-06-30": "", "2006-03-31": "", "2005-12-31": "74.00000", "2005-09-30": "", "2005-06-30": "", "2005-03-31": ""}, "Retained Earnings (Accumulated Deficit)": {"2020-12-31": "", "2020-09-30": "6741.00000", "2020-06-30": "6767.00000", "2020-03-31": "7007.00000", "2019-12-31": "8170.00000", "2019-09-30": "8062.00000", "2019-06-30": "8300.00000", "2019-03-31": "8225.00000", "2018-12-31": "8161.00000", "2018-09-30": "", "2018-06-30": "", "2018-03-31": "", "2017-12-31": "8669.00000", "2017-09-30": "", "2017-06-30": "", "2017-03-31": "", "2016-12-31": "7555.00000", "2016-09-30": "", "2016-06-30": "", "2016-03-31": "", "2015-12-31": "7346.00000", "2015-09-30": "", "2015-06-30": "", "2015-03-31": "", "2014-12-31": "7078.00000", "2014-09-30": "", "2014-06-30": "", "2014-03-31": "", "2013-12-31": "6866.00000", "2013-09-30": "", "2013-06-30": "", "2013-03-31": "", "2012-12-31": "5805.00000", "2012-09-30": "", "2012-06-30": "", "2012-03-31": "", "2011-12-31": "5103.00000", "2011-09-30": "", "2011-06-30": "", "2011-03-31": "", "2010-12-31": "4455.00000", "2010-09-30": "", "2010-06-30": "", "2010-03-31": "", "2009-12-31": "3893.00000", "2009-09-30": "", "2009-06-30": "", "2009-03-31": "", "2008-12-31": "3917.00000", "2008-09-30": "", "2008-06-30": "", "2008-03-31": "", "2007-12-31": "3257.00000", "2007-09-30": "", "2007-06-30": "", "2007-03-31": "", "2006-12-31": "2796.00000", "2006-09-30": "", "2006-06-30": "", "2006-03-31": "", "2005-12-31": "2376.00000", "2005-09-30": "", "2005-06-30": "", "2005-03-31": ""}, "Comprehensive Income": {"2020-12-31": "", "2020-09-30": "-4533.00000", "2020-06-30": "-4809.00000", "2020-03-31": "-4966.00000", "2019-12-31": "-4290.00000", "2019-09-30": "-4367.00000", "2019-06-30": "-4108.00000", "2019-03-31": "-4078.00000", "2018-12-31": "-4145.00000", "2018-09-30": "", "2018-06-30": "", "2018-03-31": "", "2017-12-31": "-3404.00000", "2017-09-30": "", "2017-06-30": "", "2017-03-31": "", "2016-12-31": "-4448.00000", "2016-09-30": "", "2016-06-30": "", "2016-03-31": "", "2015-12-31": "-3863.00000", "2015-09-30": "", "2015-06-30": "", "2015-03-31": "", "2014-12-31": "-2899.00000", "2014-09-30": "", "2014-06-30": "", "2014-03-31": "", "2013-12-31": "-1560.00000", "2013-09-30": "", "2013-06-30": "", "2013-03-31": "", "2012-12-31": "-1964.00000", "2012-09-30": "", "2012-06-30": "", "2012-03-31": "", "2011-12-31": "-1964.00000", "2011-09-30": "", "2011-06-30": "", "2011-03-31": "", "2010-12-31": "-1348.00000", "2010-09-30": "", "2010-06-30": "", "2010-03-31": "", "2009-12-31": "-1208.00000", "2009-09-30": "", "2009-06-30": "", "2009-03-31": "", "2008-12-31": "-1538.00000", "2008-09-30": "", "2008-06-30": "", "2008-03-31": "", "2007-12-31": "-423.00000", "2007-09-30": "", "2007-06-30": "", "2007-03-31": "", "2006-12-31": "-849.00000", "2006-09-30": "", "2006-06-30": "", "2006-03-31": "", "2005-12-31": "-649.00000", "2005-09-30": "", "2005-06-30": "", "2005-03-31": ""}, "Other Share Holders Equity": {"2020-12-31": "", "2020-09-30": "", "2020-06-30": "", "2020-03-31": "", "2019-12-31": "", "2019-09-30": "", "2019-06-30": "", "2019-03-31": "", "2018-12-31": "", "2018-09-30": "", "2018-06-30": "", "2018-03-31": "", "2017-12-31": "", "2017-09-30": "", "2017-06-30": "", "2017-03-31": "", "2016-12-31": "", "2016-09-30": "", "2016-06-30": "", "2016-03-31": "", "2015-12-31": "", "2015-09-30": "", "2015-06-30": "", "2015-03-31": "", "2014-12-31": "", "2014-09-30": "", "2014-06-30": "", "2014-03-31": "", "2013-12-31": "", "2013-09-30": "", "2013-06-30": "", "2013-03-31": "", "2012-12-31": "", "2012-09-30": "", "2012-06-30": "", "2012-03-31": "", "2011-12-31": "", "2011-09-30": "", "2011-06-30": "", "2011-03-31": "", "2010-12-31": "", "2010-09-30": "", "2010-06-30": "", "2010-03-31": "", "2009-12-31": "", "2009-09-30": "", "2009-06-30": "", "2009-03-31": "", "2008-12-31": "", "2008-09-30": "", "2008-06-30": "", "2008-03-31": "", "2007-12-31": "", "2007-09-30": "", "2007-06-30": "", "2007-03-31": "", "2006-12-31": "", "2006-09-30": "", "2006-06-30": "", "2006-03-31": "", "2005-12-31": "", "2005-09-30": "", "2005-06-30": "", "2005-03-31": ""}, "Share Holder Equity": {"2020-12-31": "14973.00000", "2020-09-30": "14518.00000", "2020-06-30": "14235.00000", "2020-03-31": "14288.00000", "2019-12-31": "16133.00000", "2019-09-30": "15900.00000", "2019-06-30": "16361.00000", "2019-03-31": "16267.00000", "2018-12-31": "16142.00000", "2018-09-30": "16789.00000", "2018-06-30": "16725.00000", "2018-03-31": "17301.00000", "2017-12-31": "17290.00000", "2017-09-30": "16636.00000", "2017-06-30": "15594.00000", "2017-03-31": "15199.00000", "2016-12-31": "14998.00000", "2016-09-30": "15446.00000", "2016-06-30": "15364.00000", "2016-03-31": "15563.00000", "2015-12-31": "15231.00000", "2015-09-30": "15413.00000", "2015-06-30": "15803.00000", "2015-03-31": "15264.00000", "2014-12-31": "15839.00000", "2014-09-30": "16645.00000", "2014-06-30": "17042.00000", "2014-03-31": "17111.00000", "2013-12-31": "16863.00000", "2013-09-30": "16117.00000", "2013-06-30": "15431.00000", "2013-03-31": "15210.00000", "2012-12-31": "15178.00000", "2012-09-30": "8242.00000", "2012-06-30": "7958.00000", "2012-03-31": "7954.00000", "2011-12-31": "7492.00000", "2011-09-30": "7746.00000", "2011-06-30": "8187.00000", "2011-03-31": "7824.00000", "2010-12-31": "7403.00000", "2010-09-30": "7249.00000", "2010-06-30": "6610.00000", "2010-03-31": "6722.00000", "2009-12-31": "6818.00000", "2009-09-30": "7007.00000", "2009-06-30": "6691.00000", "2009-03-31": "6107.00000", "2008-12-31": "6365.00000", "2008-09-30": "6979.00000", "2008-06-30": "7394.00000", "2008-03-31": "5500.00000", "2007-12-31": "5172.00000", "2007-09-30": "4743.00000", "2007-06-30": "4447.00000", "2007-03-31": "4278.00000", "2006-12-31": "4106.00000", "2006-09-30": "4388.00000", "2006-06-30": "4249.00000", "2006-03-31": "4047.00000", "2005-12-31": "3778.00000", "2005-09-30": "3695.00000", "2005-06-30": "3489.00000", "2005-03-31": "3528.00000"}, "Total Liabilities And Share Holders Equity": {"2020-12-31": "31824.00000", "2020-09-30": "30985.00000", "2020-06-30": "30348.00000", "2020-03-31": "30845.00000", "2019-12-31": "32805.00000", "2019-09-30": "31895.00000", "2019-06-30": "32244.00000", "2019-03-31": "31649.00000", "2018-12-31": "31092.00000", "2018-09-30": "31628.00000", "2018-06-30": "31865.00000", "2018-03-31": "32668.00000", "2017-12-31": "32623.00000", "2017-09-30": "32725.00000", "2017-06-30": "31355.00000", "2017-03-31": "30611.00000", "2016-12-31": "30476.00000", "2016-09-30": "31237.00000", "2016-06-30": "31154.00000", "2016-03-31": "31583.00000", "2015-12-31": "30996.00000", "2015-09-30": "32201.00000", "2015-06-30": "32579.00000", "2015-03-31": "32696.00000", "2014-12-31": "33529.00000", "2014-09-30": "34239.00000", "2014-06-30": "35258.00000", "2014-03-31": "35262.00000", "2013-12-31": "35491.00000", "2013-09-30": "35312.00000", "2013-06-30": "35257.00000", "2013-03-31": "34977.00000", "2012-12-31": "35810.00000", "2012-09-30": "18800.00000", "2012-06-30": "18554.00000", "2012-03-31": "17993.00000", "2011-12-31": "17873.00000", "2011-09-30": "17627.00000", "2011-06-30": "18121.00000", "2011-03-31": "17337.00000", "2010-12-31": "17252.00000", "2010-09-30": "17015.00000", "2010-06-30": "15927.00000", "2010-03-31": "15847.00000", "2009-12-31": "16282.00000", "2009-09-30": "16495.00000", "2009-06-30": "16191.00000", "2009-03-31": "16001.00000", "2008-12-31": "16655.00000", "2008-09-30": "16967.00000", "2008-06-30": "17923.00000", "2008-03-31": "14646.00000", "2007-12-31": "13430.00000", "2007-09-30": "12739.00000", "2007-06-30": "12419.00000", "2007-03-31": "12240.00000", "2006-12-31": "11417.00000", "2006-09-30": "11254.00000", "2006-06-30": "10885.00000", "2006-03-31": "10691.00000", "2005-12-31": "10218.00000", "2005-09-30": "9749.00000", "2005-06-30": "9507.00000", "2005-03-31": "9274.00000"}}, "cash flow statement": {"Net Income/Loss": {"2020-12-31": "0.00000", "2019-12-31": "2213.00000", "2018-12-31": "2146.00000", "2017-12-31": "2986.00000", "2016-12-31": "1919.00000", "2015-12-31": "1974.00000", "2014-12-31": "1803.00000", "2013-12-31": "1873.00000", "2012-12-31": "1220.00000", "2011-12-31": "1352.00000", "2010-12-31": "937.00000", "2009-12-31": "385.00000", "2008-12-31": "1070.00000", "2007-12-31": "1008.00000", "2006-12-31": "950.00000", "2005-12-31": "805.00000"}, "Total Depreciation And Amortization - Cash Flow": {"2020-12-31": "", "2019-12-31": "884.00000", "2018-12-31": "903.00000", "2017-12-31": "914.00000", "2016-12-31": "929.00000", "2015-12-31": "925.00000", "2014-12-31": "983.00000", "2013-12-31": "997.00000", "2012-12-31": "598.00000", "2011-12-31": "556.00000", "2010-12-31": "551.00000", "2009-12-31": "573.00000", "2008-12-31": "571.00000", "2007-12-31": "439.00000", "2006-12-31": "434.00000", "2005-12-31": "409.00000"}, "Other Non-Cash Items": {"2020-12-31": "", "2019-12-31": "137.00000", "2018-12-31": "19.00000", "2017-12-31": "-861.00000", "2016-12-31": "122.00000", "2015-12-31": "187.00000", "2014-12-31": "-217.00000", "2013-12-31": "-20.00000", "2012-12-31": "117.00000", "2011-12-31": "-98.00000", "2010-12-31": "123.00000", "2009-12-31": "-12.00000", "2008-12-31": "-10.00000", "2007-12-31": "8.00000", "2006-12-31": "94.00000", "2005-12-31": "124.00000"}, "Total Non-Cash Items": {"2020-12-31": "", "2019-12-31": "1021.00000", "2018-12-31": "922.00000", "2017-12-31": "53.00000", "2016-12-31": "1051.00000", "2015-12-31": "1112.00000", "2014-12-31": "766.00000", "2013-12-31": "977.00000", "2012-12-31": "715.00000", "2011-12-31": "458.00000", "2010-12-31": "674.00000", "2009-12-31": "561.00000", "2008-12-31": "561.00000", "2007-12-31": "447.00000", "2006-12-31": "528.00000", "2005-12-31": "533.00000"}, "Change In Accounts Receivable": {"2020-12-31": "", "2019-12-31": "200.00000", "2018-12-31": "-123.00000", "2017-12-31": "-231.00000", "2016-12-31": "-170.00000", "2015-12-31": "5.00000", "2014-12-31": "-205.00000", "2013-12-31": "-231.00000", "2012-12-31": "108.00000", "2011-12-31": "-219.00000", "2010-12-31": "-305.00000", "2009-12-31": "440.00000", "2008-12-31": "128.00000", "2007-12-31": "-72.00000", "2006-12-31": "-40.00000", "2005-12-31": "-104.00000"}, "Change In Inventories": {"2020-12-31": "", "2019-12-31": "-60.00000", "2018-12-31": "-242.00000", "2017-12-31": "-202.00000", "2016-12-31": "34.00000", "2015-12-31": "-8.00000", "2014-12-31": "-152.00000", "2013-12-31": "-92.00000", "2012-12-31": "166.00000", "2011-12-31": "-113.00000", "2010-12-31": "-219.00000", "2009-12-31": "292.00000", "2008-12-31": "118.00000", "2007-12-31": "-79.00000", "2006-12-31": "-129.00000", "2005-12-31": "-28.00000"}, "Change In Accounts Payable": {"2020-12-31": "", "2019-12-31": "147.00000", "2018-12-31": "23.00000", "2017-12-31": "388.00000", "2016-12-31": "", "2015-12-31": "-120.00000", "2014-12-31": "49.00000", "2013-12-31": "86.00000", "2012-12-31": "-220.00000", "2011-12-31": "92.00000", "2010-12-31": "322.00000", "2009-12-31": "-73.00000", "2008-12-31": "-208.00000", "2007-12-31": "27.00000", "2006-12-31": "207.00000", "2005-12-31": "25.00000"}, "Change In Assets/Liabilities": {"2020-12-31": "", "2019-12-31": "-151.00000", "2018-12-31": "215.00000", "2017-12-31": "-201.00000", "2016-12-31": "-65.00000", "2015-12-31": "-31.00000", "2014-12-31": "81.00000", "2013-12-31": "-88.00000", "2012-12-31": "147.00000", "2011-12-31": "-19.00000", "2010-12-31": "-24.00000", "2009-12-31": "106.00000", "2008-12-31": "0.00000", "2007-12-31": "-4.00000", "2006-12-31": "134.00000", "2005-12-31": "-62.00000"}, "Total Change In Assets/Liabilities": {"2020-12-31": "", "2019-12-31": "64.00000", "2018-12-31": "-135.00000", "2017-12-31": "-191.00000", "2016-12-31": "-151.00000", "2015-12-31": "-191.00000", "2014-12-31": "-332.00000", "2013-12-31": "-324.00000", "2012-12-31": "63.00000", "2011-12-31": "-174.00000", "2010-12-31": "-34.00000", "2009-12-31": "749.00000", "2008-12-31": "38.00000", "2007-12-31": "-169.00000", "2006-12-31": "23.00000", "2005-12-31": "-142.00000"}, "Cash Flow From Operating Activities": {"2020-12-31": "", "2019-12-31": "3451.00000", "2018-12-31": "2658.00000", "2017-12-31": "2666.00000", "2016-12-31": "2570.00000", "2015-12-31": "2409.00000", "2014-12-31": "1878.00000", "2013-12-31": "2285.00000", "2012-12-31": "1664.00000", "2011-12-31": "1248.00000", "2010-12-31": "1282.00000", "2009-12-31": "1408.00000", "2008-12-31": "1441.00000", "2007-12-31": "1158.00000", "2006-12-31": "1431.00000", "2005-12-31": "1135.00000"}, "Net Change In Property, Plant, And Equipment": {"2020-12-31": "", "2019-12-31": "-587.00000", "2018-12-31": "-565.00000", "2017-12-31": "-520.00000", "2016-12-31": "-497.00000", "2015-12-31": "-506.00000", "2014-12-31": "-632.00000", "2013-12-31": "-614.00000", "2012-12-31": "-593.00000", "2011-12-31": "-568.00000", "2010-12-31": "-394.00000", "2009-12-31": "-195.00000", "2008-12-31": "-448.00000", "2007-12-31": "-354.00000", "2006-12-31": "-360.00000", "2005-12-31": "-363.00000"}, "Net Change In Intangible Assets": {"2020-12-31": "", "2019-12-31": "", "2018-12-31": "", "2017-12-31": "", "2016-12-31": "", "2015-12-31": "", "2014-12-31": "", "2013-12-31": "", "2012-12-31": "", "2011-12-31": "", "2010-12-31": "", "2009-12-31": "", "2008-12-31": "", "2007-12-31": "", "2006-12-31": "", "2005-12-31": ""}, "Net Acquisitions/Divestitures": {"2020-12-31": "", "2019-12-31": "-1216.00000", "2018-12-31": "", "2017-12-31": "607.00000", "2016-12-31": "", "2015-12-31": "-71.00000", "2014-12-31": "284.00000", "2013-12-31": "768.00000", "2012-12-31": "-6933.00000", "2011-12-31": "-310.00000", "2010-12-31": "-222.00000", "2009-12-31": "-10.00000", "2008-12-31": "-2807.00000", "2007-12-31": "-1314.00000", "2006-12-31": "-191.00000", "2005-12-31": "-911.00000"}, "Net Change In Short-term Investments": {"2020-12-31": "", "2019-12-31": "-70.00000", "2018-12-31": "355.00000", "2017-12-31": "-298.00000", "2016-12-31": "-40.00000", "2015-12-31": "37.00000", "2014-12-31": "522.00000", "2013-12-31": "-288.00000", "2012-12-31": "603.00000", "2011-12-31": "103.00000", "2010-12-31": "-392.00000", "2009-12-31": "-64.00000", "2008-12-31": "100.00000", "2007-12-31": "247.00000", "2006-12-31": "-418.00000", "2005-12-31": "-4.00000"}, "Net Change In Long-Term Investments": {"2020-12-31": "", "2019-12-31": "", "2018-12-31": "", "2017-12-31": "", "2016-12-31": "", "2015-12-31": "", "2014-12-31": "", "2013-12-31": "", "2012-12-31": "", "2011-12-31": "", "2010-12-31": "", "2009-12-31": "", "2008-12-31": "", "2007-12-31": "", "2006-12-31": "", "2005-12-31": ""}, "Net Change In Investments - Total": {"2020-12-31": "", "2019-12-31": "-70.00000", "2018-12-31": "355.00000", "2017-12-31": "-298.00000", "2016-12-31": "-40.00000", "2015-12-31": "37.00000", "2014-12-31": "522.00000", "2013-12-31": "-288.00000", "2012-12-31": "603.00000", "2011-12-31": "103.00000", "2010-12-31": "-392.00000", "2009-12-31": "-64.00000", "2008-12-31": "100.00000", "2007-12-31": "247.00000", "2006-12-31": "-418.00000", "2005-12-31": "-4.00000"}, "Investing Activities - Other": {"2020-12-31": "", "2019-12-31": "7.00000", "2018-12-31": "-188.00000", "2017-12-31": "-6.00000", "2016-12-31": "8.00000", "2015-12-31": "-35.00000", "2014-12-31": "-31.00000", "2013-12-31": "-68.00000", "2012-12-31": "-49.00000", "2011-12-31": "-25.00000", "2010-12-31": "-4.00000", "2009-12-31": "44.00000", "2008-12-31": "-35.00000", "2007-12-31": "-35.00000", "2006-12-31": "-42.00000", "2005-12-31": "10.00000"}, "Cash Flow From Investing Activities": {"2020-12-31": "", "2019-12-31": "-1866.00000", "2018-12-31": "-398.00000", "2017-12-31": "-217.00000", "2016-12-31": "-529.00000", "2015-12-31": "-575.00000", "2014-12-31": "143.00000", "2013-12-31": "-202.00000", "2012-12-31": "-6972.00000", "2011-12-31": "-800.00000", "2010-12-31": "-1012.00000", "2009-12-31": "-225.00000", "2008-12-31": "-3190.00000", "2007-12-31": "-1456.00000", "2006-12-31": "-1011.00000", "2005-12-31": "-1268.00000"}, "Net Long-Term Debt": {"2020-12-31": "", "2019-12-31": "725.00000", "2018-12-31": "-164.00000", "2017-12-31": "-554.00000", "2016-12-31": "-22.00000", "2015-12-31": "-602.00000", "2014-12-31": "-582.00000", "2013-12-31": "-1087.00000", "2012-12-31": "5832.00000", "2011-12-31": "303.00000", "2010-12-31": "-47.00000", "2009-12-31": "-329.00000", "2008-12-31": "672.00000", "2007-12-31": "673.00000", "2006-12-31": "89.00000", "2005-12-31": "330.00000"}, "Net Current Debt": {"2020-12-31": "", "2019-12-31": "", "2018-12-31": "", "2017-12-31": "", "2016-12-31": "", "2015-12-31": "", "2014-12-31": "", "2013-12-31": "", "2012-12-31": "", "2011-12-31": "", "2010-12-31": "", "2009-12-31": "-424.00000", "2008-12-31": "-5.00000", "2007-12-31": "62.00000", "2006-12-31": "-35.00000", "2005-12-31": "392.00000"}, "Debt Issuance/Retirement Net - Total": {"2020-12-31": "", "2019-12-31": "725.00000", "2018-12-31": "-164.00000", "2017-12-31": "-554.00000", "2016-12-31": "-22.00000", "2015-12-31": "-602.00000", "2014-12-31": "-582.00000", "2013-12-31": "-1087.00000", "2012-12-31": "5832.00000", "2011-12-31": "303.00000", "2010-12-31": "-47.00000", "2009-12-31": "-753.00000", "2008-12-31": "667.00000", "2007-12-31": "735.00000", "2006-12-31": "54.00000", "2005-12-31": "722.00000"}, "Net Common Equity Issued/Repurchased": {"2020-12-31": "", "2019-12-31": "-963.00000", "2018-12-31": "-1242.00000", "2017-12-31": "-784.00000", "2016-12-31": "-656.00000", "2015-12-31": "-630.00000", "2014-12-31": "-596.00000", "2013-12-31": "121.00000", "2012-12-31": "254.00000", "2011-12-31": "-272.00000", "2010-12-31": "", "2009-12-31": "27.00000", "2008-12-31": "1469.00000", "2007-12-31": "-199.00000", "2006-12-31": "-278.00000", "2005-12-31": "-382.00000"}, "Net Total Equity Issued/Repurchased": {"2020-12-31": "", "2019-12-31": "-963.00000", "2018-12-31": "-1242.00000", "2017-12-31": "-784.00000", "2016-12-31": "-656.00000", "2015-12-31": "-630.00000", "2014-12-31": "-596.00000", "2013-12-31": "121.00000", "2012-12-31": "254.00000", "2011-12-31": "-272.00000", "2010-12-31": "", "2009-12-31": "27.00000", "2008-12-31": "1469.00000", "2007-12-31": "-199.00000", "2006-12-31": "-278.00000", "2005-12-31": "-382.00000"}, "Total Common And Preferred Stock Dividends Paid": {"2020-12-31": "", "2019-12-31": "-1201.00000", "2018-12-31": "-1149.00000", "2017-12-31": "-1068.00000", "2016-12-31": "-1037.00000", "2015-12-31": "-1026.00000", "2014-12-31": "-929.00000", "2013-12-31": "-796.00000", "2012-12-31": "-512.00000", "2011-12-31": "-462.00000", "2010-12-31": "-363.00000", "2009-12-31": "-334.00000", "2008-12-31": "-320.00000", "2007-12-31": "-251.00000", "2006-12-31": "-220.00000", "2005-12-31": "-184.00000"}, "Financial Activities - Other": {"2020-12-31": "", "2019-12-31": "-55.00000", "2018-12-31": "-26.00000", "2017-12-31": "-36.00000", "2016-12-31": "-23.00000", "2015-12-31": "-47.00000", "2014-12-31": "-23.00000", "2013-12-31": "26.00000", "2012-12-31": "-94.00000", "2011-12-31": "50.00000", "2010-12-31": "149.00000", "2009-12-31": "-1.00000", "2008-12-31": "-1.00000", "2007-12-31": "35.00000", "2006-12-31": "28.00000", "2005-12-31": "2.00000"}, "Cash Flow From Financial Activities": {"2020-12-31": "", "2019-12-31": "-1494.00000", "2018-12-31": "-2581.00000", "2017-12-31": "-2442.00000", "2016-12-31": "-1738.00000", "2015-12-31": "-2305.00000", "2014-12-31": "-2130.00000", "2013-12-31": "-1736.00000", "2012-12-31": "5480.00000", "2011-12-31": "-381.00000", "2010-12-31": "-261.00000", "2009-12-31": "-1061.00000", "2008-12-31": "1815.00000", "2007-12-31": "320.00000", "2006-12-31": "-416.00000", "2005-12-31": "158.00000"}, "Net Cash Flow": {"2020-12-31": "", "2019-12-31": "87.00000", "2018-12-31": "-278.00000", "2017-12-31": "18.00000", "2016-12-31": "275.00000", "2015-12-31": "-513.00000", "2014-12-31": "-134.00000", "2013-12-31": "338.00000", "2012-12-31": "192.00000", "2011-12-31": "52.00000", "2010-12-31": "-7.00000", "2009-12-31": "152.00000", "2008-12-31": "46.00000", "2007-12-31": "28.00000", "2006-12-31": "4.00000", "2005-12-31": "25.00000"}, "Stock-Based Compensation": {"2020-12-31": "", "2019-12-31": "", "2018-12-31": "", "2017-12-31": "", "2016-12-31": "", "2015-12-31": "", "2014-12-31": "", "2013-12-31": "", "2012-12-31": "", "2011-12-31": "", "2010-12-31": "", "2009-12-31": "", "2008-12-31": "", "2007-12-31": "", "2006-12-31": "", "2005-12-31": ""}, "Common Stock Dividends Paid": {"2020-12-31": "", "2019-12-31": "-1201.00000", "2018-12-31": "-1149.00000", "2017-12-31": "-1068.00000", "2016-12-31": "-1037.00000", "2015-12-31": "-1026.00000", "2014-12-31": "-929.00000", "2013-12-31": "-796.00000", "2012-12-31": "-512.00000", "2011-12-31": "-462.00000", "2010-12-31": "-363.00000", "2009-12-31": "-334.00000", "2008-12-31": "-320.00000", "2007-12-31": "-251.00000", "2006-12-31": "-220.00000", "2005-12-31": "-184.00000"}}, "cash flow statement, quarterly": {"Net Income/Loss": {"2020-12-31": -939, "2020-09-30": 447, "2020-06-30": 54, "2020-03-31": "438.00000", "2019-12-31": 453, "2019-09-30": 602, "2019-06-30": 636, "2019-03-31": "522.00000", "2018-12-31": 632, "2018-09-30": 416, "2018-06-30": 611, "2018-03-31": "487.00000", "2017-12-31": 634, "2017-09-30": 1401, "2017-06-30": 517, "2017-03-31": "434.00000", "2016-12-31": 502, "2016-09-30": 522, "2016-06-30": 492, "2016-03-31": "403.00000", "2015-12-31": 527, "2015-09-30": 445, "2015-06-30": 535, "2015-03-31": "467.00000", "2014-12-31": 585, "2014-09-30": 605, "2014-06-30": 172, "2014-03-31": "441.00000", "2013-12-31": 482, "2013-09-30": 514, "2013-06-30": 497, "2013-03-31": "380.00000", "2012-12-31": 180, "2012-09-30": 347, "2012-06-30": 382, "2012-03-31": "311.00000", "2011-12-31": 361, "2011-09-30": 367, "2011-06-30": 338, "2011-03-31": "286.00000", "2010-12-31": 283, "2010-09-30": 269, "2010-06-30": 229, "2010-03-31": "156.00000", "2009-12-31": 212, "2009-09-30": 194, "2009-06-30": 31, "2009-03-31": "-52.00000", "2008-12-31": 165, "2008-09-30": 318, "2008-06-30": 340, "2008-03-31": "247.00000", "2007-12-31": 270, "2007-09-30": 258, "2007-06-30": 246, "2007-03-31": "234.00000", "2006-12-31": 241, "2006-09-30": 248, "2006-06-30": 253, "2006-03-31": "208.00000", "2005-12-31": 210, "2005-09-30": 199, "2005-06-30": 209, "2005-03-31": "187.00000"}, "Total Depreciation And Amortization - Cash Flow": {"2020-12-31": -603, "2020-09-30": 206, "2020-06-30": 198, "2020-03-31": "199.00000", "2019-12-31": 216, "2019-09-30": 226, "2019-06-30": 221, "2019-03-31": "221.00000", "2018-12-31": 223, "2018-09-30": 223, "2018-06-30": 227, "2018-03-31": "230.00000", "2017-12-31": 229, "2017-09-30": 232, "2017-06-30": 228, "2017-03-31": "225.00000", "2016-12-31": 229, "2016-09-30": 233, "2016-06-30": 234, "2016-03-31": "233.00000", "2015-12-31": 233, "2015-09-30": 232, "2015-06-30": 234, "2015-03-31": "226.00000", "2014-12-31": 240, "2014-09-30": 244, "2014-06-30": 250, "2014-03-31": "249.00000", "2013-12-31": 257, "2013-09-30": 250, "2013-06-30": 245, "2013-03-31": "245.00000", "2012-12-31": 179, "2012-09-30": 141, "2012-06-30": 138, "2012-03-31": "140.00000", "2011-12-31": 137, "2011-09-30": 139, "2011-06-30": 141, "2011-03-31": "139.00000", "2010-12-31": 138, "2010-09-30": 136, "2010-06-30": 136, "2010-03-31": "141.00000", "2009-12-31": 144, "2009-09-30": 148, "2009-06-30": 142, "2009-03-31": "139.00000", "2008-12-31": 136, "2008-09-30": 155, "2008-06-30": 154, "2008-03-31": "126.00000", "2007-12-31": 95, "2007-09-30": 117, "2007-06-30": 118, "2007-03-31": "109.00000", "2006-12-31": 112, "2006-09-30": 108, "2006-06-30": 108, "2006-03-31": "106.00000", "2005-12-31": 109, "2005-09-30": 101, "2005-06-30": 99, "2005-03-31": "100.00000"}, "Other Non-Cash Items": {"2020-12-31": -45, "2020-09-30": 4, "2020-06-30": 98, "2020-03-31": "-57.00000", "2019-12-31": 104, "2019-09-30": -43, "2019-06-30": 48, "2019-03-31": "28.00000", "2018-12-31": 133, "2018-09-30": -75, "2018-06-30": -65, "2018-03-31": "26.00000", "2017-12-31": 13, "2017-09-30": -862, "2017-06-30": -20, "2017-03-31": "8.00000", "2016-12-31": 76, "2016-09-30": 22, "2016-06-30": -11, "2016-03-31": "35.00000", "2015-12-31": 68, "2015-09-30": 6, "2015-06-30": 32, "2015-03-31": "81.00000", "2014-12-31": -65, "2014-09-30": 37, "2014-06-30": -232, "2014-03-31": "43.00000", "2013-12-31": -283, "2013-09-30": 107, "2013-06-30": -19, "2013-03-31": "175.00000", "2012-12-31": -54, "2012-09-30": 70, "2012-06-30": 362, "2012-03-31": "-261.00000", "2011-12-31": -118, "2011-09-30": 152, "2011-06-30": -116, "2011-03-31": "-16.00000", "2010-12-31": 184, "2010-09-30": -22, "2010-06-30": -39, "2010-03-31": "", "2009-12-31": -71, "2009-09-30": -115, "2009-06-30": 174, "2009-03-31": "", "2008-12-31": 113, "2008-09-30": -123, "2008-06-30": 0, "2008-03-31": "", "2007-12-31": -101, "2007-09-30": 3, "2007-06-30": 59, "2007-03-31": "47.00000", "2006-12-31": -27, "2006-09-30": 21, "2006-06-30": 55, "2006-03-31": "45.00000", "2005-12-31": 41, "2005-09-30": 32, "2005-06-30": 51, "2005-03-31": ""}, "Total Non-Cash Items": {"2020-12-31": -648, "2020-09-30": 210, "2020-06-30": 296, "2020-03-31": "142.00000", "2019-12-31": 320, "2019-09-30": 183, "2019-06-30": 269, "2019-03-31": "249.00000", "2018-12-31": 356, "2018-09-30": 148, "2018-06-30": 162, "2018-03-31": "256.00000", "2017-12-31": 242, "2017-09-30": -630, "2017-06-30": 208, "2017-03-31": "233.00000", "2016-12-31": 305, "2016-09-30": 255, "2016-06-30": 223, "2016-03-31": "268.00000", "2015-12-31": 301, "2015-09-30": 238, "2015-06-30": 266, "2015-03-31": "307.00000", "2014-12-31": 175, "2014-09-30": 281, "2014-06-30": 18, "2014-03-31": "292.00000", "2013-12-31": -26, "2013-09-30": 357, "2013-06-30": 226, "2013-03-31": "420.00000", "2012-12-31": 125, "2012-09-30": 211, "2012-06-30": 500, "2012-03-31": "-121.00000", "2011-12-31": 19, "2011-09-30": 291, "2011-06-30": 25, "2011-03-31": "123.00000", "2010-12-31": 322, "2010-09-30": 114, "2010-06-30": 97, "2010-03-31": "141.00000", "2009-12-31": 73, "2009-09-30": 33, "2009-06-30": 316, "2009-03-31": "139.00000", "2008-12-31": 249, "2008-09-30": 32, "2008-06-30": 154, "2008-03-31": "126.00000", "2007-12-31": -6, "2007-09-30": 120, "2007-06-30": 177, "2007-03-31": "156.00000", "2006-12-31": 85, "2006-09-30": 129, "2006-06-30": 163, "2006-03-31": "151.00000", "2005-12-31": 150, "2005-09-30": 133, "2005-06-30": 150, "2005-03-31": "100.00000"}, "Change In Accounts Receivable": {"2020-12-31": 0, "2020-09-30": 0, "2020-06-30": 0, "2020-03-31": "", "2019-12-31": 200, "2019-09-30": 0, "2019-06-30": 0, "2019-03-31": "", "2018-12-31": -123, "2018-09-30": 0, "2018-06-30": 0, "2018-03-31": "", "2017-12-31": -231, "2017-09-30": 0, "2017-06-30": 0, "2017-03-31": "", "2016-12-31": -170, "2016-09-30": 0, "2016-06-30": 0, "2016-03-31": "", "2015-12-31": 5, "2015-09-30": 0, "2015-06-30": 0, "2015-03-31": "", "2014-12-31": -205, "2014-09-30": 0, "2014-06-30": 0, "2014-03-31": "", "2013-12-31": -231, "2013-09-30": 0, "2013-06-30": 0, "2013-03-31": "", "2012-12-31": 108, "2012-09-30": 0, "2012-06-30": 0, "2012-03-31": "", "2011-12-31": -219, "2011-09-30": 0, "2011-06-30": 0, "2011-03-31": "", "2010-12-31": -305, "2010-09-30": 0, "2010-06-30": 0, "2010-03-31": "", "2009-12-31": 440, "2009-09-30": 0, "2009-06-30": 0, "2009-03-31": "", "2008-12-31": 128, "2008-09-30": 0, "2008-06-30": 0, "2008-03-31": "", "2007-12-31": -72, "2007-09-30": 0, "2007-06-30": 0, "2007-03-31": "", "2006-12-31": -40, "2006-09-30": 0, "2006-06-30": 0, "2006-03-31": "", "2005-12-31": -104, "2005-09-30": 0, "2005-06-30": 0, "2005-03-31": ""}, "Change In Inventories": {"2020-12-31": 0, "2020-09-30": 0, "2020-06-30": 0, "2020-03-31": "", "2019-12-31": -60, "2019-09-30": 0, "2019-06-30": 0, "2019-03-31": "", "2018-12-31": -242, "2018-09-30": 0, "2018-06-30": 0, "2018-03-31": "", "2017-12-31": -202, "2017-09-30": 0, "2017-06-30": 0, "2017-03-31": "", "2016-12-31": 34, "2016-09-30": 0, "2016-06-30": 0, "2016-03-31": "", "2015-12-31": -8, "2015-09-30": 0, "2015-06-30": 0, "2015-03-31": "", "2014-12-31": -152, "2014-09-30": 0, "2014-06-30": 0, "2014-03-31": "", "2013-12-31": -92, "2013-09-30": 0, "2013-06-30": 0, "2013-03-31": "", "2012-12-31": 166, "2012-09-30": 0, "2012-06-30": 0, "2012-03-31": "", "2011-12-31": -113, "2011-09-30": 0, "2011-06-30": 0, "2011-03-31": "", "2010-12-31": -219, "2010-09-30": 0, "2010-06-30": 0, "2010-03-31": "", "2009-12-31": 292, "2009-09-30": 0, "2009-06-30": 0, "2009-03-31": "", "2008-12-31": 118, "2008-09-30": 0, "2008-06-30": 0, "2008-03-31": "", "2007-12-31": -79, "2007-09-30": 0, "2007-06-30": 0, "2007-03-31": "", "2006-12-31": -129, "2006-09-30": 0, "2006-06-30": 0, "2006-03-31": "", "2005-12-31": -28, "2005-09-30": 0, "2005-06-30": 0, "2005-03-31": ""}, "Change In Accounts Payable": {"2020-12-31": 0, "2020-09-30": 0, "2020-06-30": 0, "2020-03-31": "", "2019-12-31": 147, "2019-09-30": 0, "2019-06-30": 0, "2019-03-31": "", "2018-12-31": 23, "2018-09-30": 0, "2018-06-30": 0, "2018-03-31": "", "2017-12-31": 388, "2017-09-30": 0, "2017-06-30": 0, "2017-03-31": "", "2016-12-31": 0, "2016-09-30": 0, "2016-06-30": 0, "2016-03-31": "", "2015-12-31": -120, "2015-09-30": 0, "2015-06-30": 0, "2015-03-31": "", "2014-12-31": 49, "2014-09-30": 0, "2014-06-30": 0, "2014-03-31": "", "2013-12-31": 86, "2013-09-30": 0, "2013-06-30": 0, "2013-03-31": "", "2012-12-31": -220, "2012-09-30": 0, "2012-06-30": 0, "2012-03-31": "", "2011-12-31": 92, "2011-09-30": 0, "2011-06-30": 0, "2011-03-31": "", "2010-12-31": 322, "2010-09-30": 0, "2010-06-30": 0, "2010-03-31": "", "2009-12-31": -73, "2009-09-30": 0, "2009-06-30": 0, "2009-03-31": "", "2008-12-31": -208, "2008-09-30": 0, "2008-06-30": 0, "2008-03-31": "", "2007-12-31": 27, "2007-09-30": 0, "2007-06-30": 0, "2007-03-31": "", "2006-12-31": 207, "2006-09-30": 0, "2006-06-30": 0, "2006-03-31": "", "2005-12-31": 25, "2005-09-30": 0, "2005-06-30": 0, "2005-03-31": ""}, "Change In Assets/Liabilities": {"2020-12-31": -357, "2020-09-30": 262, "2020-06-30": 341, "2020-03-31": "-246.00000", "2019-12-31": -227, "2019-09-30": 287, "2019-06-30": -13, "2019-03-31": "-198.00000", "2018-12-31": 153, "2018-09-30": 544, "2018-06-30": -23, "2018-03-31": "-459.00000", "2017-12-31": -49, "2017-09-30": 229, "2017-06-30": -215, "2017-03-31": "-166.00000", "2016-12-31": 141, "2016-09-30": 50, "2016-06-30": 40, "2016-03-31": "-296.00000", "2015-12-31": 153, "2015-09-30": 322, "2015-06-30": -134, "2015-03-31": "-372.00000", "2014-12-31": 472, "2014-09-30": -507, "2014-06-30": 486, "2014-03-31": "-370.00000", "2013-12-31": 725, "2013-09-30": -166, "2013-06-30": -101, "2013-03-31": "-546.00000", "2012-12-31": 465, "2012-09-30": 126, "2012-06-30": -56, "2012-03-31": "-388.00000", "2011-12-31": 271, "2011-09-30": 182, "2011-06-30": -54, "2011-03-31": "-418.00000", "2010-12-31": 46, "2010-09-30": 51, "2010-06-30": 51, "2010-03-31": "-172.00000", "2009-12-31": -447, "2009-09-30": 302, "2009-06-30": 211, "2009-03-31": "40.00000", "2008-12-31": 364, "2008-09-30": -8, "2008-06-30": -73, "2008-03-31": "-283.00000", "2007-12-31": 181, "2007-09-30": 204, "2007-06-30": -30, "2007-03-31": "-359.00000", "2006-12-31": 124, "2006-09-30": 118, "2006-06-30": 29, "2006-03-31": "-137.00000", "2005-12-31": 120, "2005-09-30": 48, "2005-06-30": -3, "2005-03-31": "-227.00000"}, "Total Change In Assets/Liabilities": {"2020-12-31": -357, "2020-09-30": 262, "2020-06-30": 341, "2020-03-31": "-246.00000", "2019-12-31": -12, "2019-09-30": 287, "2019-06-30": -13, "2019-03-31": "-198.00000", "2018-12-31": -197, "2018-09-30": 544, "2018-06-30": -23, "2018-03-31": "-459.00000", "2017-12-31": -39, "2017-09-30": 229, "2017-06-30": -215, "2017-03-31": "-166.00000", "2016-12-31": 55, "2016-09-30": 50, "2016-06-30": 40, "2016-03-31": "-296.00000", "2015-12-31": -7, "2015-09-30": 322, "2015-06-30": -134, "2015-03-31": "-372.00000", "2014-12-31": 59, "2014-09-30": -507, "2014-06-30": 486, "2014-03-31": "-370.00000", "2013-12-31": 489, "2013-09-30": -166, "2013-06-30": -101, "2013-03-31": "-546.00000", "2012-12-31": 381, "2012-09-30": 126, "2012-06-30": -56, "2012-03-31": "-388.00000", "2011-12-31": 116, "2011-09-30": 182, "2011-06-30": -54, "2011-03-31": "-418.00000", "2010-12-31": 36, "2010-09-30": 51, "2010-06-30": 51, "2010-03-31": "-172.00000", "2009-12-31": 196, "2009-09-30": 302, "2009-06-30": 211, "2009-03-31": "40.00000", "2008-12-31": 402, "2008-09-30": -8, "2008-06-30": -73, "2008-03-31": "-283.00000", "2007-12-31": 16, "2007-09-30": 204, "2007-06-30": -30, "2007-03-31": "-359.00000", "2006-12-31": 13, "2006-09-30": 118, "2006-06-30": 29, "2006-03-31": "-137.00000", "2005-12-31": 40, "2005-09-30": 48, "2005-06-30": -3, "2005-03-31": "-227.00000"}, "Cash Flow From Operating Activities": {"2020-12-31": -2001, "2020-09-30": 921, "2020-06-30": 757, "2020-03-31": "323.00000", "2019-12-31": 937, "2019-09-30": 1083, "2019-06-30": 880, "2019-03-31": "551.00000", "2018-12-31": 820, "2018-09-30": 1000, "2018-06-30": 499, "2018-03-31": "339.00000", "2017-12-31": 879, "2017-09-30": 750, "2017-06-30": 574, "2017-03-31": "463.00000", "2016-12-31": 638, "2016-09-30": 799, "2016-06-30": 745, "2016-03-31": "388.00000", "2015-12-31": 780, "2015-09-30": 973, "2015-06-30": 579, "2015-03-31": "77.00000", "2014-12-31": 944, "2014-09-30": 289, "2014-06-30": 633, "2014-03-31": "12.00000", "2013-12-31": 872, "2013-09-30": 704, "2013-06-30": 609, "2013-03-31": "100.00000", "2012-12-31": 687, "2012-09-30": 606, "2012-06-30": 469, "2012-03-31": "-98.00000", "2011-12-31": 559, "2011-09-30": 642, "2011-06-30": 351, "2011-03-31": "-304.00000", "2010-12-31": 555, "2010-09-30": 420, "2010-06-30": 469, "2010-03-31": "-162.00000", "2009-12-31": 505, "2009-09-30": 460, "2009-06-30": 348, "2009-03-31": "95.00000", "2008-12-31": 644, "2008-09-30": 435, "2008-06-30": 379, "2008-03-31": "-17.00000", "2007-12-31": 425, "2007-09-30": 495, "2007-06-30": 352, "2007-03-31": "-114.00000", "2006-12-31": 415, "2006-09-30": 448, "2006-06-30": 441, "2006-03-31": "127.00000", "2005-12-31": 424, "2005-09-30": 296, "2005-06-30": 322, "2005-03-31": "93.00000"}, "Net Change In Property, Plant, And Equipment": {"2020-12-31": 291, "2020-09-30": -89, "2020-06-30": -90, "2020-03-31": "-112.00000", "2019-12-31": -146, "2019-09-30": -143, "2019-06-30": -149, "2019-03-31": "-149.00000", "2018-12-31": -154, "2018-09-30": -131, "2018-06-30": -149, "2018-03-31": "-131.00000", "2017-12-31": -169, "2017-09-30": -105, "2017-06-30": -130, "2017-03-31": "-116.00000", "2016-12-31": -151, "2016-09-30": -100, "2016-06-30": -135, "2016-03-31": "-111.00000", "2015-12-31": -138, "2015-09-30": -122, "2015-06-30": -141, "2015-03-31": "-105.00000", "2014-12-31": -254, "2014-09-30": -142, "2014-06-30": -126, "2014-03-31": "-110.00000", "2013-12-31": -242, "2013-09-30": -121, "2013-06-30": -129, "2013-03-31": "-122.00000", "2012-12-31": -236, "2012-09-30": -126, "2012-06-30": -126, "2012-03-31": "-105.00000", "2011-12-31": -184, "2011-09-30": -163, "2011-06-30": -133, "2011-03-31": "-88.00000", "2010-12-31": -187, "2010-09-30": -106, "2010-06-30": -63, "2010-03-31": "-38.00000", "2009-12-31": -59, "2009-09-30": -40, "2009-06-30": -48, "2009-03-31": "-48.00000", "2008-12-31": -110, "2008-09-30": -121, "2008-06-30": -134, "2008-03-31": "-83.00000", "2007-12-31": -126, "2007-09-30": -85, "2007-06-30": -76, "2007-03-31": "-67.00000", "2006-12-31": -137, "2006-09-30": -84, "2006-06-30": -77, "2006-03-31": "-62.00000", "2005-12-31": -131, "2005-09-30": -88, "2005-06-30": -78, "2005-03-31": "-66.00000"}, "Net Change In Intangible Assets": {"2020-12-31": 0, "2020-09-30": 0, "2020-06-30": 0, "2020-03-31": "", "2019-12-31": 0, "2019-09-30": 0, "2019-06-30": 0, "2019-03-31": "", "2018-12-31": 0, "2018-09-30": 0, "2018-06-30": 0, "2018-03-31": "", "2017-12-31": 0, "2017-09-30": 0, "2017-06-30": 0, "2017-03-31": "", "2016-12-31": 0, "2016-09-30": 0, "2016-06-30": 0, "2016-03-31": "", "2015-12-31": 0, "2015-09-30": 0, "2015-06-30": 0, "2015-03-31": "", "2014-12-31": 0, "2014-09-30": 0, "2014-06-30": 0, "2014-03-31": "", "2013-12-31": 0, "2013-09-30": 0, "2013-06-30": 0, "2013-03-31": "", "2012-12-31": 0, "2012-09-30": 0, "2012-06-30": 0, "2012-03-31": "", "2011-12-31": 0, "2011-09-30": 0, "2011-06-30": 0, "2011-03-31": "", "2010-12-31": 0, "2010-09-30": 0, "2010-06-30": 0, "2010-03-31": "", "2009-12-31": 0, "2009-09-30": 0, "2009-06-30": 0, "2009-03-31": "", "2008-12-31": 0, "2008-09-30": 0, "2008-06-30": 0, "2008-03-31": "", "2007-12-31": 0, "2007-09-30": 0, "2007-06-30": 0, "2007-03-31": "", "2006-12-31": 0, "2006-09-30": 0, "2006-06-30": 0, "2006-03-31": "", "2005-12-31": 0, "2005-09-30": 0, "2005-06-30": 0, "2005-03-31": ""}, "Net Acquisitions/Divestitures": {"2020-12-31": -1208, "2020-09-30": -5, "2020-06-30": 6, "2020-03-31": "1207.00000", "2019-12-31": -939, "2019-09-30": -34, "2019-06-30": -243, "2019-03-31": "", "2018-12-31": 0, "2018-09-30": 0, "2018-06-30": 0, "2018-03-31": "", "2017-12-31": 7, "2017-09-30": 600, "2017-06-30": 0, "2017-03-31": "", "2016-12-31": -1, "2016-09-30": 0, "2016-06-30": 0, "2016-03-31": "1.00000", "2015-12-31": -34, "2015-09-30": 0, "2015-06-30": 1, "2015-03-31": "-38.00000", "2014-12-31": 2, "2014-09-30": 9, "2014-06-30": 270, "2014-03-31": "3.00000", "2013-12-31": 7, "2013-09-30": 0, "2013-06-30": 0, "2013-03-31": "761.00000", "2012-12-31": -6382, "2012-09-30": -189, "2012-06-30": -362, "2012-03-31": "", "2011-12-31": -12, "2011-09-30": -86, "2011-06-30": -212, "2011-03-31": "", "2010-12-31": -50, "2010-09-30": -172, "2010-06-30": 0, "2010-03-31": "", "2009-12-31": 92, "2009-09-30": -35, "2009-06-30": -67, "2009-03-31": "", "2008-12-31": -100, "2008-09-30": -13, "2008-06-30": -2060, "2008-03-31": "-634.00000", "2007-12-31": -639, "2007-09-30": 119, "2007-06-30": -61, "2007-03-31": "-733.00000", "2006-12-31": -8, "2006-09-30": -39, "2006-06-30": -1, "2006-03-31": "-143.00000", "2005-12-31": -592, "2005-09-30": -239, "2005-06-30": -11, "2005-03-31": "-69.00000"}, "Net Change In Short-term Investments": {"2020-12-31": 121, "2020-09-30": -125, "2020-06-30": -26, "2020-03-31": "30.00000", "2019-12-31": 62, "2019-09-30": 89, "2019-06-30": -237, "2019-03-31": "16.00000", "2018-12-31": 26, "2018-09-30": 45, "2018-06-30": 253, "2018-03-31": "31.00000", "2017-12-31": 323, "2017-09-30": -312, "2017-06-30": -216, "2017-03-31": "-93.00000", "2016-12-31": -11, "2016-09-30": -67, "2016-06-30": 91, "2016-03-31": "-53.00000", "2015-12-31": -39, "2015-09-30": -33, "2015-06-30": 10, "2015-03-31": "99.00000", "2014-12-31": 77, "2014-09-30": 283, "2014-06-30": -269, "2014-03-31": "431.00000", "2013-12-31": -103, "2013-09-30": -333, "2013-06-30": 16, "2013-03-31": "132.00000", "2012-12-31": 514, "2012-09-30": 54, "2012-06-30": -227, "2012-03-31": "262.00000", "2011-12-31": -169, "2011-09-30": 21, "2011-06-30": -97, "2011-03-31": "348.00000", "2010-12-31": -345, "2010-09-30": 74, "2010-06-30": -217, "2010-03-31": "96.00000", "2009-12-31": -64, "2009-09-30": 0, "2009-06-30": -53, "2009-03-31": "53.00000", "2008-12-31": -81, "2008-09-30": 153, "2008-06-30": -109, "2008-03-31": "137.00000", "2007-12-31": 85, "2007-09-30": -160, "2007-06-30": -61, "2007-03-31": "383.00000", "2006-12-31": -85, "2006-09-30": -212, "2006-06-30": -13, "2006-03-31": "-108.00000", "2005-12-31": 16, "2005-09-30": 86, "2005-06-30": -65, "2005-03-31": "-41.00000"}, "Net Change In Long-Term Investments": {"2020-12-31": 0, "2020-09-30": 0, "2020-06-30": 0, "2020-03-31": "", "2019-12-31": 0, "2019-09-30": 0, "2019-06-30": 0, "2019-03-31": "", "2018-12-31": 0, "2018-09-30": 0, "2018-06-30": 0, "2018-03-31": "", "2017-12-31": 0, "2017-09-30": 0, "2017-06-30": 0, "2017-03-31": "", "2016-12-31": 0, "2016-09-30": 0, "2016-06-30": 0, "2016-03-31": "", "2015-12-31": 0, "2015-09-30": 0, "2015-06-30": 0, "2015-03-31": "", "2014-12-31": 0, "2014-09-30": 0, "2014-06-30": 0, "2014-03-31": "", "2013-12-31": 0, "2013-09-30": 0, "2013-06-30": 0, "2013-03-31": "", "2012-12-31": 0, "2012-09-30": 0, "2012-06-30": 0, "2012-03-31": "", "2011-12-31": 0, "2011-09-30": 0, "2011-06-30": 0, "2011-03-31": "", "2010-12-31": 0, "2010-09-30": 0, "2010-06-30": 0, "2010-03-31": "", "2009-12-31": 0, "2009-09-30": 0, "2009-06-30": 0, "2009-03-31": "", "2008-12-31": 0, "2008-09-30": 0, "2008-06-30": 0, "2008-03-31": "", "2007-12-31": 0, "2007-09-30": 0, "2007-06-30": 0, "2007-03-31": "", "2006-12-31": 0, "2006-09-30": 0, "2006-06-30": 0, "2006-03-31": "", "2005-12-31": 0, "2005-09-30": 0, "2005-06-30": 0, "2005-03-31": ""}, "Net Change In Investments - Total": {"2020-12-31": 121, "2020-09-30": -125, "2020-06-30": -26, "2020-03-31": "30.00000", "2019-12-31": 62, "2019-09-30": 89, "2019-06-30": -237, "2019-03-31": "16.00000", "2018-12-31": 26, "2018-09-30": 45, "2018-06-30": 253, "2018-03-31": "31.00000", "2017-12-31": 323, "2017-09-30": -312, "2017-06-30": -216, "2017-03-31": "-93.00000", "2016-12-31": -11, "2016-09-30": -67, "2016-06-30": 91, "2016-03-31": "-53.00000", "2015-12-31": -39, "2015-09-30": -33, "2015-06-30": 10, "2015-03-31": "99.00000", "2014-12-31": 77, "2014-09-30": 283, "2014-06-30": -269, "2014-03-31": "431.00000", "2013-12-31": -103, "2013-09-30": -333, "2013-06-30": 16, "2013-03-31": "132.00000", "2012-12-31": 514, "2012-09-30": 54, "2012-06-30": -227, "2012-03-31": "262.00000", "2011-12-31": -169, "2011-09-30": 21, "2011-06-30": -97, "2011-03-31": "348.00000", "2010-12-31": -345, "2010-09-30": 74, "2010-06-30": -217, "2010-03-31": "96.00000", "2009-12-31": -64, "2009-09-30": 0, "2009-06-30": -53, "2009-03-31": "53.00000", "2008-12-31": -81, "2008-09-30": 153, "2008-06-30": -109, "2008-03-31": "137.00000", "2007-12-31": 85, "2007-09-30": -160, "2007-06-30": -61, "2007-03-31": "383.00000", "2006-12-31": -85, "2006-09-30": -212, "2006-06-30": -13, "2006-03-31": "-108.00000", "2005-12-31": 16, "2005-09-30": 86, "2005-06-30": -65, "2005-03-31": "-41.00000"}, "Investing Activities - Other": {"2020-12-31": 87, "2020-09-30": 28, "2020-06-30": -90, "2020-03-31": "-25.00000", "2019-12-31": -11, "2019-09-30": -34, "2019-06-30": -13, "2019-03-31": "65.00000", "2018-12-31": -14, "2018-09-30": -133, "2018-06-30": -4, "2018-03-31": "-37.00000", "2017-12-31": 57, "2017-09-30": -32, "2017-06-30": -11, "2017-03-31": "-20.00000", "2016-12-31": 5, "2016-09-30": 0, "2016-06-30": -1, "2016-03-31": "4.00000", "2015-12-31": 9, "2015-09-30": -11, "2015-06-30": -24, "2015-03-31": "-9.00000", "2014-12-31": 25, "2014-09-30": -5, "2014-06-30": -31, "2014-03-31": "-20.00000", "2013-12-31": -7, "2013-09-30": -9, "2013-06-30": -54, "2013-03-31": "2.00000", "2012-12-31": -11, "2012-09-30": -14, "2012-06-30": -8, "2012-03-31": "-16.00000", "2011-12-31": -26, "2011-09-30": -6, "2011-06-30": 1, "2011-03-31": "6.00000", "2010-12-31": 2, "2010-09-30": -12, "2010-06-30": -2, "2010-03-31": "8.00000", "2009-12-31": 40, "2009-09-30": 6, "2009-06-30": 15, "2009-03-31": "-17.00000", "2008-12-31": 5, "2008-09-30": -36, "2008-06-30": 24, "2008-03-31": "-28.00000", "2007-12-31": -5, "2007-09-30": -24, "2007-06-30": 23, "2007-03-31": "-29.00000", "2006-12-31": 9, "2006-09-30": -9, "2006-06-30": -16, "2006-03-31": "-26.00000", "2005-12-31": 2, "2005-09-30": 3, "2005-06-30": 7, "2005-03-31": "-2.00000"}, "Cash Flow From Investing Activities": {"2020-12-31": -709, "2020-09-30": -191, "2020-06-30": -200, "2020-03-31": "1100.00000", "2019-12-31": -1034, "2019-09-30": -122, "2019-06-30": -642, "2019-03-31": "-68.00000", "2018-12-31": -142, "2018-09-30": -219, "2018-06-30": 100, "2018-03-31": "-137.00000", "2017-12-31": 218, "2017-09-30": 151, "2017-06-30": -357, "2017-03-31": "-229.00000", "2016-12-31": -158, "2016-09-30": -167, "2016-06-30": -45, "2016-03-31": "-159.00000", "2015-12-31": -202, "2015-09-30": -166, "2015-06-30": -154, "2015-03-31": "-53.00000", "2014-12-31": -150, "2014-09-30": 145, "2014-06-30": -156, "2014-03-31": "304.00000", "2013-12-31": -345, "2013-09-30": -463, "2013-06-30": -167, "2013-03-31": "773.00000", "2012-12-31": -6115, "2012-09-30": -275, "2012-06-30": -723, "2012-03-31": "141.00000", "2011-12-31": -391, "2011-09-30": -234, "2011-06-30": -441, "2011-03-31": "266.00000", "2010-12-31": -580, "2010-09-30": -216, "2010-06-30": -282, "2010-03-31": "66.00000", "2009-12-31": 9, "2009-09-30": -69, "2009-06-30": -153, "2009-03-31": "-12.00000", "2008-12-31": -286, "2008-09-30": -17, "2008-06-30": -2279, "2008-03-31": "-608.00000", "2007-12-31": -685, "2007-09-30": -150, "2007-06-30": -175, "2007-03-31": "-446.00000", "2006-12-31": -221, "2006-09-30": -344, "2006-06-30": -107, "2006-03-31": "-339.00000", "2005-12-31": -705, "2005-09-30": -238, "2005-06-30": -147, "2005-03-31": "-178.00000"}, "Net Long-Term Debt": {"2020-12-31": 260, "2020-09-30": -139, "2020-06-30": -200, "2020-03-31": "79.00000", "2019-12-31": 250, "2019-09-30": 0, "2019-06-30": 448, "2019-03-31": "27.00000", "2018-12-31": 242, "2018-09-30": -420, "2018-06-30": -132, "2018-03-31": "146.00000", "2017-12-31": -1001, "2017-09-30": 158, "2017-06-30": 349, "2017-03-31": "-60.00000", "2016-12-31": 11, "2016-09-30": 56, "2016-06-30": -266, "2016-03-31": "177.00000", "2015-12-31": -198, "2015-09-30": -137, "2015-06-30": -530, "2015-03-31": "263.00000", "2014-12-31": -2, "2014-09-30": -4, "2014-06-30": -319, "2014-03-31": "-257.00000", "2013-12-31": -81, "2013-09-30": -57, "2013-06-30": -262, "2013-03-31": "-687.00000", "2012-12-31": 5553, "2012-09-30": -303, "2012-06-30": 583, "2012-03-31": "-1.00000", "2011-12-31": -35, "2011-09-30": 48, "2011-06-30": 302, "2011-03-31": "-12.00000", "2010-12-31": -43, "2010-09-30": -32, "2010-06-30": 4, "2010-03-31": "24.00000", "2009-12-31": -289, "2009-09-30": -282, "2009-06-30": -13, "2009-03-31": "255.00000", "2008-12-31": 117, "2008-09-30": 174, "2008-06-30": 368, "2008-03-31": "13.00000", "2007-12-31": 250, "2007-09-30": -34, "2007-06-30": -390, "2007-03-31": "847.00000", "2006-12-31": 21, "2006-09-30": -37, "2006-06-30": -1, "2006-03-31": "106.00000", "2005-12-31": 95, "2005-09-30": -34, "2005-06-30": 192, "2005-03-31": "77.00000"}, "Net Current Debt": {"2020-12-31": 0, "2020-09-30": 0, "2020-06-30": 0, "2020-03-31": "", "2019-12-31": 0, "2019-09-30": 0, "2019-06-30": 0, "2019-03-31": "", "2018-12-31": 0, "2018-09-30": 0, "2018-06-30": 0, "2018-03-31": "", "2017-12-31": 0, "2017-09-30": 0, "2017-06-30": 0, "2017-03-31": "", "2016-12-31": 0, "2016-09-30": 0, "2016-06-30": 0, "2016-03-31": "", "2015-12-31": 0, "2015-09-30": 0, "2015-06-30": 0, "2015-03-31": "", "2014-12-31": 0, "2014-09-30": 0, "2014-06-30": 0, "2014-03-31": "", "2013-12-31": 0, "2013-09-30": 0, "2013-06-30": 0, "2013-03-31": "", "2012-12-31": 0, "2012-09-30": 0, "2012-06-30": 0, "2012-03-31": "", "2011-12-31": 38, "2011-09-30": -56, "2011-06-30": -1, "2011-03-31": "19.00000", "2010-12-31": 19, "2010-09-30": 29, "2010-06-30": -1, "2010-03-31": "-47.00000", "2009-12-31": 1, "2009-09-30": -1, "2009-06-30": -106, "2009-03-31": "-318.00000", "2008-12-31": -364, "2008-09-30": -449, "2008-06-30": 138, "2008-03-31": "670.00000", "2007-12-31": 31, "2007-09-30": -185, "2007-06-30": 380, "2007-03-31": "-164.00000", "2006-12-31": 54, "2006-09-30": 59, "2006-06-30": -230, "2006-03-31": "82.00000", "2005-12-31": 234, "2005-09-30": -37, "2005-06-30": -87, "2005-03-31": "282.00000"}, "Debt Issuance/Retirement Net - Total": {"2020-12-31": 260, "2020-09-30": -139, "2020-06-30": -200, "2020-03-31": "79.00000", "2019-12-31": 250, "2019-09-30": 0, "2019-06-30": 448, "2019-03-31": "27.00000", "2018-12-31": 242, "2018-09-30": -420, "2018-06-30": -132, "2018-03-31": "146.00000", "2017-12-31": -1001, "2017-09-30": 158, "2017-06-30": 349, "2017-03-31": "-60.00000", "2016-12-31": 11, "2016-09-30": 56, "2016-06-30": -266, "2016-03-31": "177.00000", "2015-12-31": -198, "2015-09-30": -137, "2015-06-30": -530, "2015-03-31": "263.00000", "2014-12-31": -2, "2014-09-30": -4, "2014-06-30": -319, "2014-03-31": "-257.00000", "2013-12-31": -81, "2013-09-30": -57, "2013-06-30": -262, "2013-03-31": "-687.00000", "2012-12-31": 5553, "2012-09-30": -303, "2012-06-30": 583, "2012-03-31": "-1.00000", "2011-12-31": 3, "2011-09-30": -8, "2011-06-30": 301, "2011-03-31": "7.00000", "2010-12-31": -24, "2010-09-30": -3, "2010-06-30": 3, "2010-03-31": "-23.00000", "2009-12-31": -288, "2009-09-30": -283, "2009-06-30": -119, "2009-03-31": "-63.00000", "2008-12-31": -247, "2008-09-30": -275, "2008-06-30": 506, "2008-03-31": "683.00000", "2007-12-31": 281, "2007-09-30": -219, "2007-06-30": -10, "2007-03-31": "683.00000", "2006-12-31": 75, "2006-09-30": 22, "2006-06-30": -231, "2006-03-31": "188.00000", "2005-12-31": 329, "2005-09-30": -71, "2005-06-30": 105, "2005-03-31": "359.00000"}, "Net Common Equity Issued/Repurchased": {"2020-12-31": 1433, "2020-09-30": -150, "2020-06-30": 3, "2020-03-31": "-1286.00000", "2019-12-31": -25, "2019-09-30": -523, "2019-06-30": -255, "2019-03-31": "-160.00000", "2018-12-31": -670, "2018-09-30": 7, "2018-06-30": -298, "2018-03-31": "-281.00000", "2017-12-31": -54, "2017-09-30": -314, "2017-06-30": -199, "2017-03-31": "-217.00000", "2016-12-31": -149, "2016-09-30": -249, "2016-06-30": -175, "2016-03-31": "-83.00000", "2015-12-31": -224, "2015-09-30": -282, "2015-06-30": 13, "2015-03-31": "-137.00000", "2014-12-31": -379, "2014-09-30": -162, "2014-06-30": -78, "2014-03-31": "23.00000", "2013-12-31": 23, "2013-09-30": 20, "2013-06-30": 22, "2013-03-31": "56.00000", "2012-12-31": 200, "2012-09-30": 10, "2012-06-30": 1, "2012-03-31": "43.00000", "2011-12-31": 5, "2011-09-30": -271, "2011-06-30": -9, "2011-03-31": "3.00000", "2010-12-31": -60, "2010-09-30": 24, "2010-06-30": 13, "2010-03-31": "23.00000", "2009-12-31": 27, "2009-09-30": -9, "2009-06-30": 9, "2009-03-31": "", "2008-12-31": 46, "2008-09-30": -141, "2008-06-30": 1540, "2008-03-31": "24.00000", "2007-12-31": 11, "2007-09-30": -12, "2007-06-30": -105, "2007-03-31": "-93.00000", "2006-12-31": -232, "2006-09-30": -65, "2006-06-30": -40, "2006-03-31": "59.00000", "2005-12-31": 14, "2005-09-30": 20, "2005-06-30": -194, "2005-03-31": "-222.00000"}, "Net Total Equity Issued/Repurchased": {"2020-12-31": 1433, "2020-09-30": -150, "2020-06-30": 3, "2020-03-31": "-1286.00000", "2019-12-31": -25, "2019-09-30": -523, "2019-06-30": -255, "2019-03-31": "-160.00000", "2018-12-31": -670, "2018-09-30": 7, "2018-06-30": -298, "2018-03-31": "-281.00000", "2017-12-31": -54, "2017-09-30": -314, "2017-06-30": -199, "2017-03-31": "-217.00000", "2016-12-31": -149, "2016-09-30": -249, "2016-06-30": -175, "2016-03-31": "-83.00000", "2015-12-31": -224, "2015-09-30": -282, "2015-06-30": 13, "2015-03-31": "-137.00000", "2014-12-31": -379, "2014-09-30": -162, "2014-06-30": -78, "2014-03-31": "23.00000", "2013-12-31": 23, "2013-09-30": 20, "2013-06-30": 22, "2013-03-31": "56.00000", "2012-12-31": 200, "2012-09-30": 10, "2012-06-30": 1, "2012-03-31": "43.00000", "2011-12-31": 5, "2011-09-30": -271, "2011-06-30": -9, "2011-03-31": "3.00000", "2010-12-31": -60, "2010-09-30": 24, "2010-06-30": 13, "2010-03-31": "23.00000", "2009-12-31": 27, "2009-09-30": -9, "2009-06-30": 9, "2009-03-31": "", "2008-12-31": 46, "2008-09-30": -141, "2008-06-30": 1540, "2008-03-31": "24.00000", "2007-12-31": 11, "2007-09-30": -12, "2007-06-30": -105, "2007-03-31": "-93.00000", "2006-12-31": -232, "2006-09-30": -65, "2006-06-30": -40, "2006-03-31": "59.00000", "2005-12-31": 14, "2005-09-30": 20, "2005-06-30": -194, "2005-03-31": "-222.00000"}, "Total Common And Preferred Stock Dividends Paid": {"2020-12-31": 884, "2020-09-30": -292, "2020-06-30": -301, "2020-03-31": "-291.00000", "2019-12-31": -294, "2019-09-30": -298, "2019-06-30": -307, "2019-03-31": "-302.00000", "2018-12-31": -285, "2018-09-30": -286, "2018-06-30": -294, "2018-03-31": "-284.00000", "2017-12-31": -265, "2017-09-30": -266, "2017-06-30": -274, "2017-03-31": "-263.00000", "2016-12-31": -257, "2016-09-30": -259, "2016-06-30": -265, "2016-03-31": "-256.00000", "2015-12-31": -255, "2015-09-30": -257, "2015-06-30": -263, "2015-03-31": "-251.00000", "2014-12-31": -229, "2014-09-30": -233, "2014-06-30": -238, "2014-03-31": "-229.00000", "2013-12-31": -199, "2013-09-30": -200, "2013-06-30": -203, "2013-03-31": "-194.00000", "2012-12-31": -128, "2012-09-30": -129, "2012-06-30": -128, "2012-03-31": "-127.00000", "2011-12-31": -114, "2011-09-30": -116, "2011-06-30": -116, "2011-03-31": "-116.00000", "2010-12-31": -98, "2010-09-30": -97, "2010-06-30": -84, "2010-03-31": "-84.00000", "2009-12-31": -84, "2009-09-30": -83, "2009-06-30": -84, "2009-03-31": "-83.00000", "2008-12-31": -82, "2008-09-30": -82, "2008-06-30": -83, "2008-03-31": "-73.00000", "2007-12-31": -63, "2007-09-30": -62, "2007-06-30": -63, "2007-03-31": "-63.00000", "2006-12-31": -58, "2006-09-30": -58, "2006-06-30": -52, "2006-03-31": "-52.00000", "2005-12-31": -46, "2005-09-30": -45, "2005-06-30": -46, "2005-03-31": "-47.00000"}, "Financial Activities - Other": {"2020-12-31": 42, "2020-09-30": -4, "2020-06-30": -6, "2020-03-31": "-32.00000", "2019-12-31": -2, "2019-09-30": -3, "2019-06-30": -14, "2019-03-31": "-36.00000", "2018-12-31": 0, "2018-09-30": -1, "2018-06-30": -1, "2018-03-31": "-24.00000", "2017-12-31": -7, "2017-09-30": -4, "2017-06-30": -2, "2017-03-31": "-23.00000", "2016-12-31": 0, "2016-09-30": -9, "2016-06-30": 1, "2016-03-31": "-15.00000", "2015-12-31": -39, "2015-09-30": -1, "2015-06-30": -5, "2015-03-31": "-2.00000", "2014-12-31": -40, "2014-09-30": -3, "2014-06-30": 0, "2014-03-31": "20.00000", "2013-12-31": 6, "2013-09-30": 2, "2013-06-30": 3, "2013-03-31": "15.00000", "2012-12-31": -49, "2012-09-30": -19, "2012-06-30": -42, "2012-03-31": "16.00000", "2011-12-31": 54, "2011-09-30": 1, "2011-06-30": -5, "2011-03-31": "", "2010-12-31": 147, "2010-09-30": 0, "2010-06-30": 0, "2010-03-31": "2.00000", "2009-12-31": -15, "2009-09-30": 17, "2009-06-30": -11, "2009-03-31": "8.00000", "2008-12-31": -48, "2008-09-30": 42, "2008-06-30": -1, "2008-03-31": "6.00000", "2007-12-31": -4, "2007-09-30": 7, "2007-06-30": 7, "2007-03-31": "25.00000", "2006-12-31": 6, "2006-09-30": 1, "2006-06-30": 6, "2006-03-31": "15.00000", "2005-12-31": 2, "2005-09-30": 0, "2005-06-30": 0, "2005-03-31": ""}, "Cash Flow From Financial Activities": {"2020-12-31": 2619, "2020-09-30": -585, "2020-06-30": -504, "2020-03-31": "-1530.00000", "2019-12-31": -71, "2019-09-30": -824, "2019-06-30": -128, "2019-03-31": "-471.00000", "2018-12-31": -713, "2018-09-30": -700, "2018-06-30": -725, "2018-03-31": "-443.00000", "2017-12-31": -1327, "2017-09-30": -426, "2017-06-30": -126, "2017-03-31": "-563.00000", "2016-12-31": -395, "2016-09-30": -461, "2016-06-30": -705, "2016-03-31": "-177.00000", "2015-12-31": -716, "2015-09-30": -677, "2015-06-30": -785, "2015-03-31": "-127.00000", "2014-12-31": -650, "2014-09-30": -402, "2014-06-30": -635, "2014-03-31": "-443.00000", "2013-12-31": -251, "2013-09-30": -235, "2013-06-30": -440, "2013-03-31": "-810.00000", "2012-12-31": 5576, "2012-09-30": -441, "2012-06-30": 414, "2012-03-31": "-69.00000", "2011-12-31": -52, "2011-09-30": -394, "2011-06-30": 171, "2011-03-31": "-106.00000", "2010-12-31": -35, "2010-09-30": -76, "2010-06-30": -68, "2010-03-31": "-82.00000", "2009-12-31": -360, "2009-09-30": -358, "2009-06-30": -205, "2009-03-31": "-138.00000", "2008-12-31": -331, "2008-09-30": -456, "2008-06-30": 1962, "2008-03-31": "640.00000", "2007-12-31": 225, "2007-09-30": -286, "2007-06-30": -171, "2007-03-31": "552.00000", "2006-12-31": -209, "2006-09-30": -100, "2006-06-30": -317, "2006-03-31": "210.00000", "2005-12-31": 299, "2005-09-30": -96, "2005-06-30": -135, "2005-03-31": "90.00000"}, "Net Cash Flow": {"2020-12-31": -59, "2020-09-30": 137, "2020-06-30": 53, "2020-03-31": "-131.00000", "2019-12-31": -179, "2019-09-30": 137, "2019-06-30": 109, "2019-03-31": "20.00000", "2018-12-31": -44, "2018-09-30": 71, "2018-06-30": -61, "2018-03-31": "-244.00000", "2017-12-31": -230, "2017-09-30": 479, "2017-06-30": 90, "2017-03-31": "-321.00000", "2016-12-31": 49, "2016-09-30": 171, "2016-06-30": -10, "2016-03-31": "65.00000", "2015-12-31": -150, "2015-09-30": 115, "2015-06-30": -360, "2015-03-31": "-118.00000", "2014-12-31": 126, "2014-09-30": 24, "2014-06-30": -153, "2014-03-31": "-131.00000", "2013-12-31": 273, "2013-09-30": 14, "2013-06-30": -11, "2013-03-31": "62.00000", "2012-12-31": 152, "2012-09-30": -100, "2012-06-30": 158, "2012-03-31": "-18.00000", "2011-12-31": 107, "2011-09-30": -4, "2011-06-30": 81, "2011-03-31": "-132.00000", "2010-12-31": -62, "2010-09-30": 146, "2010-06-30": 98, "2010-03-31": "-189.00000", "2009-12-31": 148, "2009-09-30": 44, "2009-06-30": 3, "2009-03-31": "-43.00000", "2008-12-31": 7, "2008-09-30": -38, "2008-06-30": 62, "2008-03-31": "15.00000", "2007-12-31": -29, "2007-09-30": 59, "2007-06-30": 6, "2007-03-31": "-8.00000", "2006-12-31": -15, "2006-09-30": 4, "2006-06-30": 17, "2006-03-31": "-2.00000", "2005-12-31": 18, "2005-09-30": -38, "2005-06-30": 40, "2005-03-31": "5.00000"}, "Stock-Based Compensation": {"2020-12-31": 0, "2020-09-30": 0, "2020-06-30": 0, "2020-03-31": "", "2019-12-31": 0, "2019-09-30": 0, "2019-06-30": 0, "2019-03-31": "", "2018-12-31": 0, "2018-09-30": 0, "2018-06-30": 0, "2018-03-31": "", "2017-12-31": 0, "2017-09-30": 0, "2017-06-30": 0, "2017-03-31": "", "2016-12-31": 0, "2016-09-30": 0, "2016-06-30": 0, "2016-03-31": "", "2015-12-31": 0, "2015-09-30": 0, "2015-06-30": 0, "2015-03-31": "", "2014-12-31": 0, "2014-09-30": 0, "2014-06-30": 0, "2014-03-31": "", "2013-12-31": 0, "2013-09-30": 0, "2013-06-30": 0, "2013-03-31": "", "2012-12-31": 0, "2012-09-30": 0, "2012-06-30": 0, "2012-03-31": "", "2011-12-31": 0, "2011-09-30": 0, "2011-06-30": 0, "2011-03-31": "", "2010-12-31": 0, "2010-09-30": 0, "2010-06-30": 0, "2010-03-31": "", "2009-12-31": 0, "2009-09-30": 0, "2009-06-30": 0, "2009-03-31": "", "2008-12-31": 0, "2008-09-30": 0, "2008-06-30": 0, "2008-03-31": "", "2007-12-31": 0, "2007-09-30": 0, "2007-06-30": 0, "2007-03-31": "", "2006-12-31": 0, "2006-09-30": 0, "2006-06-30": 0, "2006-03-31": "", "2005-12-31": 0, "2005-09-30": 0, "2005-06-30": 0, "2005-03-31": ""}, "Common Stock Dividends Paid": {"2020-12-31": 884, "2020-09-30": -292, "2020-06-30": -301, "2020-03-31": "-291.00000", "2019-12-31": -294, "2019-09-30": -298, "2019-06-30": -307, "2019-03-31": "-302.00000", "2018-12-31": -285, "2018-09-30": -286, "2018-06-30": -294, "2018-03-31": "-284.00000", "2017-12-31": -265, "2017-09-30": -266, "2017-06-30": -274, "2017-03-31": "-263.00000", "2016-12-31": -257, "2016-09-30": -259, "2016-06-30": -265, "2016-03-31": "-256.00000", "2015-12-31": -255, "2015-09-30": -257, "2015-06-30": -263, "2015-03-31": "-251.00000", "2014-12-31": -229, "2014-09-30": -233, "2014-06-30": -238, "2014-03-31": "-229.00000", "2013-12-31": -199, "2013-09-30": -200, "2013-06-30": -203, "2013-03-31": "-194.00000", "2012-12-31": -128, "2012-09-30": -129, "2012-06-30": -128, "2012-03-31": "-127.00000", "2011-12-31": -114, "2011-09-30": -116, "2011-06-30": -116, "2011-03-31": "-116.00000", "2010-12-31": -98, "2010-09-30": -97, "2010-06-30": -84, "2010-03-31": "-84.00000", "2009-12-31": -84, "2009-09-30": -83, "2009-06-30": -84, "2009-03-31": "-83.00000", "2008-12-31": -82, "2008-09-30": -82, "2008-06-30": -83, "2008-03-31": "-73.00000", "2007-12-31": -63, "2007-09-30": -62, "2007-06-30": -63, "2007-03-31": "-63.00000", "2006-12-31": -58, "2006-09-30": -58, "2006-06-30": -52, "2006-03-31": "-52.00000", "2005-12-31": -46, "2005-09-30": -45, "2005-06-30": -46, "2005-03-31": "-47.00000"}}, "financial ratios": {"Current Ratio": {"2019-12-31": "1.70070", "2018-12-31": "1.47260", "2017-12-31": "1.64280", "2016-12-31": "1.28220", "2015-12-31": "1.43050", "2014-12-31": "1.51260", "2013-12-31": "1.77680", "2012-12-31": "1.43250", "2011-12-31": "1.60190", "2010-12-31": "1.70310", "2009-12-31": "1.68240", "2008-12-31": "1.28040", "2007-12-31": "1.30280", "2006-12-31": "1.33980", "2005-12-31": "1.20550"}, "Long-term Debt / Capital": {"2019-12-31": "0.32640", "2018-12-31": "0.29540", "2017-12-31": "0.29300", "2016-12-31": "0.30910", "2015-12-31": "0.33710", "2014-12-31": "0.33630", "2013-12-31": "0.34720", "2012-12-31": "0.39150", "2011-12-31": "0.31000", "2010-12-31": "0.31360", "2009-12-31": "0.32940", "2008-12-31": "0.33390", "2007-12-31": "0.31980", "2006-12-31": "0.30170", "2005-12-31": "0.32630"}, "Debt/Equity Ratio": {"2019-12-31": "0.51580", "2018-12-31": "0.46590", "2017-12-31": "0.44830", "2016-12-31": "0.55190", "2015-12-31": "0.55240", "2014-12-31": "0.57040", "2013-12-31": "0.56630", "2012-12-31": "0.71390", "2011-12-31": "0.50360", "2010-12-31": "0.46710", "2009-12-31": "0.50850", "2008-12-31": "0.67100", "2007-12-31": "0.66070", "2006-12-31": "0.62980", "2005-12-31": "0.65220"}, "Gross Margin": {"2019-12-31": "32.96870", "2018-12-31": "32.84740", "2017-12-31": "32.58190", "2016-12-31": "32.16190", "2015-12-31": "31.41210", "2014-12-31": "30.62260", "2013-12-31": "30.28670", "2012-12-31": "29.81420", "2011-12-31": "29.83360", "2010-12-31": "29.76300", "2009-12-31": "26.03390", "2008-12-31": "27.21770", "2007-12-31": "28.01350", "2006-12-31": "26.83940", "2005-12-31": "27.99340"}, "Operating Margin": {"2019-12-31": "13.38480", "2018-12-31": "12.45320", "2017-12-31": "12.43870", "2016-12-31": "11.64730", "2015-12-31": "11.17240", "2014-12-31": "8.00370", "2013-12-31": "9.73870", "2012-12-31": "9.38020", "2011-12-31": "10.17510", "2010-12-31": "8.53810", "2009-12-31": "3.73960", "2008-12-31": "8.16210", "2007-12-31": "9.03090", "2006-12-31": "8.41240", "2005-12-31": "9.37100"}, "EBIT Margin": {"2019-12-31": "13.38480", "2018-12-31": "12.45320", "2017-12-31": "12.43870", "2016-12-31": "11.64730", "2015-12-31": "11.17240", "2014-12-31": "8.00370", "2013-12-31": "9.73870", "2012-12-31": "9.38020", "2011-12-31": "10.17510", "2010-12-31": "8.53810", "2009-12-31": "3.73960", "2008-12-31": "8.16210", "2007-12-31": "9.03090", "2006-12-31": "8.41240", "2005-12-31": "9.37100"}, "EBITDA Margin": {"2019-12-31": "17.51750", "2018-12-31": "16.63200", "2017-12-31": "16.91830", "2016-12-31": "16.35190", "2015-12-31": "15.60780", "2014-12-31": "12.36250", "2013-12-31": "14.26110", "2012-12-31": "13.04640", "2011-12-31": "13.63950", "2010-12-31": "12.55560", "2009-12-31": "8.56570", "2008-12-31": "11.87570", "2007-12-31": "12.39930", "2006-12-31": "11.96040", "2005-12-31": "13.13220"}, "Pre-Tax Profit Margin": {"2019-12-31": "12.11310", "2018-12-31": "11.21760", "2017-12-31": "16.50660", "2016-12-31": "10.72570", "2015-12-31": "10.22780", "2014-12-31": "7.80860", "2013-12-31": "8.54580", "2012-12-31": "7.66970", "2011-12-31": "9.67660", "2010-12-31": "7.55380", "2009-12-31": "2.55200", "2008-12-31": "7.41420", "2007-12-31": "8.09480", "2006-12-31": "7.92180", "2005-12-31": "8.86520"}, "Net Profit Margin": {"2019-12-31": "10.33660", "2018-12-31": "9.92640", "2017-12-31": "14.62950", "2016-12-31": "9.70270", "2015-12-31": "9.45580", "2014-12-31": "7.95050", "2013-12-31": "8.44140", "2012-12-31": "7.46120", "2011-12-31": "8.41170", "2010-12-31": "6.77360", "2009-12-31": "3.22580", "2008-12-31": "6.88090", "2007-12-31": "7.62680", "2006-12-31": "7.76650", "2005-12-31": "7.40300"}, "Asset Turnover": {"2019-12-31": "0.65200", "2018-12-31": "0.69500", "2017-12-31": "0.62540", "2016-12-31": "0.64800", "2015-12-31": "0.67280", "2014-12-31": "0.67260", "2013-12-31": "0.62120", "2012-12-31": "0.45550", "2011-12-31": "0.89790", "2010-12-31": "0.79500", "2009-12-31": "0.72920", "2008-12-31": "0.92320", "2007-12-31": "0.97040", "2006-12-31": "1.07140", "2005-12-31": "1.06420"}, "Inventory Turnover Ratio": {"2019-12-31": "5.11160", "2018-12-31": "5.21040", "2017-12-31": "5.25040", "2016-12-31": "5.71010", "2015-12-31": "6.15760", "2014-12-31": "6.44400", "2013-12-31": "6.45210", "2012-12-31": "4.90070", "2011-12-31": "6.62020", "2010-12-31": "6.15920", "2009-12-31": "6.62290", "2008-12-31": "7.20140", "2007-12-31": "6.32640", "2006-12-31": "6.92110", "2005-12-31": "7.12470"}, "Receiveable Turnover": {"2019-12-31": "6.22350", "2018-12-31": "5.60110", "2017-12-31": "5.17470", "2016-12-31": "5.54690", "2015-12-31": "5.99450", "2014-12-31": "6.15000", "2013-12-31": "6.04330", "2012-12-31": "4.69520", "2011-12-31": "6.56670", "2010-12-31": "6.12550", "2009-12-31": "6.25220", "2008-12-31": "6.69980", "2007-12-31": "5.90260", "2006-12-31": "6.34440", "2005-12-31": "6.09190"}, "Days Sales In Receivables": {"2019-12-31": "58.64910", "2018-12-31": "65.16590", "2017-12-31": "70.53500", "2016-12-31": "65.80240", "2015-12-31": "60.88880", "2014-12-31": "59.34970", "2013-12-31": "60.39740", "2012-12-31": "77.73960", "2011-12-31": "55.58350", "2010-12-31": "59.58700", "2009-12-31": "58.37910", "2008-12-31": "54.47940", "2007-12-31": "61.83690", "2006-12-31": "57.53110", "2005-12-31": "59.91590"}, "ROE - Return On Equity": {"2019-12-31": "13.71720", "2018-12-31": "13.29450", "2017-12-31": "17.27010", "2016-12-31": "12.79500", "2015-12-31": "12.96040", "2014-12-31": "11.38330", "2013-12-31": "11.10720", "2012-12-31": "8.03800", "2011-12-31": "18.04590", "2010-12-31": "12.65700", "2009-12-31": "5.64680", "2008-12-31": "16.76360", "2007-12-31": "18.81280", "2006-12-31": "21.84610", "2005-12-31": "20.72530"}, "Return On Tangible Equity": {"2019-12-31": "-112.85060", "2018-12-31": "-105.61020", "2017-12-31": "-193.51910", "2016-12-31": "-51.62770", "2015-12-31": "-46.31630", "2014-12-31": "-39.11060", "2013-12-31": "-38.87510", "2012-12-31": "-17.82320", "2011-12-31": "-570.46410", "2010-12-31": "-290.09290", "2009-12-31": "-36.38940", "2008-12-31": "-77.03970", "2007-12-31": "-265.12260", "2006-12-31": "870.87380", "2005-12-31": "6023.07700"}, "ROA - Return On Assets": {"2019-12-31": "6.74590", "2018-12-31": "6.90210", "2017-12-31": "9.15310", "2016-12-31": "6.29680", "2015-12-31": "6.36860", "2014-12-31": "5.37740", "2013-12-31": "5.27740", "2012-12-31": "3.40690", "2011-12-31": "7.56450", "2010-12-31": "5.43130", "2009-12-31": "2.36460", "2008-12-31": "6.40650", "2007-12-31": "7.24500", "2006-12-31": "7.85670", "2005-12-31": "7.66290"}, "ROI - Return On Investment": {"2019-12-31": "9.23930", "2018-12-31": "9.36710", "2017-12-31": "12.20920", "2016-12-31": "8.83970", "2015-12-31": "8.59120", "2014-12-31": "7.55560", "2013-12-31": "7.25070", "2012-12-31": "4.89120", "2011-12-31": "12.45170", "2010-12-31": "8.68800", "2009-12-31": "3.78680", "2008-12-31": "11.16690", "2007-12-31": "12.79590", "2006-12-31": "15.25510", "2005-12-31": "13.96220"}, "Book Value Per Share": {"2019-12-31": "39.03460", "2018-12-31": "38.10670", "2017-12-31": "39.30440", "2016-12-31": "33.37340", "2015-12-31": "33.19750", "2014-12-31": "33.85130", "2013-12-31": "35.49360", "2012-12-31": "32.24560", "2011-12-31": "22.40430", "2010-12-31": "21.77990", "2009-12-31": "10.25880", "2008-12-31": "19.28790", "2007-12-31": "17.71230", "2006-12-31": "14.03280", "2005-12-31": "12.72050"}, "Operating Cash Flow Per Share": {"2019-12-31": 2.1172, "2018-12-31": 0.1196, "2017-12-31": 0.3344, "2016-12-31": 0.4724, "2015-12-31": 1.2186, "2014-12-31": -0.8546, "2013-12-31": 0.0513, "2012-12-31": 1.1015, "2011-12-31": -0.1355, "2010-12-31": -0.4169, "2009-12-31": 1.9733, "2008-12-31": -1.6326, "2007-12-31": -0.8272, "2006-12-31": 0.9944, "2005-12-31": 3.6851}, "Free Cash Flow Per Share": {"2019-12-31": 2.0155, "2018-12-31": -0.0103, "2017-12-31": 0.2598, "2016-12-31": 0.467, "2015-12-31": 1.4608, "2014-12-31": -0.892, "2013-12-31": 0.4531, "2012-12-31": 1.0685, "2011-12-31": -0.6319, "2010-12-31": -0.9967, "2009-12-31": 2.0827, "2008-12-31": -1.1451, "2007-12-31": -0.8276, "2006-12-31": 0.9958, "2005-12-31": 2.5065}}, "financial ratios, quarterly": {"Current Ratio": {"2020-09-30": "1.49370", "2020-06-30": "1.49630", "2020-03-31": "1.75360", "2019-12-31": "1.70070", "2019-09-30": "1.71890", "2019-06-30": "1.82610", "2019-03-31": "1.46500", "2018-12-31": "1.47260", "2018-09-30": "1.49360", "2018-06-30": "1.46890", "2018-03-31": "1.50650", "2017-12-31": "1.64280", "2017-09-30": "1.43200", "2017-06-30": "1.18670", "2017-03-31": "1.25520", "2016-12-31": "1.28220", "2016-09-30": "1.54230", "2016-06-30": "1.41740", "2016-03-31": "1.39650", "2015-12-31": "1.43050", "2015-09-30": "1.48610", "2015-06-30": "1.51190", "2015-03-31": "1.40130", "2014-12-31": "1.51260", "2014-09-30": "1.69090", "2014-06-30": "1.59440", "2014-03-31": "1.80710", "2013-12-31": "1.77680", "2013-09-30": "1.73450", "2013-06-30": "1.65210", "2013-03-31": "1.67160", "2012-12-31": "1.43250", "2012-09-30": "1.67070", "2012-06-30": "1.66210", "2012-03-31": "1.64990", "2011-12-31": "1.60190", "2011-09-30": "1.51670", "2011-06-30": "1.73880", "2011-03-31": "1.70880", "2010-12-31": "1.70310", "2010-09-30": "1.61580", "2010-06-30": "1.62170", "2010-03-31": "1.61730", "2009-12-31": "1.68240", "2009-09-30": "1.52270", "2009-06-30": "1.46360", "2009-03-31": "1.51090", "2008-12-31": "1.28040", "2008-09-30": "1.24100", "2008-06-30": "1.29690", "2008-03-31": "1.23160", "2007-12-31": "1.30280", "2007-09-30": "1.53060", "2007-06-30": "1.43110", "2007-03-31": "1.40510", "2006-12-31": "1.33980", "2006-09-30": "1.29250", "2006-06-30": "1.18400", "2006-03-31": "1.12930", "2005-12-31": "1.20550", "2005-09-30": "1.28440", "2005-06-30": "1.38260", "2005-03-31": "1.34770"}, "Long-term Debt / Capital": {"2020-09-30": "0.32370", "2020-06-30": "0.32670", "2020-03-31": "0.35440", "2019-12-31": "0.32640", "2019-09-30": "0.33510", "2019-06-30": "0.33060", "2019-03-31": "0.29420", "2018-12-31": "0.29540", "2018-09-30": "0.28640", "2018-06-30": "0.28760", "2018-03-31": "0.28350", "2017-12-31": "0.29300", "2017-09-30": "0.30420", "2017-06-30": "0.28660", "2017-03-31": "0.30520", "2016-12-31": "0.30910", "2016-09-30": "0.33780", "2016-06-30": "0.33110", "2016-03-31": "0.32730", "2015-12-31": "0.33710", "2015-09-30": "0.33690", "2015-06-30": "0.32960", "2015-03-31": "0.33900", "2014-12-31": "0.33630", "2014-09-30": "0.34030", "2014-06-30": "0.33580", "2014-03-31": "0.34450", "2013-12-31": "0.34720", "2013-09-30": "0.35910", "2013-06-30": "0.37020", "2013-03-31": "0.38380", "2012-12-31": "0.39150", "2012-09-30": "0.30930", "2012-06-30": "0.31610", "2012-03-31": "0.29600", "2011-12-31": "0.31000", "2011-09-30": "0.30300", "2011-06-30": "0.30840", "2011-03-31": "0.30010", "2010-12-31": "0.31360", "2010-09-30": "0.31970", "2010-06-30": "0.33820", "2010-03-31": "0.33240", "2009-12-31": "0.32940", "2009-09-30": "0.32610", "2009-06-30": "0.33690", "2009-03-31": "0.37770", "2008-12-31": "0.33390", "2008-09-30": "0.29510", "2008-06-30": "0.29910", "2008-03-31": "0.32960", "2007-12-31": "0.31980", "2007-09-30": "0.34940", "2007-06-30": "0.36150", "2007-03-31": "0.37370", "2006-12-31": "0.30170", "2006-09-30": "0.28740", "2006-06-30": "0.26270", "2006-03-31": "0.27840", "2005-12-31": "0.32630", "2005-09-30": "0.31830", "2005-06-30": "0.35750", "2005-03-31": "0.32950"}, "Debt/Equity Ratio": {"2020-09-30": "0.56490", "2020-06-30": "0.58080", "2020-03-31": "0.58990", "2019-12-31": "0.51580", "2019-09-30": "0.50450", "2019-06-30": "0.49420", "2019-03-31": "0.46510", "2018-12-31": "0.46590", "2018-09-30": "0.43150", "2018-06-30": "0.45950", "2018-03-31": "0.45530", "2017-12-31": "0.44830", "2017-09-30": "0.52730", "2017-06-30": "0.55180", "2017-03-31": "0.54040", "2016-12-31": "0.55190", "2016-09-30": "0.54590", "2016-06-30": "0.54760", "2016-03-31": "0.55550", "2015-12-31": "0.55240", "2015-09-30": "0.56260", "2015-06-30": "0.55380", "2015-03-31": "0.61190", "2014-12-31": "0.57040", "2014-09-30": "0.54070", "2014-06-30": "0.53000", "2014-03-31": "0.54440", "2013-12-31": "0.56630", "2013-09-30": "0.60140", "2013-06-30": "0.63240", "2013-03-31": "0.66570", "2012-12-31": "0.71390", "2012-09-30": "0.49810", "2012-06-30": "0.54950", "2012-03-31": "0.47150", "2011-12-31": "0.50360", "2011-09-30": "0.48730", "2011-06-30": "0.46010", "2011-03-31": "0.44110", "2010-12-31": "0.46710", "2010-09-30": "0.48340", "2010-06-30": "0.52590", "2010-03-31": "0.51210", "2009-12-31": "0.50850", "2009-09-30": "0.53990", "2009-06-30": "0.60410", "2009-03-31": "0.68560", "2008-12-31": "0.67100", "2008-09-30": "0.62500", "2008-06-30": "0.62810", "2008-03-31": "0.75730", "2007-12-31": "0.66070", "2007-09-30": "0.65360", "2007-06-30": "0.73690", "2007-03-31": "0.76910", "2006-12-31": "0.62980", "2006-09-30": "0.56380", "2006-06-30": "0.57000", "2006-03-31": "0.65110", "2005-12-31": "0.65220", "2005-09-30": "0.57970", "2005-06-30": "0.63430", "2005-03-31": "0.59520"}, "Gross Margin": {"2020-09-30": "32.58950", "2020-06-30": "25.38900", "2020-03-31": "31.05030", "2019-12-31": "32.11150", "2019-09-30": "33.91040", "2019-06-30": "33.18270", "2019-03-31": "32.64850", "2018-12-31": "32.77160", "2018-09-30": "33.53660", "2018-06-30": "33.09640", "2018-03-31": "31.95580", "2017-12-31": "32.18880", "2017-09-30": "33.48690", "2017-06-30": "32.81370", "2017-03-31": "31.78630", "2016-12-31": "31.88820", "2016-09-30": "32.40430", "2016-06-30": "32.69690", "2016-03-31": "31.62270", "2015-12-31": "31.99530", "2015-09-30": "30.86680", "2015-06-30": "31.58970", "2015-03-31": "31.20810", "2014-12-31": "30.87150", "2014-09-30": "31.63410", "2014-06-30": "30.20640", "2014-03-31": "29.75240", "2013-12-31": "29.78110", "2013-09-30": "30.74730", "2013-06-30": "30.91750", "2013-03-31": "29.66100", "2012-12-31": "27.71750", "2012-09-30": "30.45570", "2012-06-30": "30.80140", "2012-03-31": "30.45460", "2011-12-31": "30.15130", "2011-09-30": "29.66290", "2011-06-30": "30.02450", "2011-03-31": "29.47670", "2010-12-31": "29.97540", "2010-09-30": "30.55170", "2010-06-30": "29.33690", "2010-03-31": "29.06860", "2009-12-31": "28.42540", "2009-09-30": "28.07130", "2009-06-30": "24.54330", "2009-03-31": "22.71600", "2008-12-31": "24.69170", "2008-09-30": "27.95330", "2008-06-30": "28.27760", "2008-03-31": "27.57440", "2007-12-31": "28.03790", "2007-09-30": "27.80470", "2007-06-30": "27.77090", "2007-03-31": "28.46130", "2006-12-31": "25.84900", "2006-09-30": "25.75410", "2006-06-30": "27.61600", "2006-03-31": "28.15110", "2005-12-31": "27.64410", "2005-09-30": "28.33390", "2005-06-30": "28.05220", "2005-03-31": "27.92010"}, "Operating Margin": {"2020-09-30": "13.01370", "2020-06-30": "4.20120", "2020-03-31": "9.79330", "2019-12-31": "12.52390", "2019-09-30": "14.49000", "2019-06-30": "14.06110", "2019-03-31": "12.42220", "2018-12-31": "14.19670", "2018-09-30": "9.47890", "2018-06-30": "14.03320", "2018-03-31": "12.05490", "2017-12-31": "12.98680", "2017-09-30": "13.35640", "2017-06-30": "12.52920", "2017-03-31": "10.76730", "2016-12-31": "12.06080", "2016-09-30": "12.37220", "2016-06-30": "12.10630", "2016-03-31": "9.99380", "2015-12-31": "11.70650", "2015-09-30": "10.43630", "2015-06-30": "11.87640", "2015-03-31": "10.66440", "2014-12-31": "11.87780", "2014-09-30": "12.01120", "2014-06-30": "-0.93640", "2014-03-31": "9.28620", "2013-12-31": "8.68460", "2013-09-30": "10.54040", "2013-06-30": "10.90680", "2013-03-31": "8.75710", "2012-12-31": "6.00050", "2012-09-30": "10.48100", "2012-06-30": "11.23400", "2012-03-31": "10.07580", "2011-12-31": "10.11650", "2011-09-30": "10.93860", "2011-06-30": "10.34230", "2011-03-31": "9.22960", "2010-12-31": "9.20010", "2010-09-30": "9.40910", "2010-06-30": "8.40730", "2010-03-31": "6.89660", "2009-12-31": "6.38770", "2009-09-30": "6.53900", "2009-06-30": "2.17170", "2009-03-31": "-0.60430", "2008-12-31": "4.67450", "2008-09-30": "9.09090", "2008-06-30": "9.23110", "2008-03-31": "9.23910", "2007-12-31": "8.53590", "2007-09-30": "9.12670", "2007-06-30": "8.89780", "2007-03-31": "9.60490", "2006-12-31": "7.08870", "2006-09-30": "7.88190", "2006-06-30": "9.21600", "2006-03-31": "9.46170", "2005-12-31": "8.17110", "2005-09-30": "9.83010", "2005-06-30": "9.88000", "2005-03-31": "9.53280"}, "EBIT Margin": {"2020-09-30": "13.01370", "2020-06-30": "4.20120", "2020-03-31": "9.79330", "2019-12-31": "12.52390", "2019-09-30": "14.49000", "2019-06-30": "14.06110", "2019-03-31": "12.42220", "2018-12-31": "14.19670", "2018-09-30": "9.47890", "2018-06-30": "14.03320", "2018-03-31": "12.05490", "2017-12-31": "12.98680", "2017-09-30": "13.35640", "2017-06-30": "12.52920", "2017-03-31": "10.76730", "2016-12-31": "12.06080", "2016-09-30": "12.37220", "2016-06-30": "12.10630", "2016-03-31": "9.99380", "2015-12-31": "11.70650", "2015-09-30": "10.43630", "2015-06-30": "11.87640", "2015-03-31": "10.66440", "2014-12-31": "11.87780", "2014-09-30": "12.01120", "2014-06-30": "-0.93640", "2014-03-31": "9.28620", "2013-12-31": "8.68460", "2013-09-30": "10.54040", "2013-06-30": "10.90680", "2013-03-31": "8.75710", "2012-12-31": "6.00050", "2012-09-30": "10.48100", "2012-06-30": "11.23400", "2012-03-31": "10.07580", "2011-12-31": "10.11650", "2011-09-30": "10.93860", "2011-06-30": "10.34230", "2011-03-31": "9.22960", "2010-12-31": "9.20010", "2010-09-30": "9.40910", "2010-06-30": "8.40730", "2010-03-31": "6.89660", "2009-12-31": "6.38770", "2009-09-30": "6.53900", "2009-06-30": "2.17170", "2009-03-31": "-0.60430", "2008-12-31": "4.67450", "2008-09-30": "9.09090", "2008-06-30": "9.23110", "2008-03-31": "9.23910", "2007-12-31": "8.53590", "2007-09-30": "9.12670", "2007-06-30": "8.89780", "2007-03-31": "9.60490", "2006-12-31": "7.08870", "2006-09-30": "7.88190", "2006-06-30": "9.21600", "2006-03-31": "9.46170", "2005-12-31": "8.17110", "2005-09-30": "9.83010", "2005-06-30": "9.88000", "2005-03-31": "9.53280"}, "EBITDA Margin": {"2020-09-30": "", "2020-06-30": "", "2020-03-31": "", "2019-12-31": "", "2019-09-30": "", "2019-06-30": "", "2019-03-31": "", "2018-12-31": "", "2018-09-30": "", "2018-06-30": "", "2018-03-31": "", "2017-12-31": "", "2017-09-30": "", "2017-06-30": "", "2017-03-31": "", "2016-12-31": "", "2016-09-30": "", "2016-06-30": "", "2016-03-31": "", "2015-12-31": "", "2015-09-30": "", "2015-06-30": "", "2015-03-31": "", "2014-12-31": "", "2014-09-30": "", "2014-06-30": "", "2014-03-31": "", "2013-12-31": "", "2013-09-30": "", "2013-06-30": "", "2013-03-31": "", "2012-12-31": "", "2012-09-30": "", "2012-06-30": "", "2012-03-31": "", "2011-12-31": "", "2011-09-30": "", "2011-06-30": "", "2011-03-31": "", "2010-12-31": "", "2010-09-30": "", "2010-06-30": "", "2010-03-31": "", "2009-12-31": "", "2009-09-30": "", "2009-06-30": "", "2009-03-31": "", "2008-12-31": "", "2008-09-30": "", "2008-06-30": "", "2008-03-31": "", "2007-12-31": "", "2007-09-30": "", "2007-06-30": "", "2007-03-31": "", "2006-12-31": "", "2006-09-30": "", "2006-06-30": "", "2006-03-31": "", "2005-12-31": "", "2005-09-30": "", "2005-06-30": "", "2005-03-31": ""}, "Pre-Tax Profit Margin": {"2020-09-30": "11.59970", "2020-06-30": "1.21890", "2020-03-31": "12.96720", "2019-12-31": "10.15660", "2019-09-30": "13.51150", "2019-06-30": "13.33820", "2019-03-31": "11.36660", "2018-12-31": "13.29910", "2018-09-30": "8.11160", "2018-06-30": "12.64810", "2018-03-31": "10.75990", "2017-12-31": "12.18110", "2017-09-30": "32.50820", "2017-06-30": "11.14580", "2017-03-31": "9.63280", "2016-12-31": "11.30060", "2016-09-30": "11.48990", "2016-06-30": "10.88580", "2016-03-31": "9.18350", "2015-12-31": "10.73760", "2015-09-30": "9.36000", "2015-06-30": "11.13180", "2015-03-31": "9.66880", "2014-12-31": "10.94340", "2014-09-30": "11.20810", "2014-06-30": "0.98840", "2014-03-31": "8.24840", "2013-12-31": "7.76190", "2013-09-30": "9.29200", "2013-06-30": "9.53230", "2013-03-31": "7.53300", "2012-12-31": "2.03090", "2012-09-30": "9.51900", "2012-06-30": "10.29990", "2012-03-31": "9.29290", "2011-12-31": "9.67020", "2011-09-30": "10.47780", "2011-06-30": "9.68220", "2011-03-31": "8.80880", "2010-12-31": "7.99890", "2010-09-30": "8.54100", "2010-06-30": "7.43040", "2010-03-31": "6.02640", "2009-12-31": "5.42960", "2009-09-30": "5.48220", "2009-06-30": "1.03410", "2009-03-31": "-2.23960", "2008-12-31": "3.90020", "2008-09-30": "8.67770", "2008-06-30": "8.36640", "2008-03-31": "8.26660", "2007-12-31": "8.09130", "2007-09-30": "7.97450", "2007-06-30": "7.88180", "2007-03-31": "8.44840", "2006-12-31": "7.51730", "2006-09-30": "7.16830", "2006-06-30": "8.60800", "2006-03-31": "8.39180", "2005-12-31": "8.17110", "2005-09-30": "8.92660", "2005-06-30": "9.42130", "2005-03-31": "8.89220"}, "Net Profit Margin": {"2020-09-30": "9.85420", "2020-06-30": "1.32260", "2020-03-31": "9.14600", "2019-12-31": "8.62920", "2019-09-30": "11.30980", "2019-06-30": "11.49470", "2019-03-31": "9.83980", "2018-12-31": "11.55890", "2018-09-30": "7.68660", "2018-06-30": "11.11720", "2018-03-31": "9.29350", "2017-12-31": "12.16190", "2017-09-30": "26.88540", "2017-06-30": "10.05460", "2017-03-31": "8.95210", "2016-12-31": "10.23220", "2016-09-30": "10.48730", "2016-06-30": "9.66540", "2016-03-31": "8.39390", "2015-12-31": "10.38170", "2015-09-30": "8.57200", "2015-06-30": "9.95900", "2015-03-31": "8.92210", "2014-12-31": "10.44030", "2014-09-30": "10.50980", "2014-06-30": "2.96510", "2014-03-31": "7.99340", "2013-12-31": "8.66650", "2013-09-30": "9.09580", "2013-06-30": "8.81830", "2013-03-31": "7.11860", "2012-12-31": "4.13110", "2012-09-30": "8.73420", "2012-06-30": "9.39040", "2012-03-31": "7.85350", "2011-12-31": "8.97590", "2011-09-30": "8.85280", "2011-06-30": "8.21520", "2011-03-31": "7.54670", "2010-12-31": "7.64400", "2010-09-30": "7.50490", "2010-06-30": "6.69040", "2010-03-31": "4.99520", "2009-12-31": "6.73910", "2009-09-30": "6.37380", "2009-06-30": "0.99970", "2009-03-31": "-1.77750", "2008-12-31": "4.67450", "2008-09-30": "7.65680", "2008-06-30": "7.78220", "2008-03-31": "7.06520", "2007-12-31": "7.58740", "2007-09-30": "7.82290", "2007-06-30": "7.57390", "2007-03-31": "7.51690", "2006-12-31": "7.94590", "2006-09-30": "8.04410", "2006-06-30": "8.09600", "2006-03-31": "6.95420", "2005-12-31": "8.01830", "2005-09-30": "7.19190", "2005-06-30": "7.37470", "2005-03-31": "7.04600"}, "Asset Turnover": {"2020-09-30": "0.14610", "2020-06-30": "0.12710", "2020-03-31": "0.15530", "2019-12-31": "0.15970", "2019-09-30": "0.16660", "2019-06-30": "0.17160", "2019-03-31": "0.16760", "2018-12-31": "0.17560", "2018-09-30": "0.17110", "2018-06-30": "0.17220", "2018-03-31": "0.16070", "2017-12-31": "0.15980", "2017-09-30": "0.15920", "2017-06-30": "0.16370", "2017-03-31": "0.15840", "2016-12-31": "0.15970", "2016-09-30": "0.15970", "2016-06-30": "0.16310", "2016-03-31": "0.15240", "2015-12-31": "0.16320", "2015-09-30": "0.16160", "2015-06-30": "0.16490", "2015-03-31": "0.15970", "2014-12-31": "0.16600", "2014-09-30": "0.16730", "2014-06-30": "0.16360", "2014-03-31": "0.15570", "2013-12-31": "0.15570", "2013-09-30": "0.15880", "2013-06-30": "0.15890", "2013-03-31": "0.15180", "2012-12-31": "0.12100", "2012-09-30": "0.21010", "2012-06-30": "0.21930", "2012-03-31": "0.22010", "2011-12-31": "0.22560", "2011-09-30": "0.23390", "2011-06-30": "0.22570", "2011-03-31": "0.21940", "2010-12-31": "0.21230", "2010-09-30": "0.20990", "2010-06-30": "0.21210", "2010-03-31": "0.19580", "2009-12-31": "0.19230", "2009-09-30": "0.18360", "2009-06-30": "0.17920", "2009-03-31": "0.17580", "2008-12-31": "0.20940", "2008-09-30": "0.24250", "2008-06-30": "0.23870", "2008-03-31": "0.23870", "2007-12-31": "0.25120", "2007-09-30": "0.25890", "2007-06-30": "0.26150", "2007-03-31": "0.25430", "2006-12-31": "0.26570", "2006-09-30": "0.27390", "2006-06-30": "0.28710", "2006-03-31": "0.27980", "2005-12-31": "0.25630", "2005-09-30": "0.28380", "2005-06-30": "0.29810", "2005-03-31": "0.28620"}, "Inventory Turnover Ratio": {"2020-09-30": "1.45560", "2020-06-30": "1.34570", "2020-03-31": "1.40750", "2019-12-31": "1.26770", "2019-09-30": "1.21060", "2019-06-30": "1.29580", "2019-03-31": "1.23330", "2018-12-31": "1.31780", "2018-09-30": "1.26880", "2018-06-30": "1.33350", "2018-03-31": "1.30160", "2017-12-31": "1.34920", "2017-09-30": "1.41070", "2017-06-30": "1.44090", "2017-03-31": "1.41080", "2016-12-31": "1.41300", "2016-09-30": "1.44800", "2016-06-30": "1.47180", "2016-03-31": "1.37640", "2015-12-31": "1.48040", "2015-09-30": "1.50190", "2015-06-30": "1.50680", "2015-03-31": "1.48230", "2014-12-31": "1.58440", "2014-09-30": "1.56770", "2014-06-30": "1.58840", "2014-03-31": "1.52370", "2013-12-31": "1.62930", "2013-09-30": "1.61590", "2013-06-30": "1.60910", "2013-03-31": "1.56020", "2012-12-31": "1.34080", "2012-09-30": "1.52530", "2012-06-30": "1.60310", "2012-03-31": "1.54810", "2011-12-31": "1.65610", "2011-09-30": "1.63930", "2011-06-30": "1.62060", "2011-03-31": "1.60890", "2010-12-31": "1.64000", "2010-09-30": "1.61770", "2010-06-30": "1.72220", "2010-03-31": "1.60190", "2009-12-31": "1.69000", "2009-09-30": "1.60260", "2009-06-30": "1.59430", "2009-03-31": "1.45910", "2008-12-31": "1.68980", "2008-09-30": "1.65130", "2008-06-30": "1.66430", "2008-03-31": "1.54960", "2007-12-31": "1.63720", "2007-09-30": "1.70190", "2007-06-30": "1.69750", "2007-03-31": "1.60330", "2006-12-31": "1.73940", "2006-09-30": "1.84750", "2006-06-30": "1.90730", "2006-03-31": "1.85740", "2005-12-31": "1.72430", "2005-09-30": "1.86200", "2005-06-30": "1.97770", "2005-03-31": "1.87920"}, "Receiveable Turnover": {"2020-09-30": "1.57370", "2020-06-30": "1.45670", "2020-03-31": "1.62280", "2019-12-31": "1.52400", "2019-09-30": "1.40320", "2019-06-30": "1.40290", "2019-03-31": "1.37260", "2018-12-31": "1.41500", "2018-09-30": "1.34390", "2018-06-30": "1.34090", "2018-03-31": "1.31110", "2017-12-31": "1.32210", "2017-09-30": "1.31520", "2017-06-30": "1.34590", "2017-03-31": "1.31990", "2016-12-31": "1.36710", "2016-09-30": "1.36290", "2016-06-30": "1.40020", "2016-03-31": "1.34400", "2015-12-31": "1.45360", "2015-09-30": "1.42310", "2015-06-30": "1.39900", "2015-03-31": "1.39910", "2014-12-31": "1.51760", "2014-09-30": "1.44210", "2014-06-30": "1.43820", "2014-03-31": "1.41220", "2013-12-31": "1.51510", "2013-09-30": "1.41950", "2013-06-30": "1.46650", "2013-03-31": "1.44100", "2012-12-31": "1.24730", "2012-09-30": "1.49340", "2012-06-30": "1.51620", "2012-03-31": "1.53010", "2011-12-31": "1.65020", "2011-09-30": "1.61750", "2011-06-30": "1.55810", "2011-03-31": "1.54220", "2010-12-31": "1.63600", "2010-09-30": "1.53130", "2010-06-30": "1.58890", "2010-03-31": "1.51220", "2009-12-31": "1.64880", "2009-09-30": "1.47920", "2009-06-30": "1.43970", "2009-03-31": "1.39530", "2008-12-31": "1.51940", "2008-09-30": "1.44600", "2008-06-30": "1.41270", "2008-03-31": "1.36510", "2007-12-31": "1.52810", "2007-09-30": "1.48560", "2007-06-30": "1.47100", "2007-03-31": "1.45540", "2006-12-31": "1.57310", "2006-09-30": "1.52250", "2006-06-30": "1.53560", "2006-03-31": "1.51750", "2005-12-31": "1.46720", "2005-09-30": "1.48680", "2005-06-30": "1.61110", "2005-03-31": "1.55300"}, "Days Sales In Receivables": {"2020-09-30": "57.18960", "2020-06-30": "61.78160", "2020-03-31": "55.45830", "2019-12-31": "59.05500", "2019-09-30": "64.13810", "2019-06-30": "64.15330", "2019-03-31": "65.57020", "2018-12-31": "63.60510", "2018-09-30": "66.96790", "2018-06-30": "67.11860", "2018-03-31": "68.64410", "2017-12-31": "68.07400", "2017-09-30": "68.42830", "2017-06-30": "66.86870", "2017-03-31": "68.18690", "2016-12-31": "65.83110", "2016-09-30": "66.03370", "2016-06-30": "64.27560", "2016-03-31": "66.96240", "2015-12-31": "61.91620", "2015-09-30": "63.24040", "2015-06-30": "64.33360", "2015-03-31": "64.32510", "2014-12-31": "59.30460", "2014-09-30": "62.40920", "2014-06-30": "62.58020", "2014-03-31": "63.73090", "2013-12-31": "59.40290", "2013-09-30": "63.40290", "2013-06-30": "61.37090", "2013-03-31": "62.45760", "2012-12-31": "72.15790", "2012-09-30": "60.26580", "2012-06-30": "59.35840", "2012-03-31": "58.81820", "2011-12-31": "54.54010", "2011-09-30": "55.64150", "2011-06-30": "57.76280", "2011-03-31": "58.35920", "2010-12-31": "55.01230", "2010-09-30": "58.77350", "2010-06-30": "56.64300", "2010-03-31": "59.51660", "2009-12-31": "54.58640", "2009-09-30": "60.84210", "2009-06-30": "62.51290", "2009-03-31": "64.50050", "2008-12-31": "59.23430", "2008-09-30": "62.23870", "2008-06-30": "63.70880", "2008-03-31": "65.92960", "2007-12-31": "58.89750", "2007-09-30": "60.58220", "2007-06-30": "61.18230", "2007-03-31": "61.84070", "2006-12-31": "57.21070", "2006-09-30": "59.11450", "2006-06-30": "58.60800", "2006-03-31": "59.30790", "2005-12-31": "61.34020", "2005-09-30": "60.53130", "2005-06-30": "55.86100", "2005-03-31": "57.95400"}, "ROE - Return On Equity": {"2020-09-30": "3.07890", "2020-06-30": "0.37930", "2020-03-31": "3.06550", "2019-12-31": "2.80790", "2019-09-30": "3.78620", "2019-06-30": "3.88730", "2019-03-31": "3.20900", "2018-12-31": "3.91530", "2018-09-30": "1188.57100", "2018-06-30": "1745.71400", "2018-03-31": "1281.57900", "2017-12-31": "3.66690", "2017-09-30": "3258.13900", "2017-06-30": "1230.95200", "2017-03-31": "1033.33300", "2016-12-31": "3.34710", "2016-09-30": "1242.85700", "2016-06-30": "1118.18200", "2016-03-31": "915.90910", "2015-12-31": "3.46000", "2015-09-30": "946.80850", "2015-06-30": "1070.00000", "2015-03-31": "864.81490", "2014-12-31": "3.69340", "2014-09-30": "1043.10300", "2014-06-30": "286.66670", "2014-03-31": "595.94590", "2013-12-31": "2.85830", "2013-09-30": "1117.39100", "2013-06-30": "1155.81400", "2013-03-31": "883.72090", "2012-12-31": "1.18590", "2012-09-30": "1577.27300", "2012-06-30": "1819.04800", "2012-03-31": "1480.95200", "2011-12-31": "4.81850", "2011-09-30": "1595.65200", "2011-06-30": "965.71420", "2011-03-31": "697.56100", "2010-12-31": "3.82280", "2010-09-30": "640.47620", "2010-06-30": "572.50000", "2010-03-31": "400.00000", "2009-12-31": "3.10940", "2009-09-30": "421.73910", "2009-06-30": "70.45450", "2009-03-31": "-123.80950", "2008-12-31": "2.59230", "2008-09-30": "", "2008-06-30": "", "2008-03-31": "", "2007-12-31": "5.14310", "2007-09-30": "", "2007-06-30": "", "2007-03-31": "", "2006-12-31": "5.67460", "2006-09-30": "", "2006-06-30": "", "2006-03-31": "", "2005-12-31": "5.02910", "2005-09-30": "", "2005-06-30": "", "2005-03-31": ""}, "Return On Tangible Equity": {"2020-09-30": "-19.11890", "2020-06-30": "-2.15740", "2020-03-31": "-18.03950", "2019-12-31": "-23.10050", "2019-09-30": "-28.74880", "2019-06-30": "-34.04710", "2019-03-31": "-28.91970", "2018-12-31": "-31.10240", "2018-09-30": "-26.92560", "2018-06-30": "-34.87440", "2018-03-31": "-30.38050", "2017-12-31": "-41.08880", "2017-09-30": "-61.90900", "2017-06-30": "-15.69520", "2017-03-31": "-12.26680", "2016-12-31": "-13.50550", "2016-09-30": "-14.19640", "2016-06-30": "-12.67720", "2016-03-31": "-10.14600", "2015-12-31": "-12.36510", "2015-09-30": "-10.43130", "2015-06-30": "-12.80820", "2015-03-31": "-10.15000", "2014-12-31": "-12.68980", "2014-09-30": "-14.46680", "2014-06-30": "-3.98980", "2014-03-31": "-9.98420", "2013-12-31": "-10.00420", "2013-09-30": "-9.53620", "2013-06-30": "-8.56310", "2013-03-31": "-6.63290", "2012-12-31": "-2.62970", "2012-09-30": "229.80130", "2012-06-30": "419.78020", "2012-03-31": "198.08920", "2011-12-31": "-152.32070", "2011-09-30": "-470.51280", "2011-06-30": "325.00000", "2011-03-31": "-583.67350", "2010-12-31": "-87.61610", "2010-09-30": "-48.82030", "2010-06-30": "-31.89420", "2010-03-31": "-17.04920", "2009-12-31": "-20.03780", "2009-09-30": "-20.06210", "2009-06-30": "-2.65870", "2009-03-31": "3.39430", "2008-12-31": "-11.91340", "2008-09-30": "-38.78050", "2008-06-30": "-40.40770", "2008-03-31": "-41.93550", "2007-12-31": "-72.47960", "2007-09-30": "-177.61190", "2007-06-30": "-57.55400", "2007-03-31": "-43.04510", "2006-12-31": "226.21360", "2006-09-30": "52.63160", "2006-06-30": "74.47450", "2006-03-31": "136.42380", "2005-12-31": "1461.53800", "2005-09-30": "58.45700", "2005-06-30": "68.75000", "2005-03-31": "40.65220"}, "ROA - Return On Assets": {"2020-09-30": "1.44260", "2020-06-30": "0.17790", "2020-03-31": "1.42000", "2019-12-31": "1.38090", "2019-09-30": "1.88740", "2019-06-30": "1.97250", "2019-03-31": "1.64930", "2018-12-31": "2.03270", "2018-09-30": "1.31530", "2018-06-30": "1.91750", "2018-03-31": "1.49080", "2017-12-31": "1.94340", "2017-09-30": "4.28110", "2017-06-30": "1.64890", "2017-03-31": "1.41780", "2016-12-31": "1.64720", "2016-09-30": "1.67110", "2016-06-30": "1.57930", "2016-03-31": "1.27600", "2015-12-31": "1.70020", "2015-09-30": "1.38190", "2015-06-30": "1.64220", "2015-03-31": "1.42830", "2014-12-31": "1.74480", "2014-09-30": "1.76700", "2014-06-30": "0.48780", "2014-03-31": "1.25060", "2013-12-31": "1.35810", "2013-09-30": "1.45560", "2013-06-30": "1.40960", "2013-03-31": "1.08640", "2012-12-31": "0.50270", "2012-09-30": "1.84570", "2012-06-30": "2.05890", "2012-03-31": "1.72850", "2011-12-31": "2.01980", "2011-09-30": "2.08200", "2011-06-30": "1.86520", "2011-03-31": "1.64970", "2010-12-31": "1.64040", "2010-09-30": "1.58100", "2010-06-30": "1.43780", "2010-03-31": "0.98440", "2009-12-31": "1.30210", "2009-09-30": "1.17610", "2009-06-30": "0.19150", "2009-03-31": "-0.32500", "2008-12-31": "0.99070", "2008-09-30": "1.87420", "2008-06-30": "1.88030", "2008-03-31": "1.68650", "2007-12-31": "1.98060", "2007-09-30": "1.86830", "2007-06-30": "1.93250", "2007-03-31": "1.87090", "2006-12-31": "2.04080", "2006-09-30": "1.86600", "2006-06-30": "2.27840", "2006-03-31": "1.92690", "2005-12-31": "1.85950", "2005-09-30": "2.02070", "2005-06-30": "2.19840", "2005-03-31": "2.01640"}, "ROI - Return On Investment": {"2020-09-30": "2.08240", "2020-06-30": "0.25540", "2020-03-31": "1.97920", "2019-12-31": "1.89130", "2019-09-30": "2.51750", "2019-06-30": "2.60230", "2019-03-31": "2.26470", "2018-12-31": "2.75860", "2018-09-30": "1.76830", "2018-06-30": "2.60240", "2018-03-31": "2.01690", "2017-12-31": "2.59230", "2017-09-30": "5.85970", "2017-06-30": "2.36530", "2017-03-31": "1.98390", "2016-12-31": "2.31240", "2016-09-30": "2.23780", "2016-06-30": "2.14200", "2016-03-31": "1.74190", "2015-12-31": "2.29360", "2015-09-30": "1.91460", "2015-06-30": "2.26950", "2015-03-31": "2.02230", "2014-12-31": "2.45150", "2014-09-30": "2.39770", "2014-06-30": "0.67040", "2014-03-31": "1.68950", "2013-12-31": "1.86590", "2013-09-30": "2.04410", "2013-06-30": "2.02860", "2013-03-31": "1.53950", "2012-12-31": "0.72160", "2012-09-30": "2.90810", "2012-06-30": "3.28290", "2012-03-31": "2.75250", "2011-12-31": "3.32470", "2011-09-30": "3.30210", "2011-06-30": "2.85550", "2011-03-31": "2.55860", "2010-12-31": "2.62400", "2010-09-30": "2.52460", "2010-06-30": "2.29280", "2010-03-31": "1.54930", "2009-12-31": "2.08520", "2009-09-30": "1.86570", "2009-06-30": "0.30720", "2009-03-31": "-0.52990", "2008-12-31": "1.72680", "2008-09-30": "3.21210", "2008-06-30": "3.19460", "2008-03-31": "3.01070", "2007-12-31": "3.49820", "2007-09-30": "3.26470", "2007-06-30": "3.44580", "2007-03-31": "3.35240", "2006-12-31": "3.96260", "2006-09-30": "3.41020", "2006-06-30": "4.30330", "2006-03-31": "3.67330", "2005-12-31": "3.38800", "2005-09-30": "3.63470", "2005-06-30": "3.84900", "2005-03-31": "3.55380"}, "Book Value Per Share": {"2020-09-30": "36.42250", "2020-06-30": "35.57860", "2020-03-31": "35.72000", "2019-12-31": "39.03460", "2019-09-30": "38.46150", "2019-06-30": "38.95480", "2019-03-31": "38.44720", "2018-12-31": "38.10670", "2018-09-30": "38.73790", "2018-06-30": "38.59910", "2018-03-31": "39.56320", "2017-12-31": "39.30440", "2017-09-30": "37.75760", "2017-06-30": "35.05850", "2017-03-31": "33.97940", "2016-12-31": "33.37340", "2016-09-30": "34.19530", "2016-06-30": "33.78930", "2016-03-31": "33.98040", "2015-12-31": "33.19750", "2015-09-30": "33.30380", "2015-06-30": "33.80320", "2015-03-31": "32.67820", "2014-12-31": "33.85130", "2014-09-30": "35.07160", "2014-06-30": "35.81000", "2014-03-31": "35.89470", "2013-12-31": "35.49360", "2013-09-30": "33.96630", "2013-06-30": "32.56170", "2013-03-31": "32.14970", "2012-12-31": "32.24560", "2012-09-30": "24.39180", "2012-06-30": "23.57230", "2012-03-31": "23.63740", "2011-12-31": "22.40430", "2011-09-30": "23.17770", "2011-06-30": "24.00180", "2011-03-31": "22.93080", "2010-12-31": "21.77990", "2010-09-30": "21.53600", "2010-06-30": "19.69610", "2010-03-31": "20.05370", "2009-12-31": "10.25880", "2009-09-30": "21.13090", "2009-06-30": "20.20230", "2009-03-31": "18.43900", "2008-12-31": "19.28790", "2008-09-30": "21.16130", "2008-06-30": "22.24430", "2008-03-31": "18.69480", "2007-12-31": "17.71230", "2007-09-30": "16.26540", "2007-06-30": "15.26080", "2007-03-31": "14.60070", "2006-12-31": "14.03280", "2006-09-30": "14.72480", "2006-06-30": "14.16330", "2006-03-31": "13.47200", "2005-12-31": "12.72050", "2005-09-30": "12.48310", "2005-06-30": "11.83510", "2005-03-31": "11.70540"}, "Operating Cash Flow Per Share": {"2020-09-30": 2.2826, "2020-06-30": 1.9056, "2020-03-31": "0.78570", "2019-12-31": 2.1924, "2019-09-30": 2.6264, "2019-06-30": 2.0885, "2019-03-31": "1.29370", "2018-12-31": 1.8711, "2018-09-30": 2.2964, "2018-06-30": 1.1488, "2018-03-31": "0.76750", "2017-12-31": 1.9503, "2017-09-30": 1.7023, "2017-06-30": 1.285, "2017-03-31": "1.02660", "2016-12-31": 1.3892, "2016-09-30": 1.7684, "2016-06-30": 1.6284, "2016-03-31": "0.84380", "2015-12-31": 1.6647, "2015-09-30": 2.0946, "2015-06-30": 1.2343, "2015-03-31": "0.16380", "2014-12-31": 1.9815, "2014-09-30": 0.6093, "2014-06-30": 1.3229, "2014-03-31": "0.02510", "2013-12-31": 1.8324, "2013-09-30": 1.4724, "2013-06-30": 1.2781, "2013-03-31": "0.21050", "2012-12-31": 1.8669, "2012-09-30": 1.7824, "2012-06-30": 1.3812, "2012-03-31": "-0.28840", "2011-12-31": 1.6254, "2011-09-30": 1.8792, "2011-06-30": 1.0154, "2011-03-31": "-0.87940", "2010-12-31": 1.6416, "2010-09-30": 1.2326, "2010-06-30": 1.3795, "2010-03-31": "-0.47760", "2009-12-31": 1.5246, "2009-09-30": 1.3468, "2009-06-30": 1.0356, "2009-03-31": "0.28600", "2008-12-31": -0.1467, "2008-09-30": 1.26, "2008-06-30": 1.1629, "2008-03-31": "-0.05650", "2007-12-31": 1.4155, "2007-09-30": 1.6451, "2007-06-30": 1.1717, "2007-03-31": "-0.38000", "2006-12-31": 1.3592, "2006-09-30": 1.4797, "2006-06-30": 1.4258, "2006-03-31": "0.41480", "2005-12-31": 1.3524, "2005-09-30": 0.98, "2005-06-30": 1.0569, "2005-03-31": "0.29580"}, "Free Cash Flow Per Share": {"2020-09-30": 2.0627, "2020-06-30": 1.6746, "2020-03-31": "0.51330", "2019-12-31": 1.8515, "2019-09-30": 2.2767, "2019-06-30": 1.734, "2019-03-31": "0.94390", "2018-12-31": 1.5199, "2018-09-30": 1.9947, "2018-06-30": 0.8051, "2018-03-31": "0.47090", "2017-12-31": 1.5754, "2017-09-30": 1.4622, "2017-06-30": 0.9939, "2017-03-31": "0.76940", "2016-12-31": 1.06, "2016-09-30": 1.5457, "2016-06-30": 1.333, "2016-03-31": "0.60240", "2015-12-31": 1.3704, "2015-09-30": 1.8299, "2015-06-30": 0.9334, "2015-03-31": "-0.05960", "2014-12-31": 1.4482, "2014-09-30": 0.3103, "2014-06-30": 1.0595, "2014-03-31": "-0.20470", "2013-12-31": 1.3238, "2013-09-30": 1.2199, "2013-06-30": 1.0079, "2013-03-31": "-0.04630", "2012-12-31": 1.2276, "2012-09-30": 1.4122, "2012-06-30": 1.0098, "2012-03-31": "-0.59740", "2011-12-31": 1.0916, "2011-09-30": 1.3954, "2011-06-30": 0.6306, "2011-03-31": "-1.13390", "2010-12-31": 1.0889, "2010-09-30": 0.9215, "2010-06-30": 1.1948, "2010-03-31": "-0.58960", "2009-12-31": 1.3458, "2009-09-30": 1.2313, "2009-06-30": 0.8937, "2009-03-31": "0.14150", "2008-12-31": 0.1668, "2008-09-30": 0.9196, "2008-06-30": 0.7754, "2008-03-31": "-0.33220", "2007-12-31": 0.9958, "2007-09-30": 1.3629, "2007-06-30": 0.9193, "2007-03-31": "-0.60330", "2006-12-31": 0.9108, "2006-09-30": 1.2014, "2006-06-30": 1.1778, "2006-03-31": "0.21230", "2005-12-31": 0.935, "2005-09-30": 0.6882, "2005-06-30": 0.7974, "2005-03-31": "0.08590"}}, "revenue": {"Eaton Annual Revenue (Millions of US $)": {"2020": "$17,858", "2019": "$21,390", "2018": "$21,609", "2017": "$20,404", "2016": "$19,747", "2015": "$20,855", "2014": "$22,552", "2013": "$22,046", "2012": "$16,311", "2011": "$16,049", "2010": "$13,715", "2009": "$11,873", "2008": "$15,376", "2007": "$13,033", "2006": "$12,232", "2005": "$10,874"}, "Eaton Quarterly Revenue (Millions of US $)": {"2020-12-31": "$4,687", "2020-09-30": "$4,526", "2020-06-30": "$3,856", "2020-03-31": "$4,789", "2019-12-31": "$5,238", "2019-09-30": "$5,314", "2019-06-30": "$5,533", "2019-03-31": "$5,305", "2018-12-31": "$5,459", "2018-09-30": "$5,412", "2018-06-30": "$5,487", "2018-03-31": "$5,251", "2017-12-31": "$5,213", "2017-09-30": "$5,211", "2017-06-30": "$5,132", "2017-03-31": "$4,848", "2016-12-31": "$4,867", "2016-09-30": "$4,987", "2016-06-30": "$5,080", "2016-03-31": "$4,813", "2015-12-31": "$5,057", "2015-09-30": "$5,203", "2015-06-30": "$5,372", "2015-03-31": "$5,223", "2014-12-31": "$5,565", "2014-09-30": "$5,728", "2014-06-30": "$5,767", "2014-03-31": "$5,492", "2013-12-31": "$5,527", "2013-09-30": "$5,607", "2013-06-30": "$5,602", "2013-03-31": "$5,310", "2012-12-31": "$4,333", "2012-09-30": "$3,950", "2012-06-30": "$4,068", "2012-03-31": "$3,960", "2011-12-31": "$4,033", "2011-09-30": "$4,123", "2011-06-30": "$4,090", "2011-03-31": "$3,803", "2010-12-31": "$3,663", "2010-09-30": "$3,571", "2010-06-30": "$3,378", "2010-03-31": "$3,103", "2009-12-31": "$3,131", "2009-09-30": "$3,028", "2009-06-30": "$2,901", "2009-03-31": "$2,813", "2008-12-31": "$3,487", "2008-09-30": "$4,114", "2008-06-30": "$4,279", "2008-03-31": "$3,496", "2007-12-31": "$3,374", "2007-09-30": "$3,298", "2007-06-30": "$3,248", "2007-03-31": "$3,113", "2006-12-31": "$3,033", "2006-09-30": "$3,083", "2006-06-30": "$3,125", "2006-03-31": "$2,991", "2005-12-31": "$2,619", "2005-09-30": "$2,767", "2005-06-30": "$2,834", "2005-03-31": "$2,654"}}, "gross-profit": {"Eaton Annual Gross Profit (Millions of US $)": {"2020": "$5,450", "2019": "$7,052", "2018": "$7,098", "2017": "$6,648", "2016": "$6,351", "2015": "$6,551", "2014": "$6,906", "2013": "$6,677", "2012": "$4,863", "2011": "$4,788", "2010": "$4,082", "2009": "$3,091", "2008": "$4,185", "2007": "$3,651", "2006": "$3,283", "2005": "$3,044"}, "Eaton Quarterly Gross Profit (Millions of US $)": {"2020-12-31": "$1,509", "2020-09-30": "$1,475", "2020-06-30": "$979", "2020-03-31": "$1,487", "2019-12-31": "$1,682", "2019-09-30": "$1,802", "2019-06-30": "$1,836", "2019-03-31": "$1,732", "2018-12-31": "$1,789", "2018-09-30": "$1,815", "2018-06-30": "$1,816", "2018-03-31": "$1,678", "2017-12-31": "$1,678", "2017-09-30": "$1,745", "2017-06-30": "$1,684", "2017-03-31": "$1,541", "2016-12-31": "$1,552", "2016-09-30": "$1,616", "2016-06-30": "$1,661", "2016-03-31": "$1,522", "2015-12-31": "$1,618", "2015-09-30": "$1,606", "2015-06-30": "$1,697", "2015-03-31": "$1,630", "2014-12-31": "$1,718", "2014-09-30": "$1,812", "2014-06-30": "$1,742", "2014-03-31": "$1,634", "2013-12-31": "$1,646", "2013-09-30": "$1,724", "2013-06-30": "$1,732", "2013-03-31": "$1,575", "2012-12-31": "$1,201", "2012-09-30": "$1,203", "2012-06-30": "$1,253", "2012-03-31": "$1,206", "2011-12-31": "$1,216", "2011-09-30": "$1,223", "2011-06-30": "$1,228", "2011-03-31": "$1,121", "2010-12-31": "$1,098", "2010-09-30": "$1,091", "2010-06-30": "$991", "2010-03-31": "$902", "2009-12-31": "$890", "2009-09-30": "$850", "2009-06-30": "$712", "2009-03-31": "$639", "2008-12-31": "$861", "2008-09-30": "$1,150", "2008-06-30": "$1,210", "2008-03-31": "$964", "2007-12-31": "$946", "2007-09-30": "$917", "2007-06-30": "$902", "2007-03-31": "$886", "2006-12-31": "$784", "2006-09-30": "$794", "2006-06-30": "$863", "2006-03-31": "$842", "2005-12-31": "$724", "2005-09-30": "$784", "2005-06-30": "$795", "2005-03-31": "$741"}}, "operating-income": {"Eaton Annual Operating Income (Millions of US $)": {"2020": "$1,824", "2019": "$2,863", "2018": "$2,691", "2017": "$2,538", "2016": "$2,300", "2015": "$2,330", "2014": "$1,805", "2013": "$2,147", "2012": "$1,530", "2011": "$1,633", "2010": "$1,171", "2009": "$444", "2008": "$1,255", "2007": "$1,177", "2006": "$1,029", "2005": "$1,019"}, "Eaton Quarterly Operating Income (Millions of US $)": {"2020-12-31": "$604", "2020-09-30": "$589", "2020-06-30": "$162", "2020-03-31": "$469", "2019-12-31": "$656", "2019-09-30": "$770", "2019-06-30": "$778", "2019-03-31": "$659", "2018-12-31": "$775", "2018-09-30": "$513", "2018-06-30": "$770", "2018-03-31": "$633", "2017-12-31": "$677", "2017-09-30": "$696", "2017-06-30": "$643", "2017-03-31": "$522", "2016-12-31": "$587", "2016-09-30": "$617", "2016-06-30": "$615", "2016-03-31": "$481", "2015-12-31": "$592", "2015-09-30": "$543", "2015-06-30": "$638", "2015-03-31": "$557", "2014-12-31": "$661", "2014-09-30": "$688", "2014-06-30": "$-54", "2014-03-31": "$510", "2013-12-31": "$480", "2013-09-30": "$591", "2013-06-30": "$611", "2013-03-31": "$465", "2012-12-31": "$260", "2012-09-30": "$414", "2012-06-30": "$457", "2012-03-31": "$399", "2011-12-31": "$408", "2011-09-30": "$451", "2011-06-30": "$423", "2011-03-31": "$351", "2010-12-31": "$337", "2010-09-30": "$336", "2010-06-30": "$284", "2010-03-31": "$214", "2009-12-31": "$200", "2009-09-30": "$198", "2009-06-30": "$63", "2009-03-31": "$-17", "2008-12-31": "$163", "2008-09-30": "$374", "2008-06-30": "$395", "2008-03-31": "$323", "2007-12-31": "$288", "2007-09-30": "$301", "2007-06-30": "$289", "2007-03-31": "$299", "2006-12-31": "$215", "2006-09-30": "$243", "2006-06-30": "$288", "2006-03-31": "$283", "2005-12-31": "$214", "2005-09-30": "$272", "2005-06-30": "$280", "2005-03-31": "$253"}}, "ebitda": {"Eaton Annual EBITDA (Millions of US $)": {"2019": "$3,747", "2018": "$3,594", "2017": "$3,452", "2016": "$3,229", "2015": "$3,255", "2014": "$2,788", "2013": "$3,144", "2012": "$2,128", "2011": "$2,189", "2010": "$1,722", "2009": "$1,017", "2008": "$1,826", "2007": "$1,616", "2006": "$1,463", "2005": "$1,428"}, "Eaton Quarterly EBITDA (Millions of US $)": {"2020-09-30": "$795", "2020-06-30": "$360", "2020-03-31": "$668", "2019-12-31": "$872", "2019-09-30": "$996", "2019-06-30": "$999", "2019-03-31": "$880", "2018-12-31": "$998", "2018-09-30": "$736", "2018-06-30": "$997", "2018-03-31": "$863", "2017-12-31": "$906", "2017-09-30": "$928", "2017-06-30": "$871", "2017-03-31": "$747", "2016-12-31": "$816", "2016-09-30": "$850", "2016-06-30": "$849", "2016-03-31": "$714", "2015-12-31": "$825", "2015-09-30": "$775", "2015-06-30": "$872", "2015-03-31": "$783", "2014-12-31": "$901", "2014-09-30": "$932", "2014-06-30": "$196", "2014-03-31": "$759", "2013-12-31": "$737", "2013-09-30": "$841", "2013-06-30": "$856", "2013-03-31": "$710", "2012-12-31": "$439", "2012-09-30": "$555", "2012-06-30": "$595", "2012-03-31": "$539", "2011-12-31": "$545", "2011-09-30": "$590", "2011-06-30": "$564", "2011-03-31": "$490", "2010-12-31": "$475", "2010-09-30": "$472", "2010-06-30": "$420", "2010-03-31": "$355", "2009-12-31": "$344", "2009-09-30": "$346", "2009-06-30": "$205", "2009-03-31": "$122", "2008-12-31": "$299", "2008-09-30": "$529", "2008-06-30": "$549", "2008-03-31": "$449", "2007-12-31": "$383", "2007-09-30": "$418", "2007-06-30": "$407", "2007-03-31": "$408", "2006-12-31": "$327", "2006-09-30": "$351", "2006-06-30": "$396", "2006-03-31": "$389", "2005-12-31": "$323", "2005-09-30": "$373", "2005-06-30": "$379", "2005-03-31": "$353"}}, "net-income": {"Eaton Annual Net Income (Millions of US $)": {"2020": "$1,410", "2019": "$2,211", "2018": "$2,145", "2017": "$2,985", "2016": "$1,916", "2015": "$1,972", "2014": "$1,793", "2013": "$1,861", "2012": "$1,217", "2011": "$1,350", "2010": "$929", "2009": "$383", "2008": "$1,058", "2007": "$994", "2006": "$950", "2005": "$805"}, "Eaton Quarterly Net Income (Millions of US $)": {"2020-12-31": "$475", "2020-09-30": "$446", "2020-06-30": "$51", "2020-03-31": "$438", "2019-12-31": "$452", "2019-09-30": "$601", "2019-06-30": "$636", "2019-03-31": "$522", "2018-12-31": "$631", "2018-09-30": "$416", "2018-06-30": "$610", "2018-03-31": "$488", "2017-12-31": "$634", "2017-09-30": "$1,401", "2017-06-30": "$516", "2017-03-31": "$434", "2016-12-31": "$498", "2016-09-30": "$523", "2016-06-30": "$491", "2016-03-31": "$404", "2015-12-31": "$525", "2015-09-30": "$446", "2015-06-30": "$535", "2015-03-31": "$466", "2014-12-31": "$581", "2014-09-30": "$602", "2014-06-30": "$171", "2014-03-31": "$439", "2013-12-31": "$479", "2013-09-30": "$510", "2013-06-30": "$494", "2013-03-31": "$378", "2012-12-31": "$179", "2012-09-30": "$345", "2012-06-30": "$382", "2012-03-31": "$311", "2011-12-31": "$362", "2011-09-30": "$365", "2011-06-30": "$336", "2011-03-31": "$287", "2010-12-31": "$280", "2010-09-30": "$268", "2010-06-30": "$226", "2010-03-31": "$155", "2009-12-31": "$211", "2009-09-30": "$193", "2009-06-30": "$29", "2009-03-31": "$-50", "2008-12-31": "$163", "2008-09-30": "$315", "2008-06-30": "$333", "2008-03-31": "$247", "2007-12-31": "$256", "2007-09-30": "$258", "2007-06-30": "$246", "2007-03-31": "$234", "2006-12-31": "$241", "2006-09-30": "$248", "2006-06-30": "$253", "2006-03-31": "$208", "2005-12-31": "$210", "2005-09-30": "$199", "2005-06-30": "$209", "2005-03-31": "$187"}}, "eps-earnings-per-share-diluted": {"Eaton Annual EPS": {"2020": "$3.49", "2019": "$5.25", "2018": "$4.91", "2017": "$6.68", "2016": "$4.20", "2015": "$4.22", "2014": "$3.76", "2013": "$3.90", "2012": "$3.46", "2011": "$3.93", "2010": "$2.73", "2009": "$1.14", "2008": "$1.63", "2007": "$3.31", "2006": "$3.11", "2005": "$2.62"}, "Eaton Quarterly EPS": {"2020-12-31": "$1.18", "2020-09-30": "$1.11", "2020-06-30": "$0.13", "2020-03-31": "$1.07", "2019-12-31": "$1.08", "2019-09-30": "$1.44", "2019-06-30": "$1.50", "2019-03-31": "$1.23", "2018-12-31": "$1.47", "2018-09-30": "$0.95", "2018-06-30": "$1.39", "2018-03-31": "$1.10", "2017-12-31": "$1.43", "2017-09-30": "$3.14", "2017-06-30": "$1.15", "2017-03-31": "$0.96", "2016-12-31": "$1.10", "2016-09-30": "$1.15", "2016-06-30": "$1.07", "2016-03-31": "$0.88", "2015-12-31": "$1.13", "2015-09-30": "$0.96", "2015-06-30": "$1.14", "2015-03-31": "$0.99", "2014-12-31": "$1.22", "2014-09-30": "$1.26", "2014-06-30": "$0.36", "2014-03-31": "$0.92", "2013-12-31": "$1.00", "2013-09-30": "$1.07", "2013-06-30": "$1.04", "2013-03-31": "$0.79", "2012-12-31": "$0.41", "2012-09-30": "$1.02", "2012-06-30": "$1.12", "2012-03-31": "$0.91", "2011-12-31": "$1.06", "2011-09-30": "$1.07", "2011-06-30": "$0.97", "2011-03-31": "$0.83", "2010-12-31": "$0.83", "2010-09-30": "$0.78", "2010-06-30": "$0.66", "2010-03-31": "$0.46", "2009-12-31": "$0.64", "2009-09-30": "$0.57", "2009-06-30": "$0.09", "2009-03-31": "$-0.15", "2008-12-31": "$-1.14", "2008-09-30": "$0.94", "2008-06-30": "$1.02", "2008-03-31": "$0.82", "2007-12-31": "$0.86", "2007-09-30": "$0.86", "2007-06-30": "$0.82", "2007-03-31": "$0.78", "2006-12-31": "$0.80", "2006-09-30": "$0.81", "2006-06-30": "$0.82", "2006-03-31": "$0.68", "2005-12-31": "$0.69", "2005-09-30": "$0.65", "2005-06-30": "$0.69", "2005-03-31": "$0.60"}}, "shares-outstanding": {"Eaton Annual Shares Outstanding (Millions of Shares)": {"2020": "404", "2019": "421", "2018": "437", "2017": "447", "2016": "457", "2015": "467", "2014": "477", "2013": "477", "2012": "351", "2011": "343", "2010": "340", "2009": "336", "2008": "649", "2007": "301", "2006": "306", "2005": "308"}, "Eaton Quarterly Shares Outstanding (Millions of Shares)": {"2020-12-31": "401", "2020-09-30": "402", "2020-06-30": "401", "2020-03-31": "411", "2019-12-31": "421", "2019-09-30": "418", "2019-06-30": "423", "2019-03-31": "426", "2018-12-31": "437", "2018-09-30": "436", "2018-06-30": "437", "2018-03-31": "442", "2017-12-31": "447", "2017-09-30": "445", "2017-06-30": "449", "2017-03-31": "451", "2016-12-31": "457", "2016-09-30": "456", "2016-06-30": "458", "2016-03-31": "460", "2015-12-31": "467", "2015-09-30": "466", "2015-06-30": "469", "2015-03-31": "470", "2014-12-31": "477", "2014-09-30": "477", "2014-06-30": "479", "2014-03-31": "479", "2013-12-31": "477", "2013-09-30": "477", "2013-06-30": "476", "2013-03-31": "475", "2012-12-31": "351", "2012-09-30": "340", "2012-06-30": "340", "2012-03-31": "340", "2011-12-31": "343", "2011-09-30": "342", "2011-06-30": "346", "2011-03-31": "346", "2010-12-31": "340", "2010-09-30": "341", "2010-06-30": "340", "2010-03-31": "339", "2009-12-31": "336", "2009-09-30": "338", "2009-06-30": "335", "2009-03-31": "332", "2008-12-31": "649", "2008-09-30": "337", "2008-06-30": "327", "2008-03-31": "301", "2007-12-31": "301", "2007-09-30": "301", "2007-06-30": "301", "2007-03-31": "300", "2006-12-31": "306", "2006-09-30": "306", "2006-06-30": "309", "2006-03-31": "306", "2005-12-31": "308", "2005-09-30": "305", "2005-06-30": "307", "2005-03-31": "314"}}, "total-assets": {"Eaton Annual Total Assets (Millions of US $)": {"2019": "$32,805", "2018": "$31,092", "2017": "$32,623", "2016": "$30,476", "2015": "$30,996", "2014": "$33,529", "2013": "$35,491", "2012": "$35,810", "2011": "$17,873", "2010": "$17,252", "2009": "$16,282", "2008": "$16,655", "2007": "$13,430", "2006": "$11,417", "2005": "$10,218"}, "Eaton Quarterly Total Assets (Millions of US $)": {"2020-09-30": "$30,985", "2020-06-30": "$30,348", "2020-03-31": "$30,845", "2019-12-31": "$32,805", "2019-09-30": "$31,895", "2019-06-30": "$32,244", "2019-03-31": "$31,649", "2018-12-31": "$31,092", "2018-09-30": "$31,628", "2018-06-30": "$31,865", "2018-03-31": "$32,668", "2017-12-31": "$32,623", "2017-09-30": "$32,725", "2017-06-30": "$31,355", "2017-03-31": "$30,611", "2016-12-31": "$30,476", "2016-09-30": "$31,237", "2016-06-30": "$31,154", "2016-03-31": "$31,583", "2015-12-31": "$30,996", "2015-09-30": "$32,201", "2015-06-30": "$32,579", "2015-03-31": "$32,696", "2014-12-31": "$33,529", "2014-09-30": "$34,239", "2014-06-30": "$35,258", "2014-03-31": "$35,262", "2013-12-31": "$35,491", "2013-09-30": "$35,312", "2013-06-30": "$35,257", "2013-03-31": "$34,977", "2012-12-31": "$35,810", "2012-09-30": "$18,800", "2012-06-30": "$18,554", "2012-03-31": "$17,993", "2011-12-31": "$17,873", "2011-09-30": "$17,627", "2011-06-30": "$18,121", "2011-03-31": "$17,337", "2010-12-31": "$17,252", "2010-09-30": "$17,015", "2010-06-30": "$15,927", "2010-03-31": "$15,847", "2009-12-31": "$16,282", "2009-09-30": "$16,495", "2009-06-30": "$16,191", "2009-03-31": "$16,001", "2008-12-31": "$16,655", "2008-09-30": "$16,967", "2008-06-30": "$17,923", "2008-03-31": "$14,646", "2007-12-31": "$13,430", "2007-09-30": "$12,739", "2007-06-30": "$12,419", "2007-03-31": "$12,240", "2006-12-31": "$11,417", "2006-09-30": "$11,254", "2006-06-30": "$10,885", "2006-03-31": "$10,691", "2005-12-31": "$10,218", "2005-09-30": "$9,749", "2005-06-30": "$9,507", "2005-03-31": "$9,274"}}, "cash-on-hand": {"Eaton Annual Cash on Hand (Millions of US $)": {"2019": "$591", "2018": "$440", "2017": "$1,095", "2016": "$746", "2015": "$445", "2014": "$1,026", "2013": "$1,709", "2012": "$1,104", "2011": "$1,084", "2010": "$1,171", "2009": "$773", "2008": "$530", "2007": "$646", "2006": "$785", "2005": "$336"}, "Eaton Quarterly Cash on Hand (Millions of US $)": {"2020-09-30": "$763", "2020-06-30": "$496", "2020-03-31": "$417", "2019-12-31": "$591", "2019-09-30": "$830", "2019-06-30": "$797", "2019-03-31": "$446", "2018-12-31": "$440", "2018-09-30": "$505", "2018-06-30": "$492", "2018-03-31": "$827", "2017-12-31": "$1,095", "2017-09-30": "$1,634", "2017-06-30": "$837", "2017-03-31": "$523", "2016-12-31": "$746", "2016-09-30": "$707", "2016-06-30": "$469", "2016-03-31": "$573", "2015-12-31": "$445", "2015-09-30": "$568", "2015-06-30": "$430", "2015-03-31": "$802", "2014-12-31": "$1,026", "2014-09-30": "$990", "2014-06-30": "$1,265", "2014-03-31": "$1,144", "2013-12-31": "$1,709", "2013-09-30": "$1,340", "2013-06-30": "$996", "2013-03-31": "$1,036", "2012-12-31": "$1,104", "2012-09-30": "$1,045", "2012-06-30": "$1,177", "2012-03-31": "$811", "2011-12-31": "$1,084", "2011-09-30": "$814", "2011-06-30": "$883", "2011-03-31": "$697", "2010-12-31": "$1,171", "2010-09-30": "$888", "2010-06-30": "$787", "2010-03-31": "$489", "2009-12-31": "$773", "2009-09-30": "$665", "2009-06-30": "$581", "2009-03-31": "$434", "2008-12-31": "$530", "2008-09-30": "$463", "2008-06-30": "$718", "2008-03-31": "$583", "2007-12-31": "$646", "2007-09-30": "$739", "2007-06-30": "$494", "2007-03-31": "$419", "2006-12-31": "$785", "2006-09-30": "$701", "2006-06-30": "$479", "2006-03-31": "$442", "2005-12-31": "$336", "2005-09-30": "$339", "2005-06-30": "$445", "2005-03-31": "$343"}}, "long-term-debt": {"Eaton Annual Long Term Debt (Millions of US $)": {"2019": "$7,819", "2018": "$6,768", "2017": "$7,167", "2016": "$6,711", "2015": "$7,746", "2014": "$8,024", "2013": "$8,969", "2012": "$9,765", "2011": "$3,366", "2010": "$3,382", "2009": "$3,349", "2008": "$3,190", "2007": "$2,432", "2006": "$1,774", "2005": "$1,830"}, "Eaton Quarterly Long Term Debt (Millions of US $)": {"2020-09-30": "$6,948", "2020-06-30": "$6,906", "2020-03-31": "$7,842", "2019-12-31": "$7,819", "2019-09-30": "$8,013", "2019-06-30": "$8,079", "2019-03-31": "$6,782", "2018-12-31": "$6,768", "2018-09-30": "$6,737", "2018-06-30": "$6,753", "2018-03-31": "$6,845", "2017-12-31": "$7,167", "2017-09-30": "$7,273", "2017-06-30": "$6,264", "2017-03-31": "$6,677", "2016-12-31": "$6,711", "2016-09-30": "$7,881", "2016-06-30": "$7,605", "2016-03-31": "$7,572", "2015-12-31": "$7,746", "2015-09-30": "$7,830", "2015-06-30": "$7,770", "2015-03-31": "$7,829", "2014-12-31": "$8,024", "2014-09-30": "$8,587", "2014-06-30": "$8,615", "2014-03-31": "$8,991", "2013-12-31": "$8,969", "2013-09-30": "$9,029", "2013-06-30": "$9,069", "2013-03-31": "$9,473", "2012-12-31": "$9,765", "2012-09-30": "$3,690", "2012-06-30": "$3,678", "2012-03-31": "$3,345", "2011-12-31": "$3,366", "2011-09-30": "$3,368", "2011-06-30": "$3,650", "2011-03-31": "$3,354", "2010-12-31": "$3,382", "2010-09-30": "$3,406", "2010-06-30": "$3,378", "2010-03-31": "$3,347", "2009-12-31": "$3,349", "2009-09-30": "$3,391", "2009-06-30": "$3,399", "2009-03-31": "$3,707", "2008-12-31": "$3,190", "2008-09-30": "$2,921", "2008-06-30": "$3,155", "2008-03-31": "$2,704", "2007-12-31": "$2,432", "2007-09-30": "$2,547", "2007-06-30": "$2,518", "2007-03-31": "$2,553", "2006-12-31": "$1,774", "2006-09-30": "$1,770", "2006-06-30": "$1,514", "2006-03-31": "$1,561", "2005-12-31": "$1,830", "2005-09-30": "$1,725", "2005-06-30": "$1,941", "2005-03-31": "$1,734"}}, "total-liabilities": {"Eaton Annual Total Liabilities (Millions of US $)": {"2019": "$16,672", "2018": "$14,950", "2017": "$15,333", "2016": "$15,478", "2015": "$15,765", "2014": "$17,690", "2013": "$18,628", "2012": "$20,632", "2011": "$10,381", "2010": "$9,849", "2009": "$9,464", "2008": "$10,290", "2007": "$8,258", "2006": "$7,311", "2005": "$6,440"}, "Eaton Quarterly Total Liabilities (Millions of US $)": {"2020-09-30": "$16,467", "2020-06-30": "$16,113", "2020-03-31": "$16,557", "2019-12-31": "$16,672", "2019-09-30": "$15,995", "2019-06-30": "$15,883", "2019-03-31": "$15,382", "2018-12-31": "$14,950", "2018-09-30": "$14,839", "2018-06-30": "$15,140", "2018-03-31": "$15,367", "2017-12-31": "$15,333", "2017-09-30": "$16,089", "2017-06-30": "$15,761", "2017-03-31": "$15,412", "2016-12-31": "$15,478", "2016-09-30": "$15,791", "2016-06-30": "$15,790", "2016-03-31": "$16,020", "2015-12-31": "$15,765", "2015-09-30": "$16,788", "2015-06-30": "$16,776", "2015-03-31": "$17,432", "2014-12-31": "$17,690", "2014-09-30": "$17,594", "2014-06-30": "$18,216", "2014-03-31": "$18,151", "2013-12-31": "$18,628", "2013-09-30": "$19,195", "2013-06-30": "$19,826", "2013-03-31": "$19,767", "2012-12-31": "$20,632", "2012-09-30": "$10,558", "2012-06-30": "$10,596", "2012-03-31": "$10,039", "2011-12-31": "$10,381", "2011-09-30": "$9,881", "2011-06-30": "$9,934", "2011-03-31": "$9,513", "2010-12-31": "$9,849", "2010-09-30": "$9,766", "2010-06-30": "$9,317", "2010-03-31": "$9,125", "2009-12-31": "$9,464", "2009-09-30": "$9,488", "2009-06-30": "$9,500", "2009-03-31": "$9,894", "2008-12-31": "$10,290", "2008-09-30": "$9,988", "2008-06-30": "$10,529", "2008-03-31": "$9,146", "2007-12-31": "$8,258", "2007-09-30": "$7,996", "2007-06-30": "$7,972", "2007-03-31": "$7,962", "2006-12-31": "$7,311", "2006-09-30": "$6,866", "2006-06-30": "$6,636", "2006-03-31": "$6,644", "2005-12-31": "$6,440", "2005-09-30": "$6,054", "2005-06-30": "$6,018", "2005-03-31": "$5,746"}}, "total-share-holder-equity": {"Eaton Annual Share Holder Equity (Millions of US $)": {"2019": "$16,133", "2018": "$16,142", "2017": "$17,290", "2016": "$14,998", "2015": "$15,231", "2014": "$15,839", "2013": "$16,863", "2012": "$15,178", "2011": "$7,492", "2010": "$7,403", "2009": "$6,818", "2008": "$6,365", "2007": "$5,172", "2006": "$4,106", "2005": "$3,778"}, "Eaton Quarterly Share Holder Equity (Millions of US $)": {"2020-09-30": "$14,518", "2020-06-30": "$14,235", "2020-03-31": "$14,288", "2019-12-31": "$16,133", "2019-09-30": "$15,900", "2019-06-30": "$16,361", "2019-03-31": "$16,267", "2018-12-31": "$16,142", "2018-09-30": "$16,789", "2018-06-30": "$16,725", "2018-03-31": "$17,301", "2017-12-31": "$17,290", "2017-09-30": "$16,636", "2017-06-30": "$15,594", "2017-03-31": "$15,199", "2016-12-31": "$14,998", "2016-09-30": "$15,446", "2016-06-30": "$15,364", "2016-03-31": "$15,563", "2015-12-31": "$15,231", "2015-09-30": "$15,413", "2015-06-30": "$15,803", "2015-03-31": "$15,264", "2014-12-31": "$15,839", "2014-09-30": "$16,645", "2014-06-30": "$17,042", "2014-03-31": "$17,111", "2013-12-31": "$16,863", "2013-09-30": "$16,117", "2013-06-30": "$15,431", "2013-03-31": "$15,210", "2012-12-31": "$15,178", "2012-09-30": "$8,242", "2012-06-30": "$7,958", "2012-03-31": "$7,954", "2011-12-31": "$7,492", "2011-09-30": "$7,746", "2011-06-30": "$8,187", "2011-03-31": "$7,824", "2010-12-31": "$7,403", "2010-09-30": "$7,249", "2010-06-30": "$6,610", "2010-03-31": "$6,722", "2009-12-31": "$6,818", "2009-09-30": "$7,007", "2009-06-30": "$6,691", "2009-03-31": "$6,107", "2008-12-31": "$6,365", "2008-09-30": "$6,979", "2008-06-30": "$7,394", "2008-03-31": "$5,500", "2007-12-31": "$5,172", "2007-09-30": "$4,743", "2007-06-30": "$4,447", "2007-03-31": "$4,278", "2006-12-31": "$4,106", "2006-09-30": "$4,388", "2006-06-30": "$4,249", "2006-03-31": "$4,047", "2005-12-31": "$3,778", "2005-09-30": "$3,695", "2005-06-30": "$3,489", "2005-03-31": "$3,528"}}, "profit-margins": {"current": "7.9%"}, "gross margin": {"2020-12-31": "30.52%", "2020-09-30": "30.54%", "2020-06-30": "30.99%", "2020-03-31": "32.61%", "2019-12-31": "32.97%", "2019-09-30": "33.13%", "2019-06-30": "33.04%", "2019-03-31": "33.01%", "2018-12-31": "32.85%", "2018-09-30": "32.71%", "2018-06-30": "32.69%", "2018-03-31": "32.61%", "2017-12-31": "32.58%", "2017-09-30": "32.52%", "2017-06-30": "32.23%", "2017-03-31": "32.20%", "2016-12-31": "32.16%", "2016-09-30": "32.19%", "2016-06-30": "31.79%", "2016-03-31": "31.51%", "2015-12-31": "31.41%", "2015-09-30": "31.13%", "2015-06-30": "31.33%", "2015-03-31": "30.97%", "2014-12-31": "30.62%", "2014-09-30": "30.35%", "2014-06-30": "30.13%", "2014-03-31": "30.30%", "2013-12-31": "30.29%", "2013-09-30": "29.89%", "2013-06-30": "29.75%", "2013-03-31": "29.62%", "2012-12-31": "29.81%", "2012-09-30": "30.47%", "2012-06-30": "30.26%", "2012-03-31": "30.07%", "2011-12-31": "29.83%", "2011-09-30": "29.79%", "2011-06-30": "30.00%", "2011-03-31": "29.84%", "2010-12-31": "29.76%", "2010-09-30": "29.39%", "2010-06-30": "28.74%", "2010-03-31": "27.58%", "2009-12-31": "26.03%", "2009-09-30": "25.04%", "2009-06-30": "25.25%", "2009-03-31": "26.27%", "2008-12-31": "27.22%", "2008-09-30": "27.98%", "2008-06-30": "27.94%", "2008-03-31": "27.80%", "2007-12-31": "28.01%", "2007-09-30": "27.49%", "2007-06-30": "26.98%", "2007-03-31": "26.93%", "2006-12-31": "26.84%", "2006-09-30": "27.27%", "2006-06-30": "27.93%", "2006-03-31": "28.05%", "2005-12-31": "27.99%"}, "operating margin": {"2020-12-31": "10.21%", "2020-09-30": "10.19%", "2020-06-30": "10.72%", "2020-03-31": "12.81%", "2019-12-31": "13.38%", "2019-09-30": "13.80%", "2019-06-30": "12.55%", "2019-03-31": "12.54%", "2018-12-31": "12.45%", "2018-09-30": "12.14%", "2018-06-30": "13.12%", "2018-03-31": "12.73%", "2017-12-31": "12.44%", "2017-09-30": "12.20%", "2017-06-30": "11.94%", "2017-03-31": "11.83%", "2016-12-31": "11.65%", "2016-09-30": "11.56%", "2016-06-30": "11.07%", "2016-03-31": "11.02%", "2015-12-31": "11.17%", "2015-09-30": "11.23%", "2015-06-30": "11.62%", "2015-03-31": "8.31%", "2014-12-31": "8.00%", "2014-09-30": "7.21%", "2014-06-30": "6.82%", "2014-03-31": "9.86%", "2013-12-31": "9.74%", "2013-09-30": "9.24%", "2013-06-30": "9.12%", "2013-03-31": "9.04%", "2012-12-31": "9.38%", "2012-09-30": "10.48%", "2012-06-30": "10.60%", "2012-03-31": "10.37%", "2011-12-31": "10.18%", "2011-09-30": "9.96%", "2011-06-30": "9.57%", "2011-03-31": "9.07%", "2010-12-31": "8.54%", "2010-09-30": "7.84%", "2010-06-30": "7.09%", "2010-03-31": "5.55%", "2009-12-31": "3.74%", "2009-09-30": "3.33%", "2009-06-30": "4.38%", "2009-03-31": "6.23%", "2008-12-31": "8.16%", "2008-09-30": "9.04%", "2008-06-30": "9.05%", "2008-03-31": "8.95%", "2007-12-31": "9.03%", "2007-09-30": "8.70%", "2007-06-30": "8.38%", "2007-03-31": "8.46%", "2006-12-31": "8.41%", "2006-09-30": "8.70%", "2006-06-30": "9.19%", "2006-03-31": "9.36%", "2005-12-31": "9.37%"}, "ebitda margin": {"2020-09-30": "14.64%", "2020-06-30": "15.09%", "2020-03-31": "16.93%", "2019-12-31": "17.52%", "2019-09-30": "17.92%", "2019-06-30": "16.64%", "2019-03-31": "16.67%", "2018-12-31": "16.63%", "2018-09-30": "16.39%", "2018-06-30": "17.46%", "2018-03-31": "17.15%", "2017-12-31": "16.92%", "2017-09-30": "16.76%", "2017-06-30": "16.56%", "2017-03-31": "16.49%", "2016-12-31": "16.35%", "2016-09-30": "16.24%", "2016-06-30": "15.69%", "2016-03-31": "15.58%", "2015-12-31": "15.61%", "2015-09-30": "15.59%", "2015-06-30": "15.94%", "2015-03-31": "12.62%", "2014-12-31": "12.36%", "2014-09-30": "11.65%", "2014-06-30": "11.31%", "2014-03-31": "14.36%", "2013-12-31": "14.26%", "2013-09-30": "13.65%", "2013-06-30": "13.34%", "2013-03-31": "13.02%", "2012-12-31": "13.05%", "2012-09-30": "13.95%", "2012-06-30": "14.02%", "2012-03-31": "13.81%", "2011-12-31": "13.64%", "2011-09-30": "13.51%", "2011-06-30": "13.23%", "2011-03-31": "12.88%", "2010-12-31": "12.56%", "2010-09-30": "12.07%", "2010-06-30": "11.59%", "2010-03-31": "10.28%", "2009-12-31": "8.57%", "2009-09-30": "7.95%", "2009-06-30": "8.67%", "2009-03-31": "10.20%", "2008-12-31": "11.88%", "2008-09-30": "12.51%", "2008-06-30": "12.45%", "2008-03-31": "12.35%", "2007-12-31": "12.40%", "2007-09-30": "12.29%", "2007-06-30": "11.97%", "2007-03-31": "12.00%", "2006-12-31": "11.96%", "2006-09-30": "12.35%", "2006-06-30": "12.88%", "2006-03-31": "13.06%", "2005-12-31": "13.13%"}, "pre tax profit margin": {"2020-12-31": "9.78%", "2020-09-30": "9.37%", "2020-06-30": "9.99%", "2020-03-31": "12.50%", "2019-12-31": "12.11%", "2019-09-30": "12.89%", "2019-06-30": "11.54%", "2019-03-31": "11.37%", "2018-12-31": "11.22%", "2018-09-30": "10.92%", "2018-06-30": "16.95%", "2018-03-31": "16.66%", "2017-12-31": "16.51%", "2017-09-30": "16.37%", "2017-06-30": "10.90%", "2017-03-31": "10.83%", "2016-12-31": "10.73%", "2016-09-30": "10.59%", "2016-06-30": "10.05%", "2016-03-31": "10.12%", "2015-12-31": "10.23%", "2015-09-30": "10.29%", "2015-06-30": "10.75%", "2015-03-31": "8.14%", "2014-12-31": "7.81%", "2014-09-30": "7.02%", "2014-06-30": "6.52%", "2014-03-31": "8.71%", "2013-12-31": "8.55%", "2013-09-30": "7.40%", "2013-06-30": "7.28%", "2013-03-31": "7.26%", "2012-12-31": "7.67%", "2012-09-30": "9.70%", "2012-06-30": "9.94%", "2012-03-31": "9.79%", "2011-12-31": "9.68%", "2011-09-30": "9.29%", "2011-06-30": "8.79%", "2011-03-31": "8.21%", "2010-12-31": "7.55%", "2010-09-30": "6.93%", "2010-06-30": "6.12%", "2010-03-31": "4.55%", "2009-12-31": "2.55%", "2009-09-30": "2.20%", "2009-06-30": "3.45%", "2009-03-31": "5.36%", "2008-12-31": "7.41%", "2008-09-30": "8.37%", "2008-06-30": "8.19%", "2008-03-31": "8.06%", "2007-12-31": "8.09%", "2007-09-30": "7.96%", "2007-06-30": "7.76%", "2007-03-31": "7.94%", "2006-12-31": "7.92%", "2006-09-30": "8.08%", "2006-06-30": "8.53%", "2006-03-31": "8.73%", "2005-12-31": "8.87%"}, "net profit margin": {"2020-12-31": "7.90%", "2020-09-30": "7.53%", "2020-06-30": "8.03%", "2020-03-31": "10.19%", "2019-12-31": "10.34%", "2019-09-30": "11.06%", "2019-06-30": "10.16%", "2019-03-31": "10.06%", "2018-12-31": "9.93%", "2018-09-30": "10.05%", "2018-06-30": "14.80%", "2018-03-31": "14.61%", "2017-12-31": "14.63%", "2017-09-30": "14.20%", "2017-06-30": "9.94%", "2017-03-31": "9.84%", "2016-12-31": "9.70%", "2016-09-30": "9.75%", "2016-06-30": "9.26%", "2016-03-31": "9.34%", "2015-12-31": "9.46%", "2015-09-30": "9.49%", "2015-06-30": "9.98%", "2015-03-31": "8.17%", "2014-12-31": "7.95%", "2014-09-30": "7.51%", "2014-06-30": "7.14%", "2014-03-31": "8.65%", "2013-12-31": "8.44%", "2013-09-30": "7.49%", "2013-06-30": "7.27%", "2013-03-31": "7.27%", "2012-12-31": "7.46%", "2012-09-30": "8.74%", "2012-06-30": "8.77%", "2012-03-31": "8.48%", "2011-12-31": "8.41%", "2011-09-30": "8.09%", "2011-06-30": "7.74%", "2011-03-31": "7.36%", "2010-12-31": "6.77%", "2010-09-30": "6.52%", "2010-06-30": "6.21%", "2010-03-31": "4.83%", "2009-12-31": "3.23%", "2009-09-30": "2.74%", "2009-06-30": "3.43%", "2009-03-31": "5.18%", "2008-12-31": "6.88%", "2008-09-30": "7.54%", "2008-06-30": "7.57%", "2008-03-31": "7.51%", "2007-12-31": "7.63%", "2007-09-30": "7.71%", "2007-06-30": "7.77%", "2007-03-31": "7.90%", "2006-12-31": "7.77%", "2006-09-30": "7.78%", "2006-06-30": "7.56%", "2006-03-31": "7.37%", "2005-12-31": "7.40%"}, "pe ratio": {"current": "28.19", "2021-02-11": "53.48", "2020-12-31": "52.01", "2020-09-30": "29.81", "2020-06-30": "23.13", "2020-03-31": "14.88", "2019-12-31": "17.42", "2019-09-30": "14.17", "2019-06-30": "15.41", "2019-03-31": "15.10", "2018-12-31": "13.10", "2018-09-30": "16.50", "2018-06-30": "9.73", "2018-03-31": "10.67", "2017-12-31": "10.69", "2017-09-30": "10.81", "2017-06-30": "15.80", "2017-03-31": "15.22", "2016-12-31": "13.91", "2016-09-30": "13.40", "2016-06-30": "12.64", "2016-03-31": "12.90", "2015-12-31": "10.35", "2015-09-30": "9.92", "2015-06-30": "12.09", "2015-03-31": "14.53", "2014-12-31": "14.68", "2014-09-30": "14.48", "2014-06-30": "18.50", "2014-03-31": "14.87", "2013-12-31": "15.47", "2013-09-30": "16.14", "2013-06-30": "15.57", "2013-03-31": "14.05", "2012-12-31": "11.92", "2012-09-30": "8.79", "2012-06-30": "7.22", "2012-03-31": "9.34", "2011-12-31": "8.26", "2011-09-30": "7.15", "2011-06-30": "11.14", "2011-03-31": "13.10", "2010-12-31": "13.56", "2010-09-30": "11.77", "2010-06-30": "10.13", "2010-03-31": "15.55", "2009-12-31": "19.88", "2009-09-30": "19.93", "2009-06-30": "11.38", "2009-03-31": "5.52", "2008-12-31": "5.17", "2008-09-30": "5.20", "2008-06-30": "7.99", "2008-03-31": "7.88", "2007-12-31": "9.65", "2007-09-30": "9.99", "2007-06-30": "9.47", "2007-03-31": "8.47", "2006-12-31": "7.82"}, "price sales": {"2021-02-11": "2.80", "2020-12-31": "2.72", "2020-09-30": "2.25", "2020-06-30": "1.86", "2020-03-31": "1.52", "2019-12-31": "1.81", "2019-09-30": "1.57", "2019-06-30": "1.57", "2019-03-31": "1.52", "2018-12-31": "1.30", "2018-09-30": "1.66", "2018-06-30": "1.44", "2018-03-31": "1.56", "2017-12-31": "1.57", "2017-09-30": "1.55", "2017-06-30": "1.58", "2017-03-31": "1.51", "2016-12-31": "1.36", "2016-09-30": "1.31", "2016-06-30": "1.18", "2016-03-31": "1.21", "2015-12-31": "0.98", "2015-09-30": "0.94", "2015-06-30": "1.21", "2015-03-31": "1.19", "2014-12-31": "1.17", "2014-09-30": "1.09", "2014-06-30": "1.32", "2014-03-31": "1.29", "2013-12-31": "1.30", "2013-09-30": "1.15", "2013-06-30": "1.10", "2013-03-31": "1.01", "2012-12-31": "0.88", "2012-09-30": "0.77", "2012-06-30": "0.63", "2012-03-31": "0.79", "2011-12-31": "0.70", "2011-09-30": "0.58", "2011-06-30": "0.86", "2011-03-31": "0.96", "2010-12-31": "0.91", "2010-09-30": "0.77", "2010-06-30": "0.63", "2010-03-31": "0.75", "2009-12-31": "0.63", "2009-09-30": "0.63", "2009-06-30": "0.45", "2009-03-31": "0.32", "2008-12-31": "0.40", "2008-09-30": "0.39", "2008-06-30": "0.60", "2008-03-31": "0.59", "2007-12-31": "0.74", "2007-09-30": "0.77", "2007-06-30": "0.74", "2007-03-31": "0.67", "2006-12-31": "0.61"}, "price book": {"current": "3.19", "2021-02-11": "3.39", "2020-09-30": "2.78", "2020-06-30": "2.43", "2020-03-31": "2.12", "2019-12-31": "2.35", "2019-09-30": "2.07", "2019-06-30": "2.03", "2019-03-31": "1.98", "2018-12-31": "1.68", "2018-09-30": "2.07", "2018-06-30": "1.78", "2018-03-31": "1.84", "2017-12-31": "1.82", "2017-09-30": "1.82", "2017-06-30": "1.97", "2017-03-31": "1.93", "2016-12-31": "1.76", "2016-09-30": "1.67", "2016-06-30": "1.52", "2016-03-31": "1.57", "2015-12-31": "1.32", "2015-09-30": "1.29", "2015-06-30": "1.65", "2015-03-31": "1.71", "2014-12-31": "1.64", "2014-09-30": "1.46", "2014-06-30": "1.73", "2014-03-31": "1.67", "2013-12-31": "1.70", "2013-09-30": "1.60", "2013-06-30": "1.58", "2013-03-31": "1.48", "2012-12-31": "1.30", "2012-09-30": "1.48", "2012-06-30": "1.28", "2012-03-31": "1.59", "2011-12-31": "1.45", "2011-09-30": "1.14", "2011-06-30": "1.58", "2011-03-31": "1.77", "2010-12-31": "1.69", "2010-09-30": "1.38", "2010-06-30": "1.19", "2010-03-31": "1.34", "2009-12-31": "2.19", "2009-09-30": "0.94", "2009-06-30": "0.77", "2009-03-31": "0.69", "2008-12-31": "0.87", "2008-09-30": "0.89", "2008-06-30": "1.27", "2008-03-31": "1.41", "2007-12-31": "1.80", "2007-09-30": "2.00", "2007-06-30": "1.99", "2007-03-31": "1.86", "2006-12-31": "1.73", "2006-09-30": "1.50", "2006-06-30": "1.70", "2006-03-31": "1.72"}, "price fcf": {"2021-02-11": "", "2020-09-30": "$6.10", "2020-06-30": "$6.32", "2020-03-31": "$6.38", "2019-12-31": "$6.81", "2019-09-30": "$6.47", "2019-06-30": "$6.19", "2019-03-31": "$5.26", "2018-12-31": "$4.79", "2018-09-30": "$4.85", "2018-06-30": "$4.31", "2018-03-31": "$4.50", "2017-12-31": "$4.80", "2017-09-30": "$4.29", "2017-06-30": "$4.37", "2017-03-31": "$4.71", "2016-12-31": "$4.54", "2016-09-30": "$4.85", "2016-06-30": "$5.14", "2016-03-31": "$4.74", "2015-12-31": "$4.07", "2015-09-30": "$4.15", "2015-06-30": "$2.63", "2015-03-31": "$2.76", "2014-12-31": "$2.61", "2014-09-30": "$2.49", "2014-06-30": "$3.40", "2014-03-31": "$3.35", "2013-12-31": "$3.51", "2013-09-30": "$3.41", "2013-06-30": "$3.60", "2013-03-31": "$3.60", "2012-12-31": "$3.05", "2012-09-30": "$2.92", "2012-06-30": "$2.90", "2012-03-31": "$2.52", "2011-12-31": "$1.98", "2011-09-30": "$1.98", "2011-06-30": "$1.51", "2011-03-31": "$2.07", "2010-12-31": "$2.62", "2010-09-30": "$2.87", "2010-06-30": "$3.18", "2010-03-31": "$2.88", "2009-12-31": "$3.61", "2009-09-30": "$2.43", "2009-06-30": "$2.12", "2009-03-31": "$2.00", "2008-12-31": "$1.53", "2008-09-30": "$2.36", "2008-06-30": "$2.80", "2008-03-31": "$2.95", "2007-12-31": "$2.67", "2007-09-30": "$2.59", "2007-06-30": "$2.43", "2007-03-31": "$2.69", "2006-12-31": "$3.50"}, "net worth": {"value": "$47.76B"}, "current ratio": {"2020-12-31": "1.55", "2020-09-30": "1.49", "2020-06-30": "1.50", "2020-03-31": "1.75", "2019-12-31": "1.70", "2019-09-30": "1.72", "2019-06-30": "1.83", "2019-03-31": "1.47", "2018-12-31": "1.47", "2018-09-30": "1.49", "2018-06-30": "1.47", "2018-03-31": "1.51", "2017-12-31": "1.64", "2017-09-30": "1.43", "2017-06-30": "1.19", "2017-03-31": "1.26", "2016-12-31": "1.28", "2016-09-30": "1.54", "2016-06-30": "1.42", "2016-03-31": "1.40", "2015-12-31": "1.43", "2015-09-30": "1.49", "2015-06-30": "1.51", "2015-03-31": "1.40", "2014-12-31": "1.51", "2014-09-30": "1.69", "2014-06-30": "1.59", "2014-03-31": "1.81", "2013-12-31": "1.78", "2013-09-30": "1.73", "2013-06-30": "1.65", "2013-03-31": "1.67", "2012-12-31": "1.43", "2012-09-30": "1.67", "2012-06-30": "1.66", "2012-03-31": "1.65", "2011-12-31": "1.60", "2011-09-30": "1.52", "2011-06-30": "1.74", "2011-03-31": "1.71", "2010-12-31": "1.70", "2010-09-30": "1.62", "2010-06-30": "1.62", "2010-03-31": "1.62", "2009-12-31": "1.68", "2009-09-30": "1.52", "2009-06-30": "1.46", "2009-03-31": "1.51", "2008-12-31": "1.28", "2008-09-30": "1.24", "2008-06-30": "1.30", "2008-03-31": "1.23", "2007-12-31": "1.30", "2007-09-30": "1.53", "2007-06-30": "1.43", "2007-03-31": "1.41", "2006-12-31": "1.34", "2006-09-30": "1.29", "2006-06-30": "1.18", "2006-03-31": "1.13", "2005-12-31": "1.21", "2005-09-30": "1.28", "2005-06-30": "1.38", "2005-03-31": "1.35"}, "quick ratio": {"2020-12-31": "1.19", "2020-09-30": "1.13", "2020-06-30": "1.11", "2020-03-31": "1.28", "2019-12-31": "1.15", "2019-09-30": "1.10", "2019-06-30": "1.19", "2019-03-31": "0.92", "2018-12-31": "0.93", "2018-09-30": "0.96", "2018-06-30": "0.96", "2018-03-31": "1.00", "2017-12-31": "1.13", "2017-09-30": "1.02", "2017-06-30": "0.81", "2017-03-31": "0.83", "2016-12-31": "0.86", "2016-09-30": "1.04", "2016-06-30": "0.94", "2016-03-31": "0.92", "2015-12-31": "0.93", "2015-09-30": "1.02", "2015-06-30": "1.03", "2015-03-31": "0.97", "2014-12-31": "1.06", "2014-09-30": "1.19", "2014-06-30": "1.14", "2014-03-31": "1.28", "2013-12-31": "1.29", "2013-09-30": "1.26", "2013-06-30": "1.17", "2013-03-31": "1.18", "2012-12-31": "1.01", "2012-09-30": "1.19", "2012-06-30": "1.20", "2012-03-31": "1.15", "2011-12-31": "1.13", "2011-09-30": "1.05", "2011-06-30": "1.22", "2011-03-31": "1.19", "2010-12-31": "1.22", "2010-09-30": "1.15", "2010-06-30": "1.16", "2010-03-31": "1.12", "2009-12-31": "1.19", "2009-09-30": "1.07", "2009-06-30": "1.02", "2009-03-31": "1.00", "2008-12-31": "0.87", "2008-09-30": "0.84", "2008-06-30": "0.90", "2008-03-31": "0.85", "2007-12-31": "0.90", "2007-09-30": "1.09", "2007-06-30": "1.00", "2007-03-31": "0.96", "2006-12-31": "0.95", "2006-09-30": "0.93", "2006-06-30": "0.84", "2006-03-31": "0.80", "2005-12-31": "0.84", "2005-09-30": "0.91", "2005-06-30": "0.98", "2005-03-31": "0.95"}, "debt equity ratio": {"current": "0.47", "2020-12-31": "1.13", "2020-09-30": "1.13", "2020-06-30": "1.13", "2020-03-31": "1.16", "2019-12-31": "1.03", "2019-09-30": "1.01", "2019-06-30": "0.97", "2019-03-31": "0.95", "2018-12-31": "0.93", "2018-09-30": "0.88", "2018-06-30": "0.91", "2018-03-31": "0.89", "2017-12-31": "0.89", "2017-09-30": "0.97", "2017-06-30": "1.01", "2017-03-31": "1.01", "2016-12-31": "1.03", "2016-09-30": "1.02", "2016-06-30": "1.03", "2016-03-31": "1.03", "2015-12-31": "1.04", "2015-09-30": "1.09", "2015-06-30": "1.06", "2015-03-31": "1.14", "2014-12-31": "1.12", "2014-09-30": "1.06", "2014-06-30": "1.07", "2014-03-31": "1.06", "2013-12-31": "1.11", "2013-09-30": "1.19", "2013-06-30": "1.29", "2013-03-31": "1.30", "2012-12-31": "1.36", "2012-09-30": "1.28", "2012-06-30": "1.33", "2012-03-31": "1.26", "2011-12-31": "1.39", "2011-09-30": "1.28", "2011-06-30": "1.21", "2011-03-31": "1.22", "2010-12-31": "1.33", "2010-09-30": "1.35", "2010-06-30": "1.41", "2010-03-31": "1.36", "2009-12-31": "1.39", "2009-09-30": "1.35", "2009-06-30": "1.42", "2009-03-31": "1.62", "2008-12-31": "1.62", "2008-09-30": "1.43", "2008-06-30": "1.42", "2008-03-31": "1.66", "2007-12-31": "1.60", "2007-09-30": "1.69", "2007-06-30": "1.79", "2007-03-31": "1.86", "2006-12-31": "1.78", "2006-09-30": "1.57", "2006-06-30": "1.56", "2006-03-31": "1.64", "2005-12-31": "1.71", "2005-09-30": "1.64", "2005-06-30": "1.73", "2005-03-31": "1.63"}, "return on equity": {"2020-12-31": "9.72%", "2020-09-30": "9.38%", "2020-06-30": "10.19%", "2020-03-31": "13.57%", "2019-12-31": "13.68%", "2019-09-30": "14.78%", "2019-06-30": "13.45%", "2019-03-31": "13.22%", "2018-12-31": "12.81%", "2018-09-30": "12.62%", "2018-06-30": "18.44%", "2018-03-31": "18.19%", "2017-12-31": "18.45%", "2017-09-30": "18.25%", "2017-06-30": "12.87%", "2017-03-31": "12.76%", "2016-12-31": "12.49%", "2016-09-30": "12.62%", "2016-06-30": "12.12%", "2016-03-31": "12.32%", "2015-12-31": "12.78%", "2015-09-30": "13.02%", "2015-06-30": "13.75%", "2015-03-31": "11.24%", "2014-12-31": "10.76%", "2014-09-30": "10.00%", "2014-06-30": "9.53%", "2014-03-31": "11.73%", "2013-12-31": "11.70%", "2013-09-30": "10.08%", "2013-06-30": "10.33%", "2013-03-31": "11.02%", "2012-12-31": "12.38%", "2012-09-30": "17.70%", "2012-06-30": "18.23%", "2012-03-31": "17.51%", "2011-12-31": "17.28%", "2011-09-30": "16.28%", "2011-06-30": "15.28%", "2011-03-31": "14.59%", "2010-12-31": "13.28%", "2010-09-30": "12.56%", "2010-06-30": "11.56%", "2010-03-31": "8.63%", "2009-12-31": "5.75%", "2009-09-30": "5.12%", "2009-06-30": "6.99%", "2009-03-31": "11.34%", "2008-12-31": "16.13%", "2008-09-30": "18.38%", "2008-06-30": "19.19%", "2008-03-31": "20.28%", "2007-12-31": "21.33%", "2007-09-30": "22.28%", "2007-06-30": "22.51%", "2007-03-31": "22.94%", "2006-12-31": "22.63%", "2006-09-30": "22.33%", "2006-06-30": "22.07%", "2006-03-31": "22.01%", "2005-12-31": "22.22%"}, "return on assets": {"2020-12-31": "4.55%", "2020-09-30": "4.44%", "2020-06-30": "4.90%", "2020-03-31": "6.66%", "2019-12-31": "6.88%", "2019-09-30": "7.53%", "2019-06-30": "6.97%", "2019-03-31": "6.90%", "2018-12-31": "6.74%", "2018-09-30": "6.67%", "2018-06-30": "9.65%", "2018-03-31": "9.40%", "2017-12-31": "9.38%", "2017-09-30": "9.10%", "2017-06-30": "6.37%", "2017-03-31": "6.30%", "2016-12-31": "6.16%", "2016-09-30": "6.22%", "2016-06-30": "5.93%", "2016-03-31": "6.00%", "2015-12-31": "6.14%", "2015-09-30": "6.19%", "2015-06-30": "6.57%", "2015-03-31": "5.36%", "2014-12-31": "5.19%", "2014-09-30": "4.82%", "2014-06-30": "4.53%", "2014-03-31": "5.44%", "2013-12-31": "5.28%", "2013-09-30": "4.42%", "2013-06-30": "4.47%", "2013-03-31": "4.75%", "2012-12-31": "5.34%", "2012-09-30": "7.65%", "2012-06-30": "7.88%", "2012-03-31": "7.67%", "2011-12-31": "7.61%", "2011-09-30": "7.21%", "2011-06-30": "6.72%", "2011-03-31": "6.28%", "2010-12-31": "5.63%", "2010-09-30": "5.29%", "2010-06-30": "4.86%", "2010-03-31": "3.63%", "2009-12-31": "2.36%", "2009-09-30": "2.05%", "2009-06-30": "2.78%", "2009-03-31": "4.51%", "2008-12-31": "6.39%", "2008-09-30": "7.31%", "2008-06-30": "7.45%", "2008-03-31": "7.57%", "2007-12-31": "7.82%", "2007-09-30": "8.02%", "2007-06-30": "8.19%", "2007-03-31": "8.52%", "2006-12-31": "8.59%", "2006-09-30": "8.54%", "2006-06-30": "8.38%", "2006-03-31": "8.23%", "2005-12-31": "8.31%"}, "return on investments": {"2020-12-31": "8.41%", "2020-09-30": "8.46%", "2020-06-30": "9.03%", "2020-03-31": "11.32%", "2019-12-31": "12.01%", "2019-09-30": "12.65%", "2019-06-30": "11.61%", "2019-03-31": "11.69%", "2018-12-31": "11.44%", "2018-09-30": "10.85%", "2018-06-30": "11.57%", "2018-03-31": "11.23%", "2017-12-31": "11.02%", "2017-09-30": "10.96%", "2017-06-30": "10.67%", "2017-03-31": "10.42%", "2016-12-31": "10.09%", "2016-09-30": "9.98%", "2016-06-30": "9.67%", "2016-03-31": "9.70%", "2015-12-31": "10.03%", "2015-09-30": "10.23%", "2015-06-30": "10.63%", "2015-03-31": "7.57%", "2014-12-31": "7.16%", "2014-09-30": "6.32%", "2014-06-30": "5.95%", "2014-03-31": "8.63%", "2013-12-31": "8.57%", "2013-09-30": "7.76%", "2013-06-30": "8.13%", "2013-03-31": "8.72%", "2012-12-31": "10.23%", "2012-09-30": "14.68%", "2012-06-30": "15.28%", "2012-03-31": "14.91%", "2011-12-31": "14.52%", "2011-09-30": "13.91%", "2011-06-30": "13.02%", "2011-03-31": "12.28%", "2010-12-31": "11.29%", "2010-09-30": "10.12%", "2010-06-30": "8.82%", "2010-03-31": "6.63%", "2009-12-31": "4.39%", "2009-09-30": "4.08%", "2009-06-30": "5.92%", "2009-03-31": "9.19%", "2008-12-31": "13.14%", "2008-09-30": "15.22%", "2008-06-30": "15.54%", "2008-03-31": "15.98%", "2007-12-31": "16.41%", "2007-09-30": "16.38%", "2007-06-30": "16.20%", "2007-03-31": "16.97%", "2006-12-31": "17.58%", "2006-09-30": "17.77%", "2006-06-30": "18.88%", "2006-03-31": "19.02%", "2005-12-31": "18.77%"}, "return on tangible equity": {"2020-09-30": "-60.11%", "2020-06-30": "-68.64%", "2020-03-31": "-101.88%", "2019-12-31": "-114.44%", "2019-09-30": "-122.58%", "2019-06-30": "-121.66%", "2019-03-31": "-122.18%", "2018-12-31": "-123.77%", "2018-09-30": "-133.35%", "2018-06-30": "-175.00%", "2018-03-31": "-139.68%", "2017-12-31": "-112.24%", "2017-09-30": "-88.95%", "2017-06-30": "-55.42%", "2017-03-31": "-52.55%", "2016-12-31": "-50.27%", "2016-09-30": "-49.21%", "2016-06-30": "-45.56%", "2016-03-31": "-45.81%", "2015-12-31": "-45.58%", "2015-09-30": "-45.95%", "2015-06-30": "-49.72%", "2015-03-31": "-41.12%", "2014-12-31": "-40.94%", "2014-09-30": "-38.15%", "2014-06-30": "-33.78%", "2014-03-31": "-37.63%", "2013-12-31": "-34.24%", "2013-09-30": "-26.27%", "2013-06-30": "-30.64%", "2013-03-31": "-41.65%", "2012-12-31": "-75.52%", "2012-09-30": "3456.79%", "2012-06-30": "-8477.61%", "2012-03-31": "-10177.78%", "2011-12-31": "-2076.92%", "2011-09-30": "-1465.90%", "2011-06-30": "-571.92%", "2011-03-31": "-258.62%", "2010-12-31": "-148.22%", "2010-09-30": "-106.11%", "2010-06-30": "-85.84%", "2010-03-31": "-57.28%", "2009-12-31": "-32.44%", "2009-09-30": "-26.53%", "2009-06-30": "-37.28%", "2009-03-31": "-66.59%", "2008-12-31": "-116.65%", "2008-09-30": "-176.40%", "2008-06-30": "-227.44%", "2008-03-31": "-267.29%", "2007-12-31": "-274.21%", "2007-09-30": "-399.59%", "2007-06-30": "-867.11%", "2007-03-31": "1288.45%", "2006-12-31": "385.40%", "2006-09-30": "410.27%", "2006-06-30": "417.27%", "2006-03-31": "410.43%", "2005-12-31": "289.05%"}, "dividend yield history": {"last payout": "$2.92", "last yield": "2.44%"}}