{"ticker": "ETSY", "price": {"title": "Etsy Historical Annual Stock Price Data", "value": 226.05, "historical": {"2020": {"Average Stock Price": "98.0469", "Year Open": "45.1900", "Year High": "197.3800", "Year Low": "31.6900", "Year Close": "177.9100", "Annual % Change": "301.60%"}, "2019": {"Average Stock Price": "57.8007", "Year Open": "47.0000", "Year High": "72.7700", "Year Low": "40.5100", "Year Close": "44.3000", "Annual % Change": "-6.87%"}, "2018": {"Average Stock Price": "37.1288", "Year Open": "20.8300", "Year High": "57.4300", "Year Low": "17.7300", "Year Close": "47.5700", "Annual % Change": "132.62%"}, "2017": {"Average Stock Price": "14.3989", "Year Open": "11.8800", "Year High": "21.7600", "Year Low": "9.5600", "Year Close": "20.4500", "Annual % Change": "73.60%"}, "2016": {"Average Stock Price": "10.6516", "Year Open": "8.2400", "Year High": "15.8100", "Year Low": "6.3600", "Year Close": "11.7800", "Annual % Change": "42.62%"}, "2015": {"Average Stock Price": "14.7760", "Year Open": "30.0000", "Year High": "30.0000", "Year Low": "8.2600", "Year Close": "8.2600", "Annual % Change": "0.00%"}}}, "market cap": {"value": "$28.98B"}, "income statement": {"Revenue": {"2019-12-31": "818.37900", "2018-12-31": "603.69300", "2017-12-31": "441.23100", "2016-12-31": "364.96700", "2015-12-31": "273.49900", "2014-12-31": "195.59100", "2013-12-31": "125.02200", "2012-12-31": "74.60200"}, "Cost Of Goods Sold": {"2019-12-31": "271.03600", "2018-12-31": "190.76200", "2017-12-31": "150.98600", "2016-12-31": "123.32800", "2015-12-31": "96.97900", "2014-12-31": "73.63300", "2013-12-31": "47.77900", "2012-12-31": "24.49300"}, "Gross Profit": {"2019-12-31": "547.34300", "2018-12-31": "412.93100", "2017-12-31": "290.24500", "2016-12-31": "241.63900", "2015-12-31": "176.52000", "2014-12-31": "121.95800", "2013-12-31": "77.24300", "2012-12-31": "50.10900"}, "Research And Development Expenses": {"2019-12-31": "121.87800", "2018-12-31": "97.24900", "2017-12-31": "74.61600", "2016-12-31": "55.08300", "2015-12-31": "42.69400", "2014-12-31": "36.63400", "2013-12-31": "27.54800", "2012-12-31": "18.65300"}, "SG&A Expenses": {"2019-12-31": "336.70400", "2018-12-31": "240.89600", "2017-12-31": "200.57100", "2016-12-31": "168.42800", "2015-12-31": "135.71000", "2014-12-31": "91.57500", "2013-12-31": "48.96200", "2012-12-31": "32.81100"}, "Other Operating Income Or Expenses": {"2019-12-31": "", "2018-12-31": "", "2017-12-31": "-3.16200", "2016-12-31": "-0.55100", "2015-12-31": "", "2014-12-31": "", "2013-12-31": "", "2012-12-31": ""}, "Operating Expenses": {"2019-12-31": "729.61800", "2018-12-31": "528.90700", "2017-12-31": "429.33500", "2016-12-31": "347.39000", "2015-12-31": "275.38300", "2014-12-31": "201.84200", "2013-12-31": "124.28900", "2012-12-31": "75.95700"}, "Operating Income": {"2019-12-31": "88.76100", "2018-12-31": "74.78600", "2017-12-31": "11.89600", "2016-12-31": "17.57700", "2015-12-31": "-1.88400", "2014-12-31": "-6.25100", "2013-12-31": "0.73300", "2012-12-31": "-1.35500"}, "Total Non-Operating Income/Expense": {"2019-12-31": "-8.11500", "2018-12-31": "-19.70800", "2017-12-31": "20.36900", "2016-12-31": "-20.45300", "2015-12-31": "-26.11000", "2014-12-31": "-4.00900", "2013-12-31": "-0.67500", "2012-12-31": "-1.17500"}, "Pre-Tax Income": {"2019-12-31": "80.64600", "2018-12-31": "55.07800", "2017-12-31": "32.26500", "2016-12-31": "-2.87600", "2015-12-31": "-27.99400", "2014-12-31": "-10.26000", "2013-12-31": "0.05800", "2012-12-31": "-2.53000"}, "Income Taxes": {"2019-12-31": "-15.24800", "2018-12-31": "-22.41300", "2017-12-31": "-49.53500", "2016-12-31": "27.02500", "2015-12-31": "26.06900", "2014-12-31": "4.98300", "2013-12-31": "0.85400", "2012-12-31": "-0.14500"}, "Income After Taxes": {"2019-12-31": "95.89400", "2018-12-31": "77.49100", "2017-12-31": "81.80000", "2016-12-31": "-29.90100", "2015-12-31": "-54.06300", "2014-12-31": "-15.24300", "2013-12-31": "-0.79600", "2012-12-31": "-2.38500"}, "Other Income": {"2019-12-31": "", "2018-12-31": "", "2017-12-31": "", "2016-12-31": "", "2015-12-31": "", "2014-12-31": "", "2013-12-31": "", "2012-12-31": ""}, "Income From Continuous Operations": {"2019-12-31": "95.89400", "2018-12-31": "77.49100", "2017-12-31": "81.80000", "2016-12-31": "-29.90100", "2015-12-31": "-54.06300", "2014-12-31": "-15.24300", "2013-12-31": "-0.79600", "2012-12-31": "-2.38500"}, "Income From Discontinued Operations": {"2019-12-31": "", "2018-12-31": "", "2017-12-31": "", "2016-12-31": "", "2015-12-31": "", "2014-12-31": "", "2013-12-31": "", "2012-12-31": ""}, "Net Income": {"2019-12-31": "95.89400", "2018-12-31": "77.49100", "2017-12-31": "81.80000", "2016-12-31": "-29.90100", "2015-12-31": "-54.06300", "2014-12-31": "-15.24300", "2013-12-31": "-0.79600", "2012-12-31": "-2.64100"}, "EBITDA": {"2019-12-31": "138.79800", "2018-12-31": "102.71900", "2017-12-31": "39.55600", "2016-12-31": "57.41800", "2015-12-31": "33.96500", "2014-12-31": "11.04000", "2013-12-31": "13.12100", "2012-12-31": "6.58900"}, "EBIT": {"2019-12-31": "88.76100", "2018-12-31": "74.78600", "2017-12-31": "11.89600", "2016-12-31": "17.57700", "2015-12-31": "-1.88400", "2014-12-31": "-6.25100", "2013-12-31": "0.73300", "2012-12-31": "-1.35500"}, "Basic Shares Outstanding": {"2019-12-31": "119.66500", "2018-12-31": "120.14600", "2017-12-31": "118.53900", "2016-12-31": "113.56300", "2015-12-31": "91.12200", "2014-12-31": "40.24700", "2013-12-31": "32.66700", "2012-12-31": "30.28200"}, "Shares Outstanding": {"2019-12-31": "125.72000", "2018-12-31": "127.08500", "2017-12-31": "122.26800", "2016-12-31": "113.56300", "2015-12-31": "91.12200", "2014-12-31": "40.24700", "2013-12-31": "32.66700", "2012-12-31": "30.28200"}, "Basic EPS": {"2019-12-31": "0.80000", "2018-12-31": "0.64000", "2017-12-31": "0.69000", "2016-12-31": "-0.26000", "2015-12-31": "-0.59000", "2014-12-31": "-0.38000", "2013-12-31": "-0.02000", "2012-12-31": "-0.09000"}, "EPS - Earnings Per Share": {"2019-12-31": "0.76000", "2018-12-31": "0.61000", "2017-12-31": "0.68000", "2016-12-31": "-0.26000", "2015-12-31": "-0.59000", "2014-12-31": "-0.38000", "2013-12-31": "-0.02000", "2012-12-31": "-0.09000"}}, "income statement, quarterly": {"Revenue": {"2020-09-30": "451.47800", "2020-06-30": "428.73700", "2020-03-31": "228.05500", "2019-12-31": "269.99800", "2019-09-30": "197.94700", "2019-06-30": "181.09500", "2019-03-31": "169.33900", "2018-12-31": "200.02800", "2018-09-30": "150.36600", "2018-06-30": "132.38700", "2018-03-31": "120.91200", "2017-12-31": "136.26800", "2017-09-30": "106.38000", "2017-06-30": "101.69200", "2017-03-31": "96.89100", "2016-12-31": "110.20900", "2016-09-30": "87.56200", "2016-06-30": "85.34900", "2016-03-31": "81.84700", "2015-12-31": "87.89500", "2015-09-30": "65.69600", "2015-06-30": "61.36500", "2015-03-31": "58.54300", "2014-12-31": "64.91200", "2014-09-30": "47.63400", "2014-06-30": "42.50900", "2014-03-31": "40.53600", "2013-12-31": "", "2012-12-31": ""}, "Cost Of Goods Sold": {"2020-09-30": "120.16800", "2020-06-30": "111.38100", "2020-03-31": "82.41600", "2019-12-31": "90.82400", "2019-09-30": "68.94900", "2019-06-30": "58.60500", "2019-03-31": "52.65800", "2018-12-31": "57.11100", "2018-09-30": "46.94700", "2018-06-30": "45.40900", "2018-03-31": "41.29500", "2017-12-31": "44.22000", "2017-09-30": "36.38300", "2017-06-30": "35.72400", "2017-03-31": "34.65900", "2016-12-31": "37.00500", "2016-09-30": "29.31400", "2016-06-30": "29.09800", "2016-03-31": "27.91100", "2015-12-31": "30.19600", "2015-09-30": "24.16500", "2015-06-30": "21.90900", "2015-03-31": "20.70900", "2014-12-31": "22.79000", "2014-09-30": "18.11500", "2014-06-30": "17.34500", "2014-03-31": "15.39400", "2013-12-31": "", "2012-12-31": ""}, "Gross Profit": {"2020-09-30": "331.31000", "2020-06-30": "317.35600", "2020-03-31": "145.63900", "2019-12-31": "179.17400", "2019-09-30": "128.99800", "2019-06-30": "122.49000", "2019-03-31": "116.68100", "2018-12-31": "142.91700", "2018-09-30": "103.41900", "2018-06-30": "86.97800", "2018-03-31": "79.61700", "2017-12-31": "92.04800", "2017-09-30": "69.99700", "2017-06-30": "65.96800", "2017-03-31": "62.23200", "2016-12-31": "73.20400", "2016-09-30": "58.24800", "2016-06-30": "56.25100", "2016-03-31": "53.93600", "2015-12-31": "57.69900", "2015-09-30": "41.53100", "2015-06-30": "39.45600", "2015-03-31": "37.83400", "2014-12-31": "42.12200", "2014-09-30": "29.51900", "2014-06-30": "25.16400", "2014-03-31": "25.14200", "2013-12-31": "", "2012-12-31": ""}, "Research And Development Expenses": {"2020-09-30": "45.90800", "2020-06-30": "45.23300", "2020-03-31": "37.78200", "2019-12-31": "35.70100", "2019-09-30": "32.46500", "2019-06-30": "28.76500", "2019-03-31": "24.94700", "2018-12-31": "28.54200", "2018-09-30": "24.41800", "2018-06-30": "23.56800", "2018-03-31": "20.72100", "2017-12-31": "17.78800", "2017-09-30": "16.95800", "2017-06-30": "21.75400", "2017-03-31": "18.11600", "2016-12-31": "16.11600", "2016-09-30": "14.89700", "2016-06-30": "11.84000", "2016-03-31": "12.23000", "2015-12-31": "11.20700", "2015-09-30": "11.40600", "2015-06-30": "10.07200", "2015-03-31": "10.00900", "2014-12-31": "9.73000", "2014-09-30": "10.07700", "2014-06-30": "8.79200", "2014-03-31": "8.04200", "2013-12-31": "", "2012-12-31": ""}, "SG&A Expenses": {"2020-09-30": "167.23300", "2020-06-30": "152.98300", "2020-03-31": "82.49200", "2019-12-31": "118.43500", "2019-09-30": "82.30100", "2019-06-30": "75.87700", "2019-03-31": "60.09100", "2018-12-31": "84.88600", "2018-09-30": "60.26400", "2018-06-30": "50.64800", "2018-03-31": "45.09800", "2017-12-31": "52.80800", "2017-09-30": "45.61400", "2017-06-30": "55.93200", "2017-03-31": "46.21700", "2016-12-31": "53.08500", "2016-09-30": "40.67800", "2016-06-30": "39.74200", "2016-03-31": "34.92300", "2015-12-31": "38.07600", "2015-09-30": "31.79200", "2015-06-30": "33.17500", "2015-03-31": "32.66700", "2014-12-31": "32.24000", "2014-09-30": "22.49400", "2014-06-30": "20.16600", "2014-03-31": "16.68100", "2013-12-31": "", "2012-12-31": ""}, "Other Operating Income Or Expenses": {"2020-09-30": "", "2020-06-30": "", "2020-03-31": "", "2019-12-31": "", "2019-09-30": "", "2019-06-30": "", "2019-03-31": "", "2018-12-31": "", "2018-09-30": "", "2018-06-30": "", "2018-03-31": "", "2017-12-31": "", "2017-09-30": "", "2017-06-30": "", "2017-03-31": "", "2016-12-31": "", "2016-09-30": "", "2016-06-30": "", "2016-03-31": "", "2015-12-31": "", "2015-09-30": "", "2015-06-30": "", "2015-03-31": "", "2014-12-31": "", "2014-09-30": "", "2014-06-30": "", "2014-03-31": "", "2013-12-31": "", "2012-12-31": ""}, "Operating Expenses": {"2020-09-30": "333.30900", "2020-06-30": "309.59700", "2020-03-31": "202.69000", "2019-12-31": "244.96010", "2019-09-30": "183.71500", "2019-06-30": "163.24700", "2019-03-31": "137.69600", "2018-12-31": "170.53900", "2018-09-30": "131.62900", "2018-06-30": "119.62500", "2018-03-31": "107.11400", "2017-12-31": "117.97790", "2017-09-30": "98.95500", "2017-06-30": "113.41000", "2017-03-31": "98.99200", "2016-12-31": "106.75700", "2016-09-30": "84.88900", "2016-06-30": "80.68000", "2016-03-31": "75.06400", "2015-12-31": "79.47900", "2015-09-30": "67.36300", "2015-06-30": "65.15600", "2015-03-31": "63.38500", "2014-12-31": "64.76000", "2014-09-30": "50.68600", "2014-06-30": "46.30300", "2014-03-31": "40.11700", "2013-12-31": "", "2012-12-31": ""}, "Operating Income": {"2020-09-30": "118.16900", "2020-06-30": "119.14000", "2020-03-31": "25.36500", "2019-12-31": "25.03790", "2019-09-30": "14.23200", "2019-06-30": "17.84800", "2019-03-31": "31.64300", "2018-12-31": "29.48900", "2018-09-30": "18.73700", "2018-06-30": "12.76200", "2018-03-31": "13.79800", "2017-12-31": "18.29000", "2017-09-30": "7.42500", "2017-06-30": "-11.71800", "2017-03-31": "-2.10100", "2016-12-31": "3.45200", "2016-09-30": "2.67300", "2016-06-30": "4.66900", "2016-03-31": "6.78300", "2015-12-31": "8.41600", "2015-09-30": "-1.66700", "2015-06-30": "-3.79100", "2015-03-31": "-4.84200", "2014-12-31": "0.15200", "2014-09-30": "-3.05200", "2014-06-30": "-3.79400", "2014-03-31": "0.41900", "2013-12-31": "", "2012-12-31": ""}, "Total Non-Operating Income/Expense": {"2020-09-30": "-27.77600", "2020-06-30": "-6.82400", "2020-03-31": "-15.67200", "2019-12-31": "-2.28700", "2019-09-30": "-4.14300", "2019-06-30": "-1.47900", "2019-03-31": "-0.20600", "2018-12-31": "-6.61300", "2018-09-30": "-4.14100", "2018-06-30": "-8.13700", "2018-03-31": "-0.81700", "2017-12-31": "-0.02400", "2017-09-30": "5.81500", "2017-06-30": "13.95000", "2017-03-31": "0.62800", "2016-12-31": "-20.04800", "2016-09-30": "-0.70900", "2016-06-30": "-7.71900", "2016-03-31": "8.02300", "2015-12-31": "-6.30800", "2015-09-30": "-1.12900", "2015-06-30": "2.34600", "2015-03-31": "-21.01900", "2014-12-31": "-2.44000", "2014-09-30": "-1.14400", "2014-06-30": "0.23500", "2014-03-31": "-0.66900", "2013-12-31": "", "2012-12-31": ""}, "Pre-Tax Income": {"2020-09-30": "90.39300", "2020-06-30": "112.31600", "2020-03-31": "9.69300", "2019-12-31": "22.75100", "2019-09-30": "10.08900", "2019-06-30": "16.36900", "2019-03-31": "31.43700", "2018-12-31": "22.87600", "2018-09-30": "14.59600", "2018-06-30": "4.62500", "2018-03-31": "12.98100", "2017-12-31": "18.26600", "2017-09-30": "13.24000", "2017-06-30": "2.23200", "2017-03-31": "-1.47300", "2016-12-31": "-16.59600", "2016-09-30": "1.96400", "2016-06-30": "-3.05000", "2016-03-31": "14.80600", "2015-12-31": "2.10800", "2015-09-30": "-2.79600", "2015-06-30": "-1.44500", "2015-03-31": "-25.86100", "2014-12-31": "-2.27000", "2014-09-30": "-4.19600", "2014-06-30": "-3.55900", "2014-03-31": "-0.25000", "2013-12-31": "", "2012-12-31": ""}, "Income Taxes": {"2020-09-30": "-1.36800", "2020-06-30": "15.89100", "2020-03-31": "-2.82900", "2019-12-31": "-8.54000", "2019-09-30": "-4.71200", "2019-06-30": "-1.85400", "2019-03-31": "-0.14200", "2018-12-31": "-18.37500", "2018-09-30": "-5.29800", "2018-06-30": "1.24600", "2018-03-31": "0.01400", "2017-12-31": "-26.48400", "2017-09-30": "-12.56200", "2017-06-30": "-9.43700", "2017-03-31": "-1.05200", "2016-12-31": "4.78700", "2016-09-30": "4.36300", "2016-06-30": "4.26100", "2016-03-31": "13.61400", "2015-12-31": "6.34000", "2015-09-30": "4.09500", "2015-06-30": "4.90900", "2015-03-31": "10.72500", "2014-12-31": "3.10000", "2014-09-30": "2.07500", "2014-06-30": "-0.40800", "2014-03-31": "0.21300", "2013-12-31": "", "2012-12-31": ""}, "Income After Taxes": {"2020-09-30": "91.76100", "2020-06-30": "96.42500", "2020-03-31": "12.52200", "2019-12-31": "31.29100", "2019-09-30": "14.80100", "2019-06-30": "18.22300", "2019-03-31": "31.57900", "2018-12-31": "41.25100", "2018-09-30": "19.89400", "2018-06-30": "3.37900", "2018-03-31": "12.96700", "2017-12-31": "44.75000", "2017-09-30": "25.80200", "2017-06-30": "11.66900", "2017-03-31": "-0.42100", "2016-12-31": "-21.38300", "2016-09-30": "-2.39900", "2016-06-30": "-7.31100", "2016-03-31": "1.19200", "2015-12-31": "-4.23200", "2015-09-30": "-6.89100", "2015-06-30": "-6.35400", "2015-03-31": "-36.58600", "2014-12-31": "-5.37000", "2014-09-30": "-6.27100", "2014-06-30": "-3.15100", "2014-03-31": "-0.46300", "2013-12-31": "", "2012-12-31": ""}, "Other Income": {"2020-09-30": "", "2020-06-30": "", "2020-03-31": "", "2019-12-31": "", "2019-09-30": "", "2019-06-30": "", "2019-03-31": "", "2018-12-31": "", "2018-09-30": "", "2018-06-30": "", "2018-03-31": "", "2017-12-31": "", "2017-09-30": "", "2017-06-30": "", "2017-03-31": "", "2016-12-31": "", "2016-09-30": "", "2016-06-30": "", "2016-03-31": "", "2015-12-31": "", "2015-09-30": "", "2015-06-30": "", "2015-03-31": "", "2014-12-31": "0.00000", "2014-09-30": "", "2014-06-30": "", "2014-03-31": "", "2013-12-31": "", "2012-12-31": ""}, "Income From Continuous Operations": {"2020-09-30": "91.76100", "2020-06-30": "96.42500", "2020-03-31": "12.52200", "2019-12-31": "31.29100", "2019-09-30": "14.80100", "2019-06-30": "18.22300", "2019-03-31": "31.57900", "2018-12-31": "41.25100", "2018-09-30": "19.89400", "2018-06-30": "3.37900", "2018-03-31": "12.96700", "2017-12-31": "44.75000", "2017-09-30": "25.80200", "2017-06-30": "11.66900", "2017-03-31": "-0.42100", "2016-12-31": "-21.38300", "2016-09-30": "-2.39900", "2016-06-30": "-7.31100", "2016-03-31": "1.19200", "2015-12-31": "-4.23200", "2015-09-30": "-6.89100", "2015-06-30": "-6.35400", "2015-03-31": "-36.58600", "2014-12-31": "-5.53800", "2014-09-30": "-6.27100", "2014-06-30": "-3.15100", "2014-03-31": "-0.46300", "2013-12-31": "", "2012-12-31": ""}, "Income From Discontinued Operations": {"2020-09-30": "", "2020-06-30": "", "2020-03-31": "", "2019-12-31": "", "2019-09-30": "", "2019-06-30": "", "2019-03-31": "", "2018-12-31": "", "2018-09-30": "", "2018-06-30": "", "2018-03-31": "", "2017-12-31": "", "2017-09-30": "", "2017-06-30": "", "2017-03-31": "", "2016-12-31": "", "2016-09-30": "", "2016-06-30": "", "2016-03-31": "", "2015-12-31": "", "2015-09-30": "", "2015-06-30": "", "2015-03-31": "", "2014-12-31": "0.00000", "2014-09-30": "", "2014-06-30": "", "2014-03-31": "", "2013-12-31": "", "2012-12-31": ""}, "Net Income": {"2020-09-30": "91.76100", "2020-06-30": "96.42500", "2020-03-31": "12.52200", "2019-12-31": "31.29100", "2019-09-30": "14.80100", "2019-06-30": "18.22300", "2019-03-31": "31.57900", "2018-12-31": "41.25100", "2018-09-30": "19.89400", "2018-06-30": "3.37900", "2018-03-31": "12.96700", "2017-12-31": "44.75000", "2017-09-30": "25.80200", "2017-06-30": "11.66900", "2017-03-31": "-0.42100", "2016-12-31": "-21.38300", "2016-09-30": "-2.39900", "2016-06-30": "-7.31100", "2016-03-31": "1.19200", "2015-12-31": "-4.23200", "2015-09-30": "-6.89100", "2015-06-30": "-6.35400", "2015-03-31": "-36.58600", "2014-12-31": "-5.53800", "2014-09-30": "-6.27100", "2014-06-30": "-3.15100", "2014-03-31": "-0.46300", "2013-12-31": "", "2012-12-31": ""}, "EBITDA": {"2020-09-30": "133.92300", "2020-06-30": "133.31100", "2020-03-31": "40.52800", "2019-12-31": "42.31490", "2019-09-30": "27.04000", "2019-06-30": "27.65800", "2019-03-31": "41.78500", "2018-12-31": "38.30600", "2018-09-30": "25.17600", "2018-06-30": "19.11900", "2018-03-31": "20.11800", "2017-12-31": "25.16600", "2017-09-30": "14.50100", "2017-06-30": "-5.00400", "2017-03-31": "4.89300", "2016-12-31": "15.30900", "2016-09-30": "11.46500", "2016-06-30": "9.59200", "2016-03-31": "21.05200", "2015-12-31": "15.00900", "2015-09-30": "8.56000", "2015-06-30": "2.94800", "2015-03-31": "7.44800", "2014-12-31": "4.91000", "2014-09-30": "1.44400", "2014-06-30": "0.34700", "2014-03-31": "4.31400", "2013-12-31": "", "2012-12-31": ""}, "EBIT": {"2020-09-30": "118.16900", "2020-06-30": "119.14000", "2020-03-31": "25.36500", "2019-12-31": "25.03800", "2019-09-30": "14.23200", "2019-06-30": "17.84800", "2019-03-31": "31.64300", "2018-12-31": "29.48900", "2018-09-30": "18.73700", "2018-06-30": "12.76200", "2018-03-31": "13.79800", "2017-12-31": "18.29000", "2017-09-30": "7.42500", "2017-06-30": "-11.71800", "2017-03-31": "-2.10100", "2016-12-31": "3.45200", "2016-09-30": "2.67300", "2016-06-30": "4.66900", "2016-03-31": "6.78300", "2015-12-31": "8.41600", "2015-09-30": "-1.66700", "2015-06-30": "-3.79100", "2015-03-31": "-4.84200", "2014-12-31": "0.15200", "2014-09-30": "-3.05200", "2014-06-30": "-3.79400", "2014-03-31": "0.41900", "2013-12-31": "", "2012-12-31": ""}, "Basic Shares Outstanding": {"2020-09-30": "121.97800", "2020-06-30": "118.86600", "2020-03-31": "118.13800", "2019-12-31": "119.66500", "2019-09-30": "120.35100", "2019-06-30": "120.19900", "2019-03-31": "119.67900", "2018-12-31": "120.14600", "2018-09-30": "119.87100", "2018-06-30": "119.45000", "2018-03-31": "121.26700", "2017-12-31": "118.53900", "2017-09-30": "119.59200", "2017-06-30": "116.93300", "2017-03-31": "115.69600", "2016-12-31": "113.56300", "2016-09-30": "113.75700", "2016-06-30": "113.04600", "2016-03-31": "112.12900", "2015-12-31": "91.12200", "2015-09-30": "111.33000", "2015-06-30": "96.50300", "2015-03-31": "43.70400", "2014-12-31": "43.17800", "2014-09-30": "43.01500", "2014-06-30": "40.15500", "2014-03-31": "34.51300", "2013-12-31": "", "2012-12-31": ""}, "Shares Outstanding": {"2020-09-30": "137.56000", "2020-06-30": "134.40800", "2020-03-31": "123.11900", "2019-12-31": "125.72000", "2019-09-30": "126.24300", "2019-06-30": "130.80800", "2019-03-31": "130.23800", "2018-12-31": "127.08500", "2018-09-30": "129.08600", "2018-06-30": "125.55200", "2018-03-31": "125.77200", "2017-12-31": "122.26800", "2017-09-30": "123.22500", "2017-06-30": "120.72400", "2017-03-31": "115.69600", "2016-12-31": "113.56300", "2016-09-30": "113.75700", "2016-06-30": "113.04600", "2016-03-31": "115.36900", "2015-12-31": "91.12200", "2015-09-30": "111.33000", "2015-06-30": "96.50300", "2015-03-31": "43.70400", "2014-12-31": "43.17800", "2014-09-30": "43.01500", "2014-06-30": "40.15500", "2014-03-31": "34.51300", "2013-12-31": "", "2012-12-31": ""}, "Basic EPS": {"2020-09-30": "0.75000", "2020-06-30": "0.81000", "2020-03-31": "0.11000", "2019-12-31": "0.27000", "2019-09-30": "0.12000", "2019-06-30": "0.15000", "2019-03-31": "0.26000", "2018-12-31": "0.33000", "2018-09-30": "0.17000", "2018-06-30": "0.03000", "2018-03-31": "0.11000", "2017-12-31": "0.37000", "2017-09-30": "0.22000", "2017-06-30": "0.10000", "2017-03-31": "0.00000", "2016-12-31": "-0.19000", "2016-09-30": "-0.02000", "2016-06-30": "-0.06000", "2016-03-31": "0.01000", "2015-12-31": "0.38000", "2015-09-30": "-0.06000", "2015-06-30": "-0.07000", "2015-03-31": "-0.84000", "2014-12-31": "-0.12000", "2014-09-30": "-0.15000", "2014-06-30": "-0.08000", "2014-03-31": "-0.01000", "2013-12-31": "", "2012-12-31": ""}, "EPS - Earnings Per Share": {"2020-09-30": "0.70000", "2020-06-30": "0.75000", "2020-03-31": "0.10000", "2019-12-31": "0.26000", "2019-09-30": "0.12000", "2019-06-30": "0.14000", "2019-03-31": "0.24000", "2018-12-31": "0.33000", "2018-09-30": "0.15000", "2018-06-30": "0.03000", "2018-03-31": "0.10000", "2017-12-31": "0.37000", "2017-09-30": "0.21000", "2017-06-30": "0.10000", "2017-03-31": "0.00000", "2016-12-31": "-0.19000", "2016-09-30": "-0.02000", "2016-06-30": "-0.06000", "2016-03-31": "0.01000", "2015-12-31": "0.38000", "2015-09-30": "-0.06000", "2015-06-30": "-0.07000", "2015-03-31": "-0.84000", "2014-12-31": "-0.12000", "2014-09-30": "-0.15000", "2014-06-30": "-0.08000", "2014-03-31": "-0.01000", "2013-12-31": "0.00000", "2012-12-31": "0.00000"}}, "balance sheet": {"Cash On Hand": {"2019-12-31": "817.25200", "2018-12-31": "624.28700", "2017-12-31": "340.55000", "2016-12-31": "282.08600", "2015-12-31": "292.86400", "2014-12-31": "88.84300", "2013-12-31": "54.87000", "2012-12-31": ""}, "Receivables": {"2019-12-31": "65.17200", "2018-12-31": "33.31600", "2017-12-31": "78.33500", "2016-12-31": "56.24300", "2015-12-31": "39.53700", "2014-12-31": "25.97700", "2013-12-31": "16.39200", "2012-12-31": ""}, "Inventory": {"2019-12-31": "", "2018-12-31": "", "2017-12-31": "", "2016-12-31": "", "2015-12-31": "", "2014-12-31": "", "2013-12-31": "", "2012-12-31": ""}, "Pre-Paid Expenses": {"2019-12-31": "38.61400", "2018-12-31": "22.68600", "2017-12-31": "20.37900", "2016-12-31": "15.57100", "2015-12-31": "9.52100", "2014-12-31": "12.24100", "2013-12-31": "3.72100", "2012-12-31": ""}, "Other Current Assets": {"2019-12-31": "", "2018-12-31": "", "2017-12-31": "", "2016-12-31": "", "2015-12-31": "", "2014-12-31": "", "2013-12-31": "", "2012-12-31": ""}, "Total Current Assets": {"2019-12-31": "921.03800", "2018-12-31": "680.28900", "2017-12-31": "439.26400", "2016-12-31": "371.03200", "2015-12-31": "359.05400", "2014-12-31": "127.06100", "2013-12-31": "76.78500", "2012-12-31": ""}, "Property, Plant, And Equipment": {"2019-12-31": "144.86400", "2018-12-31": "120.17900", "2017-12-31": "117.61700", "2016-12-31": "126.40700", "2015-12-31": "105.02100", "2014-12-31": "75.53800", "2013-12-31": "23.10700", "2012-12-31": ""}, "Long-Term Investments": {"2019-12-31": "89.34300", "2018-12-31": "", "2017-12-31": "", "2016-12-31": "", "2015-12-31": "", "2014-12-31": "", "2013-12-31": "", "2012-12-31": ""}, "Goodwill And Intangible Assets": {"2019-12-31": "337.96700", "2018-12-31": "72.07100", "2017-12-31": "42.64100", "2016-12-31": "43.16400", "2015-12-31": "30.62300", "2014-12-31": "36.24100", "2013-12-31": "5.83900", "2012-12-31": "0.00000"}, "Other Long-Term Assets": {"2019-12-31": "34.88300", "2018-12-31": "5.84800", "2017-12-31": "5.90200", "2016-12-31": "6.32600", "2015-12-31": "6.96700", "2014-12-31": "7.36300", "2013-12-31": "0.42800", "2012-12-31": ""}, "Total Long-Term Assets": {"2019-12-31": "621.31400", "2018-12-31": "221.56200", "2017-12-31": "166.31900", "2016-12-31": "210.16100", "2015-12-31": "194.00700", "2014-12-31": "119.14200", "2013-12-31": "29.37400", "2012-12-31": ""}, "Total Assets": {"2019-12-31": "1542.35200", "2018-12-31": "901.85100", "2017-12-31": "605.58300", "2016-12-31": "581.19300", "2015-12-31": "553.06100", "2014-12-31": "246.20300", "2013-12-31": "106.15900", "2012-12-31": "0.00000"}, "Total Current Liabilities": {"2019-12-31": "188.52800", "2018-12-31": "112.06200", "2017-12-31": "102.47700", "2016-12-31": "84.00800", "2015-12-31": "80.12200", "2014-12-31": "41.45300", "2013-12-31": "19.21900", "2012-12-31": ""}, "Long Term Debt": {"2019-12-31": "838.73700", "2018-12-31": "338.57200", "2017-12-31": "64.16400", "2016-12-31": "62.65600", "2015-12-31": "59.37500", "2014-12-31": "53.46800", "2013-12-31": "0.03800", "2012-12-31": ""}, "Other Non-Current Liabilities": {"2019-12-31": "43.95600", "2018-12-31": "19.86400", "2017-12-31": "18.26200", "2016-12-31": "24.70400", "2015-12-31": "21.64600", "2014-12-31": "3.83300", "2013-12-31": "1.42800", "2012-12-31": ""}, "Total Long Term Liabilities": {"2019-12-31": "947.19000", "2018-12-31": "388.89100", "2017-12-31": "106.21200", "2016-12-31": "152.42800", "2015-12-31": "142.44100", "2014-12-31": "57.45000", "2013-12-31": "2.72500", "2012-12-31": ""}, "Total Liabilities": {"2019-12-31": "1135.71800", "2018-12-31": "500.95300", "2017-12-31": "208.68900", "2016-12-31": "236.43600", "2015-12-31": "222.56300", "2014-12-31": "98.90300", "2013-12-31": "21.94400", "2012-12-31": "0.00000"}, "Common Stock Net": {"2019-12-31": "0.11900", "2018-12-31": "0.12000", "2017-12-31": "0.12200", "2016-12-31": "0.11600", "2015-12-31": "0.11300", "2014-12-31": "0.04400", "2013-12-31": "0.03300", "2012-12-31": "0.00000"}, "Retained Earnings (Accumulated Deficit)": {"2019-12-31": "-227.41400", "2018-12-31": "-153.44200", "2017-12-31": "-96.29000", "2016-12-31": "-116.34100", "2015-12-31": "-86.44000", "2014-12-31": "-32.37700", "2013-12-31": "-17.13400", "2012-12-31": ""}, "Comprehensive Income": {"2019-12-31": "-8.69900", "2018-12-31": "-7.81300", "2017-12-31": "-6.37900", "2016-12-31": "18.47200", "2015-12-31": "10.80500", "2014-12-31": "-3.93400", "2013-12-31": "0.16000", "2012-12-31": ""}, "Other Share Holders Equity": {"2019-12-31": "", "2018-12-31": "", "2017-12-31": "", "2016-12-31": "", "2015-12-31": "", "2014-12-31": "", "2013-12-31": "", "2012-12-31": "0.00000"}, "Share Holder Equity": {"2019-12-31": "406.63400", "2018-12-31": "400.89800", "2017-12-31": "396.89400", "2016-12-31": "344.75700", "2015-12-31": "330.49800", "2014-12-31": "147.30000", "2013-12-31": "84.21500", "2012-12-31": "0.00000"}, "Total Liabilities And Share Holders Equity": {"2019-12-31": "1542.35200", "2018-12-31": "901.85100", "2017-12-31": "605.58300", "2016-12-31": "581.19300", "2015-12-31": "553.06100", "2014-12-31": "246.20300", "2013-12-31": "106.15900", "2012-12-31": "0.00000"}}, "balance sheet, quarterly": {"Cash On Hand": {"2020-09-30": "1524.56000", "2020-06-30": "1043.18300", "2020-03-31": "803.99400", "2019-12-31": "817.25200", "2019-09-30": "851.93900", "2019-06-30": "633.83200", "2019-03-31": "622.10600", "2018-12-31": "624.28700", "2018-09-30": "584.13600", "2018-06-30": "567.50900", "2018-03-31": "601.38100", "2017-12-31": "340.55000", "2017-09-30": "310.69500", "2017-06-30": "287.23800", "2017-03-31": "275.95200", "2016-12-31": "282.08600", "2016-09-30": "270.36800", "2016-06-30": "278.20000", "2016-03-31": "269.67800", "2015-12-31": "292.86400", "2015-09-30": "286.75700", "2015-06-30": "289.69700", "2015-03-31": "92.27200", "2014-12-31": "88.84300", "2014-09-30": "", "2014-06-30": "", "2014-03-31": "", "2013-12-31": "54.86000", "2012-12-31": ""}, "Receivables": {"2020-09-30": "129.68100", "2020-06-30": "120.38400", "2020-03-31": "66.88400", "2019-12-31": "65.17200", "2019-09-30": "49.96700", "2019-06-30": "75.17400", "2019-03-31": "75.03600", "2018-12-31": "33.31600", "2018-09-30": "99.85500", "2018-06-30": "80.16600", "2018-03-31": "79.87800", "2017-12-31": "78.33500", "2017-09-30": "72.36300", "2017-06-30": "60.07400", "2017-03-31": "59.37700", "2016-12-31": "56.24300", "2016-09-30": "55.06600", "2016-06-30": "42.47300", "2016-03-31": "44.71000", "2015-12-31": "39.53700", "2015-09-30": "33.04500", "2015-06-30": "24.95500", "2015-03-31": "26.60800", "2014-12-31": "25.97700", "2014-09-30": "", "2014-06-30": "", "2014-03-31": "", "2013-12-31": "16.39000", "2012-12-31": ""}, "Inventory": {"2020-09-30": "", "2020-06-30": "", "2020-03-31": "", "2019-12-31": "", "2019-09-30": "", "2019-06-30": "", "2019-03-31": "", "2018-12-31": "", "2018-09-30": "", "2018-06-30": "", "2018-03-31": "", "2017-12-31": "", "2017-09-30": "", "2017-06-30": "", "2017-03-31": "", "2016-12-31": "", "2016-09-30": "", "2016-06-30": "", "2016-03-31": "", "2015-12-31": "", "2015-09-30": "", "2015-06-30": "", "2015-03-31": "", "2014-12-31": "", "2014-09-30": "", "2014-06-30": "", "2014-03-31": "", "2013-12-31": "", "2012-12-31": ""}, "Pre-Paid Expenses": {"2020-09-30": "43.59000", "2020-06-30": "30.76800", "2020-03-31": "36.07400", "2019-12-31": "38.61400", "2019-09-30": "43.93400", "2019-06-30": "34.64700", "2019-03-31": "26.85900", "2018-12-31": "22.68600", "2018-09-30": "23.95800", "2018-06-30": "18.55800", "2018-03-31": "23.73800", "2017-12-31": "20.37900", "2017-09-30": "17.32500", "2017-06-30": "28.91600", "2017-03-31": "19.91100", "2016-12-31": "15.57100", "2016-09-30": "10.84000", "2016-06-30": "8.97200", "2016-03-31": "9.09200", "2015-12-31": "9.52100", "2015-09-30": "8.77300", "2015-06-30": "7.96500", "2015-03-31": "10.78900", "2014-12-31": "12.24100", "2014-09-30": "", "2014-06-30": "", "2014-03-31": "", "2013-12-31": "", "2012-12-31": ""}, "Other Current Assets": {"2020-09-30": "", "2020-06-30": "", "2020-03-31": "", "2019-12-31": "", "2019-09-30": "", "2019-06-30": "", "2019-03-31": "", "2018-12-31": "", "2018-09-30": "", "2018-06-30": "", "2018-03-31": "", "2017-12-31": "", "2017-09-30": "", "2017-06-30": "", "2017-03-31": "", "2016-12-31": "", "2016-09-30": "", "2016-06-30": "", "2016-03-31": "", "2015-12-31": "", "2015-09-30": "", "2015-06-30": "", "2015-03-31": "", "2014-12-31": "", "2014-09-30": "", "2014-06-30": "", "2014-03-31": "", "2013-12-31": "5.52000", "2012-12-31": ""}, "Total Current Assets": {"2020-09-30": "1697.83100", "2020-06-30": "1194.33500", "2020-03-31": "906.95200", "2019-12-31": "921.03800", "2019-09-30": "945.84000", "2019-06-30": "743.65300", "2019-03-31": "724.00100", "2018-12-31": "680.28900", "2018-09-30": "707.94900", "2018-06-30": "666.23300", "2018-03-31": "704.99700", "2017-12-31": "439.26400", "2017-09-30": "400.38300", "2017-06-30": "376.22800", "2017-03-31": "355.24000", "2016-12-31": "371.03200", "2016-09-30": "353.40600", "2016-06-30": "346.77700", "2016-03-31": "340.61200", "2015-12-31": "359.05400", "2015-09-30": "349.31400", "2015-06-30": "343.35700", "2015-03-31": "142.28800", "2014-12-31": "127.06100", "2014-09-30": "", "2014-06-30": "", "2014-03-31": "", "2013-12-31": "76.78000", "2012-12-31": ""}, "Property, Plant, And Equipment": {"2020-09-30": "118.14100", "2020-06-30": "126.18700", "2020-03-31": "134.51900", "2019-12-31": "144.86400", "2019-09-30": "153.26200", "2019-06-30": "128.40900", "2019-03-31": "131.65000", "2018-12-31": "120.17900", "2018-09-30": "119.24300", "2018-06-30": "117.02400", "2018-03-31": "116.38500", "2017-12-31": "117.61700", "2017-09-30": "124.54300", "2017-06-30": "129.07400", "2017-03-31": "127.16800", "2016-12-31": "126.40700", "2016-09-30": "123.70800", "2016-06-30": "125.75400", "2016-03-31": "116.48000", "2015-12-31": "105.02100", "2015-09-30": "94.65500", "2015-06-30": "85.44600", "2015-03-31": "78.43800", "2014-12-31": "75.53800", "2014-09-30": "", "2014-06-30": "", "2014-03-31": "", "2013-12-31": "44.45000", "2012-12-31": ""}, "Long-Term Investments": {"2020-09-30": "36.67900", "2020-06-30": "73.14300", "2020-03-31": "94.08000", "2019-12-31": "89.34300", "2019-09-30": "4.76500", "2019-06-30": "25.43800", "2019-03-31": "", "2018-12-31": "", "2018-09-30": "", "2018-06-30": "", "2018-03-31": "", "2017-12-31": "", "2017-09-30": "", "2017-06-30": "", "2017-03-31": "", "2016-12-31": "", "2016-09-30": "", "2016-06-30": "", "2016-03-31": "12.06100", "2015-12-31": "", "2015-09-30": "", "2015-06-30": "", "2015-03-31": "", "2014-12-31": "", "2014-09-30": "", "2014-06-30": "", "2014-03-31": "", "2013-12-31": "", "2012-12-31": ""}, "Goodwill And Intangible Assets": {"2020-09-30": "328.86000", "2020-06-30": "330.44200", "2020-03-31": "333.17900", "2019-12-31": "337.96700", "2019-09-30": "340.57600", "2019-06-30": "70.48400", "2019-03-31": "70.87300", "2018-12-31": "72.07100", "2018-09-30": "74.16200", "2018-06-30": "76.03600", "2018-03-31": "42.72800", "2017-12-31": "42.64100", "2017-09-30": "42.91600", "2017-06-30": "42.73900", "2017-03-31": "42.03200", "2016-12-31": "43.16400", "2016-09-30": "46.53700", "2016-06-30": "30.02400", "2016-03-31": "31.05800", "2015-12-31": "30.62300", "2015-09-30": "31.84900", "2015-06-30": "32.33200", "2015-03-31": "32.74900", "2014-12-31": "36.24100", "2014-09-30": "0.00000", "2014-06-30": "0.00000", "2014-03-31": "0.00000", "2013-12-31": "5.83000", "2012-12-31": "0.00000"}, "Other Long-Term Assets": {"2020-09-30": "31.17500", "2020-06-30": "29.58800", "2020-03-31": "33.68000", "2019-12-31": "34.88300", "2019-09-30": "32.37500", "2019-06-30": "30.47200", "2019-03-31": "31.64400", "2018-12-31": "5.84800", "2018-09-30": "6.01400", "2018-06-30": "6.01700", "2018-03-31": "6.05500", "2017-12-31": "5.90200", "2017-09-30": "6.22000", "2017-06-30": "6.27600", "2017-03-31": "6.29900", "2016-12-31": "6.32600", "2016-09-30": "6.38100", "2016-06-30": "6.27300", "2016-03-31": "7.06200", "2015-12-31": "6.96700", "2015-09-30": "7.09200", "2015-06-30": "7.45400", "2015-03-31": "7.46500", "2014-12-31": "7.36300", "2014-09-30": "", "2014-06-30": "", "2014-03-31": "", "2013-12-31": "0.42000", "2012-12-31": ""}, "Total Long-Term Assets": {"2020-09-30": "516.67400", "2020-06-30": "567.69600", "2020-03-31": "610.68990", "2019-12-31": "621.31400", "2019-09-30": "553.35800", "2019-06-30": "278.12200", "2019-03-31": "257.16700", "2018-12-31": "221.56200", "2018-09-30": "199.41900", "2018-06-30": "199.07700", "2018-03-31": "165.16800", "2017-12-31": "166.31900", "2017-09-30": "173.67900", "2017-06-30": "178.08900", "2017-03-31": "175.49900", "2016-12-31": "210.16100", "2016-09-30": "215.79500", "2016-06-30": "204.17900", "2016-03-31": "208.56400", "2015-12-31": "194.00700", "2015-09-30": "189.30700", "2015-06-30": "185.77100", "2015-03-31": "189.07400", "2014-12-31": "119.14200", "2014-09-30": "", "2014-06-30": "", "2014-03-31": "", "2013-12-31": "50.70000", "2012-12-31": ""}, "Total Assets": {"2020-09-30": "2214.50500", "2020-06-30": "1762.03100", "2020-03-31": "1517.64200", "2019-12-31": "1542.35200", "2019-09-30": "1499.19800", "2019-06-30": "1021.77500", "2019-03-31": "981.16800", "2018-12-31": "901.85100", "2018-09-30": "907.36800", "2018-06-30": "865.31000", "2018-03-31": "870.16500", "2017-12-31": "605.58300", "2017-09-30": "574.06200", "2017-06-30": "554.31700", "2017-03-31": "530.73900", "2016-12-31": "581.19300", "2016-09-30": "569.20100", "2016-06-30": "550.95600", "2016-03-31": "549.17600", "2015-12-31": "553.06100", "2015-09-30": "538.62100", "2015-06-30": "529.12800", "2015-03-31": "331.36200", "2014-12-31": "246.20300", "2014-09-30": "0.00000", "2014-06-30": "0.00000", "2014-03-31": "0.00000", "2013-12-31": "106.15000", "2012-12-31": "0.00000"}, "Total Current Liabilities": {"2020-09-30": "340.94200", "2020-06-30": "279.57900", "2020-03-31": "158.84900", "2019-12-31": "188.52800", "2019-09-30": "154.70700", "2019-06-30": "166.51000", "2019-03-31": "148.67500", "2018-12-31": "112.06200", "2018-09-30": "128.93100", "2018-06-30": "113.49900", "2018-03-31": "106.55600", "2017-12-31": "102.47700", "2017-09-30": "94.08900", "2017-06-30": "88.32400", "2017-03-31": "81.15300", "2016-12-31": "84.00800", "2016-09-30": "77.57800", "2016-06-30": "74.51100", "2016-03-31": "77.35900", "2015-12-31": "80.12200", "2015-09-30": "69.61400", "2015-06-30": "52.23700", "2015-03-31": "46.86600", "2014-12-31": "41.45300", "2014-09-30": "", "2014-06-30": "", "2014-03-31": "", "2013-12-31": "19.21000", "2012-12-31": ""}, "Long Term Debt": {"2020-09-30": "1101.75100", "2020-06-30": "852.48500", "2020-03-31": "845.58700", "2019-12-31": "838.73700", "2019-09-30": "831.70300", "2019-06-30": "341.42000", "2019-03-31": "339.83600", "2018-12-31": "338.57200", "2018-09-30": "335.58900", "2018-06-30": "331.96400", "2018-03-31": "328.68700", "2017-12-31": "64.16400", "2017-09-30": "65.20700", "2017-06-30": "66.85900", "2017-03-31": "64.19600", "2016-12-31": "62.65600", "2016-09-30": "60.53900", "2016-06-30": "59.24300", "2016-03-31": "58.59300", "2015-12-31": "59.37500", "2015-09-30": "58.28700", "2015-06-30": "58.78700", "2015-03-31": "55.04900", "2014-12-31": "53.46800", "2014-09-30": "", "2014-06-30": "", "2014-03-31": "", "2013-12-31": "0.03000", "2012-12-31": ""}, "Other Non-Current Liabilities": {"2020-09-30": "41.69700", "2020-06-30": "39.49100", "2020-03-31": "43.23300", "2019-12-31": "43.95600", "2019-09-30": "40.39600", "2019-06-30": "38.90200", "2019-03-31": "40.00700", "2018-12-31": "19.86400", "2018-09-30": "17.37800", "2018-06-30": "17.46400", "2018-03-31": "18.13200", "2017-12-31": "18.26200", "2017-09-30": "25.97100", "2017-06-30": "25.82700", "2017-03-31": "25.30800", "2016-12-31": "24.70400", "2016-09-30": "23.74600", "2016-06-30": "22.76100", "2016-03-31": "22.27400", "2015-12-31": "21.64600", "2015-09-30": "21.69900", "2015-06-30": "21.65600", "2015-03-31": "23.48400", "2014-12-31": "3.83300", "2014-09-30": "", "2014-06-30": "", "2014-03-31": "", "2013-12-31": "1.42000", "2012-12-31": ""}, "Total Long Term Liabilities": {"2020-09-30": "1206.89600", "2020-06-30": "958.27700", "2020-03-31": "951.94600", "2019-12-31": "947.19000", "2019-09-30": "955.22900", "2019-06-30": "412.96400", "2019-03-31": "412.48000", "2018-12-31": "388.89100", "2018-09-30": "383.81800", "2018-06-30": "381.72000", "2018-03-31": "379.12200", "2017-12-31": "106.21200", "2017-09-30": "131.75800", "2017-06-30": "157.71400", "2017-03-31": "154.53800", "2016-12-31": "152.42800", "2016-09-30": "147.16700", "2016-06-30": "143.42400", "2016-03-31": "142.28600", "2015-12-31": "142.44100", "2015-09-30": "146.21300", "2015-06-30": "151.13000", "2015-03-31": "149.38200", "2014-12-31": "57.45000", "2014-09-30": "", "2014-06-30": "", "2014-03-31": "", "2013-12-31": "2.70000", "2012-12-31": ""}, "Total Liabilities": {"2020-09-30": "1547.83800", "2020-06-30": "1237.85600", "2020-03-31": "1110.79500", "2019-12-31": "1135.71800", "2019-09-30": "1109.93600", "2019-06-30": "579.47400", "2019-03-31": "561.15500", "2018-12-31": "500.95300", "2018-09-30": "512.74900", "2018-06-30": "495.21900", "2018-03-31": "485.67800", "2017-12-31": "208.68900", "2017-09-30": "225.84700", "2017-06-30": "246.03800", "2017-03-31": "235.69100", "2016-12-31": "236.43600", "2016-09-30": "224.74500", "2016-06-30": "217.93500", "2016-03-31": "219.64500", "2015-12-31": "222.56300", "2015-09-30": "215.82700", "2015-06-30": "203.36700", "2015-03-31": "196.24800", "2014-12-31": "98.90300", "2014-09-30": "0.00000", "2014-06-30": "0.00000", "2014-03-31": "0.00000", "2013-12-31": "21.94000", "2012-12-31": "0.00000"}, "Common Stock Net": {"2020-09-30": "0.12600", "2020-06-30": "0.11900", "2020-03-31": "0.11800", "2019-12-31": "0.11900", "2019-09-30": "0.11900", "2019-06-30": "0.12000", "2019-03-31": "0.12000", "2018-12-31": "0.12000", "2018-09-30": "0.12000", "2018-06-30": "0.12000", "2018-03-31": "0.12000", "2017-12-31": "0.12200", "2017-09-30": "0.12100", "2017-06-30": "0.11800", "2017-03-31": "0.11600", "2016-12-31": "0.11600", "2016-09-30": "0.11500", "2016-06-30": "0.11400", "2016-03-31": "0.11300", "2015-12-31": "0.11300", "2015-09-30": "0.11200", "2015-06-30": "0.11200", "2015-03-31": "0.04500", "2014-12-31": "0.04400", "2014-09-30": "0.00000", "2014-06-30": "0.00000", "2014-03-31": "0.00000", "2013-12-31": "0.03000", "2012-12-31": "0.00000"}, "Retained Earnings (Accumulated Deficit)": {"2020-09-30": "-217.86600", "2020-06-30": "-143.45800", "2020-03-31": "-239.88300", "2019-12-31": "-227.41400", "2019-09-30": "-236.51000", "2019-06-30": "-124.01500", "2019-03-31": "-142.23800", "2018-12-31": "-153.44200", "2018-09-30": "-149.70700", "2018-06-30": "-169.60200", "2018-03-31": "-151.90600", "2017-12-31": "-96.29000", "2017-09-30": "-130.74000", "2017-06-30": "-156.54200", "2017-03-31": "-168.21100", "2016-12-31": "-116.34100", "2016-09-30": "-94.95800", "2016-06-30": "-92.55900", "2016-03-31": "-85.24800", "2015-12-31": "-86.44000", "2015-09-30": "-82.20800", "2015-06-30": "-75.31700", "2015-03-31": "-68.96300", "2014-12-31": "-32.37700", "2014-09-30": "", "2014-06-30": "", "2014-03-31": "", "2013-12-31": "-17.13000", "2012-12-31": ""}, "Comprehensive Income": {"2020-09-30": "-1.88800", "2020-06-30": "-7.69900", "2020-03-31": "-10.69900", "2019-12-31": "-8.69900", "2019-09-30": "-11.52300", "2019-06-30": "-7.41500", "2019-03-31": "-8.77500", "2018-12-31": "-7.81300", "2018-09-30": "-7.08700", "2018-06-30": "-6.54800", "2018-03-31": "-6.28100", "2017-12-31": "-6.37900", "2017-09-30": "-4.10200", "2017-06-30": "2.12500", "2017-03-31": "15.49500", "2016-12-31": "18.47200", "2016-09-30": "5.40500", "2016-06-30": "7.48500", "2016-03-31": "3.45800", "2015-12-31": "10.80500", "2015-09-30": "6.25100", "2015-06-30": "6.48300", "2015-03-31": "11.12600", "2014-12-31": "-3.93400", "2014-09-30": "", "2014-06-30": "", "2014-03-31": "", "2013-12-31": "", "2012-12-31": ""}, "Other Share Holders Equity": {"2020-09-30": "", "2020-06-30": "", "2020-03-31": "", "2019-12-31": "", "2019-09-30": "", "2019-06-30": "", "2019-03-31": "", "2018-12-31": "", "2018-09-30": "", "2018-06-30": "", "2018-03-31": "", "2017-12-31": "", "2017-09-30": "", "2017-06-30": "", "2017-03-31": "", "2016-12-31": "", "2016-09-30": "", "2016-06-30": "", "2016-03-31": "", "2015-12-31": "", "2015-09-30": "", "2015-06-30": "", "2015-03-31": "", "2014-12-31": "", "2014-09-30": "0.00000", "2014-06-30": "0.00000", "2014-03-31": "0.00000", "2013-12-31": "0.16000", "2012-12-31": "0.00000"}, "Share Holder Equity": {"2020-09-30": "666.66700", "2020-06-30": "524.17500", "2020-03-31": "406.84700", "2019-12-31": "406.63400", "2019-09-30": "389.26200", "2019-06-30": "442.30100", "2019-03-31": "420.01300", "2018-12-31": "400.89800", "2018-09-30": "394.61900", "2018-06-30": "370.09100", "2018-03-31": "384.48700", "2017-12-31": "396.89400", "2017-09-30": "348.21500", "2017-06-30": "308.27900", "2017-03-31": "295.04800", "2016-12-31": "344.75700", "2016-09-30": "344.45600", "2016-06-30": "333.02100", "2016-03-31": "329.53100", "2015-12-31": "330.49800", "2015-09-30": "322.79400", "2015-06-30": "325.76100", "2015-03-31": "135.11400", "2014-12-31": "147.30000", "2014-09-30": "0.00000", "2014-06-30": "0.00000", "2014-03-31": "0.00000", "2013-12-31": "84.21000", "2012-12-31": "0.00000"}, "Total Liabilities And Share Holders Equity": {"2020-09-30": "2214.50500", "2020-06-30": "1762.03100", "2020-03-31": "1517.64200", "2019-12-31": "1542.35200", "2019-09-30": "1499.19800", "2019-06-30": "1021.77500", "2019-03-31": "981.16800", "2018-12-31": "901.85100", "2018-09-30": "907.36800", "2018-06-30": "865.31000", "2018-03-31": "870.16500", "2017-12-31": "605.58300", "2017-09-30": "574.06200", "2017-06-30": "554.31700", "2017-03-31": "530.73900", "2016-12-31": "581.19300", "2016-09-30": "569.20100", "2016-06-30": "550.95600", "2016-03-31": "549.17600", "2015-12-31": "553.06100", "2015-09-30": "538.62100", "2015-06-30": "529.12800", "2015-03-31": "331.36200", "2014-12-31": "246.20300", "2014-09-30": "0.00000", "2014-06-30": "0.00000", "2014-03-31": "0.00000", "2013-12-31": "106.15000", "2012-12-31": "0.00000"}}, "cash flow statement": {"Net Income/Loss": {"2019-12-31": "95.89400", "2018-12-31": "77.49100", "2017-12-31": "81.80000", "2016-12-31": "-29.90100", "2015-12-31": "-54.06300", "2014-12-31": "-15.24300", "2013-12-31": "-0.79600", "2012-12-31": "-2.38500"}, "Total Depreciation And Amortization - Cash Flow": {"2019-12-31": "50.03700", "2018-12-31": "27.93300", "2017-12-31": "27.66000", "2016-12-31": "39.84100", "2015-12-31": "35.84900", "2014-12-31": "17.29100", "2013-12-31": "12.38800", "2012-12-31": "7.94400"}, "Other Non-Cash Items": {"2019-12-31": "50.99500", "2018-12-31": "34.15500", "2017-12-31": "-40.67800", "2016-12-31": "48.50600", "2015-12-31": "37.90200", "2014-12-31": "10.59300", "2013-12-31": "5.91000", "2012-12-31": "5.51500"}, "Total Non-Cash Items": {"2019-12-31": "101.03200", "2018-12-31": "62.08800", "2017-12-31": "-13.01800", "2016-12-31": "88.34700", "2015-12-31": "73.75100", "2014-12-31": "27.88400", "2013-12-31": "18.29800", "2012-12-31": "13.45900"}, "Change In Accounts Receivable": {"2019-12-31": "-12.65600", "2018-12-31": "17.21500", "2017-12-31": "-8.82600", "2016-12-31": "-8.19200", "2015-12-31": "-6.73900", "2014-12-31": "-6.19700", "2013-12-31": "-4.83200", "2012-12-31": "-4.04600"}, "Change In Inventories": {"2019-12-31": "", "2018-12-31": "", "2017-12-31": "", "2016-12-31": "", "2015-12-31": "", "2014-12-31": "", "2013-12-31": "", "2012-12-31": ""}, "Change In Accounts Payable": {"2019-12-31": "-0.95300", "2018-12-31": "13.36400", "2017-12-31": "2.83700", "2016-12-31": "-3.58500", "2015-12-31": "6.72800", "2014-12-31": "1.04600", "2013-12-31": "1.71200", "2012-12-31": "2.34000"}, "Change In Assets/Liabilities": {"2019-12-31": "-13.80700", "2018-12-31": "5.68800", "2017-12-31": "8.96700", "2016-12-31": "0.50000", "2015-12-31": "1.08300", "2014-12-31": "-6.86600", "2013-12-31": "0.20000", "2012-12-31": "-0.11400"}, "Total Change In Assets/Liabilities": {"2019-12-31": "9.99400", "2018-12-31": "59.34600", "2017-12-31": "0.31900", "2016-12-31": "-10.48200", "2015-12-31": "13.46700", "2014-12-31": "-0.55400", "2013-12-31": "-0.96000", "2012-12-31": "-1.39000"}, "Cash Flow From Operating Activities": {"2019-12-31": "206.92000", "2018-12-31": "198.92500", "2017-12-31": "69.10100", "2016-12-31": "47.96400", "2015-12-31": "33.15500", "2014-12-31": "12.08700", "2013-12-31": "16.54200", "2012-12-31": "9.68400"}, "Net Change In Property, Plant, And Equipment": {"2019-12-31": "-17.24100", "2018-12-31": "-56.05000", "2017-12-31": "-13.15600", "2016-12-31": "-47.75000", "2015-12-31": "-20.83500", "2014-12-31": "-9.58400", "2013-12-31": "-17.07200", "2012-12-31": "-13.94600"}, "Net Change In Intangible Assets": {"2019-12-31": "", "2018-12-31": "", "2017-12-31": "", "2016-12-31": "", "2015-12-31": "", "2014-12-31": "", "2013-12-31": "", "2012-12-31": ""}, "Net Acquisitions/Divestitures": {"2019-12-31": "-270.40900", "2018-12-31": "", "2017-12-31": "", "2016-12-31": "-7.88000", "2015-12-31": "", "2014-12-31": "-4.68800", "2013-12-31": "-0.67500", "2012-12-31": "-0.20000"}, "Net Change In Short-term Investments": {"2019-12-31": "-200.72300", "2018-12-31": "-229.34300", "2017-12-31": "74.99200", "2016-12-31": "-79.80000", "2015-12-31": "-2.44800", "2014-12-31": "-1.11000", "2013-12-31": "2.72200", "2012-12-31": "-14.73100"}, "Net Change In Long-Term Investments": {"2019-12-31": "", "2018-12-31": "", "2017-12-31": "", "2016-12-31": "", "2015-12-31": "", "2014-12-31": "", "2013-12-31": "", "2012-12-31": ""}, "Net Change In Investments - Total": {"2019-12-31": "-200.72300", "2018-12-31": "-229.34300", "2017-12-31": "74.99200", "2016-12-31": "-79.80000", "2015-12-31": "-2.44800", "2014-12-31": "-1.11000", "2013-12-31": "2.72200", "2012-12-31": "-14.73100"}, "Investing Activities - Other": {"2019-12-31": "", "2018-12-31": "", "2017-12-31": "", "2016-12-31": "", "2015-12-31": "", "2014-12-31": "-5.34100", "2013-12-31": "", "2012-12-31": ""}, "Cash Flow From Investing Activities": {"2019-12-31": "-488.37300", "2018-12-31": "-285.39300", "2017-12-31": "61.83600", "2016-12-31": "-135.43000", "2015-12-31": "-23.28300", "2014-12-31": "-20.72300", "2013-12-31": "-15.02500", "2012-12-31": "-28.87700"}, "Net Long-Term Debt": {"2019-12-31": "562.98700", "2018-12-31": "294.55500", "2017-12-31": "-13.68100", "2016-12-31": "-6.08600", "2015-12-31": "-3.37700", "2014-12-31": "-1.48000", "2013-12-31": "-1.26500", "2012-12-31": "-1.38700"}, "Net Current Debt": {"2019-12-31": "", "2018-12-31": "", "2017-12-31": "", "2016-12-31": "", "2015-12-31": "", "2014-12-31": "", "2013-12-31": "", "2012-12-31": ""}, "Debt Issuance/Retirement Net - Total": {"2019-12-31": "562.98700", "2018-12-31": "294.55500", "2017-12-31": "-13.68100", "2016-12-31": "-6.08600", "2015-12-31": "-3.37700", "2014-12-31": "-1.48000", "2013-12-31": "-1.26500", "2012-12-31": "-1.38700"}, "Net Common Equity Issued/Repurchased": {"2019-12-31": "-199.74100", "2018-12-31": "-140.45900", "2017-12-31": "17.12000", "2016-12-31": "9.31000", "2015-12-31": "203.09300", "2014-12-31": "42.95600", "2013-12-31": "1.14000", "2012-12-31": "4.57400"}, "Net Total Equity Issued/Repurchased": {"2019-12-31": "-199.74100", "2018-12-31": "-140.45900", "2017-12-31": "17.12000", "2016-12-31": "9.31000", "2015-12-31": "203.09300", "2014-12-31": "42.95600", "2013-12-31": "1.14000", "2012-12-31": "44.35900"}, "Total Common And Preferred Stock Dividends Paid": {"2019-12-31": "", "2018-12-31": "", "2017-12-31": "", "2016-12-31": "", "2015-12-31": "", "2014-12-31": "", "2013-12-31": "", "2012-12-31": ""}, "Financial Activities - Other": {"2019-12-31": "-3.63900", "2018-12-31": "-10.09000", "2017-12-31": "3.11600", "2016-12-31": "-3.74800", "2015-12-31": "-4.05200", "2014-12-31": "3.76100", "2013-12-31": "0.02200", "2012-12-31": ""}, "Cash Flow From Financial Activities": {"2019-12-31": "359.60700", "2018-12-31": "144.00600", "2017-12-31": "6.55500", "2016-12-31": "-0.52400", "2015-12-31": "195.66400", "2014-12-31": "45.23700", "2013-12-31": "-0.10300", "2012-12-31": "42.97200"}, "Net Cash Flow": {"2019-12-31": "76.30800", "2018-12-31": "51.54300", "2017-12-31": "133.85000", "2016-12-31": "-89.65200", "2015-12-31": "201.58500", "2014-12-31": "32.86400", "2013-12-31": "1.86000", "2012-12-31": "23.75200"}, "Stock-Based Compensation": {"2019-12-31": "44.39500", "2018-12-31": "38.23100", "2017-12-31": "26.55900", "2016-12-31": "15.90100", "2015-12-31": "10.84100", "2014-12-31": "10.05000", "2013-12-31": "3.83400", "2012-12-31": "4.09400"}, "Common Stock Dividends Paid": {"2019-12-31": "", "2018-12-31": "", "2017-12-31": "", "2016-12-31": "", "2015-12-31": "", "2014-12-31": "", "2013-12-31": "", "2012-12-31": ""}}, "cash flow statement, quarterly": {"Net Income/Loss": {"2020-09-30": 91.761, "2020-06-30": 96.425, "2020-03-31": "12.52200", "2019-12-31": 31.291, "2019-09-30": 14.801, "2019-06-30": 18.223, "2019-03-31": "31.57900", "2018-12-31": 41.251, "2018-09-30": 19.894, "2018-06-30": 3.379, "2018-03-31": "12.96700", "2017-12-31": 44.75, "2017-09-30": 25.802, "2017-06-30": 11.669, "2017-03-31": "-0.42100", "2016-12-31": -21.383, "2016-09-30": -2.399, "2016-06-30": -7.311, "2016-03-31": "1.19200", "2015-12-31": -4.232, "2015-09-30": -6.891, "2015-06-30": -6.354, "2015-03-31": "-36.58600", "2014-12-31": -5.355, "2014-09-30": -6.271, "2014-06-30": -3.151, "2014-03-31": "-0.46300", "2013-12-31": 1.59, "2012-12-31": -2.38}, "Total Depreciation And Amortization - Cash Flow": {"2020-09-30": 15.754, "2020-06-30": 14.171, "2020-03-31": "15.16300", "2019-12-31": 17.277, "2019-09-30": 12.808, "2019-06-30": 9.81, "2019-03-31": "10.14200", "2018-12-31": 8.817, "2018-09-30": 6.439, "2018-06-30": 6.357, "2018-03-31": "6.32000", "2017-12-31": 6.876, "2017-09-30": 7.076, "2017-06-30": 6.714, "2017-03-31": "6.99400", "2016-12-31": 11.857, "2016-09-30": 8.792, "2016-06-30": 4.923, "2016-03-31": "14.26900", "2015-12-31": 6.593, "2015-09-30": 10.227, "2015-06-30": 6.739, "2015-03-31": "12.29000", "2014-12-31": 4.758, "2014-09-30": 4.496, "2014-06-30": 4.141, "2014-03-31": "3.89500", "2013-12-31": 4.44, "2012-12-31": 7.94}, "Other Non-Cash Items": {"2020-09-30": 44.868, "2020-06-30": 41.171, "2020-03-31": "31.92300", "2019-12-31": 9.322, "2019-09-30": 15.53, "2019-06-30": 14.264, "2019-03-31": "11.87900", "2018-12-31": 0.958, "2018-09-30": 9.779, "2018-06-30": 16.948, "2018-03-31": "6.47000", "2017-12-31": -20.833, "2017-09-30": -19.631, "2017-06-30": -5.122, "2017-03-31": "4.90800", "2016-12-31": 33.524, "2016-09-30": 7.05, "2016-06-30": 12.24, "2016-03-31": "-4.30800", "2015-12-31": 6.645, "2015-09-30": 2.405, "2015-06-30": 2.21, "2015-03-31": "26.64200", "2014-12-31": 2.935, "2014-09-30": 3.536, "2014-06-30": 1.813, "2014-03-31": "2.30900", "2013-12-31": 0, "2012-12-31": 0}, "Total Non-Cash Items": {"2020-09-30": 60.622, "2020-06-30": 55.342, "2020-03-31": "47.08600", "2019-12-31": 26.599, "2019-09-30": 28.338, "2019-06-30": 24.074, "2019-03-31": "22.02100", "2018-12-31": 9.775, "2018-09-30": 16.218, "2018-06-30": 23.305, "2018-03-31": "12.79000", "2017-12-31": -13.957, "2017-09-30": -12.555, "2017-06-30": 1.592, "2017-03-31": "11.90200", "2016-12-31": 45.381, "2016-09-30": 15.842, "2016-06-30": 17.163, "2016-03-31": "9.96100", "2015-12-31": 13.238, "2015-09-30": 12.632, "2015-06-30": 8.949, "2015-03-31": "38.93200", "2014-12-31": -2.9, "2014-09-30": 8.032, "2014-06-30": 5.954, "2014-03-31": "6.20400", "2013-12-31": 4.44, "2012-12-31": 7.94}, "Change In Accounts Receivable": {"2020-09-30": 0, "2020-06-30": 0, "2020-03-31": "", "2019-12-31": -12.656, "2019-09-30": 0, "2019-06-30": 0, "2019-03-31": "", "2018-12-31": 17.215, "2018-09-30": 0, "2018-06-30": 0, "2018-03-31": "", "2017-12-31": -6.687, "2017-09-30": -3.147, "2017-06-30": -0.085, "2017-03-31": "1.09300", "2016-12-31": -6.442, "2016-09-30": -1.885, "2016-06-30": -0.664, "2016-03-31": "0.79900", "2015-12-31": -4.772, "2015-09-30": -1.757, "2015-06-30": -0.256, "2015-03-31": "0.04600", "2014-12-31": -3.344, "2014-09-30": -2.798, "2014-06-30": -0.041, "2014-03-31": "-0.01400", "2013-12-31": 0, "2012-12-31": 0}, "Change In Inventories": {"2020-09-30": 0, "2020-06-30": 0, "2020-03-31": "", "2019-12-31": 0, "2019-09-30": 0, "2019-06-30": 0, "2019-03-31": "", "2018-12-31": 0, "2018-09-30": 0, "2018-06-30": 0, "2018-03-31": "", "2017-12-31": 0, "2017-09-30": 0, "2017-06-30": 0, "2017-03-31": "", "2016-12-31": 0, "2016-09-30": 0, "2016-06-30": 0, "2016-03-31": "", "2015-12-31": 0, "2015-09-30": 0, "2015-06-30": 0, "2015-03-31": "", "2014-12-31": 0, "2014-09-30": 0, "2014-06-30": 0, "2014-03-31": "", "2013-12-31": 0, "2012-12-31": 0}, "Change In Accounts Payable": {"2020-09-30": 0, "2020-06-30": 0, "2020-03-31": "", "2019-12-31": -0.953, "2019-09-30": 0, "2019-06-30": 0, "2019-03-31": "", "2018-12-31": 13.364, "2018-09-30": 0, "2018-06-30": 0, "2018-03-31": "", "2017-12-31": 5.411, "2017-09-30": -0.292, "2017-06-30": 1.122, "2017-03-31": "-3.40400", "2016-12-31": 2.474, "2016-09-30": -0.255, "2016-06-30": -5.977, "2016-03-31": "0.17300", "2015-12-31": 10.258, "2015-09-30": -2.601, "2015-06-30": -0.51, "2015-03-31": "-0.41900", "2014-12-31": 0.81, "2014-09-30": 4.09, "2014-06-30": -3.049, "2014-03-31": "-0.80500", "2013-12-31": 0, "2012-12-31": 0}, "Change In Assets/Liabilities": {"2020-09-30": 32.811, "2020-06-30": 68.664, "2020-03-31": "-29.94400", "2019-12-31": -3.11, "2019-09-30": 3.906, "2019-06-30": 7.539, "2019-03-31": "-22.14200", "2018-12-31": -2.635, "2018-09-30": -5.997, "2018-06-30": 13.908, "2018-03-31": "0.41200", "2017-12-31": 9.855, "2017-09-30": 11.06, "2017-06-30": -8.321, "2017-03-31": "-3.62700", "2016-12-31": -3.177, "2016-09-30": 0.72, "2016-06-30": 1.443, "2016-03-31": "1.51400", "2015-12-31": 4.98, "2015-09-30": -5.494, "2015-06-30": -1.356, "2015-03-31": "2.95300", "2014-12-31": -4.786, "2014-09-30": 4.265, "2014-06-30": -4.126, "2014-03-31": "-2.21900", "2013-12-31": 0, "2012-12-31": 0}, "Total Change In Assets/Liabilities": {"2020-09-30": 32.811, "2020-06-30": 68.664, "2020-03-31": "-29.94400", "2019-12-31": 20.691, "2019-09-30": 3.906, "2019-06-30": 7.539, "2019-03-31": "-22.14200", "2018-12-31": 51.023, "2018-09-30": -5.997, "2018-06-30": 13.908, "2018-03-31": "0.41200", "2017-12-31": 5.986, "2017-09-30": 3.627, "2017-06-30": -1.122, "2017-03-31": "-8.17200", "2016-12-31": -5.884, "2016-09-30": -3.174, "2016-06-30": 6.909, "2016-03-31": "-8.33300", "2015-12-31": 5.142, "2015-09-30": -0.366, "2015-06-30": 2.142, "2015-03-31": "6.54900", "2014-12-31": -1.421, "2014-09-30": 3.311, "2014-06-30": -2.073, "2014-03-31": "0.44300", "2013-12-31": -0.85, "2012-12-31": -1.39}, "Cash Flow From Operating Activities": {"2020-09-30": 185.194, "2020-06-30": 220.431, "2020-03-31": "29.66400", "2019-12-31": 78.581, "2019-09-30": 47.045, "2019-06-30": 49.836, "2019-03-31": "31.45800", "2018-12-31": 102.049, "2018-09-30": 30.115, "2018-06-30": 40.592, "2018-03-31": "26.16900", "2017-12-31": 36.779, "2017-09-30": 16.874, "2017-06-30": 12.139, "2017-03-31": "3.30900", "2016-12-31": 18.114, "2016-09-30": 10.269, "2016-06-30": 16.761, "2016-03-31": "2.82000", "2015-12-31": 14.148, "2015-09-30": 5.375, "2015-06-30": 4.737, "2015-03-31": "8.89500", "2014-12-31": 0.094, "2014-09-30": 5.072, "2014-06-30": 0.73, "2014-03-31": "6.18400", "2013-12-31": 6.86, "2012-12-31": 9.68}, "Net Change In Property, Plant, And Equipment": {"2020-09-30": -1.821, "2020-06-30": -0.424, "2020-03-31": "-1.82800", "2019-12-31": -3.212, "2019-09-30": -5.613, "2019-06-30": -4.343, "2019-03-31": "-4.07300", "2018-12-31": -6.611, "2018-09-30": -5.666, "2018-06-30": -40.484, "2018-03-31": "-3.28900", "2017-12-31": -1.242, "2017-09-30": -1.717, "2017-06-30": -3.541, "2017-03-31": "-6.65600", "2016-12-31": -5.156, "2016-09-30": -10.705, "2016-06-30": -18.851, "2016-03-31": "-13.03800", "2015-12-31": -3.982, "2015-09-30": -7.186, "2015-06-30": -5.387, "2015-03-31": "-4.28000", "2014-12-31": -2.68, "2014-09-30": -2.072, "2014-06-30": -2.022, "2014-03-31": "-2.80600", "2013-12-31": -1.24, "2012-12-31": -6.52}, "Net Change In Intangible Assets": {"2020-09-30": 0, "2020-06-30": 0, "2020-03-31": "", "2019-12-31": 0, "2019-09-30": 0, "2019-06-30": 0, "2019-03-31": "", "2018-12-31": 0, "2018-09-30": 0, "2018-06-30": 0, "2018-03-31": "", "2017-12-31": 0, "2017-09-30": 0, "2017-06-30": 0, "2017-03-31": "", "2016-12-31": 0, "2016-09-30": 0, "2016-06-30": 0, "2016-03-31": "", "2015-12-31": 0, "2015-09-30": 0, "2015-06-30": 0, "2015-03-31": "", "2014-12-31": 0, "2014-09-30": 0, "2014-06-30": 0, "2014-03-31": "", "2013-12-31": 0, "2012-12-31": 0}, "Net Acquisitions/Divestitures": {"2020-09-30": 0, "2020-06-30": 0, "2020-03-31": "", "2019-12-31": 0.944, "2019-09-30": -271.353, "2019-06-30": 0, "2019-03-31": "", "2018-12-31": 0, "2018-09-30": 0, "2018-06-30": 0, "2018-03-31": "", "2017-12-31": 0, "2017-09-30": 0, "2017-06-30": 0, "2017-03-31": "", "2016-12-31": 0, "2016-09-30": -7.88, "2016-06-30": 0, "2016-03-31": "", "2015-12-31": 0, "2015-09-30": 0, "2015-06-30": 0, "2015-03-31": "", "2014-12-31": 0.008, "2014-09-30": -0.274, "2014-06-30": -4.414, "2014-03-31": "", "2013-12-31": -0.47, "2012-12-31": -0.2}, "Net Change In Short-term Investments": {"2020-09-30": 20.732, "2020-06-30": 17.063, "2020-03-31": "7.92100", "2019-12-31": -277.85, "2019-09-30": 116.666, "2019-06-30": -21.608, "2019-03-31": "-17.93100", "2018-12-31": -393.786, "2018-09-30": 348.12, "2018-06-30": -141.313, "2018-03-31": "-42.36400", "2017-12-31": 25.26, "2017-09-30": 9.904, "2017-06-30": 20.778, "2017-03-31": "19.05000", "2016-12-31": -18.284, "2016-09-30": -81.315, "2016-06-30": 121.187, "2016-03-31": "-101.38800", "2015-12-31": -1.166, "2015-09-30": 1.071, "2015-06-30": -5.408, "2015-03-31": "3.05500", "2014-12-31": -0.747, "2014-09-30": 1.377, "2014-06-30": -0.544, "2014-03-31": "-1.19600", "2013-12-31": 0, "2012-12-31": 0}, "Net Change In Long-Term Investments": {"2020-09-30": 0, "2020-06-30": 0, "2020-03-31": "", "2019-12-31": 0, "2019-09-30": 0, "2019-06-30": 0, "2019-03-31": "", "2018-12-31": 359.182, "2018-09-30": -359.182, "2018-06-30": 0, "2018-03-31": "", "2017-12-31": 0, "2017-09-30": 0, "2017-06-30": 0, "2017-03-31": "", "2016-12-31": 0, "2016-09-30": 108.216, "2016-06-30": -108.216, "2016-03-31": "", "2015-12-31": 0, "2015-09-30": 0, "2015-06-30": 5.4, "2015-03-31": "-5.40000", "2014-12-31": 0, "2014-09-30": 0, "2014-06-30": 0, "2014-03-31": "", "2013-12-31": 0, "2012-12-31": 0}, "Net Change In Investments - Total": {"2020-09-30": 20.732, "2020-06-30": 17.063, "2020-03-31": "7.92100", "2019-12-31": -277.85, "2019-09-30": 116.666, "2019-06-30": -21.608, "2019-03-31": "-17.93100", "2018-12-31": -34.604, "2018-09-30": -11.062, "2018-06-30": -141.313, "2018-03-31": "-42.36400", "2017-12-31": 25.26, "2017-09-30": 9.904, "2017-06-30": 20.778, "2017-03-31": "19.05000", "2016-12-31": -18.284, "2016-09-30": 26.901, "2016-06-30": 12.971, "2016-03-31": "-101.38800", "2015-12-31": -1.166, "2015-09-30": 1.071, "2015-06-30": -0.008, "2015-03-31": "-2.34500", "2014-12-31": -0.747, "2014-09-30": 1.377, "2014-06-30": -0.544, "2014-03-31": "-1.19600", "2013-12-31": 17.45, "2012-12-31": -14.73}, "Investing Activities - Other": {"2020-09-30": 0, "2020-06-30": 0, "2020-03-31": "", "2019-12-31": 0, "2019-09-30": 0, "2019-06-30": 0, "2019-03-31": "", "2018-12-31": 0, "2018-09-30": 0, "2018-06-30": 0, "2018-03-31": "", "2017-12-31": 0, "2017-09-30": 0, "2017-06-30": 0, "2017-03-31": "", "2016-12-31": 0, "2016-09-30": 0, "2016-06-30": 0, "2016-03-31": "", "2015-12-31": 0, "2015-09-30": 0, "2015-06-30": 0, "2015-03-31": "", "2014-12-31": 0.001, "2014-09-30": 0, "2014-06-30": -5.341, "2014-03-31": "", "2013-12-31": -1.9, "2012-12-31": -7.41}, "Cash Flow From Investing Activities": {"2020-09-30": 18.911, "2020-06-30": 16.639, "2020-03-31": "6.09300", "2019-12-31": -280.118, "2019-09-30": -160.3, "2019-06-30": -25.951, "2019-03-31": "-22.00400", "2018-12-31": -41.215, "2018-09-30": -16.728, "2018-06-30": -181.797, "2018-03-31": "-45.65300", "2017-12-31": 24.018, "2017-09-30": 8.187, "2017-06-30": 17.237, "2017-03-31": "12.39400", "2016-12-31": -23.44, "2016-09-30": 8.316, "2016-06-30": -5.88, "2016-03-31": "-114.42600", "2015-12-31": -5.148, "2015-09-30": -6.115, "2015-06-30": -5.395, "2015-03-31": "-6.62500", "2014-12-31": -3.428, "2014-09-30": -0.969, "2014-06-30": -12.321, "2014-03-31": "-4.00200", "2013-12-31": 13.85, "2012-12-31": -28.87}, "Net Long-Term Debt": {"2020-09-30": 436.02, "2020-06-30": -2.361, "2020-03-31": "-2.56600", "2019-12-31": -2.656, "2019-09-30": 571.118, "2019-06-30": -2.73, "2019-03-31": "-2.74500", "2018-12-31": -3.656, "2018-09-30": -3.675, "2018-06-30": -3.918, "2018-03-31": "305.80400", "2017-12-31": -3.513, "2017-09-30": -5.202, "2017-06-30": -3.131, "2017-03-31": "-1.83500", "2016-12-31": -1.704, "2016-09-30": -1.572, "2016-06-30": -1.455, "2016-03-31": "-1.35500", "2015-12-31": -1.115, "2015-09-30": -1.008, "2015-06-30": -0.751, "2015-03-31": "-0.50300", "2014-12-31": -0.429, "2014-09-30": -0.393, "2014-06-30": -0.335, "2014-03-31": "-0.32300", "2013-12-31": 0, "2012-12-31": 0}, "Net Current Debt": {"2020-09-30": 0, "2020-06-30": 0, "2020-03-31": "", "2019-12-31": 0, "2019-09-30": 0, "2019-06-30": 0, "2019-03-31": "", "2018-12-31": 0, "2018-09-30": 0, "2018-06-30": 0, "2018-03-31": "", "2017-12-31": 0, "2017-09-30": 0, "2017-06-30": 0, "2017-03-31": "", "2016-12-31": 0, "2016-09-30": 0, "2016-06-30": 0, "2016-03-31": "", "2015-12-31": 0, "2015-09-30": 0, "2015-06-30": 0, "2015-03-31": "", "2014-12-31": 0, "2014-09-30": 0, "2014-06-30": 0, "2014-03-31": "", "2013-12-31": 0, "2012-12-31": 0}, "Debt Issuance/Retirement Net - Total": {"2020-09-30": 436.02, "2020-06-30": -2.361, "2020-03-31": "-2.56600", "2019-12-31": -2.656, "2019-09-30": 571.118, "2019-06-30": -2.73, "2019-03-31": "-2.74500", "2018-12-31": -3.656, "2018-09-30": -3.675, "2018-06-30": -3.918, "2018-03-31": "305.80400", "2017-12-31": -3.513, "2017-09-30": -5.202, "2017-06-30": -3.131, "2017-03-31": "-1.83500", "2016-12-31": -1.704, "2016-09-30": -1.572, "2016-06-30": -1.455, "2016-03-31": "-1.35500", "2015-12-31": -1.115, "2015-09-30": -1.008, "2015-06-30": -0.751, "2015-03-31": "-0.50300", "2014-12-31": -0.429, "2014-09-30": -0.393, "2014-06-30": -0.335, "2014-03-31": "-0.32300", "2013-12-31": 0.12, "2012-12-31": -1.38}, "Net Common Equity Issued/Repurchased": {"2020-09-30": -159.861, "2020-06-30": 7.281, "2020-03-31": "-20.09600", "2019-12-31": -53.885, "2019-09-30": -126.204, "2019-06-30": 1.91, "2019-03-31": "-21.56200", "2018-12-31": -66.371, "2018-09-30": 12.746, "2018-06-30": -28.497, "2018-03-31": "-58.33700", "2017-12-31": 0.081, "2017-09-30": 12.691, "2017-06-30": 4.545, "2017-03-31": "-0.19700", "2016-12-31": 2.135, "2016-09-30": 4.461, "2016-06-30": 1.491, "2016-03-31": "1.22300", "2015-12-31": 1.341, "2015-09-30": 0.227, "2015-06-30": 200.337, "2015-03-31": "1.18800", "2014-12-31": 0.371, "2014-09-30": 0.558, "2014-06-30": 36.269, "2014-03-31": "5.75800", "2013-12-31": 0, "2012-12-31": 0}, "Net Total Equity Issued/Repurchased": {"2020-09-30": -159.861, "2020-06-30": 7.281, "2020-03-31": "-20.09600", "2019-12-31": -53.885, "2019-09-30": -126.204, "2019-06-30": 1.91, "2019-03-31": "-21.56200", "2018-12-31": -66.371, "2018-09-30": 12.746, "2018-06-30": -28.497, "2018-03-31": "-58.33700", "2017-12-31": 0.081, "2017-09-30": 12.691, "2017-06-30": 4.545, "2017-03-31": "-0.19700", "2016-12-31": 2.135, "2016-09-30": 4.461, "2016-06-30": 1.491, "2016-03-31": "1.22300", "2015-12-31": 1.341, "2015-09-30": 0.227, "2015-06-30": 200.337, "2015-03-31": "1.18800", "2014-12-31": 0.365, "2014-09-30": 0.558, "2014-06-30": 36.269, "2014-03-31": "5.75800", "2013-12-31": -43.21, "2012-12-31": 44.35}, "Total Common And Preferred Stock Dividends Paid": {"2020-09-30": 0, "2020-06-30": 0, "2020-03-31": "", "2019-12-31": 0, "2019-09-30": 0, "2019-06-30": 0, "2019-03-31": "", "2018-12-31": 0, "2018-09-30": 0, "2018-06-30": 0, "2018-03-31": "", "2017-12-31": 0, "2017-09-30": 0, "2017-06-30": 0, "2017-03-31": "", "2016-12-31": 0, "2016-09-30": 0, "2016-06-30": 0, "2016-03-31": "", "2015-12-31": 0, "2015-09-30": 0, "2015-06-30": 0, "2015-03-31": "", "2014-12-31": 0, "2014-09-30": 0, "2014-06-30": 0, "2014-03-31": "", "2013-12-31": 0, "2012-12-31": 0}, "Financial Activities - Other": {"2020-09-30": -17.082, "2020-06-30": -10.745, "2020-03-31": "-10.01600", "2019-12-31": 27.96, "2019-09-30": -16.122, "2019-06-30": -10.477, "2019-03-31": "-5.00000", "2018-12-31": 13.031, "2018-09-30": -14.583, "2018-06-30": 5.093, "2018-03-31": "-13.63100", "2017-12-31": 3.116, "2017-09-30": 0, "2017-06-30": 0, "2017-03-31": "", "2016-12-31": -3.099, "2016-09-30": 0, "2016-06-30": 0, "2016-03-31": "-0.64900", "2015-12-31": -3.605, "2015-09-30": 0.662, "2015-06-30": -2.099, "2015-03-31": "0.99000", "2014-12-31": 4.279, "2014-09-30": -0.444, "2014-06-30": 0, "2014-03-31": "-0.07500", "2013-12-31": 0.02, "2012-12-31": 0}, "Cash Flow From Financial Activities": {"2020-09-30": 259.077, "2020-06-30": -5.825, "2020-03-31": "-32.67800", "2019-12-31": -28.581, "2019-09-30": 428.792, "2019-06-30": -11.297, "2019-03-31": "-29.30700", "2018-12-31": -56.996, "2018-09-30": -5.512, "2018-06-30": -27.322, "2018-03-31": "233.83600", "2017-12-31": -0.316, "2017-09-30": 7.489, "2017-06-30": 1.414, "2017-03-31": "-2.03200", "2016-12-31": -2.668, "2016-09-30": 2.889, "2016-06-30": 0.036, "2016-03-31": "-0.78100", "2015-12-31": -3.379, "2015-09-30": -0.119, "2015-06-30": 197.487, "2015-03-31": "1.67500", "2014-12-31": 4.215, "2014-09-30": -0.279, "2014-06-30": 35.934, "2014-03-31": "5.36000", "2013-12-31": -43.07, "2012-12-31": 42.97}, "Net Cash Flow": {"2020-09-30": 467.45, "2020-06-30": 235.17, "2020-03-31": "-0.93900", "2019-12-31": -228.476, "2019-09-30": 312.61, "2019-06-30": 13.485, "2019-03-31": "-21.31100", "2018-12-31": 4.258, "2018-09-30": 4.907, "2018-06-30": -176.035, "2018-03-31": "218.41300", "2017-12-31": 55.154, "2017-09-30": 33.403, "2017-06-30": 32.078, "2017-03-31": "13.21500", "2016-12-31": -6.438, "2016-09-30": 20.548, "2016-06-30": 9.101, "2016-03-31": "-112.86300", "2015-12-31": 4.961, "2015-09-30": -1.872, "2015-06-30": 197.416, "2015-03-31": "1.08000", "2014-12-31": -1.544, "2014-09-30": 2.749, "2014-06-30": 23.996, "2014-03-31": "7.65900", "2013-12-31": -21.89, "2012-12-31": 23.75}, "Stock-Based Compensation": {"2020-09-30": 17.128, "2020-06-30": 16.725, "2020-03-31": "13.81100", "2019-12-31": 13.339, "2019-09-30": 12.137, "2019-06-30": 10.837, "2019-03-31": "8.08200", "2018-12-31": 14.244, "2018-09-30": 8.916, "2018-06-30": 8.617, "2018-03-31": "6.45400", "2017-12-31": 5.991, "2017-09-30": 7.521, "2017-06-30": 8.162, "2017-03-31": "4.88500", "2016-12-31": 4.311, "2016-09-30": 4.085, "2016-06-30": 4.268, "2016-03-31": "3.23700", "2015-12-31": 1.124, "2015-09-30": 2.923, "2015-06-30": 2.82, "2015-03-31": "3.97400", "2014-12-31": 4.042, "2014-09-30": 2.747, "2014-06-30": 2.085, "2014-03-31": "1.17600", "2013-12-31": 0, "2012-12-31": 0}, "Common Stock Dividends Paid": {"2020-09-30": 0, "2020-06-30": 0, "2020-03-31": "", "2019-12-31": 0, "2019-09-30": 0, "2019-06-30": 0, "2019-03-31": "", "2018-12-31": 0, "2018-09-30": 0, "2018-06-30": 0, "2018-03-31": "", "2017-12-31": 0, "2017-09-30": 0, "2017-06-30": 0, "2017-03-31": "", "2016-12-31": 0, "2016-09-30": 0, "2016-06-30": 0, "2016-03-31": "", "2015-12-31": 0, "2015-09-30": 0, "2015-06-30": 0, "2015-03-31": "", "2014-12-31": 0, "2014-09-30": 0, "2014-06-30": 0, "2014-03-31": "", "2013-12-31": 0, "2012-12-31": 0}}, "financial ratios": {"Current Ratio": {"2019-12-31": "4.88540", "2018-12-31": "6.07060", "2017-12-31": "4.28650", "2016-12-31": "4.41660", "2015-12-31": "4.48130", "2014-12-31": "3.06520", "2013-12-31": "3.99530", "2012-12-31": ""}, "Long-term Debt / Capital": {"2019-12-31": "0.67350", "2018-12-31": "0.45790", "2017-12-31": "0.13920", "2016-12-31": "0.15380", "2015-12-31": "0.15230", "2014-12-31": "0.26630", "2013-12-31": "0.00050", "2012-12-31": ""}, "Debt/Equity Ratio": {"2019-12-31": "2.08300", "2018-12-31": "0.85420", "2017-12-31": "0.17630", "2016-12-31": "0.20150", "2015-12-31": "0.19660", "2014-12-31": "0.37490", "2013-12-31": "0.00970", "2012-12-31": ""}, "Gross Margin": {"2019-12-31": "66.88140", "2018-12-31": "68.40080", "2017-12-31": "65.78070", "2016-12-31": "66.20850", "2015-12-31": "64.54140", "2014-12-31": "62.35360", "2013-12-31": "61.78350", "2012-12-31": "67.16840"}, "Operating Margin": {"2019-12-31": "10.84600", "2018-12-31": "12.38810", "2017-12-31": "2.69610", "2016-12-31": "4.81610", "2015-12-31": "-0.68890", "2014-12-31": "-3.19600", "2013-12-31": "0.58630", "2012-12-31": "-1.81630"}, "EBIT Margin": {"2019-12-31": "10.84600", "2018-12-31": "12.38810", "2017-12-31": "2.69610", "2016-12-31": "4.81610", "2015-12-31": "-0.68890", "2014-12-31": "-3.19600", "2013-12-31": "0.58630", "2012-12-31": "-1.81630"}, "EBITDA Margin": {"2019-12-31": "16.96010", "2018-12-31": "17.01510", "2017-12-31": "8.96490", "2016-12-31": "15.73240", "2015-12-31": "12.41870", "2014-12-31": "5.64440", "2013-12-31": "10.49500", "2012-12-31": "8.83220"}, "Pre-Tax Profit Margin": {"2019-12-31": "9.85440", "2018-12-31": "9.12350", "2017-12-31": "7.31250", "2016-12-31": "-0.78800", "2015-12-31": "-10.23550", "2014-12-31": "-5.24560", "2013-12-31": "0.04640", "2012-12-31": "-3.39130"}, "Net Profit Margin": {"2019-12-31": "11.71760", "2018-12-31": "12.83620", "2017-12-31": "18.53900", "2016-12-31": "-8.19280", "2015-12-31": "-19.76720", "2014-12-31": "-7.79330", "2013-12-31": "-0.63670", "2012-12-31": "-3.54010"}, "Asset Turnover": {"2019-12-31": "0.53060", "2018-12-31": "0.66940", "2017-12-31": "0.72860", "2016-12-31": "0.62800", "2015-12-31": "0.49450", "2014-12-31": "0.79440", "2013-12-31": "1.17770", "2012-12-31": ""}, "Inventory Turnover Ratio": {"2019-12-31": "", "2018-12-31": "", "2017-12-31": "", "2016-12-31": "", "2015-12-31": "", "2014-12-31": "", "2013-12-31": "", "2012-12-31": ""}, "Receiveable Turnover": {"2019-12-31": "12.55720", "2018-12-31": "18.12020", "2017-12-31": "5.63260", "2016-12-31": "6.48910", "2015-12-31": "6.91750", "2014-12-31": "7.52940", "2013-12-31": "7.62700", "2012-12-31": ""}, "Days Sales In Receivables": {"2019-12-31": "29.06700", "2018-12-31": "20.14330", "2017-12-31": "64.80120", "2016-12-31": "56.24810", "2015-12-31": "52.76440", "2014-12-31": "48.47670", "2013-12-31": "47.85620", "2012-12-31": ""}, "ROE - Return On Equity": {"2019-12-31": "23.58240", "2018-12-31": "19.32940", "2017-12-31": "20.61000", "2016-12-31": "-8.67310", "2015-12-31": "-16.35800", "2014-12-31": "-22.72090", "2013-12-31": "-19.88510", "2012-12-31": ""}, "Return On Tangible Equity": {"2019-12-31": "139.65070", "2018-12-31": "23.56590", "2017-12-31": "23.09080", "2016-12-31": "-9.91440", "2015-12-31": "-18.02850", "2014-12-31": "-13.72510", "2013-12-31": "-1.01560", "2012-12-31": ""}, "ROA - Return On Assets": {"2019-12-31": "6.21740", "2018-12-31": "8.59240", "2017-12-31": "13.50760", "2016-12-31": "-5.14480", "2015-12-31": "-9.77520", "2014-12-31": "-6.19120", "2013-12-31": "-0.74980", "2012-12-31": ""}, "ROI - Return On Investment": {"2019-12-31": "7.70000", "2018-12-31": "10.47930", "2017-12-31": "17.74180", "2016-12-31": "-7.33920", "2015-12-31": "-13.86680", "2014-12-31": "-7.59230", "2013-12-31": "-0.94480", "2012-12-31": ""}, "Book Value Per Share": {"2019-12-31": "3.43610", "2018-12-31": "3.34720", "2017-12-31": "3.25940", "2016-12-31": "2.97270", "2015-12-31": "2.93610", "2014-12-31": "3.33400", "2013-12-31": "2.54560", "2012-12-31": ""}, "Operating Cash Flow Per Share": {"2019-12-31": 0.0806, "2018-12-31": 1.0001, "2017-12-31": 0.1428, "2016-12-31": 0.0585, "2015-12-31": 0.0636, "2014-12-31": -0.2061, "2013-12-31": 0.1866, "2012-12-31": 0.3198}, "Free Cash Flow Per Share": {"2019-12-31": 0.3845, "2018-12-31": 0.6666, "2017-12-31": 0.4557, "2016-12-31": -0.1333, "2015-12-31": 0.073, "2014-12-31": 0.0784, "2013-12-31": 0.1245, "2012-12-31": -0.1407}}, "financial ratios, quarterly": {"Current Ratio": {"2020-09-30": "4.97980", "2020-06-30": "4.27190", "2020-03-31": "5.70950", "2019-12-31": "4.88540", "2019-09-30": "6.11380", "2019-06-30": "4.46610", "2019-03-31": "4.86970", "2018-12-31": "6.07060", "2018-09-30": "5.49090", "2018-06-30": "5.86990", "2018-03-31": "6.61620", "2017-12-31": "4.28650", "2017-09-30": "4.25540", "2017-06-30": "4.25960", "2017-03-31": "4.37740", "2016-12-31": "4.41660", "2016-09-30": "4.55550", "2016-06-30": "4.65400", "2016-03-31": "4.40300", "2015-12-31": "4.48130", "2015-09-30": "5.01790", "2015-06-30": "6.57310", "2015-03-31": "3.03610", "2014-12-31": "3.06520", "2014-09-30": "", "2014-06-30": "", "2014-03-31": "", "2013-12-31": "", "2012-12-31": ""}, "Long-term Debt / Capital": {"2020-09-30": "0.62300", "2020-06-30": "0.61920", "2020-03-31": "0.67520", "2019-12-31": "0.67350", "2019-09-30": "0.68120", "2019-06-30": "0.43560", "2019-03-31": "0.44720", "2018-12-31": "0.45790", "2018-09-30": "0.45960", "2018-06-30": "0.47280", "2018-03-31": "0.46090", "2017-12-31": "0.13920", "2017-09-30": "0.15770", "2017-06-30": "0.17820", "2017-03-31": "0.17870", "2016-12-31": "0.15380", "2016-09-30": "0.14950", "2016-06-30": "0.15100", "2016-03-31": "0.15100", "2015-12-31": "0.15230", "2015-09-30": "0.15300", "2015-06-30": "0.15290", "2015-03-31": "0.28950", "2014-12-31": "0.26630", "2014-09-30": "", "2014-06-30": "", "2014-03-31": "", "2013-12-31": "", "2012-12-31": ""}, "Debt/Equity Ratio": {"2020-09-30": "1.66510", "2020-06-30": "1.64170", "2020-03-31": "2.09810", "2019-12-31": "2.08300", "2019-09-30": "2.15910", "2019-06-30": "0.79300", "2019-03-31": "0.83270", "2018-12-31": "0.85420", "2018-09-30": "0.86130", "2018-06-30": "0.90880", "2018-03-31": "0.86750", "2017-12-31": "0.17630", "2017-09-30": "0.20610", "2017-06-30": "0.24070", "2017-03-31": "0.24040", "2016-12-31": "0.20150", "2016-09-30": "0.19480", "2016-06-30": "0.19700", "2016-03-31": "0.19610", "2015-12-31": "0.19660", "2015-09-30": "0.19430", "2015-06-30": "0.19280", "2015-03-31": "0.42360", "2014-12-31": "0.37490", "2014-09-30": "", "2014-06-30": "", "2014-03-31": "", "2013-12-31": "", "2012-12-31": ""}, "Gross Margin": {"2020-09-30": "73.38340", "2020-06-30": "74.02110", "2020-03-31": "63.86140", "2019-12-31": "66.36130", "2019-09-30": "65.16800", "2019-06-30": "67.63850", "2019-03-31": "68.90380", "2018-12-31": "71.44850", "2018-09-30": "68.77820", "2018-06-30": "65.69980", "2018-03-31": "65.84710", "2017-12-31": "67.54930", "2017-09-30": "65.79900", "2017-06-30": "64.87040", "2017-03-31": "64.22890", "2016-12-31": "66.42290", "2016-09-30": "66.52200", "2016-06-30": "65.90700", "2016-03-31": "65.89860", "2015-12-31": "65.64540", "2015-09-30": "63.21690", "2015-06-30": "64.29720", "2015-03-31": "64.62600", "2014-12-31": "64.91870", "2014-09-30": "61.97040", "2014-06-30": "59.19690", "2014-03-31": "62.02390", "2013-12-31": "", "2012-12-31": ""}, "Operating Margin": {"2020-09-30": "26.17380", "2020-06-30": "27.78860", "2020-03-31": "11.12230", "2019-12-31": "9.27340", "2019-09-30": "7.18980", "2019-06-30": "9.85560", "2019-03-31": "18.68620", "2018-12-31": "14.74240", "2018-09-30": "12.46090", "2018-06-30": "9.63990", "2018-03-31": "11.41160", "2017-12-31": "13.42210", "2017-09-30": "6.97970", "2017-06-30": "-11.52300", "2017-03-31": "-2.16840", "2016-12-31": "3.13220", "2016-09-30": "3.05270", "2016-06-30": "5.47050", "2016-03-31": "8.28740", "2015-12-31": "9.57510", "2015-09-30": "-2.53740", "2015-06-30": "-6.17780", "2015-03-31": "-8.27080", "2014-12-31": "0.23420", "2014-09-30": "-6.40720", "2014-06-30": "-8.92520", "2014-03-31": "1.03360", "2013-12-31": "", "2012-12-31": ""}, "EBIT Margin": {"2020-09-30": "26.17380", "2020-06-30": "27.78860", "2020-03-31": "11.12230", "2019-12-31": "9.27340", "2019-09-30": "7.18980", "2019-06-30": "9.85560", "2019-03-31": "18.68620", "2018-12-31": "14.74250", "2018-09-30": "12.46090", "2018-06-30": "9.63990", "2018-03-31": "11.41160", "2017-12-31": "13.42210", "2017-09-30": "6.97970", "2017-06-30": "-11.52300", "2017-03-31": "-2.16840", "2016-12-31": "3.13220", "2016-09-30": "3.05270", "2016-06-30": "5.47050", "2016-03-31": "8.28740", "2015-12-31": "9.57510", "2015-09-30": "-2.53740", "2015-06-30": "-6.17780", "2015-03-31": "-8.27080", "2014-12-31": "0.23420", "2014-09-30": "-6.40720", "2014-06-30": "-8.92520", "2014-03-31": "1.03360", "2013-12-31": "", "2012-12-31": ""}, "EBITDA Margin": {"2020-09-30": "", "2020-06-30": "", "2020-03-31": "", "2019-12-31": "", "2019-09-30": "", "2019-06-30": "", "2019-03-31": "", "2018-12-31": "", "2018-09-30": "", "2018-06-30": "", "2018-03-31": "", "2017-12-31": "", "2017-09-30": "", "2017-06-30": "", "2017-03-31": "", "2016-12-31": "", "2016-09-30": "", "2016-06-30": "", "2016-03-31": "", "2015-12-31": "", "2015-09-30": "", "2015-06-30": "", "2015-03-31": "", "2014-12-31": "", "2014-09-30": "", "2014-06-30": "", "2014-03-31": "", "2013-12-31": "", "2012-12-31": ""}, "Pre-Tax Profit Margin": {"2020-09-30": "20.02160", "2020-06-30": "26.19700", "2020-03-31": "4.25030", "2019-12-31": "8.42640", "2019-09-30": "5.09680", "2019-06-30": "9.03890", "2019-03-31": "18.56450", "2018-12-31": "11.43640", "2018-09-30": "9.70700", "2018-06-30": "3.49350", "2018-03-31": "10.73590", "2017-12-31": "13.40450", "2017-09-30": "12.44600", "2017-06-30": "2.19490", "2017-03-31": "-1.52030", "2016-12-31": "-15.05870", "2016-09-30": "2.24300", "2016-06-30": "-3.57360", "2016-03-31": "18.08990", "2015-12-31": "2.39830", "2015-09-30": "-4.25600", "2015-06-30": "-2.35480", "2015-03-31": "-44.17440", "2014-12-31": "-3.49700", "2014-09-30": "-8.80880", "2014-06-30": "-8.37230", "2014-03-31": "-0.61670", "2013-12-31": "", "2012-12-31": ""}, "Net Profit Margin": {"2020-09-30": "20.32460", "2020-06-30": "22.49050", "2020-03-31": "5.49080", "2019-12-31": "11.58930", "2019-09-30": "7.47730", "2019-06-30": "10.06270", "2019-03-31": "18.64840", "2018-12-31": "20.62260", "2018-09-30": "13.23040", "2018-06-30": "2.55240", "2018-03-31": "10.72430", "2017-12-31": "32.83970", "2017-09-30": "24.25460", "2017-06-30": "11.47480", "2017-03-31": "-0.43450", "2016-12-31": "-19.40220", "2016-09-30": "-2.73980", "2016-06-30": "-8.56600", "2016-03-31": "1.45640", "2015-12-31": "-4.81480", "2015-09-30": "-10.48920", "2015-06-30": "-10.35440", "2015-03-31": "-62.49420", "2014-12-31": "-8.53160", "2014-09-30": "-13.16500", "2014-06-30": "-7.41250", "2014-03-31": "-1.14220", "2013-12-31": "", "2012-12-31": ""}, "Asset Turnover": {"2020-09-30": "0.20390", "2020-06-30": "0.24330", "2020-03-31": "0.15030", "2019-12-31": "0.17510", "2019-09-30": "0.13200", "2019-06-30": "0.17720", "2019-03-31": "0.17260", "2018-12-31": "0.22180", "2018-09-30": "0.16570", "2018-06-30": "0.15300", "2018-03-31": "0.13900", "2017-12-31": "0.22500", "2017-09-30": "0.18530", "2017-06-30": "0.18350", "2017-03-31": "0.18260", "2016-12-31": "0.18960", "2016-09-30": "0.15380", "2016-06-30": "0.15490", "2016-03-31": "0.14900", "2015-12-31": "0.15890", "2015-09-30": "0.12200", "2015-06-30": "0.11600", "2015-03-31": "0.17670", "2014-12-31": "0.26370", "2014-09-30": "", "2014-06-30": "", "2014-03-31": "", "2013-12-31": "", "2012-12-31": ""}, "Inventory Turnover Ratio": {"2020-09-30": "", "2020-06-30": "", "2020-03-31": "", "2019-12-31": "", "2019-09-30": "", "2019-06-30": "", "2019-03-31": "", "2018-12-31": "", "2018-09-30": "", "2018-06-30": "", "2018-03-31": "", "2017-12-31": "", "2017-09-30": "", "2017-06-30": "", "2017-03-31": "", "2016-12-31": "", "2016-09-30": "", "2016-06-30": "", "2016-03-31": "", "2015-12-31": "", "2015-09-30": "", "2015-06-30": "", "2015-03-31": "", "2014-12-31": "", "2014-09-30": "", "2014-06-30": "", "2014-03-31": "", "2013-12-31": "", "2012-12-31": ""}, "Receiveable Turnover": {"2020-09-30": "3.48150", "2020-06-30": "3.56140", "2020-03-31": "3.40970", "2019-12-31": "4.14290", "2019-09-30": "3.96160", "2019-06-30": "2.40900", "2019-03-31": "2.25680", "2018-12-31": "6.00400", "2018-09-30": "1.50580", "2018-06-30": "1.65140", "2018-03-31": "1.51370", "2017-12-31": "1.73960", "2017-09-30": "1.47010", "2017-06-30": "1.69280", "2017-03-31": "1.63180", "2016-12-31": "1.95950", "2016-09-30": "1.59010", "2016-06-30": "2.00950", "2016-03-31": "1.83060", "2015-12-31": "2.22310", "2015-09-30": "1.98810", "2015-06-30": "2.45900", "2015-03-31": "2.20020", "2014-12-31": "2.49880", "2014-09-30": "", "2014-06-30": "", "2014-03-31": "", "2013-12-31": "", "2012-12-31": ""}, "Days Sales In Receivables": {"2020-09-30": "25.85130", "2020-06-30": "25.27090", "2020-03-31": "26.39520", "2019-12-31": "21.72420", "2019-09-30": "22.71840", "2019-06-30": "37.35970", "2019-03-31": "39.88000", "2018-12-31": "14.99010", "2018-09-30": "59.76720", "2018-06-30": "54.49890", "2018-03-31": "59.45660", "2017-12-31": "51.73740", "2017-09-30": "61.22080", "2017-06-30": "53.16700", "2017-03-31": "55.15400", "2016-12-31": "45.92970", "2016-09-30": "56.59920", "2016-06-30": "44.78750", "2016-03-31": "49.16370", "2015-12-31": "40.48390", "2015-09-30": "45.26990", "2015-06-30": "36.59990", "2015-03-31": "40.90530", "2014-12-31": "36.01690", "2014-09-30": "", "2014-06-30": "", "2014-03-31": "", "2013-12-31": "", "2012-12-31": ""}, "ROE - Return On Equity": {"2020-09-30": "13.76410", "2020-06-30": "18.39560", "2020-03-31": "3.07780", "2019-12-31": "7.69510", "2019-09-30": "3.80230", "2019-06-30": "4.12000", "2019-03-31": "7.51860", "2018-12-31": "10.28970", "2018-09-30": "5.04130", "2018-06-30": "0.91300", "2018-03-31": "3.37250", "2017-12-31": "11.27510", "2017-09-30": "7.40980", "2017-06-30": "3.78520", "2017-03-31": "-0.14270", "2016-12-31": "-6.20230", "2016-09-30": "-0.69650", "2016-06-30": "-2.19540", "2016-03-31": "0.36170", "2015-12-31": "-1.28050", "2015-09-30": "-2.13480", "2015-06-30": "-1.95050", "2015-03-31": "-66.63870", "2014-12-31": "-8.25480", "2014-09-30": "", "2014-06-30": "", "2014-03-31": "", "2013-12-31": "", "2012-12-31": ""}, "Return On Tangible Equity": {"2020-09-30": "27.16370", "2020-06-30": "49.77210", "2020-03-31": "16.99790", "2019-12-31": "45.56920", "2019-09-30": "30.40100", "2019-06-30": "4.90110", "2019-03-31": "9.04480", "2018-12-31": "12.54490", "2018-09-30": "6.20800", "2018-06-30": "1.14910", "2018-03-31": "3.79420", "2017-12-31": "12.63220", "2017-09-30": "8.45140", "2017-06-30": "4.39440", "2017-03-31": "-0.16640", "2016-12-31": "-7.09000", "2016-09-30": "-0.80530", "2016-06-30": "-2.41290", "2016-03-31": "0.39940", "2015-12-31": "-1.41130", "2015-09-30": "-2.36850", "2015-06-30": "-2.16540", "2015-03-31": "-35.74070", "2014-12-31": "-4.98650", "2014-09-30": "", "2014-06-30": "", "2014-03-31": "", "2013-12-31": "", "2012-12-31": ""}, "ROA - Return On Assets": {"2020-09-30": "4.14360", "2020-06-30": "5.47240", "2020-03-31": "0.82510", "2019-12-31": "2.02880", "2019-09-30": "0.98730", "2019-06-30": "1.78350", "2019-03-31": "3.21850", "2018-12-31": "4.57400", "2018-09-30": "2.19250", "2018-06-30": "0.39050", "2018-03-31": "1.49020", "2017-12-31": "7.38960", "2017-09-30": "4.49460", "2017-06-30": "2.10510", "2017-03-31": "-0.07930", "2016-12-31": "-3.67920", "2016-09-30": "-0.42150", "2016-06-30": "-1.32700", "2016-03-31": "0.21710", "2015-12-31": "-0.76520", "2015-09-30": "-1.27940", "2015-06-30": "-1.20080", "2015-03-31": "-11.04110", "2014-12-31": "-2.24940", "2014-09-30": "", "2014-06-30": "", "2014-03-31": "", "2013-12-31": "", "2012-12-31": ""}, "ROI - Return On Investment": {"2020-09-30": "5.18890", "2020-06-30": "7.00430", "2020-03-31": "0.99980", "2019-12-31": "2.51260", "2019-09-30": "1.21220", "2019-06-30": "2.32520", "2019-03-31": "4.15600", "2018-12-31": "5.57850", "2018-09-30": "2.72440", "2018-06-30": "0.48130", "2018-03-31": "1.81820", "2017-12-31": "9.70590", "2017-09-30": "6.24110", "2017-06-30": "3.11060", "2017-03-31": "-0.11720", "2016-12-31": "-5.24850", "2016-09-30": "-0.59240", "2016-06-30": "-1.86380", "2016-03-31": "0.30710", "2015-12-31": "-1.08550", "2015-09-30": "-1.80830", "2015-06-30": "-1.65230", "2015-03-31": "-19.23930", "2014-12-31": "-2.75840", "2014-09-30": "", "2014-06-30": "", "2014-03-31": "", "2013-12-31": "", "2012-12-31": ""}, "Book Value Per Share": {"2020-09-30": "5.30530", "2020-06-30": "4.39960", "2020-03-31": "3.43690", "2019-12-31": "3.43610", "2019-09-30": "3.28630", "2019-06-30": "3.67560", "2019-03-31": "3.50210", "2018-12-31": "3.34720", "2018-09-30": "3.28180", "2018-06-30": "3.09580", "2018-03-31": "3.20530", "2017-12-31": "3.25940", "2017-09-30": "2.87620", "2017-06-30": "2.61650", "2017-03-31": "2.53770", "2016-12-31": "2.97270", "2016-09-30": "2.98640", "2016-06-30": "2.92960", "2016-03-31": "2.91590", "2015-12-31": "2.93610", "2015-09-30": "2.88230", "2015-06-30": "2.91140", "2015-03-31": "3.01370", "2014-12-31": "3.33400", "2014-09-30": "", "2014-06-30": "", "2014-03-31": "", "2013-12-31": "", "2012-12-31": ""}, "Operating Cash Flow Per Share": {"2020-09-30": 1.3037, "2020-06-30": 1.6198, "2020-03-31": "0.24090", "2019-12-31": 0.6293, "2019-09-30": 0.3951, "2019-06-30": 0.38, "2019-03-31": "0.24150", "2018-12-31": 0.8148, "2018-09-30": 0.2188, "2018-06-30": 0.3236, "2018-03-31": "0.20810", "2017-12-31": 0.3029, "2017-09-30": 0.1343, "2017-06-30": 0.0994, "2017-03-31": "0.02860", "2016-12-31": 0.16, "2016-09-30": 0.0892, "2016-06-30": 0.1488, "2016-03-31": "0.02440", "2015-12-31": 0.1932, "2015-09-30": 0.0294, "2015-06-30": -0.0622, "2015-03-31": "0.20350", "2014-12-31": 0.0012, "2014-09-30": 0.1064, "2014-06-30": -0.007, "2014-03-31": "0.17920", "2013-12-31": 0, "2012-12-31": 0}, "Free Cash Flow Per Share": {"2020-09-30": 1.2907, "2020-06-30": 1.6179, "2020-03-31": "0.22610", "2019-12-31": 0.6032, "2019-09-30": 0.3484, "2019-06-30": 0.3468, "2019-03-31": "0.21030", "2018-12-31": 0.7567, "2018-09-30": 0.1844, "2018-06-30": 0.0012, "2018-03-31": "0.18190", "2017-12-31": 0.292, "2017-09-30": 0.1221, "2017-06-30": 0.0724, "2017-03-31": "-0.02890", "2016-12-31": 0.1139, "2016-09-30": -0.0031, "2016-06-30": -0.0203, "2016-03-31": "-0.08860", "2015-12-31": 0.1159, "2015-09-30": -0.0218, "2015-06-30": -0.0645, "2015-03-31": "0.10560", "2014-12-31": -0.0603, "2014-09-30": 0.0663, "2014-06-30": -0.046, "2014-03-31": "0.09790", "2013-12-31": 0, "2012-12-31": 0}}, "revenue": {"Etsy Annual Revenue (Millions of US $)": {"2019": "$818", "2018": "$604", "2017": "$441", "2016": "$365", "2015": "$273", "2014": "$196", "2013": "$125", "2012": "$75"}, "Etsy Quarterly Revenue (Millions of US $)": {"2020-09-30": "$451", "2020-06-30": "$429", "2020-03-31": "$228", "2019-12-31": "$270", "2019-09-30": "$198", "2019-06-30": "$181", "2019-03-31": "$169", "2018-12-31": "$200", "2018-09-30": "$150", "2018-06-30": "$132", "2018-03-31": "$121", "2017-12-31": "$136", "2017-09-30": "$106", "2017-06-30": "$102", "2017-03-31": "$97", "2016-12-31": "$110", "2016-09-30": "$88", "2016-06-30": "$85", "2016-03-31": "$82", "2015-12-31": "$88", "2015-09-30": "$66", "2015-06-30": "$61", "2015-03-31": "$59", "2014-12-31": "$65", "2014-09-30": "$48", "2014-06-30": "$43", "2014-03-31": "$41", "2013-12-31": "", "2012-12-31": ""}}, "gross-profit": {"Etsy Annual Gross Profit (Millions of US $)": {"2019": "$547", "2018": "$413", "2017": "$290", "2016": "$242", "2015": "$177", "2014": "$122", "2013": "$77", "2012": "$50"}, "Etsy Quarterly Gross Profit (Millions of US $)": {"2020-09-30": "$331", "2020-06-30": "$317", "2020-03-31": "$146", "2019-12-31": "$179", "2019-09-30": "$129", "2019-06-30": "$122", "2019-03-31": "$117", "2018-12-31": "$143", "2018-09-30": "$103", "2018-06-30": "$87", "2018-03-31": "$80", "2017-12-31": "$92", "2017-09-30": "$70", "2017-06-30": "$66", "2017-03-31": "$62", "2016-12-31": "$73", "2016-09-30": "$58", "2016-06-30": "$56", "2016-03-31": "$54", "2015-12-31": "$58", "2015-09-30": "$42", "2015-06-30": "$39", "2015-03-31": "$38", "2014-12-31": "$42", "2014-09-30": "$30", "2014-06-30": "$25", "2014-03-31": "$25", "2013-12-31": "", "2012-12-31": ""}}, "operating-income": {"Etsy Annual Operating Income (Millions of US $)": {"2019": "$89", "2018": "$75", "2017": "$12", "2016": "$18", "2015": "$-2", "2014": "$-6", "2013": "$1", "2012": "$-1"}, "Etsy Quarterly Operating Income (Millions of US $)": {"2020-09-30": "$118", "2020-06-30": "$119", "2020-03-31": "$25", "2019-12-31": "$25", "2019-09-30": "$14", "2019-06-30": "$18", "2019-03-31": "$32", "2018-12-31": "$29", "2018-09-30": "$19", "2018-06-30": "$13", "2018-03-31": "$14", "2017-12-31": "$18", "2017-09-30": "$7", "2017-06-30": "$-12", "2017-03-31": "$-2", "2016-12-31": "$3", "2016-09-30": "$3", "2016-06-30": "$5", "2016-03-31": "$7", "2015-12-31": "$8", "2015-09-30": "$-2", "2015-06-30": "$-4", "2015-03-31": "$-5", "2014-12-31": "$0", "2014-09-30": "$-3", "2014-06-30": "$-4", "2014-03-31": "$0", "2013-12-31": "", "2012-12-31": ""}}, "ebitda": {"Etsy Annual EBITDA (Millions of US $)": {"2019": "$139", "2018": "$103", "2017": "$40", "2016": "$57", "2015": "$34", "2014": "$11", "2013": "$13", "2012": "$7"}, "Etsy Quarterly EBITDA (Millions of US $)": {"2020-09-30": "$134", "2020-06-30": "$133", "2020-03-31": "$41", "2019-12-31": "$42", "2019-09-30": "$27", "2019-06-30": "$28", "2019-03-31": "$42", "2018-12-31": "$38", "2018-09-30": "$25", "2018-06-30": "$19", "2018-03-31": "$20", "2017-12-31": "$25", "2017-09-30": "$15", "2017-06-30": "$-5", "2017-03-31": "$5", "2016-12-31": "$15", "2016-09-30": "$11", "2016-06-30": "$10", "2016-03-31": "$21", "2015-12-31": "$15", "2015-09-30": "$9", "2015-06-30": "$3", "2015-03-31": "$7", "2014-12-31": "$5", "2014-09-30": "$1", "2014-06-30": "$0", "2014-03-31": "$4", "2013-12-31": "", "2012-12-31": ""}}, "net-income": {"Etsy Annual Net Income (Millions of US $)": {"2019": "$96", "2018": "$77", "2017": "$82", "2016": "$-30", "2015": "$-54", "2014": "$-15", "2013": "$-1", "2012": "$-3"}, "Etsy Quarterly Net Income (Millions of US $)": {"2020-09-30": "$92", "2020-06-30": "$96", "2020-03-31": "$13", "2019-12-31": "$31", "2019-09-30": "$15", "2019-06-30": "$18", "2019-03-31": "$32", "2018-12-31": "$41", "2018-09-30": "$20", "2018-06-30": "$3", "2018-03-31": "$13", "2017-12-31": "$45", "2017-09-30": "$26", "2017-06-30": "$12", "2017-03-31": "$-0", "2016-12-31": "$-21", "2016-09-30": "$-2", "2016-06-30": "$-7", "2016-03-31": "$1", "2015-12-31": "$-4", "2015-09-30": "$-7", "2015-06-30": "$-6", "2015-03-31": "$-37", "2014-12-31": "$-6", "2014-09-30": "$-6", "2014-06-30": "$-3", "2014-03-31": "$-0", "2013-12-31": "", "2012-12-31": ""}}, "eps-earnings-per-share-diluted": {"Etsy Annual EPS": {"2019": "$0.76", "2018": "$0.61", "2017": "$0.68", "2016": "$-0.26", "2015": "$-0.59", "2014": "$-0.38", "2013": "$-0.02", "2012": "$-0.09"}, "Etsy Quarterly EPS": {"2020-09-30": "$0.70", "2020-06-30": "$0.75", "2020-03-31": "$0.10", "2019-12-31": "$0.26", "2019-09-30": "$0.12", "2019-06-30": "$0.14", "2019-03-31": "$0.24", "2018-12-31": "$0.33", "2018-09-30": "$0.15", "2018-06-30": "$0.03", "2018-03-31": "$0.10", "2017-12-31": "$0.37", "2017-09-30": "$0.21", "2017-06-30": "$0.10", "2017-03-31": "$0.00", "2016-12-31": "$-0.19", "2016-09-30": "$-0.02", "2016-06-30": "$-0.06", "2016-03-31": "$0.01", "2015-12-31": "$0.38", "2015-09-30": "$-0.06", "2015-06-30": "$-0.07", "2015-03-31": "$-0.84", "2014-12-31": "$-0.12", "2014-09-30": "$-0.15", "2014-06-30": "$-0.08", "2014-03-31": "$-0.01", "2013-12-31": "$0.00", "2012-12-31": "$0.00"}}, "shares-outstanding": {"Etsy Annual Shares Outstanding (Millions of Shares)": {"2019": "126", "2018": "127", "2017": "122", "2016": "114", "2015": "91", "2014": "40", "2013": "33", "2012": "30"}, "Etsy Quarterly Shares Outstanding (Millions of Shares)": {"2020-09-30": "138", "2020-06-30": "134", "2020-03-31": "123", "2019-12-31": "126", "2019-09-30": "126", "2019-06-30": "131", "2019-03-31": "130", "2018-12-31": "127", "2018-09-30": "129", "2018-06-30": "126", "2018-03-31": "126", "2017-12-31": "122", "2017-09-30": "123", "2017-06-30": "121", "2017-03-31": "116", "2016-12-31": "114", "2016-09-30": "114", "2016-06-30": "113", "2016-03-31": "115", "2015-12-31": "91", "2015-09-30": "111", "2015-06-30": "97", "2015-03-31": "44", "2014-12-31": "43", "2014-09-30": "43", "2014-06-30": "40", "2014-03-31": "35", "2013-12-31": "", "2012-12-31": ""}}, "total-assets": {"Etsy Annual Total Assets (Millions of US $)": {"2019": "$1,542", "2018": "$902", "2017": "$606", "2016": "$581", "2015": "$553", "2014": "$246", "2013": "$106", "2012": "$0"}, "Etsy Quarterly Total Assets (Millions of US $)": {"2020-09-30": "$2,215", "2020-06-30": "$1,762", "2020-03-31": "$1,518", "2019-12-31": "$1,542", "2019-09-30": "$1,499", "2019-06-30": "$1,022", "2019-03-31": "$981", "2018-12-31": "$902", "2018-09-30": "$907", "2018-06-30": "$865", "2018-03-31": "$870", "2017-12-31": "$606", "2017-09-30": "$574", "2017-06-30": "$554", "2017-03-31": "$531", "2016-12-31": "$581", "2016-09-30": "$569", "2016-06-30": "$551", "2016-03-31": "$549", "2015-12-31": "$553", "2015-09-30": "$539", "2015-06-30": "$529", "2015-03-31": "$331", "2014-12-31": "$246", "2014-09-30": "$0", "2014-06-30": "$0", "2014-03-31": "$0", "2013-12-31": "$106", "2012-12-31": "$0"}}, "cash-on-hand": {"Etsy Annual Cash on Hand (Millions of US $)": {"2019": "$817", "2018": "$624", "2017": "$341", "2016": "$282", "2015": "$293", "2014": "$89", "2013": "$55", "2012": "$"}, "Etsy Quarterly Cash on Hand (Millions of US $)": {"2020-09-30": "$1,525", "2020-06-30": "$1,043", "2020-03-31": "$804", "2019-12-31": "$817", "2019-09-30": "$852", "2019-06-30": "$634", "2019-03-31": "$622", "2018-12-31": "$624", "2018-09-30": "$584", "2018-06-30": "$568", "2018-03-31": "$601", "2017-12-31": "$341", "2017-09-30": "$311", "2017-06-30": "$287", "2017-03-31": "$276", "2016-12-31": "$282", "2016-09-30": "$270", "2016-06-30": "$278", "2016-03-31": "$270", "2015-12-31": "$293", "2015-09-30": "$287", "2015-06-30": "$290", "2015-03-31": "$92", "2014-12-31": "$89", "2014-09-30": "", "2014-06-30": "", "2014-03-31": "", "2013-12-31": "$55", "2012-12-31": ""}}, "long-term-debt": {"Etsy Annual Long Term Debt (Millions of US $)": {"2019": "$839", "2018": "$339", "2017": "$64", "2016": "$63", "2015": "$59", "2014": "$53", "2013": "$0", "2012": "$"}, "Etsy Quarterly Long Term Debt (Millions of US $)": {"2020-09-30": "$1,102", "2020-06-30": "$852", "2020-03-31": "$846", "2019-12-31": "$839", "2019-09-30": "$832", "2019-06-30": "$341", "2019-03-31": "$340", "2018-12-31": "$339", "2018-09-30": "$336", "2018-06-30": "$332", "2018-03-31": "$329", "2017-12-31": "$64", "2017-09-30": "$65", "2017-06-30": "$67", "2017-03-31": "$64", "2016-12-31": "$63", "2016-09-30": "$61", "2016-06-30": "$59", "2016-03-31": "$59", "2015-12-31": "$59", "2015-09-30": "$58", "2015-06-30": "$59", "2015-03-31": "$55", "2014-12-31": "$53", "2014-09-30": "", "2014-06-30": "", "2014-03-31": "", "2013-12-31": "$0", "2012-12-31": ""}}, "total-liabilities": {"Etsy Annual Total Liabilities (Millions of US $)": {"2019": "$1,136", "2018": "$501", "2017": "$209", "2016": "$236", "2015": "$223", "2014": "$99", "2013": "$22", "2012": "$0"}, "Etsy Quarterly Total Liabilities (Millions of US $)": {"2020-09-30": "$1,548", "2020-06-30": "$1,238", "2020-03-31": "$1,111", "2019-12-31": "$1,136", "2019-09-30": "$1,110", "2019-06-30": "$579", "2019-03-31": "$561", "2018-12-31": "$501", "2018-09-30": "$513", "2018-06-30": "$495", "2018-03-31": "$486", "2017-12-31": "$209", "2017-09-30": "$226", "2017-06-30": "$246", "2017-03-31": "$236", "2016-12-31": "$236", "2016-09-30": "$225", "2016-06-30": "$218", "2016-03-31": "$220", "2015-12-31": "$223", "2015-09-30": "$216", "2015-06-30": "$203", "2015-03-31": "$196", "2014-12-31": "$99", "2014-09-30": "$0", "2014-06-30": "$0", "2014-03-31": "$0", "2013-12-31": "$22", "2012-12-31": "$0"}}, "total-share-holder-equity": {"Etsy Annual Share Holder Equity (Millions of US $)": {"2019": "$407", "2018": "$401", "2017": "$397", "2016": "$345", "2015": "$330", "2014": "$147", "2013": "$84", "2012": "$0"}, "Etsy Quarterly Share Holder Equity (Millions of US $)": {"2020-09-30": "$667", "2020-06-30": "$524", "2020-03-31": "$407", "2019-12-31": "$407", "2019-09-30": "$389", "2019-06-30": "$442", "2019-03-31": "$420", "2018-12-31": "$401", "2018-09-30": "$395", "2018-06-30": "$370", "2018-03-31": "$384", "2017-12-31": "$397", "2017-09-30": "$348", "2017-06-30": "$308", "2017-03-31": "$295", "2016-12-31": "$345", "2016-09-30": "$344", "2016-06-30": "$333", "2016-03-31": "$330", "2015-12-31": "$330", "2015-09-30": "$323", "2015-06-30": "$326", "2015-03-31": "$135", "2014-12-31": "$147", "2014-09-30": "$0", "2014-06-30": "$0", "2014-03-31": "$0", "2013-12-31": "$84", "2012-12-31": "$0"}}, "profit-margins": {"current": "16.83%"}, "gross margin": {"2020-09-30": "70.61%", "2020-06-30": "68.53%", "2020-03-31": "65.68%", "2019-12-31": "66.87%", "2019-09-30": "68.32%", "2019-06-30": "69.29%", "2019-03-31": "69.12%", "2018-12-31": "68.49%", "2018-09-30": "67.16%", "2018-06-30": "66.46%", "2018-03-31": "66.24%", "2017-12-31": "65.76%", "2017-09-30": "65.30%", "2017-06-30": "65.24%", "2017-03-31": "65.53%", "2016-12-31": "66.03%", "2016-09-30": "65.89%", "2016-06-30": "65.42%", "2016-03-31": "64.98%", "2015-12-31": "64.60%", "2015-09-30": "64.14%", "2015-06-30": "63.95%", "2015-03-31": "62.79%", "2014-12-31": "61.93%"}, "operating margin": {"2020-09-30": "20.83%", "2020-06-30": "16.27%", "2020-03-31": "9.35%", "2019-12-31": "10.88%", "2019-09-30": "12.43%", "2019-06-30": "14.00%", "2019-03-31": "14.29%", "2018-12-31": "12.44%", "2018-09-30": "11.87%", "2018-06-30": "10.51%", "2018-03-31": "5.81%", "2017-12-31": "2.49%", "2017-09-30": "-0.96%", "2017-06-30": "-2.02%", "2017-03-31": "2.37%", "2016-12-31": "4.93%", "2016-09-30": "6.71%", "2016-06-30": "5.61%", "2016-03-31": "3.03%", "2015-12-31": "-1.09%", "2015-09-30": "-4.38%", "2015-06-30": "-5.15%", "2015-03-31": "-5.58%", "2014-12-31": "-3.55%"}, "ebitda margin": {"2020-09-30": "25.40%", "2020-06-30": "21.60%", "2020-03-31": "15.74%", "2019-12-31": "16.99%", "2019-09-30": "18.05%", "2019-06-30": "19.00%", "2019-03-31": "19.05%", "2018-12-31": "16.92%", "2018-09-30": "16.51%", "2018-06-30": "15.96%", "2018-03-31": "11.83%", "2017-12-31": "9.07%", "2017-09-30": "7.23%", "2017-06-30": "6.55%", "2017-03-31": "10.79%", "2016-12-31": "15.62%", "2016-09-30": "16.62%", "2016-06-30": "17.13%", "2016-03-31": "16.16%", "2015-12-31": "12.41%", "2015-09-30": "9.56%", "2015-06-30": "6.87%", "2015-03-31": "6.05%", "2014-12-31": "5.08%"}, "pre tax profit margin": {"2020-09-30": "17.05%", "2020-06-30": "13.78%", "2020-03-31": "6.73%", "2019-12-31": "9.78%", "2019-09-30": "10.70%", "2019-06-30": "12.14%", "2019-03-31": "11.37%", "2018-12-31": "9.29%", "2018-09-30": "9.46%", "2018-06-30": "9.90%", "2018-03-31": "9.89%", "2017-12-31": "7.26%", "2017-09-30": "-0.72%", "2017-06-30": "-3.53%", "2017-03-31": "-5.00%", "2016-12-31": "-0.82%", "2016-09-30": "4.66%", "2016-06-30": "3.43%", "2016-03-31": "4.38%", "2015-12-31": "-10.22%", "2015-09-30": "-12.75%", "2015-06-30": "-14.16%", "2015-03-31": "-16.74%", "2014-12-31": "-5.08%"}, "net profit margin": {"2020-09-30": "16.84%", "2020-06-30": "13.78%", "2020-03-31": "8.78%", "2019-12-31": "11.74%", "2019-09-30": "14.17%", "2019-06-30": "15.86%", "2019-03-31": "14.75%", "2018-12-31": "12.77%", "2018-09-30": "15.03%", "2018-06-30": "17.58%", "2018-03-31": "20.65%", "2017-12-31": "18.82%", "2017-09-30": "4.10%", "2017-06-30": "-2.77%", "2017-03-31": "-7.89%", "2016-12-31": "-7.95%", "2016-09-30": "-3.50%", "2016-06-30": "-5.30%", "2016-03-31": "-5.39%", "2015-12-31": "-19.71%", "2015-09-30": "-22.31%", "2015-06-30": "-23.61%", "2015-03-31": "-24.19%", "2014-12-31": "-7.61%"}, "pe ratio": {"current": "127.71", "2021-02-11": "125.58", "2020-09-30": "67.57", "2020-06-30": "87.07", "2020-03-31": "63.02", "2019-12-31": "59.07", "2019-09-30": "68.90", "2019-06-30": "72.20", "2019-03-31": "90.84", "2018-12-31": "79.28", "2018-09-30": "80.28", "2018-06-30": "60.27", "2018-03-31": "36.44", "2017-12-31": "30.52", "2017-09-30": "140.67", "2017-06-30": "0.00", "2017-03-31": "0.00", "2016-12-31": "0.00", "2016-09-30": "0.00", "2016-06-30": "0.00", "2016-03-31": "0.00"}, "price sales": {"2021-02-11": "21.59", "2020-09-30": "11.62", "2020-06-30": "12.13", "2020-03-31": "5.53", "2019-12-31": "6.92", "2019-09-30": "9.70", "2019-06-30": "11.32", "2019-03-31": "13.20", "2018-12-31": "10.01", "2018-09-30": "11.96", "2018-06-30": "10.56", "2018-03-31": "7.42", "2017-12-31": "5.59", "2017-09-30": "4.80", "2017-06-30": "4.39", "2017-03-31": "3.19", "2016-12-31": "3.68", "2016-09-30": "4.46", "2016-06-30": "3.18", "2016-03-31": "3.00"}, "price book": {"current": "43.48", "2021-02-11": "42.61", "2020-09-30": "22.93", "2020-06-30": "24.15", "2020-03-31": "11.18", "2019-12-31": "12.89", "2019-09-30": "17.19", "2019-06-30": "16.70", "2019-03-31": "19.19", "2018-12-31": "14.21", "2018-09-30": "15.66", "2018-06-30": "13.63", "2018-03-31": "8.75", "2017-12-31": "6.27", "2017-09-30": "5.87", "2017-06-30": "5.73", "2017-03-31": "4.19", "2016-12-31": "3.96", "2016-09-30": "4.78", "2016-06-30": "3.27", "2016-03-31": "2.98", "2015-12-31": "2.81", "2015-09-30": "4.75", "2015-06-30": "4.83"}, "price fcf": {"2021-02-11": "", "2020-09-30": "$3.74", "2020-06-30": "$2.80", "2020-03-31": "$1.52", "2019-12-31": "$1.51", "2019-09-30": "$1.66", "2019-06-30": "$1.50", "2019-03-31": "$1.15", "2018-12-31": "$1.12", "2018-09-30": "$0.66", "2018-06-30": "$0.60", "2018-03-31": "$0.67", "2017-12-31": "$0.46", "2017-09-30": "$0.28", "2017-06-30": "$0.15", "2017-03-31": "$0.06", "2016-12-31": "$0.00", "2016-09-30": "$0.00", "2016-06-30": "$-0.01", "2016-03-31": "$0.05"}, "net worth": {"value": "$28.98B"}, "current ratio": {"current": "4.98", "2020-09-30": "4.98", "2020-06-30": "4.27", "2020-03-31": "5.71", "2019-12-31": "4.89", "2019-09-30": "6.11", "2019-06-30": "4.47", "2019-03-31": "4.87", "2018-12-31": "6.07", "2018-09-30": "5.49", "2018-06-30": "5.87", "2018-03-31": "6.62", "2017-12-31": "4.29", "2017-09-30": "4.26", "2017-06-30": "4.26", "2017-03-31": "4.38", "2016-12-31": "4.42", "2016-09-30": "4.56", "2016-06-30": "4.65", "2016-03-31": "4.40", "2015-12-31": "4.48", "2015-09-30": "5.02", "2015-06-30": "6.57", "2015-03-31": "3.04", "2014-12-31": "3.07", "2014-09-30": "0.00", "2014-06-30": "0.00", "2014-03-31": "0.00", "2013-12-31": "4.00", "2012-12-31": "0.00"}, "quick ratio": {"2020-09-30": "0.00", "2020-06-30": "0.00", "2020-03-31": "0.00", "2019-12-31": "0.00", "2019-09-30": "0.00", "2019-06-30": "0.00", "2019-03-31": "0.00", "2018-12-31": "0.00", "2018-09-30": "0.00", "2018-06-30": "0.00", "2018-03-31": "0.00", "2017-12-31": "0.00", "2017-09-30": "0.00", "2017-06-30": "0.00", "2017-03-31": "0.00", "2016-12-31": "0.00", "2016-09-30": "0.00", "2016-06-30": "0.00", "2016-03-31": "0.00", "2015-12-31": "0.00", "2015-09-30": "0.00", "2015-06-30": "0.00", "2015-03-31": "0.00", "2014-12-31": "0.00", "2014-09-30": "0.00", "2014-06-30": "0.00", "2014-03-31": "0.00", "2013-12-31": "0.00", "2012-12-31": "0.00"}, "debt equity ratio": {"current": "1.65", "2020-09-30": "2.32", "2020-06-30": "2.36", "2020-03-31": "2.73", "2019-12-31": "2.79", "2019-09-30": "2.85", "2019-06-30": "1.31", "2019-03-31": "1.34", "2018-12-31": "1.25", "2018-09-30": "1.30", "2018-06-30": "1.34", "2018-03-31": "1.26", "2017-12-31": "0.53", "2017-09-30": "0.65", "2017-06-30": "0.80", "2017-03-31": "0.80", "2016-12-31": "0.69", "2016-09-30": "0.65", "2016-06-30": "0.65", "2016-03-31": "0.67", "2015-12-31": "0.67", "2015-09-30": "0.67", "2015-06-30": "0.62", "2015-03-31": "1.45", "2014-12-31": "0.67", "2014-09-30": "0.00", "2014-06-30": "0.00", "2014-03-31": "0.00", "2013-12-31": "0.26", "2012-12-31": "0.00"}, "return on equity": {"2020-09-30": "46.28%", "2020-06-30": "35.90%", "2020-03-31": "18.72%", "2019-12-31": "23.16%", "2019-09-30": "25.67%", "2019-06-30": "26.78%", "2019-03-31": "24.21%", "2018-12-31": "19.87%", "2018-09-30": "20.96%", "2018-06-30": "23.22%", "2018-03-31": "26.72%", "2017-12-31": "24.63%", "2017-09-30": "5.25%", "2017-06-30": "-3.41%", "2017-03-31": "-9.11%", "2016-12-31": "-8.58%", "2016-09-30": "-3.59%", "2016-06-30": "-5.17%", "2016-03-31": "-4.89%", "2015-12-31": "-19.39%", "2015-09-30": "-24.06%", "2015-06-30": "-36.18%", "2015-03-31": "-73.76%", "2014-12-31": "-40.82%"}, "return on assets": {"2020-09-30": "13.19%", "2020-06-30": "9.81%", "2020-03-31": "5.52%", "2019-12-31": "7.61%", "2019-09-30": "9.63%", "2019-06-30": "11.65%", "2019-03-31": "10.51%", "2018-12-31": "8.69%", "2018-09-30": "9.98%", "2018-06-30": "11.94%", "2018-03-31": "14.75%", "2017-12-31": "14.66%", "2017-09-30": "3.04%", "2017-06-30": "-1.97%", "2017-03-31": "-5.38%", "2016-12-31": "-5.16%", "2016-09-30": "-2.16%", "2016-06-30": "-3.10%", "2016-03-31": "-2.95%", "2015-12-31": "-11.07%", "2015-09-30": "-13.62%", "2015-06-30": "-19.89%", "2015-03-31": "-36.05%", "2014-12-31": "-24.39%"}, "return on investments": {"2020-09-30": "20.35%", "2020-06-30": "14.37%", "2020-03-31": "7.29%", "2019-12-31": "8.88%", "2019-09-30": "10.62%", "2019-06-30": "13.01%", "2019-03-31": "12.69%", "2018-12-31": "10.40%", "2018-09-30": "9.82%", "2018-06-30": "9.09%", "2018-03-31": "5.50%", "2017-12-31": "2.74%", "2017-09-30": "-1.03%", "2017-06-30": "-2.07%", "2017-03-31": "2.30%", "2016-12-31": "4.52%", "2016-09-30": "5.84%", "2016-06-30": "4.64%", "2016-03-31": "2.33%", "2015-12-31": "-0.89%", "2015-09-30": "-3.80%", "2015-06-30": "-6.19%", "2015-03-31": "-12.28%", "2014-12-31": "-13.93%"}, "return on tangible equity": {"2020-09-30": "137.48%", "2020-06-30": "160.62%", "2020-03-31": "54.61%", "2019-12-31": "45.77%", "2019-09-30": "38.58%", "2019-06-30": "32.41%", "2019-03-31": "29.72%", "2018-12-31": "23.97%", "2018-09-30": "24.73%", "2018-06-30": "26.87%", "2018-03-31": "30.31%", "2017-12-31": "28.18%", "2017-09-30": "6.04%", "2017-06-30": "-3.93%", "2017-03-31": "-10.38%", "2016-12-31": "-9.66%", "2016-09-30": "-4.00%", "2016-06-30": "-5.70%", "2016-03-31": "-5.41%", "2015-12-31": "-21.91%", "2015-09-30": "-28.11%", "2015-06-30": "-43.48%", "2015-03-31": "-97.65%", "2014-12-31": "-54.05%"}, "dividend yield history": {"last payout": "$0.00", "last yield": "0.00%"}}