{"ticker": "EEFT", "price": {"title": "Euronet Worldwide Historical Annual Stock Price Data", "value": 133.82, "historical": {"2021": {"Average Stock Price": "137.2283", "Year Open": "140.6500", "Year High": "147.5800", "Year Low": "123.3000", "Year Close": "133.8200", "Annual % Change": "-7.66%"}, "2020": {"Average Stock Price": "109.5945", "Year Open": "158.6500", "Year High": "167.2600", "Year Low": "68.7300", "Year Close": "144.9200", "Annual % Change": "-8.02%"}, "2019": {"Average Stock Price": "146.0417", "Year Open": "101.5600", "Year High": "170.2100", "Year Low": "96.4500", "Year Close": "157.5600", "Annual % Change": "53.90%"}, "2018": {"Average Stock Price": "93.4496", "Year Open": "85.1600", "Year High": "120.5300", "Year Low": "71.2400", "Year Close": "102.3800", "Annual % Change": "21.49%"}, "2017": {"Average Stock Price": "87.9311", "Year Open": "73.0600", "Year High": "99.9800", "Year Low": "71.2200", "Year Close": "84.2700", "Annual % Change": "16.35%"}, "2016": {"Average Stock Price": "75.2069", "Year Open": "69.9800", "Year High": "84.5100", "Year Low": "57.9300", "Year Close": "72.4300", "Annual % Change": "0.00%"}, "2015": {"Average Stock Price": "64.1157", "Year Open": "54.1100", "Year High": "82.0700", "Year Low": "45.3900", "Year Close": "72.4300", "Annual % Change": "31.93%"}, "2014": {"Average Stock Price": "47.5988", "Year Open": "47.5500", "Year High": "58.9400", "Year Low": "36.2100", "Year Close": "54.9000", "Annual % Change": "14.73%"}, "2013": {"Average Stock Price": "34.0146", "Year Open": "23.9200", "Year High": "49.3800", "Year Low": "23.1400", "Year Close": "47.8500", "Annual % Change": "102.75%"}, "2012": {"Average Stock Price": "19.2484", "Year Open": "19.2000", "Year High": "23.6500", "Year Low": "15.9900", "Year Close": "23.6000", "Annual % Change": "27.71%"}, "2011": {"Average Stock Price": "17.2546", "Year Open": "17.5000", "Year High": "20.3600", "Year Low": "13.7600", "Year Close": "18.4800", "Annual % Change": "5.96%"}, "2010": {"Average Stock Price": "17.0887", "Year Open": "22.5500", "Year High": "22.7100", "Year Low": "12.6000", "Year Close": "17.4400", "Annual % Change": "-20.55%"}, "2009": {"Average Stock Price": "18.0144", "Year Open": "12.0700", "Year High": "25.0100", "Year Low": "7.5900", "Year Close": "21.9500", "Annual % Change": "89.06%"}, "2008": {"Average Stock Price": "17.3753", "Year Open": "29.2900", "Year High": "30.0100", "Year Low": "7.4200", "Year Close": "11.6100", "Annual % Change": "-61.30%"}, "2007": {"Average Stock Price": "28.4761", "Year Open": "30.0800", "Year High": "33.1000", "Year Low": "24.9900", "Year Close": "30.0000", "Annual % Change": "1.04%"}, "2006": {"Average Stock Price": "31.5084", "Year Open": "28.3100", "Year High": "39.4800", "Year Low": "23.7000", "Year Close": "29.6900", "Annual % Change": "6.80%"}, "2005": {"Average Stock Price": "27.6600", "Year Open": "25.3000", "Year High": "31.8700", "Year Low": "23.0200", "Year Close": "27.8000", "Annual % Change": "6.84%"}, "2004": {"Average Stock Price": "20.1656", "Year Open": "18.5700", "Year High": "26.8700", "Year Low": "15.9200", "Year Close": "26.0200", "Annual % Change": "44.24%"}, "2003": {"Average Stock Price": "10.9071", "Year Open": "7.7590", "Year High": "18.4000", "Year Low": "6.1600", "Year Close": "18.0390", "Annual % Change": "140.20%"}, "2002": {"Average Stock Price": "12.3225", "Year Open": "17.5500", "Year High": "22.0900", "Year Low": "4.5900", "Year Close": "7.5100", "Annual % Change": "-58.51%"}, "2001": {"Average Stock Price": "9.9675", "Year Open": "4.5000", "Year High": "18.2000", "Year Low": "4.5000", "Year Close": "18.1000", "Annual % Change": "266.55%"}, "2000": {"Average Stock Price": "7.5002", "Year Open": "7.3100", "Year High": "10.6300", "Year Low": "4.0000", "Year Close": "4.9380", "Annual % Change": "-34.71%"}, "1999": {"Average Stock Price": "2.8574", "Year Open": "2.5000", "Year High": "7.5630", "Year Low": "1.8130", "Year Close": "7.5630", "Annual % Change": "181.36%"}, "1998": {"Average Stock Price": "5.2827", "Year Open": "7.8750", "Year High": "13.2500", "Year Low": "1.8130", "Year Close": "2.6880", "Annual % Change": "-65.32%"}}}, "market cap": {"value": "$7B"}, "income statement": {"Revenue": {"2019-12-31": "2750.10900", "2018-12-31": "2536.62900", "2017-12-31": "2252.42200", "2016-12-31": "1958.61500", "2015-12-31": "1772.26200", "2014-12-31": "1664.15000", "2013-12-31": "1413.16900", "2012-12-31": "1267.60100", "2011-12-31": "1161.30400", "2010-12-31": "1038.26900", "2009-12-31": "1032.69400", "2008-12-31": "1045.66500", "2007-12-31": "902.66600", "2006-12-31": "615.37600", "2005-12-31": "531.15900"}, "Cost Of Goods Sold": {"2019-12-31": "1556.48300", "2018-12-31": "1488.40600", "2017-12-31": "1356.25000", "2016-12-31": "1174.54500", "2015-12-31": "1081.84900", "2014-12-31": "1033.47900", "2013-12-31": "892.92800", "2012-12-31": "812.05900", "2011-12-31": "740.72900", "2010-12-31": "675.57100", "2009-12-31": "678.37000", "2008-12-31": "703.84200", "2007-12-31": "623.54800", "2006-12-31": "435.11200", "2005-12-31": "370.75800"}, "Gross Profit": {"2019-12-31": "1193.62600", "2018-12-31": "1048.22300", "2017-12-31": "896.17210", "2016-12-31": "784.06990", "2015-12-31": "690.41300", "2014-12-31": "630.67100", "2013-12-31": "520.24100", "2012-12-31": "455.54190", "2011-12-31": "420.57500", "2010-12-31": "362.69810", "2009-12-31": "354.32400", "2008-12-31": "341.82310", "2007-12-31": "279.11800", "2006-12-31": "180.26400", "2005-12-31": "160.40100"}, "Research And Development Expenses": {"2019-12-31": "", "2018-12-31": "", "2017-12-31": "", "2016-12-31": "", "2015-12-31": "", "2014-12-31": "", "2013-12-31": "", "2012-12-31": "", "2011-12-31": "", "2010-12-31": "", "2009-12-31": "", "2008-12-31": "", "2007-12-31": "", "2006-12-31": "", "2005-12-31": ""}, "SG&A Expenses": {"2019-12-31": "606.68800", "2018-12-31": "577.23900", "2017-12-31": "501.08900", "2016-12-31": "453.76800", "2015-12-31": "415.54700", "2014-12-31": "400.48500", "2013-12-31": "337.67100", "2012-12-31": "304.63000", "2011-12-31": "280.98100", "2010-12-31": "229.00800", "2009-12-31": "216.15200", "2008-12-31": "214.51600", "2007-12-31": "168.07800", "2006-12-31": "100.90200", "2005-12-31": "90.24900"}, "Other Operating Income Or Expenses": {"2019-12-31": "", "2018-12-31": "", "2017-12-31": "", "2016-12-31": "", "2015-12-31": "", "2014-12-31": "", "2013-12-31": "", "2012-12-31": "", "2011-12-31": "", "2010-12-31": "", "2009-12-31": "", "2008-12-31": "", "2007-12-31": "12.19100", "2006-12-31": "", "2005-12-31": ""}, "Operating Expenses": {"2019-12-31": "2274.91500", "2018-12-31": "2178.71500", "2017-12-31": "1986.42500", "2016-12-31": "1708.84200", "2015-12-31": "1567.42100", "2014-12-31": "1505.41900", "2013-12-31": "1294.75800", "2012-12-31": "1209.59600", "2011-12-31": "1082.16700", "2010-12-31": "1033.00000", "2009-12-31": "960.42900", "2008-12-31": "1194.68600", "2007-12-31": "826.43200", "2006-12-31": "564.60400", "2005-12-31": "483.80700"}, "Operating Income": {"2019-12-31": "475.19380", "2018-12-31": "357.91380", "2017-12-31": "265.99720", "2016-12-31": "249.77290", "2015-12-31": "204.84090", "2014-12-31": "158.73110", "2013-12-31": "118.41090", "2012-12-31": "58.00500", "2011-12-31": "79.13700", "2010-12-31": "5.26900", "2009-12-31": "72.26500", "2008-12-31": "-149.02100", "2007-12-31": "76.23400", "2006-12-31": "50.77200", "2005-12-31": "47.35200"}, "Total Non-Operating Income/Expense": {"2019-12-31": "-41.38700", "2018-12-31": "-62.99800", "2017-12-31": "-9.66200", "2016-12-31": "-16.88000", "2015-12-31": "-63.74700", "2014-12-31": "-17.22800", "2013-12-31": "-3.32600", "2012-12-31": "-10.67100", "2011-12-31": "-16.34500", "2010-12-31": "-20.28700", "2009-12-31": "-15.09200", "2008-12-31": "-51.64600", "2007-12-31": "-5.36900", "2006-12-31": "9.87200", "2005-12-31": "-8.89500"}, "Pre-Tax Income": {"2019-12-31": "433.80700", "2018-12-31": "294.91600", "2017-12-31": "256.33500", "2016-12-31": "232.89300", "2015-12-31": "141.09400", "2014-12-31": "141.50300", "2013-12-31": "115.08500", "2012-12-31": "47.33400", "2011-12-31": "62.79200", "2010-12-31": "-15.01800", "2009-12-31": "57.17300", "2008-12-31": "-200.66700", "2007-12-31": "70.86500", "2006-12-31": "60.64400", "2005-12-31": "38.45700"}, "Income Taxes": {"2019-12-31": "87.11200", "2018-12-31": "62.78500", "2017-12-31": "99.39500", "2016-12-31": "58.79500", "2015-12-31": "42.60200", "2014-12-31": "40.01500", "2013-12-31": "27.73200", "2012-12-31": "26.93700", "2011-12-31": "24.70400", "2010-12-31": "22.89900", "2009-12-31": "25.83600", "2008-12-31": "-7.33700", "2007-12-31": "34.03800", "2006-12-31": "14.29400", "2005-12-31": "14.84300"}, "Income After Taxes": {"2019-12-31": "346.69500", "2018-12-31": "232.13100", "2017-12-31": "156.94000", "2016-12-31": "174.09800", "2015-12-31": "98.49200", "2014-12-31": "101.48800", "2013-12-31": "87.35300", "2012-12-31": "20.39700", "2011-12-31": "38.08800", "2010-12-31": "-37.91700", "2009-12-31": "31.33700", "2008-12-31": "-193.33000", "2007-12-31": "36.82700", "2006-12-31": "46.35000", "2005-12-31": "23.61400"}, "Other Income": {"2019-12-31": "", "2018-12-31": "", "2017-12-31": "", "2016-12-31": "", "2015-12-31": "", "2014-12-31": "", "2013-12-31": "", "2012-12-31": "", "2011-12-31": "", "2010-12-31": "", "2009-12-31": "", "2008-12-31": "", "2007-12-31": "", "2006-12-31": "", "2005-12-31": ""}, "Income From Continuous Operations": {"2019-12-31": "346.69500", "2018-12-31": "232.13100", "2017-12-31": "156.94000", "2016-12-31": "174.09800", "2015-12-31": "98.49200", "2014-12-31": "101.48800", "2013-12-31": "87.35300", "2012-12-31": "20.39700", "2011-12-31": "38.08800", "2010-12-31": "-37.91700", "2009-12-31": "31.33700", "2008-12-31": "-193.33000", "2007-12-31": "36.82700", "2006-12-31": "45.37300", "2005-12-31": "22.69800"}, "Income From Discontinued Operations": {"2019-12-31": "", "2018-12-31": "", "2017-12-31": "", "2016-12-31": "", "2015-12-31": "", "2014-12-31": "", "2013-12-31": "", "2012-12-31": "", "2011-12-31": "", "2010-12-31": "", "2009-12-31": "0.47500", "2008-12-31": "-1.07100", "2007-12-31": "0.96700", "2006-12-31": "0.62900", "2005-12-31": "-0.63500"}, "Net Income": {"2019-12-31": "346.74900", "2018-12-31": "232.85100", "2017-12-31": "156.84500", "2016-12-31": "174.41500", "2015-12-31": "98.80800", "2014-12-31": "101.64800", "2013-12-31": "87.98600", "2012-12-31": "20.53500", "2011-12-31": "36.96100", "2010-12-31": "-38.37200", "2009-12-31": "30.31700", "2008-12-31": "-193.46600", "2007-12-31": "35.75400", "2006-12-31": "49.19100", "2005-12-31": "22.06300"}, "EBITDA": {"2019-12-31": "604.02590", "2018-12-31": "478.05580", "2017-12-31": "374.53120", "2016-12-31": "343.18700", "2015-12-31": "287.02990", "2014-12-31": "233.12010", "2013-12-31": "184.55990", "2012-12-31": "129.84400", "2011-12-31": "151.54600", "2010-12-31": "71.59800", "2009-12-31": "139.27000", "2008-12-31": "-76.51700", "2007-12-31": "138.39000", "2006-12-31": "82.29700", "2005-12-31": "71.72000"}, "EBIT": {"2019-12-31": "475.19380", "2018-12-31": "357.91380", "2017-12-31": "265.99720", "2016-12-31": "249.77290", "2015-12-31": "204.84090", "2014-12-31": "158.73110", "2013-12-31": "118.41090", "2012-12-31": "58.00500", "2011-12-31": "79.13700", "2010-12-31": "5.26900", "2009-12-31": "72.26500", "2008-12-31": "-149.02100", "2007-12-31": "76.23400", "2006-12-31": "50.77200", "2005-12-31": "47.35200"}, "Basic Shares Outstanding": {"2019-12-31": "53.44980", "2018-12-31": "51.48760", "2017-12-31": "52.52330", "2016-12-31": "52.27700", "2015-12-31": "52.27500", "2014-12-31": "51.75790", "2013-12-31": "49.96500", "2012-12-31": "50.52900", "2011-12-31": "50.94400", "2010-12-31": "50.85800", "2009-12-31": "50.48700", "2008-12-31": "49.18090", "2007-12-31": "45.26080", "2006-12-31": "37.03700", "2005-12-31": "35.02000"}, "Shares Outstanding": {"2019-12-31": "54.91390", "2018-12-31": "54.62780", "2017-12-31": "55.11630", "2016-12-31": "54.00110", "2015-12-31": "54.07700", "2014-12-31": "53.90100", "2013-12-31": "51.98300", "2012-12-31": "51.41200", "2011-12-31": "51.73000", "2010-12-31": "50.85800", "2009-12-31": "51.48300", "2008-12-31": "49.18090", "2007-12-31": "46.85060", "2006-12-31": "42.45600", "2005-12-31": "36.83100"}, "Basic EPS": {"2019-12-31": "6.49000", "2018-12-31": "4.52000", "2017-12-31": "2.99000", "2016-12-31": "3.34000", "2015-12-31": "1.89000", "2014-12-31": "1.96000", "2013-12-31": "1.76000", "2012-12-31": "0.41000", "2011-12-31": "0.73000", "2010-12-31": "-0.75000", "2009-12-31": "0.60000", "2008-12-31": "-3.93000", "2007-12-31": "0.79000", "2006-12-31": "1.24000", "2005-12-31": "0.63000"}, "EPS - Earnings Per Share": {"2019-12-31": "6.31000", "2018-12-31": "4.26000", "2017-12-31": "2.85000", "2016-12-31": "3.23000", "2015-12-31": "1.83000", "2014-12-31": "1.89000", "2013-12-31": "1.69000", "2012-12-31": "0.40000", "2011-12-31": "0.71000", "2010-12-31": "-0.75000", "2009-12-31": "0.59000", "2008-12-31": "-3.93000", "2007-12-31": "0.76000", "2006-12-31": "1.16000", "2005-12-31": "0.60000"}}, "income statement, quarterly": {"Revenue": {"2020-09-30": "664.35100", "2020-06-30": "527.80300", "2020-03-31": "583.90700", "2019-12-31": "693.74690", "2019-09-30": "786.98600", "2019-06-30": "691.86700", "2019-03-31": "577.50900", "2018-12-31": "649.38490", "2018-09-30": "714.50500", "2018-06-30": "622.22400", "2018-03-31": "550.51500", "2017-12-31": "604.64510", "2017-09-30": "637.83400", "2017-06-30": "536.56300", "2017-03-31": "473.38000", "2016-12-31": "519.82900", "2016-09-30": "524.02500", "2016-06-30": "476.86700", "2016-03-31": "437.89400", "2015-12-31": "470.57890", "2015-09-30": "481.37300", "2015-06-30": "425.14800", "2015-03-31": "395.16200", "2014-12-31": "461.95100", "2014-09-30": "453.42200", "2014-06-30": "395.46200", "2014-03-31": "353.31500", "2013-12-31": "375.40200", "2013-09-30": "360.58000", "2013-06-30": "341.54300", "2013-03-31": "335.64400", "2012-12-31": "351.24600", "2012-09-30": "316.35600", "2012-06-30": "302.37700", "2012-03-31": "297.62200", "2011-12-31": "319.40200", "2011-09-30": "299.50700", "2011-06-30": "279.80200", "2011-03-31": "262.59300", "2010-12-31": "283.81500", "2010-09-30": "260.22300", "2010-06-30": "244.22800", "2010-03-31": "250.00300", "2009-12-31": "285.56290", "2009-09-30": "264.82000", "2009-06-30": "248.61400", "2009-03-31": "233.69700", "2008-12-31": "255.71900", "2008-09-30": "280.70300", "2008-06-30": "264.45000", "2008-03-31": "244.79300", "2007-12-31": "257.05900", "2007-09-30": "241.72500", "2007-06-30": "233.46500", "2007-03-31": "170.41700", "2006-12-31": "152.95000", "2006-09-30": "161.65300", "2006-06-30": "153.80300", "2006-03-31": "146.97000", "2005-12-31": "144.31800", "2005-09-30": "137.39000", "2005-06-30": "132.24500", "2005-03-31": "117.20600"}, "Cost Of Goods Sold": {"2020-09-30": "407.59800", "2020-06-30": "350.01100", "2020-03-31": "359.45600", "2019-12-31": "403.75810", "2019-09-30": "405.08100", "2019-06-30": "393.81100", "2019-03-31": "353.83300", "2018-12-31": "395.33410", "2018-09-30": "388.23600", "2018-06-30": "361.51200", "2018-03-31": "343.32400", "2017-12-31": "377.48200", "2017-09-30": "364.81500", "2017-06-30": "317.34600", "2017-03-31": "296.60700", "2016-12-31": "321.00110", "2016-09-30": "300.15900", "2016-06-30": "281.75900", "2016-03-31": "271.62600", "2015-12-31": "290.10000", "2015-09-30": "282.31300", "2015-06-30": "258.07900", "2015-03-31": "251.35700", "2014-12-31": "289.69010", "2014-09-30": "274.81400", "2014-06-30": "242.63700", "2014-03-31": "226.33800", "2013-12-31": "235.99500", "2013-09-30": "223.55100", "2013-06-30": "214.29500", "2013-03-31": "219.08700", "2012-12-31": "225.09400", "2012-09-30": "200.37800", "2012-06-30": "192.58900", "2012-03-31": "193.99800", "2011-12-31": "203.91900", "2011-09-30": "190.53400", "2011-06-30": "175.39200", "2011-03-31": "170.88400", "2010-12-31": "181.43500", "2010-09-30": "167.43900", "2010-06-30": "160.83600", "2010-03-31": "165.86100", "2009-12-31": "186.27600", "2009-09-30": "173.49300", "2009-06-30": "165.05300", "2009-03-31": "153.54800", "2008-12-31": "166.48000", "2008-09-30": "191.99900", "2008-06-30": "179.42500", "2008-03-31": "165.93800", "2007-12-31": "177.66100", "2007-09-30": "164.97200", "2007-06-30": "160.25100", "2007-03-31": "120.66400", "2006-12-31": "115.51000", "2006-09-30": "112.48800", "2006-06-30": "105.76100", "2006-03-31": "101.35300", "2005-12-31": "100.45000", "2005-09-30": "95.77900", "2005-06-30": "92.15700", "2005-03-31": "82.37200"}, "Gross Profit": {"2020-09-30": "256.75300", "2020-06-30": "177.79200", "2020-03-31": "224.45100", "2019-12-31": "289.98880", "2019-09-30": "381.90500", "2019-06-30": "298.05600", "2019-03-31": "223.67600", "2018-12-31": "254.05080", "2018-09-30": "326.26900", "2018-06-30": "260.71200", "2018-03-31": "207.19100", "2017-12-31": "227.16310", "2017-09-30": "273.01900", "2017-06-30": "219.21700", "2017-03-31": "176.77300", "2016-12-31": "198.82790", "2016-09-30": "223.86600", "2016-06-30": "195.10800", "2016-03-31": "166.26800", "2015-12-31": "180.47890", "2015-09-30": "199.06000", "2015-06-30": "167.06900", "2015-03-31": "143.80500", "2014-12-31": "172.26090", "2014-09-30": "178.60800", "2014-06-30": "152.82500", "2014-03-31": "126.97700", "2013-12-31": "139.40700", "2013-09-30": "137.02900", "2013-06-30": "127.24800", "2013-03-31": "116.55700", "2012-12-31": "126.15190", "2012-09-30": "115.97800", "2012-06-30": "109.78800", "2012-03-31": "103.62400", "2011-12-31": "115.48300", "2011-09-30": "108.97300", "2011-06-30": "104.41000", "2011-03-31": "91.70900", "2010-12-31": "102.38000", "2010-09-30": "92.78400", "2010-06-30": "83.39200", "2010-03-31": "84.14200", "2009-12-31": "99.28690", "2009-09-30": "91.32700", "2009-06-30": "83.56100", "2009-03-31": "80.14900", "2008-12-31": "89.23910", "2008-09-30": "88.70400", "2008-06-30": "85.02500", "2008-03-31": "78.85500", "2007-12-31": "79.39800", "2007-09-30": "76.75300", "2007-06-30": "73.21400", "2007-03-31": "49.75300", "2006-12-31": "37.44000", "2006-09-30": "49.16500", "2006-06-30": "48.04200", "2006-03-31": "45.61700", "2005-12-31": "43.86800", "2005-09-30": "41.61100", "2005-06-30": "40.08800", "2005-03-31": "34.83400"}, "Research And Development Expenses": {"2020-09-30": "", "2020-06-30": "", "2020-03-31": "", "2019-12-31": "", "2019-09-30": "", "2019-06-30": "", "2019-03-31": "", "2018-12-31": "", "2018-09-30": "", "2018-06-30": "", "2018-03-31": "", "2017-12-31": "", "2017-09-30": "", "2017-06-30": "", "2017-03-31": "", "2016-12-31": "", "2016-09-30": "", "2016-06-30": "", "2016-03-31": "", "2015-12-31": "", "2015-09-30": "", "2015-06-30": "", "2015-03-31": "", "2014-12-31": "", "2014-09-30": "", "2014-06-30": "", "2014-03-31": "", "2013-12-31": "", "2013-09-30": "", "2013-06-30": "", "2013-03-31": "", "2012-12-31": "", "2012-09-30": "", "2012-06-30": "", "2012-03-31": "", "2011-12-31": "", "2011-09-30": "", "2011-06-30": "", "2011-03-31": "", "2010-12-31": "", "2010-09-30": "", "2010-06-30": "", "2010-03-31": "", "2009-12-31": "", "2009-09-30": "", "2009-06-30": "", "2009-03-31": "", "2008-12-31": "", "2008-09-30": "", "2008-06-30": "", "2008-03-31": "", "2007-12-31": "", "2007-09-30": "", "2007-06-30": "", "2007-03-31": "", "2006-12-31": "", "2006-09-30": "", "2006-06-30": "", "2006-03-31": "", "2005-12-31": "", "2005-09-30": "", "2005-06-30": "", "2005-03-31": ""}, "SG&A Expenses": {"2020-09-30": "156.80200", "2020-06-30": "144.26700", "2020-03-31": "162.03300", "2019-12-31": "153.28500", "2019-09-30": "160.06900", "2019-06-30": "152.39200", "2019-03-31": "140.94200", "2018-12-31": "148.54700", "2018-09-30": "148.89500", "2018-06-30": "144.08000", "2018-03-31": "135.71700", "2017-12-31": "128.76400", "2017-09-30": "131.41300", "2017-06-30": "127.06200", "2017-03-31": "113.85000", "2016-12-31": "119.11600", "2016-09-30": "113.27800", "2016-06-30": "116.28300", "2016-03-31": "105.09100", "2015-12-31": "107.01600", "2015-09-30": "110.79300", "2015-06-30": "103.37600", "2015-03-31": "94.36200", "2014-12-31": "104.13600", "2014-09-30": "108.55500", "2014-06-30": "101.34900", "2014-03-31": "86.44500", "2013-12-31": "88.65900", "2013-09-30": "86.07300", "2013-06-30": "83.20900", "2013-03-31": "79.73000", "2012-12-31": "83.26800", "2012-09-30": "75.62000", "2012-06-30": "73.83600", "2012-03-31": "71.90600", "2011-12-31": "76.57500", "2011-09-30": "74.02700", "2011-06-30": "70.83100", "2011-03-31": "59.54800", "2010-12-31": "66.11200", "2010-09-30": "58.23300", "2010-06-30": "53.29800", "2010-03-31": "51.36500", "2009-12-31": "61.69000", "2009-09-30": "54.80200", "2009-06-30": "51.99600", "2009-03-31": "47.66400", "2008-12-31": "54.32000", "2008-09-30": "55.43900", "2008-06-30": "53.11400", "2008-03-31": "51.64300", "2007-12-31": "46.97800", "2007-09-30": "46.18700", "2007-06-30": "45.18200", "2007-03-31": "29.73100", "2006-12-31": "17.05400", "2006-09-30": "28.64700", "2006-06-30": "28.73100", "2006-03-31": "26.47000", "2005-12-31": "24.48200", "2005-09-30": "23.24900", "2005-06-30": "23.17600", "2005-03-31": "19.34200"}, "Other Operating Income Or Expenses": {"2020-09-30": "", "2020-06-30": "", "2020-03-31": "", "2019-12-31": "", "2019-09-30": "", "2019-06-30": "", "2019-03-31": "", "2018-12-31": "", "2018-09-30": "", "2018-06-30": "", "2018-03-31": "", "2017-12-31": "", "2017-09-30": "", "2017-06-30": "", "2017-03-31": "", "2016-12-31": "", "2016-09-30": "", "2016-06-30": "", "2016-03-31": "", "2015-12-31": "", "2015-09-30": "", "2015-06-30": "", "2015-03-31": "", "2014-12-31": "", "2014-09-30": "", "2014-06-30": "", "2014-03-31": "", "2013-12-31": "", "2013-09-30": "", "2013-06-30": "", "2013-03-31": "", "2012-12-31": "", "2012-09-30": "", "2012-06-30": "", "2012-03-31": "", "2011-12-31": "", "2011-09-30": "", "2011-06-30": "", "2011-03-31": "", "2010-12-31": "", "2010-09-30": "", "2010-06-30": "", "2010-03-31": "", "2009-12-31": "", "2009-09-30": "", "2009-06-30": "", "2009-03-31": "", "2008-12-31": "", "2008-09-30": "", "2008-06-30": "", "2008-03-31": "", "2007-12-31": "", "2007-09-30": "", "2007-06-30": "", "2007-03-31": "", "2006-12-31": "", "2006-09-30": "", "2006-06-30": "", "2006-03-31": "", "2005-12-31": "", "2005-09-30": "", "2005-06-30": "", "2005-03-31": ""}, "Operating Expenses": {"2020-09-30": "598.27900", "2020-06-30": "629.07400", "2020-03-31": "552.30500", "2019-12-31": "586.53410", "2019-09-30": "592.99600", "2019-06-30": "573.97000", "2019-03-31": "521.41500", "2018-12-31": "578.22500", "2018-09-30": "563.59200", "2018-06-30": "531.85500", "2018-03-31": "505.04300", "2017-12-31": "563.52590", "2017-09-30": "520.93300", "2017-06-30": "469.87200", "2017-03-31": "432.09400", "2016-12-31": "461.72300", "2016-09-30": "433.55700", "2016-06-30": "417.55700", "2016-03-31": "396.00500", "2015-12-31": "415.35500", "2015-09-30": "411.09900", "2015-06-30": "377.96800", "2015-03-31": "362.99900", "2014-12-31": "412.46200", "2014-09-30": "402.69000", "2014-06-30": "361.33400", "2014-03-31": "328.93300", "2013-12-31": "359.29410", "2013-09-30": "305.23500", "2013-06-30": "313.74300", "2013-03-31": "316.48600", "2012-12-31": "353.13190", "2012-09-30": "292.16100", "2012-06-30": "282.52300", "2012-03-31": "281.78000", "2011-12-31": "296.40400", "2011-09-30": "279.38500", "2011-06-30": "261.00200", "2011-03-31": "245.37600", "2010-12-31": "333.57900", "2010-09-30": "239.96100", "2010-06-30": "227.68600", "2010-03-31": "231.77400", "2009-12-31": "263.10500", "2009-09-30": "242.73500", "2009-06-30": "230.59000", "2009-03-31": "223.99900", "2008-12-31": "454.03700", "2008-09-30": "261.93500", "2008-06-30": "247.15200", "2008-03-31": "231.56200", "2007-12-31": "225.61700", "2007-09-30": "224.16600", "2007-06-30": "218.14900", "2007-03-31": "158.50000", "2006-12-31": "139.76000", "2006-09-30": "148.64700", "2006-06-30": "141.55500", "2006-03-31": "134.64200", "2005-12-31": "131.28900", "2005-09-30": "124.80100", "2005-06-30": "120.97800", "2005-03-31": "106.73900"}, "Operating Income": {"2020-09-30": "66.07200", "2020-06-30": "-101.27100", "2020-03-31": "31.60200", "2019-12-31": "107.21280", "2019-09-30": "193.99010", "2019-06-30": "117.89700", "2019-03-31": "56.09390", "2018-12-31": "71.15990", "2018-09-30": "150.91300", "2018-06-30": "90.36900", "2018-03-31": "45.47200", "2017-12-31": "41.11920", "2017-09-30": "116.90100", "2017-06-30": "66.69100", "2017-03-31": "41.28600", "2016-12-31": "58.10600", "2016-09-30": "90.46800", "2016-06-30": "59.31000", "2016-03-31": "41.88900", "2015-12-31": "55.22390", "2015-09-30": "70.27400", "2015-06-30": "47.18000", "2015-03-31": "32.16300", "2014-12-31": "49.48900", "2014-09-30": "50.73200", "2014-06-30": "34.12800", "2014-03-31": "24.38200", "2013-12-31": "16.10790", "2013-09-30": "55.34500", "2013-06-30": "27.80000", "2013-03-31": "19.15800", "2012-12-31": "-1.88600", "2012-09-30": "24.19500", "2012-06-30": "19.85400", "2012-03-31": "15.84200", "2011-12-31": "22.99810", "2011-09-30": "20.12200", "2011-06-30": "18.80000", "2011-03-31": "17.21700", "2010-12-31": "-49.76400", "2010-09-30": "20.26200", "2010-06-30": "16.54200", "2010-03-31": "18.22900", "2009-12-31": "22.45800", "2009-09-30": "22.08500", "2009-06-30": "18.02400", "2009-03-31": "9.69800", "2008-12-31": "-198.31800", "2008-09-30": "18.76800", "2008-06-30": "17.29800", "2008-03-31": "13.23100", "2007-12-31": "31.44210", "2007-09-30": "17.55900", "2007-06-30": "15.31600", "2007-03-31": "11.91700", "2006-12-31": "13.19000", "2006-09-30": "13.00600", "2006-06-30": "12.24800", "2006-03-31": "12.32800", "2005-12-31": "13.02900", "2005-09-30": "12.58900", "2005-06-30": "11.26700", "2005-03-31": "10.46700"}, "Total Non-Operating Income/Expense": {"2020-09-30": "-10.70600", "2020-06-30": "-5.53100", "2020-03-31": "-27.44100", "2019-12-31": "2.22500", "2019-09-30": "-19.49200", "2019-06-30": "-18.56900", "2019-03-31": "-5.55100", "2018-12-31": "-13.51200", "2018-09-30": "-13.71900", "2018-06-30": "-30.30600", "2018-03-31": "-5.46100", "2017-12-31": "-7.68300", "2017-09-30": "-0.97500", "2017-06-30": "3.24200", "2017-03-31": "-4.24600", "2016-12-31": "-15.76000", "2016-09-30": "-8.90200", "2016-06-30": "11.44400", "2016-03-31": "-3.66200", "2015-12-31": "-13.15600", "2015-09-30": "-22.23400", "2015-06-30": "-10.31600", "2015-03-31": "-18.04100", "2014-12-31": "-6.57700", "2014-09-30": "-2.99300", "2014-06-30": "-4.93300", "2014-03-31": "-2.72500", "2013-12-31": "-1.70700", "2013-09-30": "3.29700", "2013-06-30": "-0.97400", "2013-03-31": "-3.94200", "2012-12-31": "-1.32600", "2012-09-30": "-3.02700", "2012-06-30": "-8.94100", "2012-03-31": "2.62300", "2011-12-31": "-6.63900", "2011-09-30": "-16.56400", "2011-06-30": "0.31900", "2011-03-31": "6.53900", "2010-12-31": "-5.86400", "2010-09-30": "7.85700", "2010-06-30": "-13.35300", "2010-03-31": "-8.92700", "2009-12-31": "-7.65900", "2009-09-30": "4.59300", "2009-06-30": "4.24800", "2009-03-31": "-16.27400", "2008-12-31": "-8.09000", "2008-09-30": "-24.60400", "2008-06-30": "-8.53500", "2008-03-31": "-10.41700", "2007-12-31": "-9.86500", "2007-09-30": "4.76200", "2007-06-30": "-1.70300", "2007-03-31": "1.43700", "2006-12-31": "5.16100", "2006-09-30": "1.16700", "2006-06-30": "2.69000", "2006-03-31": "0.85400", "2005-12-31": "-1.52300", "2005-09-30": "0.42600", "2005-06-30": "-4.82000", "2005-03-31": "-2.97800"}, "Pre-Tax Income": {"2020-09-30": "55.36600", "2020-06-30": "-106.80200", "2020-03-31": "4.16100", "2019-12-31": "109.43800", "2019-09-30": "174.49800", "2019-06-30": "99.32800", "2019-03-31": "50.54300", "2018-12-31": "57.64800", "2018-09-30": "137.19400", "2018-06-30": "60.06300", "2018-03-31": "40.01100", "2017-12-31": "33.43600", "2017-09-30": "115.92600", "2017-06-30": "69.93300", "2017-03-31": "37.04000", "2016-12-31": "42.34600", "2016-09-30": "81.56600", "2016-06-30": "70.75400", "2016-03-31": "38.22700", "2015-12-31": "42.06800", "2015-09-30": "48.04000", "2015-06-30": "36.86400", "2015-03-31": "14.12200", "2014-12-31": "42.91200", "2014-09-30": "47.73900", "2014-06-30": "29.19500", "2014-03-31": "21.65700", "2013-12-31": "14.40100", "2013-09-30": "58.64200", "2013-06-30": "26.82600", "2013-03-31": "15.21600", "2012-12-31": "-3.21200", "2012-09-30": "21.16800", "2012-06-30": "10.91300", "2012-03-31": "18.46500", "2011-12-31": "16.35900", "2011-09-30": "3.55800", "2011-06-30": "19.11900", "2011-03-31": "23.75600", "2010-12-31": "-55.62800", "2010-09-30": "28.11900", "2010-06-30": "3.18900", "2010-03-31": "9.30200", "2009-12-31": "14.79900", "2009-09-30": "26.67800", "2009-06-30": "22.27200", "2009-03-31": "-6.57600", "2008-12-31": "-206.40800", "2008-09-30": "-5.83600", "2008-06-30": "8.76300", "2008-03-31": "2.81400", "2007-12-31": "21.57700", "2007-09-30": "22.32100", "2007-06-30": "13.61300", "2007-03-31": "13.35400", "2006-12-31": "18.35100", "2006-09-30": "14.17300", "2006-06-30": "14.93800", "2006-03-31": "13.18200", "2005-12-31": "11.50600", "2005-09-30": "13.01500", "2005-06-30": "6.44700", "2005-03-31": "7.48900"}, "Income Taxes": {"2020-09-30": "15.05100", "2020-06-30": "8.93100", "2020-03-31": "2.44100", "2019-12-31": "2.86800", "2019-09-30": "36.95700", "2019-06-30": "31.32300", "2019-03-31": "15.96400", "2018-12-31": "-2.24600", "2018-09-30": "34.93700", "2018-06-30": "16.42700", "2018-03-31": "13.66700", "2017-12-31": "56.26500", "2017-09-30": "15.57300", "2017-06-30": "18.58600", "2017-03-31": "8.97100", "2016-12-31": "13.69100", "2016-09-30": "20.78400", "2016-06-30": "15.17700", "2016-03-31": "9.14300", "2015-12-31": "8.54600", "2015-09-30": "16.71600", "2015-06-30": "10.34300", "2015-03-31": "6.99700", "2014-12-31": "12.75400", "2014-09-30": "12.83000", "2014-06-30": "8.70700", "2014-03-31": "5.72400", "2013-12-31": "5.24700", "2013-09-30": "10.66800", "2013-06-30": "8.66100", "2013-03-31": "3.15600", "2012-12-31": "9.55600", "2012-09-30": "6.82700", "2012-06-30": "5.18700", "2012-03-31": "5.36700", "2011-12-31": "5.27100", "2011-09-30": "6.48300", "2011-06-30": "6.82500", "2011-03-31": "6.12500", "2010-12-31": "5.71400", "2010-09-30": "7.05400", "2010-06-30": "4.34400", "2010-03-31": "5.78700", "2009-12-31": "6.01200", "2009-09-30": "8.11000", "2009-06-30": "6.39700", "2009-03-31": "5.31700", "2008-12-31": "-10.40700", "2008-09-30": "-8.67900", "2008-06-30": "1.66200", "2008-03-31": "10.08700", "2007-12-31": "19.05100", "2007-09-30": "6.37200", "2007-06-30": "4.73100", "2007-03-31": "3.88400", "2006-12-31": "3.52600", "2006-09-30": "3.59900", "2006-06-30": "3.59900", "2006-03-31": "3.57000", "2005-12-31": "3.61300", "2005-09-30": "3.92900", "2005-06-30": "3.47100", "2005-03-31": "3.83000"}, "Income After Taxes": {"2020-09-30": "40.31500", "2020-06-30": "-115.73300", "2020-03-31": "1.72000", "2019-12-31": "106.57000", "2019-09-30": "137.54100", "2019-06-30": "68.00500", "2019-03-31": "34.57900", "2018-12-31": "59.89400", "2018-09-30": "102.25700", "2018-06-30": "43.63600", "2018-03-31": "26.34400", "2017-12-31": "-22.82900", "2017-09-30": "100.35300", "2017-06-30": "51.34700", "2017-03-31": "28.06900", "2016-12-31": "28.65500", "2016-09-30": "60.78200", "2016-06-30": "55.57700", "2016-03-31": "29.08400", "2015-12-31": "33.52200", "2015-09-30": "31.32400", "2015-06-30": "26.52100", "2015-03-31": "7.12500", "2014-12-31": "30.15800", "2014-09-30": "34.90900", "2014-06-30": "20.48800", "2014-03-31": "15.93300", "2013-12-31": "9.15400", "2013-09-30": "47.97400", "2013-06-30": "18.16500", "2013-03-31": "12.06000", "2012-12-31": "-12.76800", "2012-09-30": "14.34100", "2012-06-30": "5.72600", "2012-03-31": "13.09800", "2011-12-31": "11.08800", "2011-09-30": "-2.92500", "2011-06-30": "12.29400", "2011-03-31": "17.63100", "2010-12-31": "-61.34200", "2010-09-30": "21.06500", "2010-06-30": "-1.15500", "2010-03-31": "3.51500", "2009-12-31": "8.78700", "2009-09-30": "18.56800", "2009-06-30": "15.87500", "2009-03-31": "-11.89300", "2008-12-31": "-196.00100", "2008-09-30": "2.84300", "2008-06-30": "7.10100", "2008-03-31": "-7.27300", "2007-12-31": "2.52600", "2007-09-30": "15.94900", "2007-06-30": "8.88200", "2007-03-31": "9.47000", "2006-12-31": "14.82500", "2006-09-30": "10.57400", "2006-06-30": "11.33900", "2006-03-31": "9.61200", "2005-12-31": "7.89300", "2005-09-30": "9.08600", "2005-06-30": "2.97600", "2005-03-31": "3.65900"}, "Other Income": {"2020-09-30": "", "2020-06-30": "", "2020-03-31": "", "2019-12-31": "", "2019-09-30": "", "2019-06-30": "", "2019-03-31": "", "2018-12-31": "", "2018-09-30": "", "2018-06-30": "", "2018-03-31": "", "2017-12-31": "", "2017-09-30": "", "2017-06-30": "", "2017-03-31": "", "2016-12-31": "", "2016-09-30": "", "2016-06-30": "", "2016-03-31": "", "2015-12-31": "", "2015-09-30": "", "2015-06-30": "", "2015-03-31": "", "2014-12-31": "", "2014-09-30": "", "2014-06-30": "", "2014-03-31": "", "2013-12-31": "", "2013-09-30": "", "2013-06-30": "", "2013-03-31": "", "2012-12-31": "", "2012-09-30": "", "2012-06-30": "", "2012-03-31": "", "2011-12-31": "", "2011-09-30": "", "2011-06-30": "", "2011-03-31": "", "2010-12-31": "", "2010-09-30": "", "2010-06-30": "", "2010-03-31": "", "2009-12-31": "", "2009-09-30": "", "2009-06-30": "", "2009-03-31": "", "2008-12-31": "", "2008-09-30": "", "2008-06-30": "", "2008-03-31": "", "2007-12-31": "", "2007-09-30": "", "2007-06-30": "", "2007-03-31": "", "2006-12-31": "", "2006-09-30": "", "2006-06-30": "", "2006-03-31": "", "2005-12-31": "", "2005-09-30": "", "2005-06-30": "", "2005-03-31": ""}, "Income From Continuous Operations": {"2020-09-30": "40.31500", "2020-06-30": "-115.73300", "2020-03-31": "1.72000", "2019-12-31": "106.57000", "2019-09-30": "137.54100", "2019-06-30": "68.00500", "2019-03-31": "34.57900", "2018-12-31": "59.89400", "2018-09-30": "102.25700", "2018-06-30": "43.63600", "2018-03-31": "26.34400", "2017-12-31": "-22.82900", "2017-09-30": "100.35300", "2017-06-30": "51.34700", "2017-03-31": "28.06900", "2016-12-31": "28.65500", "2016-09-30": "60.78200", "2016-06-30": "55.57700", "2016-03-31": "29.08400", "2015-12-31": "33.52200", "2015-09-30": "31.32400", "2015-06-30": "26.52100", "2015-03-31": "7.12500", "2014-12-31": "30.15800", "2014-09-30": "34.90900", "2014-06-30": "20.48800", "2014-03-31": "15.93300", "2013-12-31": "9.15400", "2013-09-30": "47.97400", "2013-06-30": "18.16500", "2013-03-31": "12.06000", "2012-12-31": "-12.76800", "2012-09-30": "14.34100", "2012-06-30": "5.72600", "2012-03-31": "13.09800", "2011-12-31": "11.08800", "2011-09-30": "-2.92500", "2011-06-30": "12.29400", "2011-03-31": "17.63100", "2010-12-31": "-61.34200", "2010-09-30": "21.06500", "2010-06-30": "-1.15500", "2010-03-31": "3.51500", "2009-12-31": "8.78700", "2009-09-30": "18.56800", "2009-06-30": "15.87500", "2009-03-31": "-11.89300", "2008-12-31": "-196.00100", "2008-09-30": "2.84300", "2008-06-30": "7.10100", "2008-03-31": "-7.27300", "2007-12-31": "4.07700", "2007-09-30": "15.35000", "2007-06-30": "8.28300", "2007-03-31": "9.11700", "2006-12-31": "14.56400", "2006-09-30": "10.33100", "2006-06-30": "11.12700", "2006-03-31": "9.35100", "2005-12-31": "7.56000", "2005-09-30": "8.90400", "2005-06-30": "2.66300", "2005-03-31": "3.57100"}, "Income From Discontinued Operations": {"2020-09-30": "", "2020-06-30": "", "2020-03-31": "", "2019-12-31": "", "2019-09-30": "", "2019-06-30": "", "2019-03-31": "", "2018-12-31": "", "2018-09-30": "", "2018-06-30": "", "2018-03-31": "", "2017-12-31": "", "2017-09-30": "", "2017-06-30": "", "2017-03-31": "", "2016-12-31": "", "2016-09-30": "", "2016-06-30": "", "2016-03-31": "", "2015-12-31": "", "2015-09-30": "", "2015-06-30": "", "2015-03-31": "", "2014-12-31": "", "2014-09-30": "", "2014-06-30": "", "2014-03-31": "", "2013-12-31": "", "2013-09-30": "", "2013-06-30": "", "2013-03-31": "", "2012-12-31": "", "2012-09-30": "", "2012-06-30": "", "2012-03-31": "", "2011-12-31": "", "2011-09-30": "", "2011-06-30": "", "2011-03-31": "", "2010-12-31": "", "2010-09-30": "", "2010-06-30": "", "2010-03-31": "", "2009-12-31": "-0.06200", "2009-09-30": "0.45200", "2009-06-30": "0.14600", "2009-03-31": "-0.06100", "2008-12-31": "0.54000", "2008-09-30": "-0.30200", "2008-06-30": "-0.49600", "2008-03-31": "-0.81300", "2007-12-31": "-0.16100", "2007-09-30": "0.57100", "2007-06-30": "0.21300", "2007-03-31": "0.34400", "2006-12-31": "", "2006-09-30": "0.00000", "2006-06-30": "", "2006-03-31": "", "2005-12-31": "", "2005-09-30": "", "2005-06-30": "", "2005-03-31": ""}, "Net Income": {"2020-09-30": "40.24900", "2020-06-30": "-115.80400", "2020-03-31": "1.92100", "2019-12-31": "106.44600", "2019-09-30": "137.60700", "2019-06-30": "68.15300", "2019-03-31": "34.54300", "2018-12-31": "59.99100", "2018-09-30": "102.72300", "2018-06-30": "43.72400", "2018-03-31": "26.41300", "2017-12-31": "-22.93300", "2017-09-30": "100.29000", "2017-06-30": "51.36500", "2017-03-31": "28.12300", "2016-12-31": "28.91100", "2016-09-30": "60.73300", "2016-06-30": "55.67700", "2016-03-31": "29.09400", "2015-12-31": "33.48700", "2015-09-30": "31.33400", "2015-06-30": "26.80900", "2015-03-31": "7.17800", "2014-12-31": "30.08700", "2014-09-30": "35.03700", "2014-06-30": "20.50200", "2014-03-31": "16.02200", "2013-12-31": "9.99500", "2013-09-30": "47.87400", "2013-06-30": "18.11100", "2013-03-31": "12.00600", "2012-12-31": "-13.01400", "2012-09-30": "14.63000", "2012-06-30": "5.74700", "2012-03-31": "13.17200", "2011-12-31": "10.96800", "2011-09-30": "-3.18000", "2011-06-30": "11.88900", "2011-03-31": "17.28400", "2010-12-31": "-60.68000", "2010-09-30": "20.96500", "2010-06-30": "-1.48300", "2010-03-31": "2.82600", "2009-12-31": "8.20600", "2009-09-30": "18.86500", "2009-06-30": "15.54400", "2009-03-31": "-12.29800", "2008-12-31": "-192.61600", "2008-09-30": "1.86700", "2008-06-30": "5.93200", "2008-03-31": "-8.64900", "2007-12-31": "0.30300", "2007-09-30": "16.75700", "2007-06-30": "8.49600", "2007-03-31": "10.19800", "2006-12-31": "15.99100", "2006-09-30": "11.12800", "2006-06-30": "11.92400", "2006-03-31": "10.14800", "2005-12-31": "6.12800", "2005-09-30": "9.70100", "2005-06-30": "2.66300", "2005-03-31": "3.57100"}, "EBITDA": {"2020-09-30": "103.19900", "2020-06-30": "-66.36400", "2020-03-31": "67.03400", "2019-12-31": "140.40680", "2019-09-30": "225.53600", "2019-06-30": "151.27800", "2019-03-31": "86.80490", "2018-12-31": "101.99390", "2018-09-30": "180.96200", "2018-06-30": "120.14900", "2018-03-31": "74.95100", "2017-12-31": "70.06520", "2017-09-30": "145.00300", "2017-06-30": "93.22300", "2017-03-31": "66.24000", "2016-12-31": "83.54100", "2016-09-30": "113.27900", "2016-06-30": "82.07300", "2016-03-31": "64.29400", "2015-12-31": "76.47290", "2015-09-30": "91.35500", "2015-06-30": "66.74500", "2015-03-31": "52.45700", "2014-12-31": "70.20500", "2014-09-30": "70.32400", "2014-06-30": "51.76200", "2014-03-31": "40.82900", "2013-12-31": "32.62190", "2013-09-30": "70.57200", "2013-06-30": "44.33100", "2013-03-31": "37.03500", "2012-12-31": "14.78400", "2012-09-30": "42.73400", "2012-06-30": "38.33600", "2012-03-31": "33.99000", "2011-12-31": "43.89800", "2011-09-30": "37.22800", "2011-06-30": "35.94200", "2011-03-31": "34.47800", "2010-12-31": "-32.38500", "2010-09-30": "36.78000", "2010-06-30": "32.46700", "2010-03-31": "34.73600", "2009-12-31": "40.00100", "2009-09-30": "39.24800", "2009-06-30": "34.41500", "2009-03-31": "25.60600", "2008-12-31": "-181.99400", "2008-09-30": "38.25500", "2008-06-30": "35.78400", "2008-03-31": "31.43800", "2007-12-31": "57.49610", "2007-09-30": "32.03900", "2007-06-30": "28.55000", "2007-03-31": "20.30500", "2006-12-31": "21.55900", "2006-09-30": "21.14900", "2006-06-30": "19.84400", "2006-03-31": "19.74500", "2005-12-31": "19.94900", "2005-09-30": "18.72800", "2005-06-30": "17.32800", "2005-03-31": "15.71500"}, "EBIT": {"2020-09-30": "66.07200", "2020-06-30": "-101.27100", "2020-03-31": "31.60200", "2019-12-31": "107.21280", "2019-09-30": "193.99010", "2019-06-30": "117.89700", "2019-03-31": "56.09390", "2018-12-31": "71.15980", "2018-09-30": "150.91300", "2018-06-30": "90.36900", "2018-03-31": "45.47200", "2017-12-31": "41.11920", "2017-09-30": "116.90100", "2017-06-30": "66.69100", "2017-03-31": "41.28600", "2016-12-31": "58.10590", "2016-09-30": "90.46800", "2016-06-30": "59.31000", "2016-03-31": "41.88900", "2015-12-31": "55.22400", "2015-09-30": "70.27400", "2015-06-30": "47.18000", "2015-03-31": "32.16300", "2014-12-31": "49.48900", "2014-09-30": "50.73200", "2014-06-30": "34.12800", "2014-03-31": "24.38200", "2013-12-31": "16.10790", "2013-09-30": "55.34500", "2013-06-30": "27.80000", "2013-03-31": "19.15800", "2012-12-31": "-1.88600", "2012-09-30": "24.19500", "2012-06-30": "19.85400", "2012-03-31": "15.84200", "2011-12-31": "22.99800", "2011-09-30": "20.12200", "2011-06-30": "18.80000", "2011-03-31": "17.21700", "2010-12-31": "-49.76400", "2010-09-30": "20.26200", "2010-06-30": "16.54200", "2010-03-31": "18.22900", "2009-12-31": "22.45800", "2009-09-30": "22.08500", "2009-06-30": "18.02400", "2009-03-31": "9.69800", "2008-12-31": "-198.31800", "2008-09-30": "18.76800", "2008-06-30": "17.29800", "2008-03-31": "13.23100", "2007-12-31": "31.44200", "2007-09-30": "17.55900", "2007-06-30": "15.31600", "2007-03-31": "11.91700", "2006-12-31": "13.19000", "2006-09-30": "13.00600", "2006-06-30": "12.24800", "2006-03-31": "12.32800", "2005-12-31": "13.02900", "2005-09-30": "12.58900", "2005-06-30": "11.26700", "2005-03-31": "10.46700"}, "Basic Shares Outstanding": {"2020-09-30": "52.29450", "2020-06-30": "52.23450", "2020-03-31": "53.60710", "2019-12-31": "53.44980", "2019-09-30": "54.44930", "2019-06-30": "53.21280", "2019-03-31": "51.88050", "2018-12-31": "51.48760", "2018-09-30": "51.18250", "2018-06-30": "51.22690", "2018-03-31": "51.89930", "2017-12-31": "52.52330", "2017-09-30": "52.59080", "2017-06-30": "52.45380", "2017-03-31": "52.34590", "2016-12-31": "52.27700", "2016-09-30": "52.13450", "2016-06-30": "52.06120", "2016-03-31": "52.68600", "2015-12-31": "52.27500", "2015-09-30": "52.61720", "2015-06-30": "51.93580", "2015-03-31": "51.67320", "2014-12-31": "51.75790", "2014-09-30": "52.51200", "2014-06-30": "51.67580", "2014-03-31": "50.78800", "2013-12-31": "49.96500", "2013-09-30": "50.09400", "2013-06-30": "49.89000", "2013-03-31": "49.50500", "2012-12-31": "50.52900", "2012-09-30": "50.82800", "2012-06-30": "50.76500", "2012-03-31": "50.52300", "2011-12-31": "50.94400", "2011-09-30": "51.11700", "2011-06-30": "51.22000", "2011-03-31": "51.06900", "2010-12-31": "50.85800", "2010-09-30": "50.87260", "2010-06-30": "50.91400", "2010-03-31": "50.80100", "2009-12-31": "50.48700", "2009-09-30": "50.56100", "2009-06-30": "50.42500", "2009-03-31": "50.29300", "2008-12-31": "49.18090", "2008-09-30": "49.00300", "2008-06-30": "48.91600", "2008-03-31": "48.95700", "2007-12-31": "45.26080", "2007-09-30": "48.52400", "2007-06-30": "47.63900", "2007-03-31": "38.43400", "2006-12-31": "37.03700", "2006-09-30": "37.23100", "2006-06-30": "37.03000", "2006-03-31": "36.55500", "2005-12-31": "35.02000", "2005-09-30": "35.40500", "2005-06-30": "35.13000", "2005-03-31": "33.88300"}, "Shares Outstanding": {"2020-09-30": "53.20200", "2020-06-30": "52.23450", "2020-03-31": "54.77930", "2019-12-31": "54.91390", "2019-09-30": "55.97210", "2019-06-30": "54.70250", "2019-03-31": "55.57690", "2018-12-31": "54.62780", "2018-09-30": "54.26390", "2018-06-30": "53.49280", "2018-03-31": "53.95330", "2017-12-31": "55.11630", "2017-09-30": "55.78450", "2017-06-30": "55.21100", "2017-03-31": "54.92180", "2016-12-31": "54.00110", "2016-09-30": "54.52320", "2016-06-30": "53.78160", "2016-03-31": "54.53000", "2015-12-31": "54.07700", "2015-09-30": "54.54480", "2015-06-30": "53.65850", "2015-03-31": "53.62560", "2014-12-31": "53.90100", "2014-09-30": "54.62000", "2014-06-30": "53.77380", "2014-03-31": "52.76400", "2013-12-31": "51.98300", "2013-09-30": "52.20000", "2013-06-30": "51.51800", "2013-03-31": "50.62000", "2012-12-31": "51.41200", "2012-09-30": "51.59700", "2012-06-30": "51.67200", "2012-03-31": "51.35700", "2011-12-31": "51.73000", "2011-09-30": "51.11700", "2011-06-30": "51.95800", "2011-03-31": "51.94800", "2010-12-31": "50.85800", "2010-09-30": "51.53920", "2010-06-30": "50.91400", "2010-03-31": "51.92300", "2009-12-31": "51.48300", "2009-09-30": "51.90700", "2009-06-30": "51.24000", "2009-03-31": "50.29300", "2008-12-31": "49.18090", "2008-09-30": "50.80800", "2008-06-30": "50.57500", "2008-03-31": "48.95700", "2007-12-31": "46.85060", "2007-09-30": "54.43900", "2007-06-30": "49.35900", "2007-03-31": "43.68800", "2006-12-31": "42.45600", "2006-09-30": "42.52600", "2006-06-30": "42.74800", "2006-03-31": "42.26300", "2005-12-31": "36.83100", "2005-09-30": "41.58500", "2005-06-30": "37.31800", "2005-03-31": "36.09900"}, "Basic EPS": {"2020-09-30": "0.77000", "2020-06-30": "-2.22000", "2020-03-31": "0.04000", "2019-12-31": "2.01000", "2019-09-30": "2.53000", "2019-06-30": "1.28000", "2019-03-31": "0.67000", "2018-12-31": "1.15000", "2018-09-30": "2.01000", "2018-06-30": "0.85000", "2018-03-31": "0.51000", "2017-12-31": "-0.44000", "2017-09-30": "1.91000", "2017-06-30": "0.98000", "2017-03-31": "0.54000", "2016-12-31": "0.56000", "2016-09-30": "1.16000", "2016-06-30": "1.07000", "2016-03-31": "0.55000", "2015-12-31": "0.63000", "2015-09-30": "0.60000", "2015-06-30": "0.52000", "2015-03-31": "0.14000", "2014-12-31": "0.57000", "2014-09-30": "0.67000", "2014-06-30": "0.40000", "2014-03-31": "0.32000", "2013-12-31": "0.20000", "2013-09-30": "0.96000", "2013-06-30": "0.36000", "2013-03-31": "0.24000", "2012-12-31": "-0.25000", "2012-09-30": "0.29000", "2012-06-30": "0.11000", "2012-03-31": "0.26000", "2011-12-31": "0.22000", "2011-09-30": "-0.06000", "2011-06-30": "0.23000", "2011-03-31": "0.34000", "2010-12-31": "-1.19000", "2010-09-30": "0.41000", "2010-06-30": "-0.03000", "2010-03-31": "0.06000", "2009-12-31": "0.16000", "2009-09-30": "0.37000", "2009-06-30": "0.31000", "2009-03-31": "-0.24000", "2008-12-31": "-3.91000", "2008-09-30": "0.04000", "2008-06-30": "0.12000", "2008-03-31": "-0.18000", "2007-12-31": "0.03000", "2007-09-30": "0.33000", "2007-06-30": "0.18000", "2007-03-31": "0.25000", "2006-12-31": "0.40000", "2006-09-30": "0.28000", "2006-06-30": "0.30000", "2006-03-31": "0.26000", "2005-12-31": "0.19000", "2005-09-30": "0.25000", "2005-06-30": "0.08000", "2005-03-31": "0.11000"}, "EPS - Earnings Per Share": {"2020-09-30": "0.76000", "2020-06-30": "-2.22000", "2020-03-31": "0.04000", "2019-12-31": "1.98000", "2019-09-30": "2.46000", "2019-06-30": "1.25000", "2019-03-31": "0.62000", "2018-12-31": "1.06000", "2018-09-30": "1.89000", "2018-06-30": "0.82000", "2018-03-31": "0.49000", "2017-12-31": "-0.39000", "2017-09-30": "1.80000", "2017-06-30": "0.93000", "2017-03-31": "0.51000", "2016-12-31": "0.55000", "2016-09-30": "1.11000", "2016-06-30": "1.04000", "2016-03-31": "0.53000", "2015-12-31": "0.63000", "2015-09-30": "0.57000", "2015-06-30": "0.50000", "2015-03-31": "0.13000", "2014-12-31": "0.57000", "2014-09-30": "0.64000", "2014-06-30": "0.38000", "2014-03-31": "0.30000", "2013-12-31": "0.18000", "2013-09-30": "0.92000", "2013-06-30": "0.35000", "2013-03-31": "0.24000", "2012-12-31": "-0.25000", "2012-09-30": "0.28000", "2012-06-30": "0.11000", "2012-03-31": "0.26000", "2011-12-31": "0.21000", "2011-09-30": "-0.06000", "2011-06-30": "0.23000", "2011-03-31": "0.33000", "2010-12-31": "-1.18000", "2010-09-30": "0.41000", "2010-06-30": "-0.03000", "2010-03-31": "0.05000", "2009-12-31": "0.17000", "2009-09-30": "0.36000", "2009-06-30": "0.30000", "2009-03-31": "-0.24000", "2008-12-31": "-3.91000", "2008-09-30": "0.04000", "2008-06-30": "0.12000", "2008-03-31": "-0.18000", "2007-12-31": "0.05000", "2007-09-30": "0.31000", "2007-06-30": "0.17000", "2007-03-31": "0.23000", "2006-12-31": "0.38000", "2006-09-30": "0.26000", "2006-06-30": "0.28000", "2006-03-31": "0.24000", "2005-12-31": "0.20000", "2005-09-30": "0.23000", "2005-06-30": "0.07000", "2005-03-31": "0.10000"}}, "balance sheet": {"Cash On Hand": {"2019-12-31": "1486.02300", "2018-12-31": "811.64600", "2017-12-31": "900.51800", "2016-12-31": "812.08800", "2015-12-31": "502.83000", "2014-12-31": "536.03800", "2013-12-31": "287.81300", "2012-12-31": "273.04300", "2011-12-31": "243.96800", "2010-12-31": "295.95200", "2009-12-31": "256.67600", "2008-12-31": "312.36600", "2007-12-31": "407.09100", "2006-12-31": "401.76100", "2005-12-31": "293.87400"}, "Receivables": {"2019-12-31": "201.93500", "2018-12-31": "202.51400", "2017-12-31": "744.87900", "2016-12-31": "502.98900", "2015-12-31": "423.29900", "2014-12-31": "375.57900", "2013-12-31": "394.05900", "2012-12-31": "370.83600", "2011-12-31": "349.54300", "2010-12-31": "288.76500", "2009-12-31": "282.90500", "2008-12-31": "261.08400", "2007-12-31": "286.24500", "2006-12-31": "212.63100", "2005-12-31": "166.45100"}, "Inventory": {"2019-12-31": "", "2018-12-31": "", "2017-12-31": "", "2016-12-31": "78.11500", "2015-12-31": "72.10800", "2014-12-31": "85.67500", "2013-12-31": "92.75700", "2012-12-31": "101.16800", "2011-12-31": "98.81900", "2010-12-31": "97.22500", "2009-12-31": "87.66100", "2008-12-31": "61.27900", "2007-12-31": "50.26500", "2006-12-31": "49.51100", "2005-12-31": "25.59500"}, "Pre-Paid Expenses": {"2019-12-31": "217.70700", "2018-12-31": "157.96700", "2017-12-31": "244.78900", "2016-12-31": "191.79600", "2015-12-31": "132.77300", "2014-12-31": "108.62400", "2013-12-31": "65.82100", "2012-12-31": "68.13200", "2011-12-31": "61.64000", "2010-12-31": "46.07200", "2009-12-31": "31.34400", "2008-12-31": "38.02600", "2007-12-31": "39.56400", "2006-12-31": "15.21200", "2005-12-31": "21.21100"}, "Other Current Assets": {"2019-12-31": "1013.06700", "2018-12-31": "915.46000", "2017-12-31": "", "2016-12-31": "", "2015-12-31": "", "2014-12-31": "", "2013-12-31": "", "2012-12-31": "", "2011-12-31": "", "2010-12-31": "", "2009-12-31": "", "2008-12-31": "", "2007-12-31": "", "2006-12-31": "", "2005-12-31": ""}, "Total Current Assets": {"2019-12-31": "2918.73200", "2018-12-31": "2087.58700", "2017-12-31": "1890.18600", "2016-12-31": "1584.98800", "2015-12-31": "1131.01000", "2014-12-31": "1105.91600", "2013-12-31": "840.45000", "2012-12-31": "813.17900", "2011-12-31": "753.97000", "2010-12-31": "728.01400", "2009-12-31": "658.58600", "2008-12-31": "676.48400", "2007-12-31": "802.48400", "2006-12-31": "688.47100", "2005-12-31": "508.94300"}, "Property, Plant, And Equipment": {"2019-12-31": "359.98000", "2018-12-31": "291.86900", "2017-12-31": "268.30300", "2016-12-31": "202.14500", "2015-12-31": "157.36800", "2014-12-31": "125.30700", "2013-12-31": "116.23000", "2012-12-31": "115.47500", "2011-12-31": "102.90000", "2010-12-31": "91.52700", "2009-12-31": "96.59200", "2008-12-31": "89.53200", "2007-12-31": "88.33700", "2006-12-31": "55.17400", "2005-12-31": "44.85200"}, "Long-Term Investments": {"2019-12-31": "", "2018-12-31": "", "2017-12-31": "", "2016-12-31": "", "2015-12-31": "", "2014-12-31": "", "2013-12-31": "", "2012-12-31": "", "2011-12-31": "", "2010-12-31": "", "2009-12-31": "", "2008-12-31": "", "2007-12-31": "", "2006-12-31": "", "2005-12-31": ""}, "Goodwill And Intangible Assets": {"2019-12-31": "885.67000", "2018-12-31": "818.68200", "2017-12-31": "867.92900", "2016-12-31": "855.04400", "2015-12-31": "853.15000", "2014-12-31": "758.13000", "2013-12-31": "591.46100", "2012-12-31": "565.14900", "2011-12-31": "588.50600", "2010-12-31": "541.53200", "2009-12-31": "617.59800", "2008-12-31": "613.61800", "2007-12-31": "917.86000", "2006-12-31": "347.78300", "2005-12-31": "317.91900"}, "Other Long-Term Assets": {"2019-12-31": "115.74100", "2018-12-31": "123.01700", "2017-12-31": "113.61100", "2016-12-31": "70.69500", "2015-12-31": "51.18600", "2014-12-31": "49.09400", "2013-12-31": "50.04900", "2012-12-31": "57.73300", "2011-12-31": "60.95300", "2010-12-31": "48.29900", "2009-12-31": "39.90300", "2008-12-31": "21.95700", "2007-12-31": "41.34600", "2006-12-31": "19.20800", "2005-12-31": "15.64400"}, "Total Long-Term Assets": {"2019-12-31": "1738.93400", "2018-12-31": "1233.56800", "2017-12-31": "1249.84300", "2016-12-31": "1127.88400", "2015-12-31": "1061.70400", "2014-12-31": "932.53100", "2013-12-31": "757.74000", "2012-12-31": "738.35690", "2011-12-31": "752.35900", "2010-12-31": "681.35800", "2009-12-31": "754.09300", "2008-12-31": "729.15990", "2007-12-31": "1083.67200", "2006-12-31": "441.16900", "2005-12-31": "385.40900"}, "Total Assets": {"2019-12-31": "4657.66600", "2018-12-31": "3321.15500", "2017-12-31": "3140.02900", "2016-12-31": "2712.87200", "2015-12-31": "2192.71400", "2014-12-31": "2038.44700", "2013-12-31": "1598.19000", "2012-12-31": "1551.53600", "2011-12-31": "1506.32900", "2010-12-31": "1409.37200", "2009-12-31": "1412.67900", "2008-12-31": "1405.64400", "2007-12-31": "1886.15600", "2006-12-31": "1129.64000", "2005-12-31": "894.35200"}, "Total Current Liabilities": {"2019-12-31": "1633.98000", "2018-12-31": "1378.39400", "2017-12-31": "1407.72000", "2016-12-31": "1179.10000", "2015-12-31": "903.93200", "2014-12-31": "848.88100", "2013-12-31": "732.08600", "2012-12-31": "696.70600", "2011-12-31": "774.48600", "2010-12-31": "571.36000", "2009-12-31": "491.57800", "2008-12-31": "579.98500", "2007-12-31": "523.17400", "2006-12-31": "404.11000", "2005-12-31": "327.32300"}, "Long Term Debt": {"2019-12-31": "1090.93900", "2018-12-31": "589.78200", "2017-12-31": "413.76500", "2016-12-31": "568.63200", "2015-12-31": "409.61900", "2014-12-31": "399.40400", "2013-12-31": "191.38200", "2012-12-31": "291.29200", "2011-12-31": "165.94300", "2010-12-31": "288.46800", "2009-12-31": "322.28000", "2008-12-31": "300.71100", "2007-12-31": "550.82300", "2006-12-31": "362.48200", "2005-12-31": "327.22900"}, "Other Non-Current Liabilities": {"2019-12-31": "55.36100", "2018-12-31": "62.99200", "2017-12-31": "64.09700", "2016-12-31": "20.50400", "2015-12-31": "19.31100", "2014-12-31": "18.39100", "2013-12-31": "18.57200", "2012-12-31": "14.96700", "2011-12-31": "13.15200", "2010-12-31": "8.70900", "2009-12-31": "8.46400", "2008-12-31": "7.91900", "2007-12-31": "4.67200", "2006-12-31": "1.81100", "2005-12-31": "1.16100"}, "Total Long Term Liabilities": {"2019-12-31": "1444.34400", "2018-12-31": "709.91900", "2017-12-31": "532.83100", "2016-12-31": "633.21500", "2015-12-31": "462.85400", "2014-12-31": "456.75400", "2013-12-31": "227.64900", "2012-12-31": "328.29000", "2011-12-31": "205.09800", "2010-12-31": "319.13500", "2009-12-31": "354.59800", "2008-12-31": "329.74900", "2007-12-31": "639.08000", "2006-12-31": "416.73700", "2005-12-31": "360.67600"}, "Total Liabilities": {"2019-12-31": "3078.32400", "2018-12-31": "2088.31300", "2017-12-31": "1940.55100", "2016-12-31": "1812.31500", "2015-12-31": "1366.78600", "2014-12-31": "1305.63500", "2013-12-31": "959.73500", "2012-12-31": "1024.99600", "2011-12-31": "979.58400", "2010-12-31": "890.49500", "2009-12-31": "846.17600", "2008-12-31": "909.73400", "2007-12-31": "1162.25400", "2006-12-31": "820.84700", "2005-12-31": "687.99900"}, "Common Stock Net": {"2019-12-31": "1.25600", "2018-12-31": "1.19800", "2017-12-31": "1.17800", "2016-12-31": "1.16800", "2015-12-31": "1.15900", "2014-12-31": "1.12900", "2013-12-31": "1.08600", "2012-12-31": "1.06000", "2011-12-31": "1.04000", "2010-12-31": "1.02900", "2009-12-31": "1.02200", "2008-12-31": "1.01200", "2007-12-31": "0.98300", "2006-12-31": "0.74900", "2005-12-31": "0.71700"}, "Retained Earnings (Accumulated Deficit)": {"2019-12-31": "1016.55400", "2018-12-31": "669.80500", "2017-12-31": "436.95400", "2016-12-31": "278.84200", "2015-12-31": "104.42700", "2014-12-31": "5.61900", "2013-12-31": "-96.02900", "2012-12-31": "-184.01500", "2011-12-31": "-204.55000", "2010-12-31": "-241.51100", "2009-12-31": "-203.13900", "2008-12-31": "-233.45600", "2007-12-31": "-5.90500", "2006-12-31": "-59.40900", "2005-12-31": "-104.78700"}, "Comprehensive Income": {"2019-12-31": "-164.89000", "2018-12-31": "-151.04300", "2017-12-31": "-94.45800", "2016-12-31": "-210.66200", "2015-12-31": "-165.52800", "2014-12-31": "-97.92200", "2013-12-31": "-10.45300", "2012-12-31": "-10.85000", "2011-12-31": "-21.40800", "2010-12-31": "5.12200", "2009-12-31": "20.56600", "2008-12-31": "-9.35000", "2007-12-31": "70.19900", "2006-12-31": "28.82300", "2005-12-31": "-2.05800"}, "Other Share Holders Equity": {"2019-12-31": "", "2018-12-31": "", "2017-12-31": "", "2016-12-31": "", "2015-12-31": "", "2014-12-31": "", "2013-12-31": "", "2012-12-31": "", "2011-12-31": "1.00100", "2010-12-31": "0.97400", "2009-12-31": "1.01300", "2008-12-31": "0.99600", "2007-12-31": "0.95700", "2006-12-31": "0.61000", "2005-12-31": "0.65200"}, "Share Holder Equity": {"2019-12-31": "1579.34200", "2018-12-31": "1232.84200", "2017-12-31": "1199.47800", "2016-12-31": "900.55700", "2015-12-31": "825.92800", "2014-12-31": "732.81200", "2013-12-31": "638.45500", "2012-12-31": "526.54000", "2011-12-31": "526.74500", "2010-12-31": "518.87700", "2009-12-31": "566.50300", "2008-12-31": "495.91000", "2007-12-31": "723.90200", "2006-12-31": "308.79300", "2005-12-31": "206.35300"}, "Total Liabilities And Share Holders Equity": {"2019-12-31": "4657.66600", "2018-12-31": "3321.15500", "2017-12-31": "3140.02900", "2016-12-31": "2712.87200", "2015-12-31": "2192.71400", "2014-12-31": "2038.44700", "2013-12-31": "1598.19000", "2012-12-31": "1551.53600", "2011-12-31": "1506.32900", "2010-12-31": "1409.37200", "2009-12-31": "1412.67900", "2008-12-31": "1405.64400", "2007-12-31": "1886.15600", "2006-12-31": "1129.64000", "2005-12-31": "894.35200"}}, "balance sheet, quarterly": {"Cash On Hand": {"2020-09-30": "1432.07000", "2020-06-30": "1303.38000", "2020-03-31": "1297.05400", "2019-12-31": "1486.02300", "2019-09-30": "1794.75500", "2019-06-30": "1629.75800", "2019-03-31": "1291.24200", "2018-12-31": "811.64600", "2018-09-30": "1202.72500", "2018-06-30": "1236.28300", "2018-03-31": "949.48800", "2017-12-31": "900.51800", "2017-09-30": "1175.85800", "2017-06-30": "1159.69700", "2017-03-31": "863.57900", "2016-12-31": "812.08800", "2016-09-30": "716.98500", "2016-06-30": "724.21500", "2016-03-31": "586.23500", "2015-12-31": "502.83000", "2015-09-30": "569.55100", "2015-06-30": "583.94000", "2015-03-31": "522.80900", "2014-12-31": "536.03800", "2014-09-30": "510.34400", "2014-06-30": "471.80700", "2014-03-31": "362.81600", "2013-12-31": "287.81300", "2013-09-30": "307.57800", "2013-06-30": "248.27400", "2013-03-31": "200.83900", "2012-12-31": "273.04300", "2012-09-30": "284.92200", "2012-06-30": "249.66000", "2012-03-31": "271.42800", "2011-12-31": "243.96800", "2011-09-30": "270.61000", "2011-06-30": "338.14600", "2011-03-31": "314.26300", "2010-12-31": "295.95200", "2010-09-30": "280.91400", "2010-06-30": "275.38300", "2010-03-31": "267.74900", "2009-12-31": "256.67600", "2009-09-30": "314.48100", "2009-06-30": "273.09300", "2009-03-31": "264.17300", "2008-12-31": "312.36600", "2008-09-30": "287.67000", "2008-06-30": "334.32000", "2008-03-31": "324.69100", "2007-12-31": "407.09100", "2007-09-30": "358.97300", "2007-06-30": "412.82800", "2007-03-31": "541.67100", "2006-12-31": "401.76100", "2006-09-30": "343.66600", "2006-06-30": "320.09800", "2006-03-31": "299.69300", "2005-12-31": "293.87400", "2005-09-30": "123.13300", "2005-06-30": "130.57600", "2005-03-31": "180.88000"}, "Receivables": {"2020-09-30": "119.72500", "2020-06-30": "114.75500", "2020-03-31": "92.86000", "2019-12-31": "201.93500", "2019-09-30": "662.99700", "2019-06-30": "836.71300", "2019-03-31": "715.61200", "2018-12-31": "202.51400", "2018-09-30": "813.75900", "2018-06-30": "697.00800", "2018-03-31": "707.24200", "2017-12-31": "744.87900", "2017-09-30": "547.38300", "2017-06-30": "437.10400", "2017-03-31": "370.87300", "2016-12-31": "502.98900", "2016-09-30": "377.33900", "2016-06-30": "371.34800", "2016-03-31": "354.97800", "2015-12-31": "423.29900", "2015-09-30": "330.14400", "2015-06-30": "325.84800", "2015-03-31": "298.19000", "2014-12-31": "375.57900", "2014-09-30": "321.36100", "2014-06-30": "328.37100", "2014-03-31": "315.65200", "2013-12-31": "394.05900", "2013-09-30": "317.88200", "2013-06-30": "325.51600", "2013-03-31": "355.09500", "2012-12-31": "370.83600", "2012-09-30": "316.08700", "2012-06-30": "286.72100", "2012-03-31": "296.30000", "2011-12-31": "349.54300", "2011-09-30": "243.12500", "2011-06-30": "280.39400", "2011-03-31": "259.29800", "2010-12-31": "288.76500", "2010-09-30": "266.09500", "2010-06-30": "226.10500", "2010-03-31": "244.75600", "2009-12-31": "282.90500", "2009-09-30": "241.04700", "2009-06-30": "243.07500", "2009-03-31": "225.28700", "2008-12-31": "261.08400", "2008-09-30": "265.98900", "2008-06-30": "298.53700", "2008-03-31": "273.27200", "2007-12-31": "286.24500", "2007-09-30": "312.07500", "2007-06-30": "264.13500", "2007-03-31": "205.91000", "2006-12-31": "212.63100", "2006-09-30": "164.17100", "2006-06-30": "148.75600", "2006-03-31": "145.36000", "2005-12-31": "166.45100", "2005-09-30": "130.04700", "2005-06-30": "113.82600", "2005-03-31": "114.27600"}, "Inventory": {"2020-09-30": "", "2020-06-30": "", "2020-03-31": "", "2019-12-31": "", "2019-09-30": "", "2019-06-30": "", "2019-03-31": "", "2018-12-31": "", "2018-09-30": "", "2018-06-30": "", "2018-03-31": "", "2017-12-31": "", "2017-09-30": "49.10800", "2017-06-30": "48.66000", "2017-03-31": "43.96500", "2016-12-31": "78.11500", "2016-09-30": "47.90100", "2016-06-30": "53.94400", "2016-03-31": "63.25800", "2015-12-31": "72.10800", "2015-09-30": "56.39100", "2015-06-30": "59.40400", "2015-03-31": "67.14500", "2014-12-31": "85.67500", "2014-09-30": "68.76000", "2014-06-30": "69.13900", "2014-03-31": "64.81100", "2013-12-31": "92.75700", "2013-09-30": "61.33900", "2013-06-30": "83.67600", "2013-03-31": "82.72000", "2012-12-31": "101.16800", "2012-09-30": "66.19900", "2012-06-30": "75.85200", "2012-03-31": "80.24800", "2011-12-31": "98.81900", "2011-09-30": "83.30500", "2011-06-30": "67.18800", "2011-03-31": "78.88600", "2010-12-31": "97.22500", "2010-09-30": "58.52000", "2010-06-30": "68.00500", "2010-03-31": "67.65700", "2009-12-31": "87.66100", "2009-09-30": "57.14300", "2009-06-30": "53.93300", "2009-03-31": "52.69900", "2008-12-31": "61.27900", "2008-09-30": "67.83000", "2008-06-30": "55.38200", "2008-03-31": "50.65400", "2007-12-31": "50.26500", "2007-09-30": "41.07100", "2007-06-30": "51.44700", "2007-03-31": "48.89600", "2006-12-31": "49.51100", "2006-09-30": "35.25300", "2006-06-30": "32.58000", "2006-03-31": "22.94000", "2005-12-31": "25.59500", "2005-09-30": "25.12700", "2005-06-30": "29.43800", "2005-03-31": "18.22400"}, "Pre-Paid Expenses": {"2020-09-30": "227.15500", "2020-06-30": "240.94600", "2020-03-31": "309.38500", "2019-12-31": "217.70700", "2019-09-30": "275.50300", "2019-06-30": "235.27900", "2019-03-31": "228.67500", "2018-12-31": "157.96700", "2018-09-30": "200.00400", "2018-06-30": "231.85100", "2018-03-31": "213.21200", "2017-12-31": "244.78900", "2017-09-30": "152.91300", "2017-06-30": "174.81700", "2017-03-31": "166.82900", "2016-12-31": "191.79600", "2016-09-30": "204.02400", "2016-06-30": "184.29500", "2016-03-31": "129.43600", "2015-12-31": "132.77300", "2015-09-30": "130.85700", "2015-06-30": "121.27300", "2015-03-31": "147.95400", "2014-12-31": "108.62400", "2014-09-30": "103.95400", "2014-06-30": "104.48700", "2014-03-31": "58.31000", "2013-12-31": "65.82100", "2013-09-30": "58.20100", "2013-06-30": "78.86700", "2013-03-31": "82.72800", "2012-12-31": "68.13200", "2012-09-30": "60.83300", "2012-06-30": "71.82000", "2012-03-31": "67.14500", "2011-12-31": "61.64000", "2011-09-30": "52.04600", "2011-06-30": "47.64700", "2011-03-31": "35.98900", "2010-12-31": "46.07200", "2010-09-30": "40.39100", "2010-06-30": "31.05600", "2010-03-31": "32.08000", "2009-12-31": "31.34400", "2009-09-30": "39.40600", "2009-06-30": "39.20500", "2009-03-31": "39.45000", "2008-12-31": "38.02600", "2008-09-30": "32.74000", "2008-06-30": "30.95500", "2008-03-31": "48.39100", "2007-12-31": "39.56400", "2007-09-30": "25.65600", "2007-06-30": "24.27400", "2007-03-31": "20.05500", "2006-12-31": "15.21200", "2006-09-30": "19.49000", "2006-06-30": "26.39300", "2006-03-31": "27.49900", "2005-12-31": "21.21100", "2005-09-30": "19.84600", "2005-06-30": "24.07500", "2005-03-31": "19.74100"}, "Other Current Assets": {"2020-09-30": "875.78300", "2020-06-30": "892.67600", "2020-03-31": "773.33600", "2019-12-31": "1013.06700", "2019-09-30": "", "2019-06-30": "", "2019-03-31": "", "2018-12-31": "915.46000", "2018-09-30": "", "2018-06-30": "", "2018-03-31": "", "2017-12-31": "", "2017-09-30": "", "2017-06-30": "", "2017-03-31": "", "2016-12-31": "", "2016-09-30": "", "2016-06-30": "", "2016-03-31": "", "2015-12-31": "", "2015-09-30": "", "2015-06-30": "", "2015-03-31": "", "2014-12-31": "", "2014-09-30": "", "2014-06-30": "", "2014-03-31": "", "2013-12-31": "", "2013-09-30": "", "2013-06-30": "", "2013-03-31": "", "2012-12-31": "", "2012-09-30": "", "2012-06-30": "", "2012-03-31": "", "2011-12-31": "", "2011-09-30": "", "2011-06-30": "", "2011-03-31": "", "2010-12-31": "", "2010-09-30": "", "2010-06-30": "", "2010-03-31": "", "2009-12-31": "", "2009-09-30": "", "2009-06-30": "", "2009-03-31": "", "2008-12-31": "", "2008-09-30": "", "2008-06-30": "", "2008-03-31": "", "2007-12-31": "", "2007-09-30": "", "2007-06-30": "", "2007-03-31": "", "2006-12-31": "", "2006-09-30": "", "2006-06-30": "", "2006-03-31": "", "2005-12-31": "", "2005-09-30": "7.50400", "2005-06-30": "5.83900", "2005-03-31": "5.70300"}, "Total Current Assets": {"2020-09-30": "2654.73300", "2020-06-30": "2551.75700", "2020-03-31": "2472.63500", "2019-12-31": "2918.73200", "2019-09-30": "2733.25500", "2019-06-30": "2701.75000", "2019-03-31": "2235.52900", "2018-12-31": "2087.58700", "2018-09-30": "2216.48800", "2018-06-30": "2165.14200", "2018-03-31": "1869.94200", "2017-12-31": "1890.18600", "2017-09-30": "1925.26200", "2017-06-30": "1820.27800", "2017-03-31": "1445.24600", "2016-12-31": "1584.98800", "2016-09-30": "1346.24900", "2016-06-30": "1333.80200", "2016-03-31": "1133.90700", "2015-12-31": "1131.01000", "2015-09-30": "1086.94300", "2015-06-30": "1090.46500", "2015-03-31": "1036.09800", "2014-12-31": "1105.91600", "2014-09-30": "1004.41900", "2014-06-30": "973.80400", "2014-03-31": "801.58900", "2013-12-31": "840.45000", "2013-09-30": "745.00000", "2013-06-30": "736.33300", "2013-03-31": "721.38200", "2012-12-31": "813.17900", "2012-09-30": "728.04100", "2012-06-30": "684.05300", "2012-03-31": "715.12100", "2011-12-31": "753.97000", "2011-09-30": "649.08600", "2011-06-30": "733.37500", "2011-03-31": "688.43600", "2010-12-31": "728.01400", "2010-09-30": "645.92000", "2010-06-30": "600.54900", "2010-03-31": "612.24200", "2009-12-31": "658.58600", "2009-09-30": "655.71300", "2009-06-30": "620.54800", "2009-03-31": "593.49900", "2008-12-31": "676.48400", "2008-09-30": "673.04900", "2008-06-30": "738.08300", "2008-03-31": "711.30600", "2007-12-31": "802.48400", "2007-09-30": "765.46100", "2007-06-30": "763.02100", "2007-03-31": "826.41800", "2006-12-31": "688.47100", "2006-09-30": "566.17300", "2006-06-30": "531.23700", "2006-03-31": "497.51500", "2005-12-31": "508.94300", "2005-09-30": "308.46200", "2005-06-30": "306.53900", "2005-03-31": "341.72900"}, "Property, Plant, And Equipment": {"2020-09-30": "366.27600", "2020-06-30": "355.27900", "2020-03-31": "356.55800", "2019-12-31": "359.98000", "2019-09-30": "321.80200", "2019-06-30": "324.29800", "2019-03-31": "303.79600", "2018-12-31": "291.86900", "2018-09-30": "283.16700", "2018-06-30": "274.69300", "2018-03-31": "280.60600", "2017-12-31": "268.30300", "2017-09-30": "250.43600", "2017-06-30": "241.08000", "2017-03-31": "217.86600", "2016-12-31": "202.14500", "2016-09-30": "187.61700", "2016-06-30": "176.29700", "2016-03-31": "169.71900", "2015-12-31": "157.36800", "2015-09-30": "149.50600", "2015-06-30": "140.07000", "2015-03-31": "121.77500", "2014-12-31": "125.30700", "2014-09-30": "123.35900", "2014-06-30": "125.29300", "2014-03-31": "117.60100", "2013-12-31": "116.23000", "2013-09-30": "111.88500", "2013-06-30": "107.33400", "2013-03-31": "109.02300", "2012-12-31": "115.47500", "2012-09-30": "109.31800", "2012-06-30": "108.03300", "2012-03-31": "108.17000", "2011-12-31": "102.90000", "2011-09-30": "93.35200", "2011-06-30": "96.56100", "2011-03-31": "92.92700", "2010-12-31": "91.52700", "2010-09-30": "93.67300", "2010-06-30": "81.91600", "2010-03-31": "91.73100", "2009-12-31": "96.59200", "2009-09-30": "100.97200", "2009-06-30": "94.73000", "2009-03-31": "83.75300", "2008-12-31": "89.53200", "2008-09-30": "96.00700", "2008-06-30": "103.27600", "2008-03-31": "97.62300", "2007-12-31": "88.33700", "2007-09-30": "76.86400", "2007-06-30": "69.88200", "2007-03-31": "55.55100", "2006-12-31": "55.17400", "2006-09-30": "51.64800", "2006-06-30": "50.07500", "2006-03-31": "50.40000", "2005-12-31": "44.85200", "2005-09-30": "41.73400", "2005-06-30": "41.33400", "2005-03-31": "42.00700"}, "Long-Term Investments": {"2020-09-30": "", "2020-06-30": "", "2020-03-31": "", "2019-12-31": "", "2019-09-30": "", "2019-06-30": "", "2019-03-31": "", "2018-12-31": "", "2018-09-30": "", "2018-06-30": "", "2018-03-31": "", "2017-12-31": "", "2017-09-30": "", "2017-06-30": "", "2017-03-31": "", "2016-12-31": "", "2016-09-30": "", "2016-06-30": "", "2016-03-31": "", "2015-12-31": "", "2015-09-30": "", "2015-06-30": "", "2015-03-31": "", "2014-12-31": "", "2014-09-30": "", "2014-06-30": "", "2014-03-31": "", "2013-12-31": "", "2013-09-30": "", "2013-06-30": "", "2013-03-31": "", "2012-12-31": "", "2012-09-30": "", "2012-06-30": "", "2012-03-31": "", "2011-12-31": "", "2011-09-30": "", "2011-06-30": "", "2011-03-31": "", "2010-12-31": "", "2010-09-30": "", "2010-06-30": "", "2010-03-31": "", "2009-12-31": "", "2009-09-30": "", "2009-06-30": "", "2009-03-31": "", "2008-12-31": "", "2008-09-30": "", "2008-06-30": "", "2008-03-31": "", "2007-12-31": "", "2007-09-30": "", "2007-06-30": "", "2007-03-31": "", "2006-12-31": "", "2006-09-30": "", "2006-06-30": "", "2006-03-31": "", "2005-12-31": "", "2005-09-30": "", "2005-06-30": "", "2005-03-31": ""}, "Goodwill And Intangible Assets": {"2020-09-30": "765.46300", "2020-06-30": "751.36100", "2020-03-31": "844.67600", "2019-12-31": "885.67000", "2019-09-30": "782.22710", "2019-06-30": "810.74100", "2019-03-31": "814.19700", "2018-12-31": "818.68200", "2018-09-30": "844.33100", "2018-06-30": "854.80100", "2018-03-31": "891.51300", "2017-12-31": "867.92900", "2017-09-30": "899.01500", "2017-06-30": "884.89300", "2017-03-31": "859.58600", "2016-12-31": "855.04400", "2016-09-30": "839.82800", "2016-06-30": "848.49900", "2016-03-31": "874.75200", "2015-12-31": "853.15000", "2015-09-30": "860.33300", "2015-06-30": "781.31700", "2015-03-31": "705.01700", "2014-12-31": "758.13000", "2014-09-30": "789.46900", "2014-06-30": "843.29800", "2014-03-31": "588.62300", "2013-12-31": "591.46100", "2013-09-30": "608.15700", "2013-06-30": "594.86000", "2013-03-31": "604.87300", "2012-12-31": "565.14900", "2012-09-30": "575.83100", "2012-06-30": "575.10800", "2012-03-31": "603.12500", "2011-12-31": "588.50600", "2011-09-30": "581.67500", "2011-06-30": "561.72100", "2011-03-31": "553.84600", "2010-12-31": "541.53200", "2010-09-30": "623.95000", "2010-06-30": "552.03900", "2010-03-31": "588.85600", "2009-12-31": "617.59800", "2009-09-30": "620.75200", "2009-06-30": "613.31900", "2009-03-31": "581.03300", "2008-12-31": "613.61800", "2008-09-30": "868.41500", "2008-06-30": "947.02900", "2008-03-31": "954.62000", "2007-12-31": "917.86000", "2007-09-30": "918.21590", "2007-06-30": "867.69900", "2007-03-31": "353.53500", "2006-12-31": "347.78300", "2006-09-30": "323.63000", "2006-06-30": "324.71000", "2006-03-31": "320.98800", "2005-12-31": "317.91900", "2005-09-30": "295.52500", "2005-06-30": "297.27300", "2005-03-31": "286.20300"}, "Other Long-Term Assets": {"2020-09-30": "147.25500", "2020-06-30": "144.42200", "2020-03-31": "130.93200", "2019-12-31": "115.74100", "2019-09-30": "115.09300", "2019-06-30": "120.20400", "2019-03-31": "109.36200", "2018-12-31": "123.01700", "2018-09-30": "116.80000", "2018-06-30": "112.32500", "2018-03-31": "115.31400", "2017-12-31": "113.61100", "2017-09-30": "103.20800", "2017-06-30": "90.43400", "2017-03-31": "75.13800", "2016-12-31": "70.69500", "2016-09-30": "63.77900", "2016-06-30": "61.88900", "2016-03-31": "53.84100", "2015-12-31": "51.18600", "2015-09-30": "68.96300", "2015-06-30": "61.09800", "2015-03-31": "60.14700", "2014-12-31": "49.09400", "2014-09-30": "48.78600", "2014-06-30": "52.11400", "2014-03-31": "49.34700", "2013-12-31": "50.04900", "2013-09-30": "49.46400", "2013-06-30": "53.69900", "2013-03-31": "56.10000", "2012-12-31": "57.73300", "2012-09-30": "58.44800", "2012-06-30": "58.49900", "2012-03-31": "62.28000", "2011-12-31": "60.95300", "2011-09-30": "58.15000", "2011-06-30": "52.45900", "2011-03-31": "50.47800", "2010-12-31": "48.29900", "2010-09-30": "46.85400", "2010-06-30": "37.11500", "2010-03-31": "39.73600", "2009-12-31": "39.90300", "2009-09-30": "38.95000", "2009-06-30": "36.80600", "2009-03-31": "35.25800", "2008-12-31": "21.95700", "2008-09-30": "21.87400", "2008-06-30": "21.39100", "2008-03-31": "22.39300", "2007-12-31": "41.34600", "2007-09-30": "24.64400", "2007-06-30": "24.67200", "2007-03-31": "18.72100", "2006-12-31": "19.20800", "2006-09-30": "16.60400", "2006-06-30": "15.18900", "2006-03-31": "15.40800", "2005-12-31": "15.64400", "2005-09-30": "10.39000", "2005-06-30": "9.87700", "2005-03-31": "9.47600"}, "Total Long-Term Assets": {"2020-09-30": "1440.62300", "2020-06-30": "1409.77800", "2020-03-31": "1711.75000", "2019-12-31": "1738.93400", "2019-09-30": "1580.86900", "2019-06-30": "1631.58600", "2019-03-31": "1578.52400", "2018-12-31": "1233.56800", "2018-09-30": "1244.29800", "2018-06-30": "1241.81900", "2018-03-31": "1287.43300", "2017-12-31": "1249.84300", "2017-09-30": "1252.65900", "2017-06-30": "1216.40700", "2017-03-31": "1152.59000", "2016-12-31": "1127.88400", "2016-09-30": "1091.22400", "2016-06-30": "1086.68500", "2016-03-31": "1098.31200", "2015-12-31": "1061.70400", "2015-09-30": "1078.80200", "2015-06-30": "982.48500", "2015-03-31": "886.93900", "2014-12-31": "932.53100", "2014-09-30": "961.61400", "2014-06-30": "1020.70500", "2014-03-31": "755.57100", "2013-12-31": "757.74000", "2013-09-30": "769.50600", "2013-06-30": "755.89290", "2013-03-31": "769.99600", "2012-12-31": "738.35690", "2012-09-30": "743.59700", "2012-06-30": "741.64000", "2012-03-31": "773.57500", "2011-12-31": "752.35900", "2011-09-30": "733.17700", "2011-06-30": "710.74100", "2011-03-31": "697.25100", "2010-12-31": "681.35800", "2010-09-30": "764.47700", "2010-06-30": "671.07000", "2010-03-31": "720.32310", "2009-12-31": "754.09300", "2009-09-30": "765.89100", "2009-06-30": "788.14700", "2009-03-31": "743.01090", "2008-12-31": "729.15990", "2008-09-30": "1023.96400", "2008-06-30": "1116.79000", "2008-03-31": "1111.51500", "2007-12-31": "1083.67200", "2007-09-30": "1039.44200", "2007-06-30": "982.27500", "2007-03-31": "446.85200", "2006-12-31": "441.16900", "2006-09-30": "398.06800", "2006-06-30": "396.52700", "2006-03-31": "393.16200", "2005-12-31": "385.40900", "2005-09-30": "355.87900", "2005-06-30": "356.71700", "2005-03-31": "346.79800"}, "Total Assets": {"2020-09-30": "4095.35600", "2020-06-30": "3961.53500", "2020-03-31": "4184.38500", "2019-12-31": "4657.66600", "2019-09-30": "4314.12400", "2019-06-30": "4333.33600", "2019-03-31": "3814.05300", "2018-12-31": "3321.15500", "2018-09-30": "3460.78600", "2018-06-30": "3406.96100", "2018-03-31": "3157.37500", "2017-12-31": "3140.02900", "2017-09-30": "3177.92100", "2017-06-30": "3036.68500", "2017-03-31": "2597.83600", "2016-12-31": "2712.87200", "2016-09-30": "2437.47300", "2016-06-30": "2420.48700", "2016-03-31": "2232.21900", "2015-12-31": "2192.71400", "2015-09-30": "2165.74500", "2015-06-30": "2072.95000", "2015-03-31": "1923.03700", "2014-12-31": "2038.44700", "2014-09-30": "1966.03300", "2014-06-30": "1994.50900", "2014-03-31": "1557.16000", "2013-12-31": "1598.19000", "2013-09-30": "1514.50600", "2013-06-30": "1492.22600", "2013-03-31": "1491.37800", "2012-12-31": "1551.53600", "2012-09-30": "1471.63800", "2012-06-30": "1425.69300", "2012-03-31": "1488.69600", "2011-12-31": "1506.32900", "2011-09-30": "1382.26300", "2011-06-30": "1444.11600", "2011-03-31": "1385.68700", "2010-12-31": "1409.37200", "2010-09-30": "1410.39700", "2010-06-30": "1271.61900", "2010-03-31": "1332.56500", "2009-12-31": "1412.67900", "2009-09-30": "1421.60400", "2009-06-30": "1408.69500", "2009-03-31": "1336.51000", "2008-12-31": "1405.64400", "2008-09-30": "1697.01300", "2008-06-30": "1854.87300", "2008-03-31": "1822.82100", "2007-12-31": "1886.15600", "2007-09-30": "1804.90300", "2007-06-30": "1745.29600", "2007-03-31": "1273.27000", "2006-12-31": "1129.64000", "2006-09-30": "964.24100", "2006-06-30": "927.76400", "2006-03-31": "890.67700", "2005-12-31": "894.35200", "2005-09-30": "664.34100", "2005-06-30": "663.25600", "2005-03-31": "688.52700"}, "Total Current Liabilities": {"2020-09-30": "1437.89900", "2020-06-30": "1436.99800", "2020-03-31": "1461.59000", "2019-12-31": "1633.98000", "2019-09-30": "1450.72100", "2019-06-30": "1481.42700", "2019-03-31": "1744.40700", "2018-12-31": "1378.39400", "2018-09-30": "1513.70700", "2018-06-30": "1838.46400", "2018-03-31": "1318.32200", "2017-12-31": "1407.72000", "2017-09-30": "1299.12600", "2017-06-30": "1166.24800", "2017-03-31": "1007.45400", "2016-12-31": "1179.10000", "2016-09-30": "936.67700", "2016-06-30": "908.12100", "2016-03-31": "871.97100", "2015-12-31": "903.93200", "2015-09-30": "850.64900", "2015-06-30": "847.81900", "2015-03-31": "768.06900", "2014-12-31": "848.88100", "2014-09-30": "813.17000", "2014-06-30": "787.25200", "2014-03-31": "628.28500", "2013-12-31": "732.08600", "2013-09-30": "625.92700", "2013-06-30": "634.00700", "2013-03-31": "651.00300", "2012-12-31": "696.70600", "2012-09-30": "784.88400", "2012-06-30": "702.45100", "2012-03-31": "724.69600", "2011-12-31": "774.48600", "2011-09-30": "504.24400", "2011-06-30": "535.27700", "2011-03-31": "506.90400", "2010-12-31": "571.36000", "2010-09-30": "509.38800", "2010-06-30": "451.23000", "2010-03-31": "466.80400", "2009-12-31": "491.57800", "2009-09-30": "543.57700", "2009-06-30": "531.21000", "2009-03-31": "513.43200", "2008-12-31": "579.98500", "2008-09-30": "485.39100", "2008-06-30": "500.66400", "2008-03-31": "474.24600", "2007-12-31": "523.17400", "2007-09-30": "511.68900", "2007-06-30": "498.13000", "2007-03-31": "411.60400", "2006-12-31": "404.11000", "2006-09-30": "333.30700", "2006-06-30": "307.91900", "2006-03-31": "294.80800", "2005-12-31": "327.32300", "2005-09-30": "280.98500", "2005-06-30": "276.42300", "2005-03-31": "322.52800"}, "Long Term Debt": {"2020-09-30": "1132.62600", "2020-06-30": "1100.61900", "2020-03-31": "1083.61800", "2019-12-31": "1090.93900", "2019-09-30": "1067.67200", "2019-06-30": "1096.73500", "2019-03-31": "412.86200", "2018-12-31": "589.78200", "2018-09-30": "650.13800", "2018-06-30": "381.11500", "2018-03-31": "583.08600", "2017-12-31": "413.76500", "2017-09-30": "602.09200", "2017-06-30": "734.51000", "2017-03-31": "570.84090", "2016-12-31": "568.63200", "2016-09-30": "519.51300", "2016-06-30": "603.66200", "2016-03-31": "483.72900", "2015-12-31": "409.61900", "2015-09-30": "453.32300", "2015-06-30": "419.19400", "2015-03-31": "414.86300", "2014-12-31": "399.40400", "2014-09-30": "366.80200", "2014-06-30": "398.76800", "2014-03-31": "230.83800", "2013-12-31": "191.38200", "2013-09-30": "238.63400", "2013-06-30": "284.76100", "2013-03-31": "280.67500", "2012-12-31": "291.29200", "2012-09-30": "81.62100", "2012-06-30": "143.83300", "2012-03-31": "162.07700", "2011-12-31": "165.94300", "2011-09-30": "316.21800", "2011-06-30": "291.10100", "2011-03-31": "289.59800", "2010-12-31": "288.46800", "2010-09-30": "287.00700", "2010-06-30": "284.84000", "2010-03-31": "284.60200", "2009-12-31": "322.28000", "2009-09-30": "285.83000", "2009-06-30": "288.19400", "2009-03-31": "291.47700", "2008-12-31": "300.71100", "2008-09-30": "421.09100", "2008-06-30": "479.84300", "2008-03-31": "491.15600", "2007-12-31": "550.82300", "2007-09-30": "513.89300", "2007-06-30": "555.80300", "2007-03-31": "344.03500", "2006-12-31": "362.48200", "2006-09-30": "334.39200", "2006-06-30": "338.04100", "2006-03-31": "332.91200", "2005-12-31": "327.22900", "2005-09-30": "153.27600", "2005-06-30": "168.65700", "2005-03-31": "155.45000"}, "Other Non-Current Liabilities": {"2020-09-30": "57.73000", "2020-06-30": "54.93400", "2020-03-31": "53.65300", "2019-12-31": "55.36100", "2019-09-30": "63.75600", "2019-06-30": "62.33700", "2019-03-31": "61.63800", "2018-12-31": "62.99200", "2018-09-30": "65.11300", "2018-06-30": "62.94300", "2018-03-31": "67.06400", "2017-12-31": "64.09700", "2017-09-30": "32.82800", "2017-06-30": "26.64700", "2017-03-31": "21.41400", "2016-12-31": "20.50400", "2016-09-30": "19.62900", "2016-06-30": "21.55900", "2016-03-31": "20.72100", "2015-12-31": "19.31100", "2015-09-30": "20.07400", "2015-06-30": "18.49200", "2015-03-31": "17.47800", "2014-12-31": "18.39100", "2014-09-30": "17.92200", "2014-06-30": "18.32800", "2014-03-31": "17.16400", "2013-12-31": "18.57200", "2013-09-30": "16.10600", "2013-06-30": "14.76700", "2013-03-31": "14.48500", "2012-12-31": "14.96700", "2012-09-30": "12.76400", "2012-06-30": "12.42900", "2012-03-31": "12.79100", "2011-12-31": "13.15200", "2011-09-30": "10.69800", "2011-06-30": "8.70500", "2011-03-31": "8.59600", "2010-12-31": "8.70900", "2010-09-30": "8.53200", "2010-06-30": "6.73100", "2010-03-31": "8.61500", "2009-12-31": "8.46400", "2009-09-30": "8.68200", "2009-06-30": "8.39200", "2009-03-31": "8.17400", "2008-12-31": "7.91900", "2008-09-30": "6.14000", "2008-06-30": "7.41900", "2008-03-31": "8.89400", "2007-12-31": "4.67200", "2007-09-30": "2.63900", "2007-06-30": "2.16400", "2007-03-31": "5.05100", "2006-12-31": "1.81100", "2006-09-30": "1.63100", "2006-06-30": "1.84200", "2006-03-31": "2.04500", "2005-12-31": "1.16100", "2005-09-30": "1.38500", "2005-06-30": "2.15200", "2005-03-31": "2.31400"}, "Total Long Term Liabilities": {"2020-09-30": "1351.69900", "2020-06-30": "1311.87700", "2020-03-31": "1433.52300", "2019-12-31": "1444.34400", "2019-09-30": "1417.85100", "2019-06-30": "1453.68600", "2019-03-31": "781.73600", "2018-12-31": "709.91900", "2018-09-30": "767.95790", "2018-06-30": "498.06700", "2018-03-31": "710.02100", "2017-12-31": "532.83100", "2017-09-30": "681.28110", "2017-06-30": "807.37000", "2017-03-31": "636.67290", "2016-12-31": "633.21500", "2016-09-30": "574.76610", "2016-06-30": "659.68600", "2016-03-31": "540.49400", "2015-12-31": "462.85400", "2015-09-30": "517.46200", "2015-06-30": "483.89600", "2015-03-31": "469.50500", "2014-12-31": "456.75400", "2014-09-30": "422.61200", "2014-06-30": "456.03300", "2014-03-31": "266.04600", "2013-12-31": "227.64900", "2013-09-30": "275.03900", "2013-06-30": "320.50300", "2013-03-31": "316.39300", "2012-12-31": "328.29000", "2012-09-30": "118.15700", "2012-06-30": "180.51800", "2012-03-31": "200.75200", "2011-12-31": "205.09800", "2011-09-30": "351.33300", "2011-06-30": "321.72700", "2011-03-31": "320.51500", "2010-12-31": "319.13500", "2010-09-30": "320.98400", "2010-06-30": "311.28100", "2010-03-31": "314.97800", "2009-12-31": "354.59800", "2009-09-30": "317.74300", "2009-06-30": "354.19400", "2009-03-31": "359.46400", "2008-12-31": "329.74900", "2008-09-30": "505.87200", "2008-06-30": "588.05500", "2008-03-31": "597.69600", "2007-12-31": "639.08000", "2007-09-30": "601.52800", "2007-06-30": "622.05700", "2007-03-31": "397.55400", "2006-12-31": "416.73700", "2006-09-30": "367.55500", "2006-06-30": "371.83700", "2006-03-31": "366.20900", "2005-12-31": "360.67600", "2005-09-30": "187.06000", "2005-06-30": "202.21200", "2005-03-31": "186.86700"}, "Total Liabilities": {"2020-09-30": "2789.59800", "2020-06-30": "2748.87500", "2020-03-31": "2895.11300", "2019-12-31": "3078.32400", "2019-09-30": "2868.57200", "2019-06-30": "2935.11300", "2019-03-31": "2526.14300", "2018-12-31": "2088.31300", "2018-09-30": "2281.66500", "2018-06-30": "2336.53100", "2018-03-31": "2028.34300", "2017-12-31": "1940.55100", "2017-09-30": "1980.40700", "2017-06-30": "1973.61800", "2017-03-31": "1644.12700", "2016-12-31": "1812.31500", "2016-09-30": "1511.44300", "2016-06-30": "1567.80700", "2016-03-31": "1412.46500", "2015-12-31": "1366.78600", "2015-09-30": "1368.11100", "2015-06-30": "1331.71500", "2015-03-31": "1237.57400", "2014-12-31": "1305.63500", "2014-09-30": "1235.78200", "2014-06-30": "1243.28500", "2014-03-31": "894.33100", "2013-12-31": "959.73500", "2013-09-30": "900.96600", "2013-06-30": "954.51000", "2013-03-31": "967.39600", "2012-12-31": "1024.99600", "2012-09-30": "903.04100", "2012-06-30": "882.96900", "2012-03-31": "925.44800", "2011-12-31": "979.58400", "2011-09-30": "855.57700", "2011-06-30": "857.00400", "2011-03-31": "827.41900", "2010-12-31": "890.49500", "2010-09-30": "830.37200", "2010-06-30": "762.51100", "2010-03-31": "781.78200", "2009-12-31": "846.17600", "2009-09-30": "861.32000", "2009-06-30": "885.40400", "2009-03-31": "872.89600", "2008-12-31": "909.73400", "2008-09-30": "991.26300", "2008-06-30": "1088.71900", "2008-03-31": "1071.94200", "2007-12-31": "1162.25400", "2007-09-30": "1113.21700", "2007-06-30": "1120.18700", "2007-03-31": "809.15800", "2006-12-31": "820.84700", "2006-09-30": "700.86200", "2006-06-30": "679.75600", "2006-03-31": "661.01700", "2005-12-31": "687.99900", "2005-09-30": "468.04500", "2005-06-30": "478.63500", "2005-03-31": "509.39500"}, "Common Stock Net": {"2020-09-30": "1.25900", "2020-06-30": "1.25900", "2020-03-31": "1.25700", "2019-12-31": "1.25600", "2019-09-30": "1.25200", "2019-06-30": "1.25100", "2019-03-31": "1.20100", "2018-12-31": "1.19800", "2018-09-30": "1.19100", "2018-06-30": "1.18100", "2018-03-31": "1.18000", "2017-12-31": "1.17800", "2017-09-30": "1.17500", "2017-06-30": "1.17300", "2017-03-31": "1.17100", "2016-12-31": "1.16800", "2016-09-30": "1.16600", "2016-06-30": "1.16400", "2016-03-31": "1.16300", "2015-12-31": "1.15900", "2015-09-30": "1.15400", "2015-06-30": "1.14000", "2015-03-31": "1.13600", "2014-12-31": "1.12900", "2014-09-30": "1.12500", "2014-06-30": "1.12200", "2014-03-31": "1.09200", "2013-12-31": "1.08600", "2013-09-30": "1.07800", "2013-06-30": "1.07400", "2013-03-31": "1.06800", "2012-12-31": "1.06000", "2012-09-30": "1.05000", "2012-06-30": "1.04800", "2012-03-31": "1.04600", "2011-12-31": "1.04000", "2011-09-30": "1.03700", "2011-06-30": "1.03500", "2011-03-31": "1.03300", "2010-12-31": "1.02900", "2010-09-30": "1.02600", "2010-06-30": "1.02400", "2010-03-31": "1.02300", "2009-12-31": "1.02200", "2009-09-30": "1.02000", "2009-06-30": "1.01700", "2009-03-31": "1.01400", "2008-12-31": "1.01200", "2008-09-30": "0.98800", "2008-06-30": "0.98600", "2008-03-31": "0.98400", "2007-12-31": "0.98300", "2007-09-30": "0.97200", "2007-06-30": "0.97400", "2007-03-31": "0.88300", "2006-12-31": "0.74900", "2006-09-30": "0.74600", "2006-06-30": "0.74500", "2006-03-31": "0.74000", "2005-12-31": "0.71700", "2005-09-30": "0.71100", "2005-06-30": "0.70800", "2005-03-31": "0.69800"}, "Retained Earnings (Accumulated Deficit)": {"2020-09-30": "942.92000", "2020-06-30": "902.67100", "2020-03-31": "1018.47500", "2019-12-31": "1016.55400", "2019-09-30": "910.10800", "2019-06-30": "772.50100", "2019-03-31": "704.34800", "2018-12-31": "669.80500", "2018-09-30": "609.81300", "2018-06-30": "", "2018-03-31": "463.36700", "2017-12-31": "436.95400", "2017-09-30": "459.88700", "2017-06-30": "359.59700", "2017-03-31": "308.23200", "2016-12-31": "278.84200", "2016-09-30": "249.93100", "2016-06-30": "189.19800", "2016-03-31": "133.52100", "2015-12-31": "104.42700", "2015-09-30": "70.94000", "2015-06-30": "39.60600", "2015-03-31": "12.79700", "2014-12-31": "5.61900", "2014-09-30": "-24.46800", "2014-06-30": "-59.50500", "2014-03-31": "-80.00700", "2013-12-31": "-96.02900", "2013-09-30": "-106.02400", "2013-06-30": "-153.89800", "2013-03-31": "-172.00900", "2012-12-31": "-184.01500", "2012-09-30": "-171.00100", "2012-06-30": "-185.63100", "2012-03-31": "-191.37800", "2011-12-31": "-204.55000", "2011-09-30": "-215.51800", "2011-06-30": "-212.33800", "2011-03-31": "-224.22700", "2010-12-31": "-241.51100", "2010-09-30": "-180.83100", "2010-06-30": "-201.79600", "2010-03-31": "-200.31300", "2009-12-31": "-203.13900", "2009-09-30": "-211.34500", "2009-06-30": "-230.21000", "2009-03-31": "-245.75400", "2008-12-31": "-233.45600", "2008-09-30": "0.81400", "2008-06-30": "-4.95400", "2008-03-31": "-12.74100", "2007-12-31": "-5.90500", "2007-09-30": "-25.53100", "2007-06-30": "-40.29500", "2007-03-31": "-48.91300", "2006-12-31": "-59.40900", "2006-09-30": "-73.89300", "2006-06-30": "-84.30900", "2006-03-31": "-95.43600", "2005-12-31": "-104.78700", "2005-09-30": "-80.54100", "2005-06-30": "-90.70000", "2005-03-31": "-94.61800"}, "Comprehensive Income": {"2020-09-30": "-145.58300", "2020-06-30": "-192.52200", "2020-03-31": "-224.66700", "2019-12-31": "-164.89000", "2019-09-30": "-211.85300", "2019-06-30": "-155.05000", "2019-03-31": "-167.19900", "2018-12-31": "-151.04300", "2018-09-30": "-134.60500", "2018-06-30": "-130.00600", "2018-03-31": "-71.56400", "2017-12-31": "-94.45800", "2017-09-30": "-113.52300", "2017-06-30": "-140.17600", "2017-03-31": "-191.26600", "2016-12-31": "-210.66200", "2016-09-30": "-152.05400", "2016-06-30": "-158.88800", "2016-03-31": "-130.89300", "2015-12-31": "-165.52800", "2015-09-30": "-153.07600", "2015-06-30": "-132.74700", "2015-03-31": "-153.09800", "2014-12-31": "-97.92200", "2014-09-30": "-64.53400", "2014-06-30": "-3.10600", "2014-03-31": "-7.25500", "2013-12-31": "-10.45300", "2013-09-30": "-17.17000", "2013-06-30": "-39.13500", "2013-03-31": "-28.15400", "2012-12-31": "-10.85000", "2012-09-30": "-19.78000", "2012-06-30": "-30.29000", "2012-03-31": "-2.99100", "2011-12-31": "-21.40800", "2011-09-30": "-10.68900", "2011-06-30": "35.53000", "2011-03-31": "23.11900", "2010-12-31": "5.12200", "2010-09-30": "7.84200", "2010-06-30": "-41.93300", "2010-03-31": "-1.01000", "2009-12-31": "20.56600", "2009-09-30": "24.97900", "2009-06-30": "10.52900", "2009-03-31": "-30.01500", "2008-12-31": "-9.35000", "2008-09-30": "36.32500", "2008-06-30": "104.77000", "2008-03-31": "100.59800", "2007-12-31": "70.19900", "2007-09-30": "62.63100", "2007-06-30": "15.08400", "2007-03-31": "8.75700", "2006-12-31": "28.82300", "2006-09-30": "1.68100", "2006-06-30": "-0.54300", "2006-03-31": "-2.66100", "2005-12-31": "-2.05800", "2005-09-30": "-1.46100", "2005-06-30": "-0.84400", "2005-03-31": "2.77700"}, "Other Share Holders Equity": {"2020-09-30": "", "2020-06-30": "", "2020-03-31": "", "2019-12-31": "", "2019-09-30": "", "2019-06-30": "", "2019-03-31": "", "2018-12-31": "", "2018-09-30": "", "2018-06-30": "507.09100", "2018-03-31": "", "2017-12-31": "", "2017-09-30": "", "2017-06-30": "", "2017-03-31": "", "2016-12-31": "", "2016-09-30": "", "2016-06-30": "", "2016-03-31": "", "2015-12-31": "", "2015-09-30": "", "2015-06-30": "", "2015-03-31": "", "2014-12-31": "", "2014-09-30": "", "2014-06-30": "", "2014-03-31": "", "2013-12-31": "", "2013-09-30": "1.03500", "2013-06-30": "1.03800", "2013-03-31": "1.03700", "2012-12-31": "", "2012-09-30": "1.01400", "2012-06-30": "1.01600", "2012-03-31": "1.00000", "2011-12-31": "1.00100", "2011-09-30": "1.00000", "2011-06-30": "1.06800", "2011-03-31": "1.01200", "2010-12-31": "0.97400", "2010-09-30": "0.99400", "2010-06-30": "1.00900", "2010-03-31": "0.97300", "2009-12-31": "1.01300", "2009-09-30": "1.04500", "2009-06-30": "1.02800", "2009-03-31": "0.96300", "2008-12-31": "0.99600", "2008-09-30": "0.99000", "2008-06-30": "1.06100", "2008-03-31": "1.00100", "2007-12-31": "0.95700", "2007-09-30": "0.91400", "2007-06-30": "0.26600", "2007-03-31": "0.78500", "2006-12-31": "0.61000", "2006-09-30": "0.79600", "2006-06-30": "0.48300", "2006-03-31": "0.76200", "2005-12-31": "0.65200", "2005-09-30": "0.74000", "2005-06-30": "0.66200", "2005-03-31": "0.39900"}, "Share Holder Equity": {"2020-09-30": "1305.75800", "2020-06-30": "1212.66000", "2020-03-31": "1289.27200", "2019-12-31": "1579.34200", "2019-09-30": "1445.55200", "2019-06-30": "1398.22300", "2019-03-31": "1287.91000", "2018-12-31": "1232.84200", "2018-09-30": "1179.12100", "2018-06-30": "1070.43000", "2018-03-31": "1129.03200", "2017-12-31": "1199.47800", "2017-09-30": "1197.51400", "2017-06-30": "1063.06700", "2017-03-31": "953.70900", "2016-12-31": "900.55700", "2016-09-30": "926.03000", "2016-06-30": "852.68000", "2016-03-31": "819.75400", "2015-12-31": "825.92800", "2015-09-30": "797.63400", "2015-06-30": "741.23500", "2015-03-31": "685.46300", "2014-12-31": "732.81200", "2014-09-30": "730.25100", "2014-06-30": "751.22400", "2014-03-31": "662.82900", "2013-12-31": "638.45500", "2013-09-30": "613.54000", "2013-06-30": "537.71600", "2013-03-31": "523.98200", "2012-12-31": "526.54000", "2012-09-30": "568.59700", "2012-06-30": "542.72400", "2012-03-31": "563.24800", "2011-12-31": "526.74500", "2011-09-30": "526.68600", "2011-06-30": "587.11200", "2011-03-31": "558.26800", "2010-12-31": "518.87700", "2010-09-30": "580.02500", "2010-06-30": "509.10800", "2010-03-31": "550.78300", "2009-12-31": "566.50300", "2009-09-30": "560.28400", "2009-06-30": "523.29100", "2009-03-31": "463.61400", "2008-12-31": "495.91000", "2008-09-30": "705.75000", "2008-06-30": "766.15400", "2008-03-31": "750.87900", "2007-12-31": "723.90200", "2007-09-30": "691.68600", "2007-06-30": "625.10900", "2007-03-31": "464.11200", "2006-12-31": "308.79300", "2006-09-30": "263.37900", "2006-06-30": "248.00800", "2006-03-31": "229.66000", "2005-12-31": "206.35300", "2005-09-30": "196.29600", "2005-06-30": "184.62100", "2005-03-31": "179.13200"}, "Total Liabilities And Share Holders Equity": {"2020-09-30": "4095.35600", "2020-06-30": "3961.53500", "2020-03-31": "4184.38500", "2019-12-31": "4657.66600", "2019-09-30": "4314.12400", "2019-06-30": "4333.33600", "2019-03-31": "3814.05300", "2018-12-31": "3321.15500", "2018-09-30": "3460.78600", "2018-06-30": "3406.96100", "2018-03-31": "3157.37500", "2017-12-31": "3140.02900", "2017-09-30": "3177.92100", "2017-06-30": "3036.68500", "2017-03-31": "2597.83600", "2016-12-31": "2712.87200", "2016-09-30": "2437.47300", "2016-06-30": "2420.48700", "2016-03-31": "2232.21900", "2015-12-31": "2192.71400", "2015-09-30": "2165.74500", "2015-06-30": "2072.95000", "2015-03-31": "1923.03700", "2014-12-31": "2038.44700", "2014-09-30": "1966.03300", "2014-06-30": "1994.50900", "2014-03-31": "1557.16000", "2013-12-31": "1598.19000", "2013-09-30": "1514.50600", "2013-06-30": "1492.22600", "2013-03-31": "1491.37800", "2012-12-31": "1551.53600", "2012-09-30": "1471.63800", "2012-06-30": "1425.69300", "2012-03-31": "1488.69600", "2011-12-31": "1506.32900", "2011-09-30": "1382.26300", "2011-06-30": "1444.11600", "2011-03-31": "1385.68700", "2010-12-31": "1409.37200", "2010-09-30": "1410.39700", "2010-06-30": "1271.61900", "2010-03-31": "1332.56500", "2009-12-31": "1412.67900", "2009-09-30": "1421.60400", "2009-06-30": "1408.69500", "2009-03-31": "1336.51000", "2008-12-31": "1405.64400", "2008-09-30": "1697.01300", "2008-06-30": "1854.87300", "2008-03-31": "1822.82100", "2007-12-31": "1886.15600", "2007-09-30": "1804.90300", "2007-06-30": "1745.29600", "2007-03-31": "1273.27000", "2006-12-31": "1129.64000", "2006-09-30": "964.24100", "2006-06-30": "927.76400", "2006-03-31": "890.67700", "2005-12-31": "894.35200", "2005-09-30": "664.34100", "2005-06-30": "663.25600", "2005-03-31": "688.52700"}}, "cash flow statement": {"Net Income/Loss": {"2019-12-31": "346.69500", "2018-12-31": "232.13100", "2017-12-31": "156.94000", "2016-12-31": "174.09800", "2015-12-31": "98.49200", "2014-12-31": "101.48800", "2013-12-31": "87.35300", "2012-12-31": "20.39700", "2011-12-31": "38.08800", "2010-12-31": "-37.91700", "2009-12-31": "31.81200", "2008-12-31": "-194.40100", "2007-12-31": "37.79400", "2006-12-31": "46.00200", "2005-12-31": "22.06300"}, "Total Depreciation And Amortization - Cash Flow": {"2019-12-31": "128.83200", "2018-12-31": "120.14200", "2017-12-31": "108.53400", "2016-12-31": "93.41400", "2015-12-31": "82.18900", "2014-12-31": "74.38900", "2013-12-31": "66.14900", "2012-12-31": "71.83900", "2011-12-31": "72.40900", "2010-12-31": "66.32900", "2009-12-31": "67.00500", "2008-12-31": "72.50400", "2007-12-31": "62.15600", "2006-12-31": "31.52500", "2005-12-31": "24.36800"}, "Other Non-Cash Items": {"2019-12-31": "45.68200", "2018-12-31": "53.01000", "2017-12-31": "18.46500", "2016-12-31": "6.58400", "2015-12-31": "49.20300", "2014-12-31": "15.33700", "2013-12-31": "-1.64300", "2012-12-31": "28.84800", "2011-12-31": "12.21400", "2010-12-31": "79.41900", "2009-12-31": "6.19400", "2008-12-31": "219.32500", "2007-12-31": "1.80800", "2006-12-31": "-3.74300", "2005-12-31": "13.64900"}, "Total Non-Cash Items": {"2019-12-31": "174.51400", "2018-12-31": "173.15200", "2017-12-31": "126.99900", "2016-12-31": "99.99800", "2015-12-31": "131.39200", "2014-12-31": "89.72600", "2013-12-31": "64.50600", "2012-12-31": "100.68700", "2011-12-31": "84.62300", "2010-12-31": "145.74800", "2009-12-31": "73.19900", "2008-12-31": "291.82900", "2007-12-31": "63.96400", "2006-12-31": "27.78200", "2005-12-31": "38.01700"}, "Change In Accounts Receivable": {"2019-12-31": "-87.88200", "2018-12-31": "26.49700", "2017-12-31": "-198.08900", "2016-12-31": "-87.73200", "2015-12-31": "-66.07500", "2014-12-31": "-17.05800", "2013-12-31": "-22.55400", "2012-12-31": "-12.26700", "2011-12-31": "-62.10300", "2010-12-31": "8.02400", "2009-12-31": "0.04300", "2008-12-31": "-21.36300", "2007-12-31": "-12.51100", "2006-12-31": "-28.99900", "2005-12-31": "-53.93800"}, "Change In Inventories": {"2019-12-31": "", "2018-12-31": "", "2017-12-31": "", "2016-12-31": "", "2015-12-31": "7.05800", "2014-12-31": "-0.01900", "2013-12-31": "5.91800", "2012-12-31": "-1.98000", "2011-12-31": "5.48200", "2010-12-31": "0.76400", "2009-12-31": "-22.75600", "2008-12-31": "-19.16900", "2007-12-31": "3.61900", "2006-12-31": "-21.39500", "2005-12-31": "-7.55000"}, "Change In Accounts Payable": {"2019-12-31": "53.55000", "2018-12-31": "45.56200", "2017-12-31": "3.84000", "2016-12-31": "9.70500", "2015-12-31": "39.63100", "2014-12-31": "25.77300", "2013-12-31": "2.26300", "2012-12-31": "103.27900", "2011-12-31": "31.92600", "2010-12-31": "68.61100", "2009-12-31": "-29.47800", "2008-12-31": "-20.10900", "2007-12-31": "7.54200", "2006-12-31": "45.29900", "2005-12-31": "67.00100"}, "Change In Assets/Liabilities": {"2019-12-31": "-94.02500", "2018-12-31": "-29.19700", "2017-12-31": "67.05300", "2016-12-31": "-75.76700", "2015-12-31": "-19.43000", "2014-12-31": "-12.90100", "2013-12-31": "-7.31300", "2012-12-31": "7.93300", "2011-12-31": "6.07800", "2010-12-31": "-52.30700", "2009-12-31": "74.65500", "2008-12-31": "-43.85100", "2007-12-31": "-31.10700", "2006-12-31": "14.37700", "2005-12-31": "-32.36000"}, "Total Change In Assets/Liabilities": {"2019-12-31": "-16.72100", "2018-12-31": "-8.05000", "2017-12-31": "2.33700", "2016-12-31": "117.42800", "2015-12-31": "-14.83000", "2014-12-31": "43.81300", "2013-12-31": "17.47300", "2012-12-31": "63.61100", "2011-12-31": "-24.83300", "2010-12-31": "0.25500", "2009-12-31": "-8.96000", "2008-12-31": "-6.18000", "2007-12-31": "-23.42200", "2006-12-31": "22.14300", "2005-12-31": "-7.78500"}, "Cash Flow From Operating Activities": {"2019-12-31": "504.48800", "2018-12-31": "397.23300", "2017-12-31": "286.27600", "2016-12-31": "391.52400", "2015-12-31": "215.05400", "2014-12-31": "235.02700", "2013-12-31": "169.33200", "2012-12-31": "184.69500", "2011-12-31": "97.87800", "2010-12-31": "108.08600", "2009-12-31": "96.05100", "2008-12-31": "91.24800", "2007-12-31": "78.33600", "2006-12-31": "95.92700", "2005-12-31": "52.29500"}, "Net Change In Property, Plant, And Equipment": {"2019-12-31": "-131.28700", "2018-12-31": "-112.48400", "2017-12-31": "-97.23500", "2016-12-31": "-87.41100", "2015-12-31": "-74.62000", "2014-12-31": "-63.09800", "2013-12-31": "-40.90300", "2012-12-31": "-46.21200", "2011-12-31": "-46.00200", "2010-12-31": "-29.19900", "2009-12-31": "-26.02000", "2008-12-31": "-39.71000", "2007-12-31": "-38.08300", "2006-12-31": "-20.45400", "2005-12-31": "-18.24500"}, "Net Change In Intangible Assets": {"2019-12-31": "", "2018-12-31": "", "2017-12-31": "", "2016-12-31": "", "2015-12-31": "", "2014-12-31": "-5.95000", "2013-12-31": "", "2012-12-31": "", "2011-12-31": "", "2010-12-31": "", "2009-12-31": "", "2008-12-31": "", "2007-12-31": "", "2006-12-31": "", "2005-12-31": ""}, "Net Acquisitions/Divestitures": {"2019-12-31": "-94.18700", "2018-12-31": "-12.85400", "2017-12-31": "", "2016-12-31": "-55.91500", "2015-12-31": "-113.96900", "2014-12-31": "-84.70300", "2013-12-31": "-30.84700", "2012-12-31": "-22.33700", "2011-12-31": "-78.68800", "2010-12-31": "-24.41800", "2009-12-31": "-17.17100", "2008-12-31": "20.60000", "2007-12-31": "-378.68400", "2006-12-31": "-2.06900", "2005-12-31": "-120.68900"}, "Net Change In Short-term Investments": {"2019-12-31": "", "2018-12-31": "", "2017-12-31": "", "2016-12-31": "", "2015-12-31": "", "2014-12-31": "", "2013-12-31": "", "2012-12-31": "", "2011-12-31": "", "2010-12-31": "", "2009-12-31": "", "2008-12-31": "", "2007-12-31": "", "2006-12-31": "", "2005-12-31": ""}, "Net Change In Long-Term Investments": {"2019-12-31": "", "2018-12-31": "", "2017-12-31": "", "2016-12-31": "11.90000", "2015-12-31": "", "2014-12-31": "", "2013-12-31": "7.60900", "2012-12-31": "", "2011-12-31": "", "2010-12-31": "", "2009-12-31": "2.98100", "2008-12-31": "", "2007-12-31": "-19.99000", "2006-12-31": "", "2005-12-31": ""}, "Net Change In Investments - Total": {"2019-12-31": "", "2018-12-31": "", "2017-12-31": "", "2016-12-31": "11.90000", "2015-12-31": "", "2014-12-31": "", "2013-12-31": "7.60900", "2012-12-31": "", "2011-12-31": "", "2010-12-31": "", "2009-12-31": "2.98100", "2008-12-31": "", "2007-12-31": "-19.99000", "2006-12-31": "", "2005-12-31": ""}, "Investing Activities - Other": {"2019-12-31": "-3.55300", "2018-12-31": "-6.94500", "2017-12-31": "-4.62300", "2016-12-31": "-4.88700", "2015-12-31": "-5.39400", "2014-12-31": "0.71900", "2013-12-31": "-5.33300", "2012-12-31": "-0.61400", "2011-12-31": "0.62600", "2010-12-31": "-1.75500", "2009-12-31": "0.40900", "2008-12-31": "-2.23900", "2007-12-31": "-3.18000", "2006-12-31": "-3.60200", "2005-12-31": "-0.57600"}, "Cash Flow From Investing Activities": {"2019-12-31": "-229.02700", "2018-12-31": "-132.28300", "2017-12-31": "-101.85800", "2016-12-31": "-136.31300", "2015-12-31": "-193.98300", "2014-12-31": "-153.03200", "2013-12-31": "-69.47400", "2012-12-31": "-69.16300", "2011-12-31": "-124.06400", "2010-12-31": "-55.37200", "2009-12-31": "-39.80100", "2008-12-31": "-21.34900", "2007-12-31": "-439.93700", "2006-12-31": "-26.12500", "2005-12-31": "-139.51000"}, "Net Long-Term Debt": {"2019-12-31": "741.72400", "2018-12-31": "-58.33600", "2017-12-31": "-13.79000", "2016-12-31": "-9.97400", "2015-12-31": "-8.36700", "2014-12-31": "404.16800", "2013-12-31": "-12.71600", "2012-12-31": "-175.23200", "2011-12-31": "-50.57800", "2010-12-31": "-6.07000", "2009-12-31": "-78.24500", "2008-12-31": "-102.18600", "2007-12-31": "153.58600", "2006-12-31": "-6.37500", "2005-12-31": "169.70100"}, "Net Current Debt": {"2019-12-31": "-247.99580", "2018-12-31": "222.67720", "2017-12-31": "-155.56520", "2016-12-31": "159.21090", "2015-12-31": "1.03800", "2014-12-31": "-119.13310", "2013-12-31": "-84.76700", "2012-12-31": "128.30600", "2011-12-31": "87.19400", "2010-12-31": "-39.17200", "2009-12-31": "22.28200", "2008-12-31": "-45.04100", "2007-12-31": "-13.79900", "2006-12-31": "16.60000", "2005-12-31": "12.76600"}, "Debt Issuance/Retirement Net - Total": {"2019-12-31": "493.72810", "2018-12-31": "164.34120", "2017-12-31": "-169.35520", "2016-12-31": "149.23690", "2015-12-31": "-7.32900", "2014-12-31": "285.03490", "2013-12-31": "-97.48300", "2012-12-31": "-46.92600", "2011-12-31": "36.61600", "2010-12-31": "-45.24200", "2009-12-31": "-55.96300", "2008-12-31": "-147.22700", "2007-12-31": "139.78700", "2006-12-31": "10.22500", "2005-12-31": "182.46700"}, "Net Common Equity Issued/Repurchased": {"2019-12-31": "-59.47700", "2018-12-31": "-159.24700", "2017-12-31": "7.92500", "2016-12-31": "-71.06800", "2015-12-31": "4.43200", "2014-12-31": "-55.29100", "2013-12-31": "12.80900", "2012-12-31": "-39.96900", "2011-12-31": "-13.59900", "2010-12-31": "2.11600", "2009-12-31": "2.10800", "2008-12-31": "1.37900", "2007-12-31": "167.72700", "2006-12-31": "14.68000", "2005-12-31": "8.37700"}, "Net Total Equity Issued/Repurchased": {"2019-12-31": "-59.47700", "2018-12-31": "-159.24700", "2017-12-31": "7.92500", "2016-12-31": "-71.06800", "2015-12-31": "4.43200", "2014-12-31": "-55.29100", "2013-12-31": "12.80900", "2012-12-31": "-39.96900", "2011-12-31": "-13.59900", "2010-12-31": "2.11600", "2009-12-31": "2.10800", "2008-12-31": "1.37900", "2007-12-31": "167.72700", "2006-12-31": "14.68000", "2005-12-31": "8.37700"}, "Total Common And Preferred Stock Dividends Paid": {"2019-12-31": "", "2018-12-31": "", "2017-12-31": "", "2016-12-31": "", "2015-12-31": "", "2014-12-31": "", "2013-12-31": "", "2012-12-31": "", "2011-12-31": "", "2010-12-31": "-2.22400", "2009-12-31": "-2.22200", "2008-12-31": "", "2007-12-31": "-2.79800", "2006-12-31": "", "2005-12-31": ""}, "Financial Activities - Other": {"2019-12-31": "-17.95300", "2018-12-31": "-3.07000", "2017-12-31": "0.28100", "2016-12-31": "1.34100", "2015-12-31": "1.70700", "2014-12-31": "-11.66300", "2013-12-31": "-6.54200", "2012-12-31": "-5.68100", "2011-12-31": "-9.10000", "2010-12-31": "0.57600", "2009-12-31": "-1.37800", "2008-12-31": "0.11800", "2007-12-31": "-3.17900", "2006-12-31": "-0.18300", "2005-12-31": "-4.63000"}, "Cash Flow From Financial Activities": {"2019-12-31": "416.29800", "2018-12-31": "2.02400", "2017-12-31": "-161.14900", "2016-12-31": "79.51000", "2015-12-31": "-1.19000", "2014-12-31": "218.08100", "2013-12-31": "-91.21600", "2012-12-31": "-92.57600", "2011-12-31": "13.91700", "2010-12-31": "-44.77400", "2009-12-31": "-57.45500", "2008-12-31": "-145.73000", "2007-12-31": "301.53700", "2006-12-31": "24.72200", "2005-12-31": "186.21400"}, "Net Cash Flow": {"2019-12-31": "686.42700", "2018-12-31": "230.43400", "2017-12-31": "88.43000", "2016-12-31": "309.25800", "2015-12-31": "-10.49200", "2014-12-31": "258.18400", "2013-12-31": "8.39100", "2012-12-31": "24.10800", "2011-12-31": "-17.94500", "2010-12-31": "3.70700", "2009-12-31": "1.63500", "2008-12-31": "-85.69800", "2007-12-31": "-53.46700", "2006-12-31": "101.12600", "2005-12-31": "95.73400"}, "Stock-Based Compensation": {"2019-12-31": "21.43900", "2018-12-31": "16.76400", "2017-12-31": "15.61800", "2016-12-31": "14.98300", "2015-12-31": "12.80200", "2014-12-31": "12.90200", "2013-12-31": "11.46300", "2012-12-31": "11.82300", "2011-12-31": "10.75600", "2010-12-31": "9.29400", "2009-12-31": "7.93200", "2008-12-31": "8.54700", "2007-12-31": "7.73600", "2006-12-31": "7.42300", "2005-12-31": "5.58200"}, "Common Stock Dividends Paid": {"2019-12-31": "", "2018-12-31": "", "2017-12-31": "", "2016-12-31": "", "2015-12-31": "", "2014-12-31": "", "2013-12-31": "", "2012-12-31": "", "2011-12-31": "", "2010-12-31": "-2.22400", "2009-12-31": "-2.22200", "2008-12-31": "0.00000", "2007-12-31": "-2.79800", "2006-12-31": "", "2005-12-31": ""}}, "cash flow statement, quarterly": {"Net Income/Loss": {"2020-09-30": 40.315, "2020-06-30": -115.733, "2020-03-31": "1.72000", "2019-12-31": 106.57, "2019-09-30": 137.541, "2019-06-30": 68.005, "2019-03-31": "34.57900", "2018-12-31": 59.895, "2018-09-30": 102.256, "2018-06-30": 43.636, "2018-03-31": "26.34400", "2017-12-31": -22.829, "2017-09-30": 100.353, "2017-06-30": 51.347, "2017-03-31": "28.06900", "2016-12-31": 28.655, "2016-09-30": 60.782, "2016-06-30": 55.577, "2016-03-31": "29.08400", "2015-12-31": 33.522, "2015-09-30": 31.324, "2015-06-30": 26.521, "2015-03-31": "7.12500", "2014-12-31": 30.158, "2014-09-30": 34.909, "2014-06-30": 20.488, "2014-03-31": "15.93300", "2013-12-31": 9.154, "2013-09-30": 47.974, "2013-06-30": 18.165, "2013-03-31": "12.06000", "2012-12-31": -12.768, "2012-09-30": 14.341, "2012-06-30": 5.726, "2012-03-31": "13.09800", "2011-12-31": 11.088, "2011-09-30": -2.925, "2011-06-30": 12.294, "2011-03-31": "17.63100", "2010-12-31": -61.342, "2010-09-30": 21.065, "2010-06-30": -1.155, "2010-03-31": "3.51500", "2009-12-31": 8.725, "2009-09-30": 19.02, "2009-06-30": 16.021, "2009-03-31": "-11.95400", "2008-12-31": -195.461, "2008-09-30": 2.541, "2008-06-30": 7.168, "2008-03-31": "-8.64900", "2007-12-31": 3.916, "2007-09-30": 15.921, "2007-06-30": 8.496, "2007-03-31": "9.46100", "2006-12-31": 15.318, "2006-09-30": 10.206, "2006-06-30": 11.127, "2006-03-31": "9.35100", "2005-12-31": 6.925, "2005-09-30": 8.904, "2005-06-30": 2.663, "2005-03-31": "3.57100"}, "Total Depreciation And Amortization - Cash Flow": {"2020-09-30": 37.127, "2020-06-30": 34.907, "2020-03-31": "35.43200", "2019-12-31": 33.194, "2019-09-30": 31.546, "2019-06-30": 33.381, "2019-03-31": "30.71100", "2018-12-31": 30.834, "2018-09-30": 30.049, "2018-06-30": 29.78, "2018-03-31": "29.47900", "2017-12-31": 28.946, "2017-09-30": 28.102, "2017-06-30": 26.532, "2017-03-31": "24.95400", "2016-12-31": 25.435, "2016-09-30": 22.811, "2016-06-30": 22.763, "2016-03-31": "22.40500", "2015-12-31": 21.249, "2015-09-30": 21.081, "2015-06-30": 19.565, "2015-03-31": "20.29400", "2014-12-31": 20.716, "2014-09-30": 19.592, "2014-06-30": 17.634, "2014-03-31": "16.44700", "2013-12-31": 16.514, "2013-09-30": 15.227, "2013-06-30": 16.531, "2013-03-31": "17.87700", "2012-12-31": 16.67, "2012-09-30": 18.539, "2012-06-30": 18.482, "2012-03-31": "18.14800", "2011-12-31": 20.9, "2011-09-30": 17.106, "2011-06-30": 17.142, "2011-03-31": "17.26100", "2010-12-31": 17.379, "2010-09-30": 16.518, "2010-06-30": 15.925, "2010-03-31": "16.50700", "2009-12-31": 17.543, "2009-09-30": 17.163, "2009-06-30": 16.391, "2009-03-31": "15.90800", "2008-12-31": 16.324, "2008-09-30": 19.487, "2008-06-30": 18.486, "2008-03-31": "18.20700", "2007-12-31": 26.054, "2007-09-30": 14.48, "2007-06-30": 13.234, "2007-03-31": "8.38800", "2006-12-31": 8.369, "2006-09-30": 8.143, "2006-06-30": 7.596, "2006-03-31": "7.41700", "2005-12-31": 6.92, "2005-09-30": 6.139, "2005-06-30": 6.061, "2005-03-31": "5.24800"}, "Other Non-Cash Items": {"2020-09-30": 4.288, "2020-06-30": 105.8, "2020-03-31": "23.10100", "2019-12-31": -1.291, "2019-09-30": 25.181, "2019-06-30": 17.042, "2019-03-31": "4.75000", "2018-12-31": 20.045, "2018-09-30": 5.322, "2018-06-30": 22.614, "2018-03-31": "5.02900", "2017-12-31": 40.253, "2017-09-30": -19.267, "2017-06-30": -5.434, "2017-03-31": "2.91300", "2016-12-31": 12.389, "2016-09-30": 6.052, "2016-06-30": -12.329, "2016-03-31": "0.47200", "2015-12-31": 5.841, "2015-09-30": 19.556, "2015-06-30": 8.591, "2015-03-31": "15.21500", "2014-12-31": 4.045, "2014-09-30": 3.29, "2014-06-30": 7.795, "2014-03-31": "0.20700", "2013-12-31": 14.502, "2013-09-30": -21.851, "2013-06-30": 1.557, "2013-03-31": "4.14900", "2012-12-31": 26.82, "2012-09-30": 0.295, "2012-06-30": 4.621, "2012-03-31": "-2.88800", "2011-12-31": 6.127, "2011-09-30": 16.217, "2011-06-30": -1.135, "2011-03-31": "-8.99500", "2010-12-31": 74.669, "2010-09-30": -11.176, "2010-06-30": 11.25, "2010-03-31": "4.67600", "2009-12-31": 3.794, "2009-09-30": -8.596, "2009-06-30": -9.44, "2009-03-31": "20.43600", "2008-12-31": 203.883, "2008-09-30": 3.486, "2008-06-30": 0.862, "2008-03-31": "11.09400", "2007-12-31": 3.879, "2007-09-30": -5.073, "2007-06-30": 0.579, "2007-03-31": "2.42300", "2006-12-31": -0.789, "2006-09-30": -0.464, "2006-06-30": -2.145, "2006-03-31": "-0.34500", "2005-12-31": 5.383, "2005-09-30": -0.497, "2005-06-30": 2.851, "2005-03-31": "5.91200"}, "Total Non-Cash Items": {"2020-09-30": 41.415, "2020-06-30": 140.707, "2020-03-31": "58.53300", "2019-12-31": 31.903, "2019-09-30": 56.727, "2019-06-30": 50.423, "2019-03-31": "35.46100", "2018-12-31": 50.879, "2018-09-30": 35.371, "2018-06-30": 52.394, "2018-03-31": "34.50800", "2017-12-31": 69.199, "2017-09-30": 8.835, "2017-06-30": 21.098, "2017-03-31": "27.86700", "2016-12-31": 37.824, "2016-09-30": 28.863, "2016-06-30": 10.434, "2016-03-31": "22.87700", "2015-12-31": 27.09, "2015-09-30": 40.637, "2015-06-30": 28.156, "2015-03-31": "35.50900", "2014-12-31": 24.761, "2014-09-30": 22.882, "2014-06-30": 25.429, "2014-03-31": "16.65400", "2013-12-31": 31.016, "2013-09-30": -6.624, "2013-06-30": 18.088, "2013-03-31": "22.02600", "2012-12-31": 43.49, "2012-09-30": 18.834, "2012-06-30": 23.103, "2012-03-31": "15.26000", "2011-12-31": 27.027, "2011-09-30": 33.323, "2011-06-30": 16.007, "2011-03-31": "8.26600", "2010-12-31": 92.048, "2010-09-30": 5.342, "2010-06-30": 27.175, "2010-03-31": "21.18300", "2009-12-31": 21.337, "2009-09-30": 8.567, "2009-06-30": 6.951, "2009-03-31": "36.34400", "2008-12-31": 220.207, "2008-09-30": 22.973, "2008-06-30": 19.348, "2008-03-31": "29.30100", "2007-12-31": 29.933, "2007-09-30": 9.407, "2007-06-30": 13.813, "2007-03-31": "10.81100", "2006-12-31": 7.58, "2006-09-30": 7.679, "2006-06-30": 5.451, "2006-03-31": "7.07200", "2005-12-31": 12.303, "2005-09-30": 5.642, "2005-06-30": 8.912, "2005-03-31": "11.16000"}, "Change In Accounts Receivable": {"2020-09-30": 2.783, "2020-06-30": -70.466, "2020-03-31": "300.06300", "2019-12-31": -92.601, "2019-09-30": 151.16, "2019-06-30": -114.985, "2019-03-31": "-31.45600", "2018-12-31": 113.734, "2018-09-30": -122.693, "2018-06-30": -16.264, "2018-03-31": "51.72000", "2017-12-31": -190.228, "2017-09-30": -100.517, "2017-06-30": -47.356, "2017-03-31": "140.01200", "2016-12-31": -142.088, "2016-09-30": -3.1, "2016-06-30": -24.28, "2016-03-31": "81.73600", "2015-12-31": -98.057, "2015-09-30": -10.722, "2015-06-30": -8.451, "2015-03-31": "51.15500", "2014-12-31": -61.324, "2014-09-30": -9.157, "2014-06-30": -21.687, "2014-03-31": "75.11000", "2013-12-31": -73.321, "2013-09-30": 16.592, "2013-06-30": 24.251, "2013-03-31": "9.92400", "2012-12-31": -48.543, "2012-09-30": -24.639, "2012-06-30": 0.342, "2012-03-31": "60.57300", "2011-12-31": -108.892, "2011-09-30": 24.615, "2011-06-30": -14.977, "2011-03-31": "37.15100", "2010-12-31": -20.197, "2010-09-30": -5.99, "2010-06-30": 1.432, "2010-03-31": "32.77900", "2009-12-31": -40.974, "2009-09-30": 12.44, "2009-06-30": 5.535, "2009-03-31": "23.04200", "2008-12-31": -22.499, "2008-09-30": -1.842, "2008-06-30": -23.009, "2008-03-31": "25.98700", "2007-12-31": 21.42, "2007-09-30": -39.252, "2007-06-30": -6.946, "2007-03-31": "12.26700", "2006-12-31": -39.944, "2006-09-30": -11.436, "2006-06-30": 0.862, "2006-03-31": "21.51900", "2005-12-31": -26.628, "2005-09-30": -16.944, "2005-06-30": -9.096, "2005-03-31": "-1.27000"}, "Change In Inventories": {"2020-09-30": 0, "2020-06-30": 0, "2020-03-31": "", "2019-12-31": 0, "2019-09-30": 0, "2019-06-30": 0, "2019-03-31": "", "2018-12-31": 0, "2018-09-30": 0, "2018-06-30": 0, "2018-03-31": "", "2017-12-31": 0, "2017-09-30": 0, "2017-06-30": 0, "2017-03-31": "", "2016-12-31": -25.948, "2016-09-30": 6.723, "2016-06-30": 8.203, "2016-03-31": "11.02200", "2015-12-31": -16.122, "2015-09-30": 1.168, "2015-06-30": 9.138, "2015-03-31": "12.87400", "2014-12-31": -20.306, "2014-09-30": -4.433, "2014-06-30": -3.945, "2014-03-31": "28.66500", "2013-12-31": -31.681, "2013-09-30": 24.128, "2013-06-30": -3.507, "2013-03-31": "16.97800", "2012-12-31": -33.299, "2012-09-30": 10.318, "2012-06-30": 0.235, "2012-03-31": "20.76600", "2011-12-31": -15.358, "2011-09-30": -12.483, "2011-06-30": 13.749, "2011-03-31": "19.57400", "2010-12-31": -37.51, "2010-09-30": 23.743, "2010-06-30": -5.382, "2010-03-31": "19.91300", "2009-12-31": -30.703, "2009-09-30": -0.91, "2009-06-30": 2.668, "2009-03-31": "6.18900", "2008-12-31": 2.101, "2008-09-30": -19.446, "2008-06-30": -3.645, "2008-03-31": "1.82100", "2007-12-31": -8.558, "2007-09-30": 11.406, "2007-06-30": -0.796, "2007-03-31": "1.56700", "2006-12-31": -12.602, "2006-09-30": -1.967, "2006-06-30": -9.435, "2006-03-31": "2.60900", "2005-12-31": -0.683, "2005-09-30": 4.394, "2005-06-30": -11.986, "2005-03-31": "0.72500"}, "Change In Accounts Payable": {"2020-09-30": 7.83, "2020-06-30": -8.879, "2020-03-31": "-126.24200", "2019-12-31": 115.628, "2019-09-30": 33.005, "2019-06-30": 20.297, "2019-03-31": "-115.38000", "2018-12-31": 126.711, "2018-09-30": 18.088, "2018-06-30": -0.656, "2018-03-31": "-98.58100", "2017-12-31": 122.517, "2017-09-30": 2.242, "2017-06-30": 23.414, "2017-03-31": "-144.33300", "2016-12-31": 142.912, "2016-09-30": -10.955, "2016-06-30": -12.456, "2016-03-31": "-109.79600", "2015-12-31": 70.338, "2015-09-30": 3.107, "2015-06-30": 66.927, "2015-03-31": "-100.74100", "2014-12-31": 81.535, "2014-09-30": 13.707, "2014-06-30": 24.68, "2014-03-31": "-94.14900", "2013-12-31": 130.712, "2013-09-30": -61.974, "2013-06-30": 15.826, "2013-03-31": "-82.30100", "2012-12-31": 87.11, "2012-09-30": 45.775, "2012-06-30": 6.571, "2012-03-31": "-36.17700", "2011-12-31": 89.848, "2011-09-30": -13.973, "2011-06-30": 30.57, "2011-03-31": "-74.51900", "2010-12-31": 39.145, "2010-09-30": 33.203, "2010-06-30": -1.215, "2010-03-31": "-2.52200", "2009-12-31": -1.988, "2009-09-30": 10.4, "2009-06-30": -0.321, "2009-03-31": "-37.56900", "2008-12-31": 50.318, "2008-09-30": 15.255, "2008-06-30": -9.805, "2008-03-31": "-75.87700", "2007-12-31": 33.996, "2007-09-30": -43.986, "2007-06-30": 45.785, "2007-03-31": "-28.25300", "2006-12-31": 56.04, "2006-09-30": 16.301, "2006-06-30": -8.302, "2006-03-31": "-18.74000", "2005-12-31": 67.001, "2005-09-30": -48.013, "2005-06-30": 14.045, "2005-03-31": "33.96800"}, "Change In Assets/Liabilities": {"2020-09-30": -8.121, "2020-06-30": 90.553, "2020-03-31": "-132.54700", "2019-12-31": -59.105, "2019-09-30": -52.126, "2019-06-30": -20.539, "2019-03-31": "37.74500", "2018-12-31": -75.748, "2018-09-30": 34.066, "2018-06-30": -30.267, "2018-03-31": "42.75200", "2017-12-31": -14.443, "2017-09-30": 32.188, "2017-06-30": -15.419, "2017-03-31": "64.72700", "2016-12-31": 12.893, "2016-09-30": -38.507, "2016-06-30": -67.813, "2016-03-31": "17.66000", "2015-12-31": -8.036, "2015-09-30": -15.624, "2015-06-30": 26.117, "2015-03-31": "-21.88700", "2014-12-31": -24.455, "2014-09-30": -10.103, "2014-06-30": 0.121, "2014-03-31": "21.53600", "2013-12-31": -16.993, "2013-09-30": 16.253, "2013-06-30": -22.522, "2013-03-31": "15.94900", "2012-12-31": 24.148, "2012-09-30": -8.651, "2012-06-30": 12.289, "2012-03-31": "-19.85300", "2011-12-31": 6.406, "2011-09-30": 4.489, "2011-06-30": -28.036, "2011-03-31": "23.21900", "2010-12-31": -8.056, "2010-09-30": -35.641, "2010-06-30": 5.114, "2010-03-31": "-13.72400", "2009-12-31": 28.992, "2009-09-30": 27.067, "2009-06-30": 10.305, "2009-03-31": "8.29100", "2008-12-31": -33.641, "2008-09-30": -56.8, "2008-06-30": 22.369, "2008-03-31": "24.22100", "2007-12-31": -42.961, "2007-09-30": 23.493, "2007-06-30": -7.281, "2007-03-31": "-4.35800", "2006-12-31": 18.306, "2006-09-30": 8.084, "2006-06-30": -7.6, "2006-03-31": "-4.41300", "2005-12-31": -10.966, "2005-09-30": 9.59, "2005-06-30": 15.791, "2005-03-31": "-46.77500"}, "Total Change In Assets/Liabilities": {"2020-09-30": -39.871, "2020-06-30": 47.699, "2020-03-31": "45.63100", "2019-12-31": 1.636, "2019-09-30": 113.397, "2019-06-30": -74.675, "2019-03-31": "-57.07900", "2018-12-31": 93.886, "2018-09-30": -14.358, "2018-06-30": -54.554, "2018-03-31": "-33.02400", "2017-12-31": -17.778, "2017-09-30": 45.255, "2017-06-30": -40.007, "2017-03-31": "14.86700", "2016-12-31": 107.554, "2016-09-30": -6.62, "2016-06-30": -36.158, "2016-03-31": "52.65200", "2015-12-31": -77.076, "2015-09-30": 2.629, "2015-06-30": 47.75, "2015-03-31": "11.86700", "2014-12-31": -44.531, "2014-09-30": 63.724, "2014-06-30": 4.148, "2014-03-31": "20.47200", "2013-12-31": -21.402, "2013-09-30": 57.992, "2013-06-30": -0.773, "2013-03-31": "-18.34400", "2012-12-31": 10.551, "2012-09-30": 49.25, "2012-06-30": 9.391, "2012-03-31": "-5.58100", "2011-12-31": -18.201, "2011-09-30": -8.35, "2011-06-30": -6.293, "2011-03-31": "8.01100", "2010-12-31": -8.385, "2010-09-30": -28.68, "2010-06-30": 9.245, "2010-03-31": "28.07500", "2009-12-31": -51.354, "2009-09-30": 39.738, "2009-06-30": 11.936, "2009-03-31": "-9.28000", "2008-12-31": 17.671, "2008-09-30": -34.349, "2008-06-30": 16.557, "2008-03-31": "-6.05900", "2007-12-31": -14.82, "2007-09-30": 33.016, "2007-06-30": -28.836, "2007-03-31": "-12.78200", "2006-12-31": 22.409, "2006-09-30": 17.124, "2006-06-30": -7.246, "2006-03-31": "-10.14400", "2005-12-31": -6.186, "2005-09-30": 4.502, "2005-06-30": -1.269, "2005-03-31": "-4.83200"}, "Cash Flow From Operating Activities": {"2020-09-30": 41.859, "2020-06-30": 72.673, "2020-03-31": "105.88400", "2019-12-31": 140.109, "2019-09-30": 307.665, "2019-06-30": 43.753, "2019-03-31": "12.96100", "2018-12-31": 204.66, "2018-09-30": 123.269, "2018-06-30": 41.476, "2018-03-31": "27.82800", "2017-12-31": 28.592, "2017-09-30": 154.443, "2017-06-30": 32.438, "2017-03-31": "70.80300", "2016-12-31": 174.033, "2016-09-30": 83.025, "2016-06-30": 29.853, "2016-03-31": "104.61300", "2015-12-31": -16.464, "2015-09-30": 74.59, "2015-06-30": 102.427, "2015-03-31": "54.50100", "2014-12-31": 10.388, "2014-09-30": 121.515, "2014-06-30": 50.065, "2014-03-31": "53.05900", "2013-12-31": 18.768, "2013-09-30": 99.342, "2013-06-30": 35.48, "2013-03-31": "15.74200", "2012-12-31": 41.273, "2012-09-30": 82.425, "2012-06-30": 38.22, "2012-03-31": "22.77700", "2011-12-31": 19.914, "2011-09-30": 22.048, "2011-06-30": 22.008, "2011-03-31": "33.90800", "2010-12-31": 22.321, "2010-09-30": -2.273, "2010-06-30": 35.265, "2010-03-31": "52.77300", "2009-12-31": -21.292, "2009-09-30": 67.325, "2009-06-30": 34.908, "2009-03-31": "15.11000", "2008-12-31": 42.417, "2008-09-30": -8.835, "2008-06-30": 43.073, "2008-03-31": "14.59300", "2007-12-31": 19.029, "2007-09-30": 58.344, "2007-06-30": -6.527, "2007-03-31": "7.49000", "2006-12-31": 45.307, "2006-09-30": 35.009, "2006-06-30": 9.332, "2006-03-31": "6.27900", "2005-12-31": 13.042, "2005-09-30": 19.048, "2005-06-30": 10.306, "2005-03-31": "9.89900"}, "Net Change In Property, Plant, And Equipment": {"2020-09-30": -25.896, "2020-06-30": -15.108, "2020-03-31": "-30.39200", "2019-12-31": -30.844, "2019-09-30": -32.716, "2019-06-30": -36.337, "2019-03-31": "-31.39000", "2018-12-31": -30.355, "2018-09-30": -28.748, "2018-06-30": -28.966, "2018-03-31": "-24.41500", "2017-12-31": -26.364, "2017-09-30": -22.931, "2017-06-30": -25.281, "2017-03-31": "-22.65900", "2016-12-31": -25.814, "2016-09-30": -19.485, "2016-06-30": -24.758, "2016-03-31": "-17.35400", "2015-12-31": -19.315, "2015-09-30": -20.909, "2015-06-30": -20.963, "2015-03-31": "-13.43300", "2014-12-31": -17.425, "2014-09-30": -16.405, "2014-06-30": -18.219, "2014-03-31": "-11.04900", "2013-12-31": -13.272, "2013-09-30": -11.514, "2013-06-30": -10.034, "2013-03-31": "-6.08300", "2012-12-31": -12.965, "2012-09-30": -8.472, "2012-06-30": -15.264, "2012-03-31": "-9.51100", "2011-12-31": -13.258, "2011-09-30": -16.001, "2011-06-30": -10.031, "2011-03-31": "-6.71200", "2010-12-31": -8.124, "2010-09-30": -8.648, "2010-06-30": -6.983, "2010-03-31": "-5.44400", "2009-12-31": 0.183, "2009-09-30": -9.42, "2009-06-30": -10.135, "2009-03-31": "-6.64800", "2008-12-31": -10.599, "2008-09-30": -7.888, "2008-06-30": -11.222, "2008-03-31": "-10.00100", "2007-12-31": -16.302, "2007-09-30": -9.607, "2007-06-30": -8.79, "2007-03-31": "-3.38400", "2006-12-31": -5.6, "2006-09-30": -4.705, "2006-06-30": -3.653, "2006-03-31": "-6.49600", "2005-12-31": -7.189, "2005-09-30": -3.523, "2005-06-30": -4.656, "2005-03-31": "-2.87700"}, "Net Change In Intangible Assets": {"2020-09-30": 0, "2020-06-30": 0, "2020-03-31": "", "2019-12-31": 0, "2019-09-30": 0, "2019-06-30": 0, "2019-03-31": "", "2018-12-31": 0, "2018-09-30": 0, "2018-06-30": 0, "2018-03-31": "", "2017-12-31": 0, "2017-09-30": 0, "2017-06-30": 0, "2017-03-31": "", "2016-12-31": 0, "2016-09-30": 2.982, "2016-06-30": -2.982, "2016-03-31": "", "2015-12-31": 0, "2015-09-30": 0, "2015-06-30": 0, "2015-03-31": "", "2014-12-31": -5.95, "2014-09-30": 0, "2014-06-30": 0, "2014-03-31": "", "2013-12-31": 0, "2013-09-30": 0, "2013-06-30": 0, "2013-03-31": "", "2012-12-31": 0, "2012-09-30": 0, "2012-06-30": 1.864, "2012-03-31": "-1.86400", "2011-12-31": 0, "2011-09-30": 0, "2011-06-30": 0, "2011-03-31": "", "2010-12-31": 0, "2010-09-30": 0, "2010-06-30": 0, "2010-03-31": "", "2009-12-31": 1.726, "2009-09-30": -1.726, "2009-06-30": 0, "2009-03-31": "", "2008-12-31": 0, "2008-09-30": 0, "2008-06-30": 0.938, "2008-03-31": "-0.93800", "2007-12-31": 0, "2007-09-30": 0, "2007-06-30": 0, "2007-03-31": "", "2006-12-31": 0, "2006-09-30": 0, "2006-06-30": 0, "2006-03-31": "", "2005-12-31": 0, "2005-09-30": 0, "2005-06-30": 0, "2005-03-31": ""}, "Net Acquisitions/Divestitures": {"2020-09-30": -0.926, "2020-06-30": 0, "2020-03-31": "0.47500", "2019-12-31": -94.188, "2019-09-30": 0.001, "2019-06-30": 0, "2019-03-31": "", "2018-12-31": 0, "2018-09-30": 0, "2018-06-30": -5.597, "2018-03-31": "-7.25700", "2017-12-31": 0, "2017-09-30": 0, "2017-06-30": 0, "2017-03-31": "", "2016-12-31": -53.732, "2016-09-30": 0, "2016-06-30": -2.046, "2016-03-31": "-0.13700", "2015-12-31": 0, "2015-09-30": -84.705, "2015-06-30": -29.264, "2015-03-31": "", "2014-12-31": 0, "2014-09-30": -1.295, "2014-06-30": -83.408, "2014-03-31": "", "2013-12-31": 0, "2013-09-30": 0, "2013-06-30": 0, "2013-03-31": "-30.84700", "2012-12-31": -19.682, "2012-09-30": 3.199, "2012-06-30": -3.199, "2012-03-31": "-2.65500", "2011-12-31": -24.618, "2011-09-30": -50.671, "2011-06-30": -3.399, "2011-03-31": "", "2010-12-31": 0, "2010-09-30": -24.418, "2010-06-30": 0, "2010-03-31": "", "2009-12-31": -6.909, "2009-09-30": -0.246, "2009-06-30": -6.716, "2009-03-31": "-3.30000", "2008-12-31": 0, "2008-09-30": -1.943, "2008-06-30": -1.671, "2008-03-31": "24.21400", "2007-12-31": -0.111, "2007-09-30": -39.111, "2007-06-30": -298.503, "2007-03-31": "-40.95900", "2006-12-31": 0.243, "2006-09-30": 0, "2006-06-30": 0.011, "2006-03-31": "-2.32300", "2005-12-31": -21.346, "2005-09-30": 0.067, "2005-06-30": -43.441, "2005-03-31": "-55.96900"}, "Net Change In Short-term Investments": {"2020-09-30": 0, "2020-06-30": 0, "2020-03-31": "", "2019-12-31": 0, "2019-09-30": 0, "2019-06-30": 0, "2019-03-31": "", "2018-12-31": 0, "2018-09-30": 0, "2018-06-30": 0, "2018-03-31": "", "2017-12-31": 0, "2017-09-30": 0, "2017-06-30": 0, "2017-03-31": "", "2016-12-31": 0, "2016-09-30": 0, "2016-06-30": 0, "2016-03-31": "", "2015-12-31": 0, "2015-09-30": 0, "2015-06-30": 0, "2015-03-31": "", "2014-12-31": 0, "2014-09-30": 0, "2014-06-30": 0, "2014-03-31": "", "2013-12-31": 0, "2013-09-30": 0, "2013-06-30": 0, "2013-03-31": "", "2012-12-31": 0, "2012-09-30": 0, "2012-06-30": 0, "2012-03-31": "", "2011-12-31": 0, "2011-09-30": 0, "2011-06-30": 0, "2011-03-31": "", "2010-12-31": 0, "2010-09-30": 0, "2010-06-30": 0, "2010-03-31": "", "2009-12-31": 0, "2009-09-30": 0, "2009-06-30": 0, "2009-03-31": "", "2008-12-31": 0, "2008-09-30": 0, "2008-06-30": 0, "2008-03-31": "", "2007-12-31": 0, "2007-09-30": 0, "2007-06-30": 0, "2007-03-31": "", "2006-12-31": 0, "2006-09-30": 0, "2006-06-30": 0, "2006-03-31": "", "2005-12-31": 0, "2005-09-30": 0, "2005-06-30": 0, "2005-03-31": ""}, "Net Change In Long-Term Investments": {"2020-09-30": 0, "2020-06-30": 0, "2020-03-31": "", "2019-12-31": 0, "2019-09-30": 0, "2019-06-30": 0, "2019-03-31": "", "2018-12-31": 0, "2018-09-30": 0, "2018-06-30": 0, "2018-03-31": "", "2017-12-31": 0, "2017-09-30": 0, "2017-06-30": 0, "2017-03-31": "", "2016-12-31": 0, "2016-09-30": 0, "2016-06-30": 11.9, "2016-03-31": "", "2015-12-31": 0, "2015-09-30": 0, "2015-06-30": 0, "2015-03-31": "", "2014-12-31": 0, "2014-09-30": 0, "2014-06-30": 0, "2014-03-31": "", "2013-12-31": 0, "2013-09-30": 7.609, "2013-06-30": 0, "2013-03-31": "", "2012-12-31": 0, "2012-09-30": 0, "2012-06-30": 0, "2012-03-31": "", "2011-12-31": 0, "2011-09-30": 0, "2011-06-30": 0, "2011-03-31": "", "2010-12-31": 0, "2010-09-30": 0, "2010-06-30": 0, "2010-03-31": "", "2009-12-31": 0, "2009-09-30": 2.981, "2009-06-30": 0, "2009-03-31": "", "2008-12-31": 0, "2008-09-30": 0, "2008-06-30": 0, "2008-03-31": "", "2007-12-31": -19.99, "2007-09-30": 0, "2007-06-30": 0, "2007-03-31": "", "2006-12-31": 0, "2006-09-30": 0, "2006-06-30": 0, "2006-03-31": "", "2005-12-31": 0, "2005-09-30": 0, "2005-06-30": 0, "2005-03-31": ""}, "Net Change In Investments - Total": {"2020-09-30": 0, "2020-06-30": 0, "2020-03-31": "", "2019-12-31": 0, "2019-09-30": 0, "2019-06-30": 0, "2019-03-31": "", "2018-12-31": 0, "2018-09-30": 0, "2018-06-30": 0, "2018-03-31": "", "2017-12-31": 0, "2017-09-30": 0, "2017-06-30": 0, "2017-03-31": "", "2016-12-31": 0, "2016-09-30": 0, "2016-06-30": 11.9, "2016-03-31": "", "2015-12-31": 0, "2015-09-30": 0, "2015-06-30": 0, "2015-03-31": "", "2014-12-31": 0, "2014-09-30": 0, "2014-06-30": 0, "2014-03-31": "", "2013-12-31": 0, "2013-09-30": 7.609, "2013-06-30": 0, "2013-03-31": "", "2012-12-31": 0, "2012-09-30": 0, "2012-06-30": 0, "2012-03-31": "", "2011-12-31": 0, "2011-09-30": 0, "2011-06-30": 0, "2011-03-31": "", "2010-12-31": 0, "2010-09-30": 0, "2010-06-30": 0, "2010-03-31": "", "2009-12-31": 0, "2009-09-30": 2.981, "2009-06-30": 0, "2009-03-31": "", "2008-12-31": 0, "2008-09-30": 0, "2008-06-30": 0, "2008-03-31": "", "2007-12-31": -19.99, "2007-09-30": 0, "2007-06-30": 0, "2007-03-31": "", "2006-12-31": 0, "2006-09-30": 0, "2006-06-30": 0, "2006-03-31": "", "2005-12-31": 0, "2005-09-30": 0, "2005-06-30": 0, "2005-03-31": ""}, "Investing Activities - Other": {"2020-09-30": -1.627, "2020-06-30": -1.91, "2020-03-31": "-1.68900", "2019-12-31": 0.406, "2019-09-30": -2.926, "2019-06-30": 0.563, "2019-03-31": "-1.59600", "2018-12-31": -2.559, "2018-09-30": -1.631, "2018-06-30": -1.148, "2018-03-31": "-1.60700", "2017-12-31": -1.471, "2017-09-30": -0.464, "2017-06-30": -1.434, "2017-03-31": "-1.25400", "2016-12-31": -1.186, "2016-09-30": -4.186, "2016-06-30": 1.897, "2016-03-31": "-1.41200", "2015-12-31": -1.556, "2015-09-30": -1.29, "2015-06-30": -1.198, "2015-03-31": "-1.35000", "2014-12-31": 4.776, "2014-09-30": -1.341, "2014-06-30": -1.52, "2014-03-31": "-1.19600", "2013-12-31": -1.208, "2013-09-30": -2.251, "2013-06-30": -1.222, "2013-03-31": "-0.65200", "2012-12-31": 1.743, "2012-09-30": -0.599, "2012-06-30": -2.183, "2012-03-31": "0.42500", "2011-12-31": 3.248, "2011-09-30": -1.507, "2011-06-30": -1.099, "2011-03-31": "-0.01600", "2010-12-31": -0.542, "2010-09-30": 0.932, "2010-06-30": -1.443, "2010-03-31": "-0.70200", "2009-12-31": 0.57, "2009-09-30": 1.469, "2009-06-30": -1.027, "2009-03-31": "-0.60300", "2008-12-31": -0.421, "2008-09-30": -0.781, "2008-06-30": -1.219, "2008-03-31": "0.18200", "2007-12-31": -0.483, "2007-09-30": -0.506, "2007-06-30": -0.234, "2007-03-31": "-1.95700", "2006-12-31": -0.496, "2006-09-30": -1.58, "2006-06-30": -0.463, "2006-03-31": "-1.06300", "2005-12-31": 0.419, "2005-09-30": 0.204, "2005-06-30": -0.734, "2005-03-31": "-0.46500"}, "Cash Flow From Investing Activities": {"2020-09-30": -28.449, "2020-06-30": -17.018, "2020-03-31": "-31.60600", "2019-12-31": -124.626, "2019-09-30": -35.641, "2019-06-30": -35.774, "2019-03-31": "-32.98600", "2018-12-31": -32.914, "2018-09-30": -30.379, "2018-06-30": -35.711, "2018-03-31": "-33.27900", "2017-12-31": -27.835, "2017-09-30": -23.395, "2017-06-30": -26.715, "2017-03-31": "-23.91300", "2016-12-31": -80.732, "2016-09-30": -20.689, "2016-06-30": -15.989, "2016-03-31": "-18.90300", "2015-12-31": -20.871, "2015-09-30": -106.904, "2015-06-30": -51.425, "2015-03-31": "-14.78300", "2014-12-31": -18.599, "2014-09-30": -19.041, "2014-06-30": -103.147, "2014-03-31": "-12.24500", "2013-12-31": -14.48, "2013-09-30": -6.156, "2013-06-30": -11.256, "2013-03-31": "-37.58200", "2012-12-31": -30.904, "2012-09-30": -5.872, "2012-06-30": -18.782, "2012-03-31": "-13.60500", "2011-12-31": -34.628, "2011-09-30": -68.179, "2011-06-30": -14.529, "2011-03-31": "-6.72800", "2010-12-31": -8.666, "2010-09-30": -32.134, "2010-06-30": -8.426, "2010-03-31": "-6.14600", "2009-12-31": -4.43, "2009-09-30": -6.942, "2009-06-30": -17.878, "2009-03-31": "-10.55100", "2008-12-31": -11.02, "2008-09-30": -10.612, "2008-06-30": -13.174, "2008-03-31": "13.45700", "2007-12-31": -36.886, "2007-09-30": -49.224, "2007-06-30": -307.527, "2007-03-31": "-46.30000", "2006-12-31": -5.853, "2006-09-30": -6.285, "2006-06-30": -4.105, "2006-03-31": "-9.88200", "2005-12-31": -28.116, "2005-09-30": -3.252, "2005-06-30": -48.831, "2005-03-31": "-59.31100"}, "Net Long-Term Debt": {"2020-09-30": 0, "2020-06-30": 0, "2020-03-31": "", "2019-12-31": -6.474, "2019-09-30": 0, "2019-06-30": 317.397, "2019-03-31": "430.80100", "2018-12-31": -7.137, "2018-09-30": -45, "2018-06-30": -3.75, "2018-03-31": "-2.44900", "2017-12-31": -3.754, "2017-09-30": -3.452, "2017-06-30": -3.559, "2017-03-31": "-3.02500", "2016-12-31": -2.821, "2016-09-30": -2.655, "2016-06-30": -2.493, "2016-03-31": "-2.00500", "2015-12-31": -2.086, "2015-09-30": -2.248, "2015-06-30": -2.398, "2015-03-31": "-1.63500", "2014-12-31": 400.941, "2014-09-30": -1.604, "2014-06-30": 7.46, "2014-03-31": "-2.62900", "2013-12-31": -2.614, "2013-09-30": -5.719, "2013-06-30": -2.181, "2013-03-31": "-2.20200", "2012-12-31": -170.223, "2012-09-30": -1.631, "2012-06-30": -1.615, "2012-03-31": "-1.76300", "2011-12-31": -1.395, "2011-09-30": -46.536, "2011-06-30": -1.253, "2011-03-31": "-1.39400", "2010-12-31": -1.467, "2010-09-30": -1.121, "2010-06-30": -1.101, "2010-03-31": "-2.38100", "2009-12-31": -46.249, "2009-09-30": -1.764, "2009-06-30": -16.995, "2009-03-31": "-13.23700", "2008-12-31": -15.397, "2008-09-30": -67.624, "2008-06-30": -6.902, "2008-03-31": "-12.26300", "2007-12-31": -3.811, "2007-09-30": -26.82, "2007-06-30": 187.056, "2007-03-31": "-2.83900", "2006-12-31": -1.736, "2006-09-30": -1.555, "2006-06-30": -1.369, "2006-03-31": "-1.71500", "2005-12-31": 173.684, "2005-09-30": -1.222, "2005-06-30": -1.187, "2005-03-31": "-1.57400"}, "Net Current Debt": {"2020-09-30": -0.058, "2020-06-30": -2.811, "2020-03-31": "-2.16300", "2019-12-31": -14.0297, "2019-09-30": -9.8822, "2019-06-30": 3.6471, "2019-03-31": "-227.73100", "2018-12-31": -245.7527, "2018-09-30": -74.4671, "2018-06-30": 372.483, "2018-03-31": "170.41400", "2017-12-31": -285.9142, "2017-09-30": -127.173, "2017-06-30": 261.055, "2017-03-31": "-3.53300", "2016-12-31": 50.1599, "2016-09-30": -87.152, "2016-06-30": 125.332, "2016-03-31": "70.87100", "2015-12-31": -34.073, "2015-09-30": 30.847, "2015-06-30": 4.612, "2015-03-31": "-0.34800", "2014-12-31": -289.5011, "2014-09-30": -31.185, "2014-06-30": 160.577, "2014-03-31": "40.97600", "2013-12-31": -42.901, "2013-09-30": -39.889, "2013-06-30": 6.724, "2013-03-31": "-8.70100", "2012-12-31": 206.847, "2012-09-30": -60.8, "2012-06-30": -15.837, "2012-03-31": "-1.90400", "2011-12-31": 11.919, "2011-09-30": 75.275, "2011-06-30": 0, "2011-03-31": "", "2010-12-31": 0, "2010-09-30": 0, "2010-06-30": -0.733, "2010-03-31": "-38.43900", "2009-12-31": 37.047, "2009-09-30": -2.946, "2009-06-30": -3.787, "2009-03-31": "-8.03200", "2008-12-31": -4.117, "2008-09-30": 14.797, "2008-06-30": -4.863, "2008-03-31": "-50.85800", "2007-12-31": 34.597, "2007-09-30": -18.749, "2007-06-30": -10.49, "2007-03-31": "-19.15700", "2006-12-31": 22.541, "2006-09-30": -6.446, "2006-06-30": 2.274, "2006-03-31": "-1.76900", "2005-12-31": 11.727, "2005-09-30": -14.169, "2005-06-30": 15.918, "2005-03-31": "-0.71000"}, "Debt Issuance/Retirement Net - Total": {"2020-09-30": -0.058, "2020-06-30": -2.811, "2020-03-31": "-2.16300", "2019-12-31": -20.5038, "2019-09-30": -9.8822, "2019-06-30": 321.0441, "2019-03-31": "203.07000", "2018-12-31": -252.8897, "2018-09-30": -119.4671, "2018-06-30": 368.733, "2018-03-31": "167.96500", "2017-12-31": -289.6682, "2017-09-30": -130.625, "2017-06-30": 257.496, "2017-03-31": "-6.55800", "2016-12-31": 47.3389, "2016-09-30": -89.807, "2016-06-30": 122.839, "2016-03-31": "68.86600", "2015-12-31": -36.159, "2015-09-30": 28.599, "2015-06-30": 2.214, "2015-03-31": "-1.98300", "2014-12-31": 111.4399, "2014-09-30": -32.789, "2014-06-30": 168.037, "2014-03-31": "38.34700", "2013-12-31": -45.515, "2013-09-30": -45.608, "2013-06-30": 4.543, "2013-03-31": "-10.90300", "2012-12-31": 36.624, "2012-09-30": -62.431, "2012-06-30": -17.452, "2012-03-31": "-3.66700", "2011-12-31": 10.524, "2011-09-30": 28.739, "2011-06-30": -1.253, "2011-03-31": "-1.39400", "2010-12-31": -1.467, "2010-09-30": -1.121, "2010-06-30": -1.834, "2010-03-31": "-40.82000", "2009-12-31": -9.202, "2009-09-30": -4.71, "2009-06-30": -20.782, "2009-03-31": "-21.26900", "2008-12-31": -19.514, "2008-09-30": -52.827, "2008-06-30": -11.765, "2008-03-31": "-63.12100", "2007-12-31": 30.786, "2007-09-30": -45.569, "2007-06-30": 176.566, "2007-03-31": "-21.99600", "2006-12-31": 20.805, "2006-09-30": -8.001, "2006-06-30": 0.905, "2006-03-31": "-3.48400", "2005-12-31": 185.411, "2005-09-30": -15.391, "2005-06-30": 14.731, "2005-03-31": "-2.28400"}, "Net Common Equity Issued/Repurchased": {"2020-09-30": 0.742, "2020-06-30": 3.814, "2020-03-31": "-238.83000", "2019-12-31": -30.514, "2019-09-30": -33.552, "2019-06-30": 1.693, "2019-03-31": "2.89600", "2018-12-31": 6.159, "2018-09-30": 7.115, "2018-06-30": -48.244, "2018-03-31": "-124.27700", "2017-12-31": 1.907, "2017-09-30": 3.685, "2017-06-30": 2.437, "2017-03-31": "-0.10400", "2016-12-31": 0.344, "2016-09-30": 1.859, "2016-06-30": 1.127, "2016-03-31": "-74.39800", "2015-12-31": 2.859, "2015-09-30": 2.087, "2015-06-30": 2.133, "2015-03-31": "-2.64700", "2014-12-31": -62.651, "2014-09-30": 2.212, "2014-06-30": 3.663, "2014-03-31": "1.48500", "2013-12-31": 5.322, "2013-09-30": 2.58, "2013-06-30": 2.75, "2013-03-31": "2.15700", "2012-12-31": -42.078, "2012-09-30": 0.209, "2012-06-30": 1.21, "2012-03-31": "0.69000", "2011-12-31": -5.333, "2011-09-30": -10.127, "2011-06-30": 0.146, "2011-03-31": "1.71500", "2010-12-31": 0.658, "2010-09-30": 0.147, "2010-06-30": 0.461, "2010-03-31": "0.85000", "2009-12-31": 0.151, "2009-09-30": 1.069, "2009-06-30": 0.515, "2009-03-31": "0.37300", "2008-12-31": 0.133, "2008-09-30": 0.239, "2008-06-30": 0.545, "2008-03-31": "0.46200", "2007-12-31": 2.338, "2007-09-30": 1.848, "2007-06-30": 3.109, "2007-03-31": "160.43200", "2006-12-31": 2.224, "2006-09-30": 0.771, "2006-06-30": 1.27, "2006-03-31": "10.41500", "2005-12-31": 0.918, "2005-09-30": 2.04, "2005-06-30": 2.05, "2005-03-31": "3.36900"}, "Net Total Equity Issued/Repurchased": {"2020-09-30": 0.742, "2020-06-30": 3.814, "2020-03-31": "-238.83000", "2019-12-31": -30.514, "2019-09-30": -33.552, "2019-06-30": 1.693, "2019-03-31": "2.89600", "2018-12-31": 6.159, "2018-09-30": 7.115, "2018-06-30": -48.244, "2018-03-31": "-124.27700", "2017-12-31": 1.907, "2017-09-30": 3.685, "2017-06-30": 2.437, "2017-03-31": "-0.10400", "2016-12-31": 0.344, "2016-09-30": 1.859, "2016-06-30": 1.127, "2016-03-31": "-74.39800", "2015-12-31": 2.859, "2015-09-30": 2.087, "2015-06-30": 2.133, "2015-03-31": "-2.64700", "2014-12-31": -62.651, "2014-09-30": 2.212, "2014-06-30": 3.663, "2014-03-31": "1.48500", "2013-12-31": 5.322, "2013-09-30": 2.58, "2013-06-30": 2.75, "2013-03-31": "2.15700", "2012-12-31": -42.078, "2012-09-30": 0.209, "2012-06-30": 1.21, "2012-03-31": "0.69000", "2011-12-31": -5.333, "2011-09-30": -10.127, "2011-06-30": 0.146, "2011-03-31": "1.71500", "2010-12-31": 0.658, "2010-09-30": 0.147, "2010-06-30": 0.461, "2010-03-31": "0.85000", "2009-12-31": 0.151, "2009-09-30": 1.069, "2009-06-30": 0.515, "2009-03-31": "0.37300", "2008-12-31": 0.133, "2008-09-30": 0.239, "2008-06-30": 0.545, "2008-03-31": "0.46200", "2007-12-31": 2.338, "2007-09-30": 1.848, "2007-06-30": 3.109, "2007-03-31": "160.43200", "2006-12-31": 2.224, "2006-09-30": 0.771, "2006-06-30": 1.27, "2006-03-31": "10.41500", "2005-12-31": 0.918, "2005-09-30": 2.04, "2005-06-30": 2.05, "2005-03-31": "3.36900"}, "Total Common And Preferred Stock Dividends Paid": {"2020-09-30": 0, "2020-06-30": 0, "2020-03-31": "", "2019-12-31": 0, "2019-09-30": 0, "2019-06-30": 0, "2019-03-31": "", "2018-12-31": 0, "2018-09-30": 0, "2018-06-30": 0, "2018-03-31": "", "2017-12-31": 0, "2017-09-30": 0, "2017-06-30": 0, "2017-03-31": "", "2016-12-31": 0, "2016-09-30": 0, "2016-06-30": 0, "2016-03-31": "", "2015-12-31": 0, "2015-09-30": 0, "2015-06-30": 0, "2015-03-31": "", "2014-12-31": 0, "2014-09-30": 0, "2014-06-30": 0, "2014-03-31": "", "2013-12-31": 0, "2013-09-30": 0, "2013-06-30": 0, "2013-03-31": "", "2012-12-31": 0, "2012-09-30": 0, "2012-06-30": 0, "2012-03-31": "", "2011-12-31": 1.055, "2011-09-30": -1.055, "2011-06-30": 0, "2011-03-31": "", "2010-12-31": -0.548, "2010-09-30": 0, "2010-06-30": -1.676, "2010-03-31": "", "2009-12-31": 0.191, "2009-09-30": 0, "2009-06-30": 0, "2009-03-31": "-2.41300", "2008-12-31": 0, "2008-09-30": 0, "2008-06-30": 0, "2008-03-31": "", "2007-12-31": -1.226, "2007-09-30": 0, "2007-06-30": 0, "2007-03-31": "-1.57200", "2006-12-31": 0, "2006-09-30": 0, "2006-06-30": 0, "2006-03-31": "", "2005-12-31": 0, "2005-09-30": 0, "2005-06-30": 0, "2005-03-31": ""}, "Financial Activities - Other": {"2020-09-30": -3.779, "2020-06-30": 0.667, "2020-03-31": "-1.65100", "2019-12-31": 5.684, "2019-09-30": -0.879, "2019-06-30": -9.494, "2019-03-31": "-13.26400", "2018-12-31": 1.668, "2018-09-30": -1.483, "2018-06-30": -1.463, "2018-03-31": "-1.79200", "2017-12-31": -0.003, "2017-09-30": -0.02, "2017-06-30": 0.003, "2017-03-31": "0.30100", "2016-12-31": 0.593, "2016-09-30": 0.318, "2016-06-30": 0.152, "2016-03-31": "0.27800", "2015-12-31": 0.86, "2015-09-30": 0.366, "2015-06-30": 0.219, "2015-03-31": "0.26200", "2014-12-31": -9.851, "2014-09-30": 0.342, "2014-06-30": -2.126, "2014-03-31": "-0.02800", "2013-12-31": 1.499, "2013-09-30": 0, "2013-06-30": -0.068, "2013-03-31": "-7.97300", "2012-12-31": -1.569, "2012-09-30": -3.326, "2012-06-30": -0.582, "2012-03-31": "-0.20400", "2011-12-31": -1.058, "2011-09-30": -3.201, "2011-06-30": -5.319, "2011-03-31": "0.47800", "2010-12-31": 0.139, "2010-09-30": -0.291, "2010-06-30": 0.522, "2010-03-31": "0.20600", "2009-12-31": -0.585, "2009-09-30": 0.019, "2009-06-30": -1.374, "2009-03-31": "0.56200", "2008-12-31": 0.181, "2008-09-30": 0.336, "2008-06-30": -0.466, "2008-03-31": "0.06700", "2007-12-31": 0.345, "2007-09-30": -0.03, "2007-06-30": -3.505, "2007-03-31": "0.01100", "2006-12-31": 0.013, "2006-09-30": -0.016, "2006-06-30": -0.055, "2006-03-31": "-0.12500", "2005-12-31": -3.729, "2005-09-30": -0.155, "2005-06-30": -0.746, "2005-03-31": ""}, "Cash Flow From Financial Activities": {"2020-09-30": -3.095, "2020-06-30": 1.67, "2020-03-31": "-242.64400", "2019-12-31": -45.334, "2019-09-30": -44.313, "2019-06-30": 313.243, "2019-03-31": "192.70200", "2018-12-31": -245.063, "2018-09-30": -113.835, "2018-06-30": 319.026, "2018-03-31": "41.89600", "2017-12-31": -287.764, "2017-09-30": -126.96, "2017-06-30": 259.936, "2017-03-31": "-6.36100", "2016-12-31": 48.276, "2016-09-30": -87.63, "2016-06-30": 124.118, "2016-03-31": "-5.25400", "2015-12-31": -32.44, "2015-09-30": 31.052, "2015-06-30": 4.566, "2015-03-31": "-4.36800", "2014-12-31": 38.938, "2014-09-30": -30.235, "2014-06-30": 169.574, "2014-03-31": "39.80400", "2013-12-31": -38.694, "2013-09-30": -43.028, "2013-06-30": 7.225, "2013-03-31": "-16.71900", "2012-12-31": -7.023, "2012-09-30": -65.548, "2012-06-30": -16.824, "2012-03-31": "-3.18100", "2011-12-31": 5.188, "2011-09-30": 14.356, "2011-06-30": -6.426, "2011-03-31": "0.79900", "2010-12-31": -1.218, "2010-09-30": -1.265, "2010-06-30": -2.527, "2010-03-31": "-39.76400", "2009-12-31": -9.445, "2009-09-30": -3.622, "2009-06-30": -21.641, "2009-03-31": "-22.74700", "2008-12-31": -19.2, "2008-09-30": -52.252, "2008-06-30": -11.686, "2008-03-31": "-62.59200", "2007-12-31": 32.243, "2007-09-30": -43.751, "2007-06-30": 176.17, "2007-03-31": "136.87500", "2006-12-31": 23.042, "2006-09-30": -7.246, "2006-06-30": 2.12, "2006-03-31": "6.80600", "2005-12-31": 182.6, "2005-09-30": -13.506, "2005-06-30": 16.035, "2005-03-31": "1.08500"}, "Net Cash Flow": {"2020-09-30": 70.144, "2020-06-30": 88.798, "2020-03-31": "-227.62600", "2019-12-31": 22.624, "2019-09-30": 164.997, "2019-06-30": 338.516, "2019-03-31": "160.29000", "2018-12-31": -71.773, "2018-09-30": -33.558, "2018-06-30": 286.795, "2018-03-31": "48.97000", "2017-12-31": -275.34, "2017-09-30": 16.161, "2017-06-30": 296.118, "2017-03-31": "51.49100", "2016-12-31": 105.48, "2016-09-30": -18.771, "2016-06-30": 131.535, "2016-03-31": "91.01400", "2015-12-31": -71.316, "2015-09-30": -9.241, "2015-06-30": 57.363, "2015-03-31": "12.70200", "2014-12-31": 16.823, "2014-09-30": 42.817, "2014-06-30": 116.07, "2014-03-31": "82.47400", "2013-12-31": -34.645, "2013-09-30": 54.606, "2013-06-30": 28.436, "2013-03-31": "-40.00600", "2012-12-31": 3.634, "2012-09-30": 13.147, "2012-06-30": -2.678, "2012-03-31": "10.00500", "2011-12-31": -11.655, "2011-09-30": -44.561, "2011-06-30": 4.76, "2011-03-31": "33.51100", "2010-12-31": 8.526, "2010-09-30": -23.878, "2010-06-30": 17.308, "2010-03-31": "1.75100", "2009-12-31": -38.071, "2009-09-30": 59.997, "2009-06-30": 1.535, "2009-03-31": "-21.82600", "2008-12-31": 6.956, "2008-09-30": -80.97, "2008-06-30": 18.81, "2008-03-31": "-30.49400", "2007-12-31": 16.156, "2007-09-30": -30.858, "2007-06-30": -137.196, "2007-03-31": "98.43100", "2006-12-31": 65.692, "2006-09-30": 22.643, "2006-06-30": 8.988, "2006-03-31": "3.80300", "2005-12-31": 167.134, "2005-09-30": 2.465, "2005-06-30": -22.651, "2005-03-31": "-51.21400"}, "Stock-Based Compensation": {"2020-09-30": 5.037, "2020-06-30": 3.125, "2020-03-31": "6.33800", "2019-12-31": 5.49, "2019-09-30": 5.456, "2019-06-30": 6.003, "2019-03-31": "4.49000", "2018-12-31": 4.167, "2018-09-30": 4.018, "2018-06-30": 4.55, "2018-03-31": "4.02900", "2017-12-31": 3.801, "2017-09-30": 3.725, "2017-06-30": 4.386, "2017-03-31": "3.70600", "2016-12-31": 3.631, "2016-09-30": 3.543, "2016-06-30": 4.098, "2016-03-31": "3.71100", "2015-12-31": 3.537, "2015-09-30": 2.85, "2015-06-30": 3.54, "2015-03-31": "2.87500", "2014-12-31": 3.271, "2014-09-30": 3.12, "2014-06-30": 3.374, "2014-03-31": "3.13700", "2013-12-31": 2.451, "2013-09-30": 2.86, "2013-06-30": 3.651, "2013-03-31": "2.50100", "2012-12-31": 3.011, "2012-09-30": 2.187, "2012-06-30": 2.953, "2012-03-31": "3.67200", "2011-12-31": 2.799, "2011-09-30": 2.713, "2011-06-30": 3.788, "2011-03-31": "1.45600", "2010-12-31": 2.635, "2010-09-30": 2.268, "2010-06-30": 2.457, "2010-03-31": "1.93400", "2009-12-31": 1.96, "2009-09-30": 2.147, "2009-06-30": 2.193, "2009-03-31": "1.63200", "2008-12-31": 0.852, "2008-09-30": 2.077, "2008-06-30": 2.711, "2008-03-31": "2.90700", "2007-12-31": 1.598, "2007-09-30": 2.412, "2007-06-30": 1.852, "2007-03-31": "1.87400", "2006-12-31": 1.591, "2006-09-30": 1.994, "2006-06-30": 1.944, "2006-03-31": "1.89400", "2005-12-31": 1.616, "2005-09-30": 1.279, "2005-06-30": 1.347, "2005-03-31": "1.34000"}, "Common Stock Dividends Paid": {"2020-09-30": 0, "2020-06-30": 0, "2020-03-31": "", "2019-12-31": 0, "2019-09-30": 0, "2019-06-30": 0, "2019-03-31": "", "2018-12-31": 0, "2018-09-30": 0, "2018-06-30": 0, "2018-03-31": "", "2017-12-31": 0, "2017-09-30": 0, "2017-06-30": 0, "2017-03-31": "", "2016-12-31": 0, "2016-09-30": 0, "2016-06-30": 0, "2016-03-31": "", "2015-12-31": 0, "2015-09-30": 0, "2015-06-30": 0, "2015-03-31": "", "2014-12-31": 0, "2014-09-30": 0, "2014-06-30": 0, "2014-03-31": "", "2013-12-31": 0, "2013-09-30": 0, "2013-06-30": 0, "2013-03-31": "", "2012-12-31": 0, "2012-09-30": 0, "2012-06-30": 0, "2012-03-31": "", "2011-12-31": 1.055, "2011-09-30": -1.055, "2011-06-30": 0, "2011-03-31": "", "2010-12-31": -0.548, "2010-09-30": 0, "2010-06-30": -1.676, "2010-03-31": "", "2009-12-31": 0.191, "2009-09-30": 0, "2009-06-30": 0, "2009-03-31": "-2.41300", "2008-12-31": 0, "2008-09-30": 0, "2008-06-30": 0, "2008-03-31": "", "2007-12-31": -1.226, "2007-09-30": 0, "2007-06-30": 0, "2007-03-31": "-1.57200", "2006-12-31": 0, "2006-09-30": 0, "2006-06-30": 0, "2006-03-31": "", "2005-12-31": 0, "2005-09-30": 0, "2005-06-30": 0, "2005-03-31": ""}}, "financial ratios": {"Current Ratio": {"2019-12-31": "1.78630", "2018-12-31": "1.51450", "2017-12-31": "1.34270", "2016-12-31": "1.34420", "2015-12-31": "1.25120", "2014-12-31": "1.30280", "2013-12-31": "1.14800", "2012-12-31": "1.16720", "2011-12-31": "0.97350", "2010-12-31": "1.27420", "2009-12-31": "1.33970", "2008-12-31": "1.16640", "2007-12-31": "1.53390", "2006-12-31": "1.70370", "2005-12-31": "1.55490"}, "Long-term Debt / Capital": {"2019-12-31": "0.40850", "2018-12-31": "0.32360", "2017-12-31": "0.25650", "2016-12-31": "0.38700", "2015-12-31": "0.33150", "2014-12-31": "0.35280", "2013-12-31": "0.23060", "2012-12-31": "0.35620", "2011-12-31": "0.23960", "2010-12-31": "0.35730", "2009-12-31": "0.36260", "2008-12-31": "0.37750", "2007-12-31": "0.43210", "2006-12-31": "0.54000", "2005-12-31": "0.61330"}, "Debt/Equity Ratio": {"2019-12-31": "0.69460", "2018-12-31": "0.50920", "2017-12-31": "0.38390", "2016-12-31": "0.67080", "2015-12-31": "0.51300", "2014-12-31": "0.56330", "2013-12-31": "0.32050", "2012-12-31": "0.57210", "2011-12-31": "0.64310", "2010-12-31": "0.56550", "2009-12-31": "0.57880", "2008-12-31": "0.75410", "2007-12-31": "0.77040", "2006-12-31": "1.20940", "2005-12-31": "1.72300"}, "Gross Margin": {"2019-12-31": "43.40290", "2018-12-31": "41.32350", "2017-12-31": "39.78700", "2016-12-31": "40.03190", "2015-12-31": "38.95660", "2014-12-31": "37.89750", "2013-12-31": "36.81380", "2012-12-31": "35.93730", "2011-12-31": "36.21580", "2010-12-31": "34.93300", "2009-12-31": "34.31070", "2008-12-31": "32.68950", "2007-12-31": "30.92150", "2006-12-31": "29.29330", "2005-12-31": "30.19830"}, "Operating Margin": {"2019-12-31": "17.27910", "2018-12-31": "14.10980", "2017-12-31": "11.80940", "2016-12-31": "12.75250", "2015-12-31": "11.55820", "2014-12-31": "9.53830", "2013-12-31": "8.37910", "2012-12-31": "4.57600", "2011-12-31": "6.81450", "2010-12-31": "0.50750", "2009-12-31": "6.99770", "2008-12-31": "-14.25130", "2007-12-31": "8.44540", "2006-12-31": "8.25060", "2005-12-31": "8.91480"}, "EBIT Margin": {"2019-12-31": "17.27910", "2018-12-31": "14.10980", "2017-12-31": "11.80940", "2016-12-31": "12.75250", "2015-12-31": "11.55820", "2014-12-31": "9.53830", "2013-12-31": "8.37910", "2012-12-31": "4.57600", "2011-12-31": "6.81450", "2010-12-31": "0.50750", "2009-12-31": "6.99770", "2008-12-31": "-14.25130", "2007-12-31": "8.44540", "2006-12-31": "8.25060", "2005-12-31": "8.91480"}, "EBITDA Margin": {"2019-12-31": "21.96370", "2018-12-31": "18.84610", "2017-12-31": "16.62790", "2016-12-31": "17.52190", "2015-12-31": "16.19570", "2014-12-31": "14.00840", "2013-12-31": "13.06000", "2012-12-31": "10.24330", "2011-12-31": "13.04960", "2010-12-31": "6.89590", "2009-12-31": "13.48610", "2008-12-31": "-7.31750", "2007-12-31": "15.33130", "2006-12-31": "13.37350", "2005-12-31": "13.50260"}, "Pre-Tax Profit Margin": {"2019-12-31": "15.77420", "2018-12-31": "11.62630", "2017-12-31": "11.38040", "2016-12-31": "11.89070", "2015-12-31": "7.96120", "2014-12-31": "8.50300", "2013-12-31": "8.14380", "2012-12-31": "3.73410", "2011-12-31": "5.40700", "2010-12-31": "-1.44640", "2009-12-31": "5.53630", "2008-12-31": "-19.19040", "2007-12-31": "7.85060", "2006-12-31": "9.85480", "2005-12-31": "7.24020"}, "Net Profit Margin": {"2019-12-31": "12.60860", "2018-12-31": "9.17950", "2017-12-31": "6.96340", "2016-12-31": "8.90500", "2015-12-31": "5.57520", "2014-12-31": "6.10810", "2013-12-31": "6.22610", "2012-12-31": "1.62000", "2011-12-31": "3.18270", "2010-12-31": "-3.69580", "2009-12-31": "2.93570", "2008-12-31": "-18.50170", "2007-12-31": "3.96090", "2006-12-31": "7.99360", "2005-12-31": "4.15370"}, "Asset Turnover": {"2019-12-31": "0.59040", "2018-12-31": "0.76380", "2017-12-31": "0.71730", "2016-12-31": "0.72200", "2015-12-31": "0.80830", "2014-12-31": "0.81640", "2013-12-31": "0.88420", "2012-12-31": "0.81700", "2011-12-31": "0.77090", "2010-12-31": "0.73670", "2009-12-31": "0.73100", "2008-12-31": "0.74390", "2007-12-31": "0.47860", "2006-12-31": "0.54480", "2005-12-31": "0.59390"}, "Inventory Turnover Ratio": {"2019-12-31": "", "2018-12-31": "", "2017-12-31": "", "2016-12-31": "15.03610", "2015-12-31": "15.00320", "2014-12-31": "12.06280", "2013-12-31": "9.62650", "2012-12-31": "8.02680", "2011-12-31": "7.49580", "2010-12-31": "6.94850", "2009-12-31": "7.73860", "2008-12-31": "11.48590", "2007-12-31": "12.40520", "2006-12-31": "8.78820", "2005-12-31": "14.48560"}, "Receiveable Turnover": {"2019-12-31": "13.61880", "2018-12-31": "12.52570", "2017-12-31": "3.02390", "2016-12-31": "3.89400", "2015-12-31": "4.18680", "2014-12-31": "4.43090", "2013-12-31": "3.58620", "2012-12-31": "3.41820", "2011-12-31": "3.32230", "2010-12-31": "3.59560", "2009-12-31": "3.65030", "2008-12-31": "4.00510", "2007-12-31": "3.15350", "2006-12-31": "2.89410", "2005-12-31": "3.19110"}, "Days Sales In Receivables": {"2019-12-31": "26.80120", "2018-12-31": "29.14010", "2017-12-31": "120.70600", "2016-12-31": "93.73510", "2015-12-31": "87.17910", "2014-12-31": "82.37620", "2013-12-31": "101.77940", "2012-12-31": "106.78060", "2011-12-31": "109.86200", "2010-12-31": "101.51440", "2009-12-31": "99.99120", "2008-12-31": "91.13400", "2007-12-31": "115.74540", "2006-12-31": "126.11850", "2005-12-31": "114.38120"}, "ROE - Return On Equity": {"2019-12-31": "21.95190", "2018-12-31": "18.82890", "2017-12-31": "13.08400", "2016-12-31": "19.33230", "2015-12-31": "11.92500", "2014-12-31": "13.84910", "2013-12-31": "13.68190", "2012-12-31": "3.87380", "2011-12-31": "7.23080", "2010-12-31": "-7.30750", "2009-12-31": "5.53170", "2008-12-31": "-38.98490", "2007-12-31": "5.08730", "2006-12-31": "14.69370", "2005-12-31": "10.99960"}, "Return On Tangible Equity": {"2019-12-31": "49.97970", "2018-12-31": "56.04860", "2017-12-31": "47.33540", "2016-12-31": "382.52260", "2015-12-31": "-361.81210", "2014-12-31": "-400.85330", "2013-12-31": "185.88130", "2012-12-31": "-52.82970", "2011-12-31": "-61.67000", "2010-12-31": "167.36680", "2009-12-31": "-61.33070", "2008-12-31": "164.24550", "2007-12-31": "-18.98710", "2006-12-31": "-116.37100", "2005-12-31": "-20.34490"}, "ROA - Return On Assets": {"2019-12-31": "7.44350", "2018-12-31": "6.98950", "2017-12-31": "4.99800", "2016-12-31": "6.41750", "2015-12-31": "4.49180", "2014-12-31": "4.97870", "2013-12-31": "5.46570", "2012-12-31": "1.31460", "2011-12-31": "2.52850", "2010-12-31": "-2.69030", "2009-12-31": "2.21830", "2008-12-31": "-13.75380", "2007-12-31": "1.95250", "2006-12-31": "4.01660", "2005-12-31": "2.53790"}, "ROI - Return On Investment": {"2019-12-31": "12.98350", "2018-12-31": "12.73610", "2017-12-31": "9.72820", "2016-12-31": "11.84990", "2015-12-31": "7.97150", "2014-12-31": "8.96370", "2013-12-31": "10.52650", "2012-12-31": "2.49400", "2011-12-31": "5.49860", "2010-12-31": "-4.69650", "2009-12-31": "3.52580", "2008-12-31": "-24.26880", "2007-12-31": "2.88900", "2006-12-31": "6.75920", "2005-12-31": "4.25390"}, "Book Value Per Share": {"2019-12-31": "29.12790", "2018-12-31": "23.79090", "2017-12-31": "22.71400", "2016-12-31": "17.21810", "2015-12-31": "15.57410", "2014-12-31": "14.20260", "2013-12-31": "12.61100", "2012-12-31": "10.67530", "2011-12-31": "10.44320", "2010-12-31": "10.17830", "2009-12-31": "11.13850", "2008-12-31": "9.84340", "2007-12-31": "14.78770", "2006-12-31": "8.24770", "2005-12-31": "5.76790"}, "Operating Cash Flow Per Share": {"2019-12-31": 1.9153, "2018-12-31": 2.0776, "2017-12-31": -2.0563, "2016-12-31": 3.2735, "2015-12-31": -0.3835, "2014-12-31": 1.1029, "2013-12-31": -0.335, "2012-12-31": 1.7003, "2011-12-31": -0.2332, "2010-12-31": 0.2596, "2009-12-31": 0.0103, "2008-12-31": 0.1834, "2007-12-31": -0.5874, "2006-12-31": 0.8395, "2005-12-31": 1.4199}, "Free Cash Flow Per Share": {"2019-12-31": 1.5836, "2018-12-31": 1.7826, "2017-12-31": -2.2017, "2016-12-31": 3.0347, "2015-12-31": -0.5928, "2014-12-31": 0.7191, "2013-12-31": -0.223, "2012-12-31": 1.6908, "2011-12-31": -0.5483, "2010-12-31": 0.1908, "2009-12-31": 0.3124, "2008-12-31": 0.1887, "2007-12-31": -0.9185, "2006-12-31": 0.8532, "2005-12-31": 0.9245}}, "financial ratios, quarterly": {"Current Ratio": {"2020-09-30": "1.84630", "2020-06-30": "1.77580", "2020-03-31": "1.69170", "2019-12-31": "1.78630", "2019-09-30": "1.88410", "2019-06-30": "1.82370", "2019-03-31": "1.28150", "2018-12-31": "1.51450", "2018-09-30": "1.46430", "2018-06-30": "1.17770", "2018-03-31": "1.41840", "2017-12-31": "1.34270", "2017-09-30": "1.48200", "2017-06-30": "1.56080", "2017-03-31": "1.43460", "2016-12-31": "1.34420", "2016-09-30": "1.43730", "2016-06-30": "1.46870", "2016-03-31": "1.30040", "2015-12-31": "1.25120", "2015-09-30": "1.27780", "2015-06-30": "1.28620", "2015-03-31": "1.34900", "2014-12-31": "1.30280", "2014-09-30": "1.23520", "2014-06-30": "1.23700", "2014-03-31": "1.27580", "2013-12-31": "1.14800", "2013-09-30": "1.19020", "2013-06-30": "1.16140", "2013-03-31": "1.10810", "2012-12-31": "1.16720", "2012-09-30": "0.92760", "2012-06-30": "0.97380", "2012-03-31": "0.98680", "2011-12-31": "0.97350", "2011-09-30": "1.28720", "2011-06-30": "1.37010", "2011-03-31": "1.35810", "2010-12-31": "1.27420", "2010-09-30": "1.26800", "2010-06-30": "1.33090", "2010-03-31": "1.31160", "2009-12-31": "1.33970", "2009-09-30": "1.20630", "2009-06-30": "1.16820", "2009-03-31": "1.15590", "2008-12-31": "1.16640", "2008-09-30": "1.38660", "2008-06-30": "1.47420", "2008-03-31": "1.49990", "2007-12-31": "1.53390", "2007-09-30": "1.49600", "2007-06-30": "1.53180", "2007-03-31": "2.00780", "2006-12-31": "1.70370", "2006-09-30": "1.69870", "2006-06-30": "1.72520", "2006-03-31": "1.68760", "2005-12-31": "1.55490", "2005-09-30": "1.09780", "2005-06-30": "1.10890", "2005-03-31": "1.05950"}, "Long-term Debt / Capital": {"2020-09-30": "0.46450", "2020-06-30": "0.47580", "2020-03-31": "0.45670", "2019-12-31": "0.40850", "2019-09-30": "0.42480", "2019-06-30": "0.43960", "2019-03-31": "0.24270", "2018-12-31": "0.32360", "2018-09-30": "0.35540", "2018-06-30": "0.26260", "2018-03-31": "0.34060", "2017-12-31": "0.25650", "2017-09-30": "0.33460", "2017-06-30": "0.40860", "2017-03-31": "0.37440", "2016-12-31": "0.38700", "2016-09-30": "0.35940", "2016-06-30": "0.41450", "2016-03-31": "0.37110", "2015-12-31": "0.33150", "2015-09-30": "0.36240", "2015-06-30": "0.36120", "2015-03-31": "0.37700", "2014-12-31": "0.35280", "2014-09-30": "0.33440", "2014-06-30": "0.34680", "2014-03-31": "0.25830", "2013-12-31": "0.23060", "2013-09-30": "0.28000", "2013-06-30": "0.34620", "2013-03-31": "0.34880", "2012-12-31": "0.35620", "2012-09-30": "0.12550", "2012-06-30": "0.20950", "2012-03-31": "0.22350", "2011-12-31": "0.23960", "2011-09-30": "0.37520", "2011-06-30": "0.33150", "2011-03-31": "0.34160", "2010-12-31": "0.35730", "2010-09-30": "0.33100", "2010-06-30": "0.35880", "2010-03-31": "0.34070", "2009-12-31": "0.36260", "2009-09-30": "0.33780", "2009-06-30": "0.35510", "2009-03-31": "0.38600", "2008-12-31": "0.37750", "2008-09-30": "0.37370", "2008-06-30": "0.38510", "2008-03-31": "0.39540", "2007-12-31": "0.43210", "2007-09-30": "0.42630", "2007-06-30": "0.47070", "2007-03-31": "0.42570", "2006-12-31": "0.54000", "2006-09-30": "0.55940", "2006-06-30": "0.57680", "2006-03-31": "0.59180", "2005-12-31": "0.61330", "2005-09-30": "0.43850", "2005-06-30": "0.47740", "2005-03-31": "0.46460"}, "Debt/Equity Ratio": {"2020-09-30": "0.86810", "2020-06-30": "0.90830", "2020-03-31": "0.84320", "2019-12-31": "0.69460", "2019-09-30": "0.75150", "2019-06-30": "0.80150", "2019-03-31": "0.60040", "2018-12-31": "0.50920", "2018-09-30": "0.75360", "2018-06-30": "0.93910", "2018-03-31": "0.56280", "2017-12-31": "0.38390", "2017-09-30": "0.62130", "2017-06-30": "0.81790", "2017-03-31": "0.63430", "2016-12-31": "0.67080", "2016-09-30": "0.58090", "2016-06-30": "0.73170", "2016-03-31": "0.60740", "2015-12-31": "0.51300", "2015-09-30": "0.58610", "2015-06-30": "0.58830", "2015-03-31": "0.62370", "2014-12-31": "0.56330", "2014-09-30": "0.51840", "2014-06-30": "0.54730", "2014-03-31": "0.36690", "2013-12-31": "0.32050", "2013-09-30": "0.40760", "2013-06-30": "0.54970", "2013-03-31": "0.55560", "2012-12-31": "0.57210", "2012-09-30": "0.46020", "2012-06-30": "0.59210", "2012-03-31": "0.59880", "2011-12-31": "0.64310", "2011-09-30": "0.61220", "2011-06-30": "0.50340", "2011-03-31": "0.52680", "2010-12-31": "0.56550", "2010-09-30": "0.50410", "2010-06-30": "0.56800", "2010-03-31": "0.52480", "2009-12-31": "0.57880", "2009-09-30": "0.59960", "2009-06-30": "0.64420", "2009-03-31": "0.76380", "2008-12-31": "0.75410", "2008-09-30": "0.60620", "2008-06-30": "0.63580", "2008-03-31": "0.66380", "2007-12-31": "0.77040", "2007-09-30": "0.75890", "2007-06-30": "0.90990", "2007-03-31": "0.76180", "2006-12-31": "1.20940", "2006-09-30": "1.32810", "2006-06-30": "1.43960", "2006-03-31": "1.54670", "2005-12-31": "1.72300", "2005-09-30": "0.83550", "2005-06-30": "0.96780", "2005-03-31": "0.91850"}, "Gross Margin": {"2020-09-30": "38.64720", "2020-06-30": "33.68530", "2020-03-31": "38.43950", "2019-12-31": "41.80040", "2019-09-30": "48.52760", "2019-06-30": "43.08000", "2019-03-31": "38.73120", "2018-12-31": "39.12180", "2018-09-30": "45.66360", "2018-06-30": "41.90000", "2018-03-31": "37.63590", "2017-12-31": "37.56970", "2017-09-30": "42.80410", "2017-06-30": "40.85580", "2017-03-31": "37.34270", "2016-12-31": "38.24870", "2016-09-30": "42.72050", "2016-06-30": "40.91460", "2016-03-31": "37.96990", "2015-12-31": "38.35250", "2015-09-30": "41.35260", "2015-06-30": "39.29670", "2015-03-31": "36.39140", "2014-12-31": "37.28990", "2014-09-30": "39.39110", "2014-06-30": "38.64470", "2014-03-31": "35.93880", "2013-12-31": "37.13540", "2013-09-30": "38.00240", "2013-06-30": "37.25680", "2013-03-31": "34.72640", "2012-12-31": "35.91560", "2012-09-30": "36.66060", "2012-06-30": "36.30830", "2012-03-31": "34.81730", "2011-12-31": "36.15600", "2011-09-30": "36.38410", "2011-06-30": "37.31570", "2011-03-31": "34.92440", "2010-12-31": "36.07280", "2010-09-30": "35.65560", "2010-06-30": "34.14520", "2010-03-31": "33.65640", "2009-12-31": "34.76890", "2009-09-30": "34.48650", "2009-06-30": "33.61070", "2009-03-31": "34.29610", "2008-12-31": "34.89730", "2008-09-30": "31.60070", "2008-06-30": "32.15160", "2008-03-31": "32.21290", "2007-12-31": "30.88710", "2007-09-30": "31.75220", "2007-06-30": "31.35970", "2007-03-31": "29.19490", "2006-12-31": "24.47860", "2006-09-30": "30.41390", "2006-06-30": "31.23610", "2006-03-31": "31.03830", "2005-12-31": "30.39680", "2005-09-30": "30.28680", "2005-06-30": "30.31340", "2005-03-31": "29.72030"}, "Operating Margin": {"2020-09-30": "9.94530", "2020-06-30": "-19.18730", "2020-03-31": "5.41220", "2019-12-31": "15.45420", "2019-09-30": "24.64980", "2019-06-30": "17.04040", "2019-03-31": "9.71310", "2018-12-31": "10.95800", "2018-09-30": "21.12130", "2018-06-30": "14.52360", "2018-03-31": "8.25990", "2017-12-31": "6.80060", "2017-09-30": "18.32780", "2017-06-30": "12.42930", "2017-03-31": "8.72150", "2016-12-31": "11.17790", "2016-09-30": "17.26410", "2016-06-30": "12.43740", "2016-03-31": "9.56600", "2015-12-31": "11.73530", "2015-09-30": "14.59870", "2015-06-30": "11.09730", "2015-03-31": "8.13920", "2014-12-31": "10.71300", "2014-09-30": "11.18870", "2014-06-30": "8.62990", "2014-03-31": "6.90090", "2013-12-31": "4.29090", "2013-09-30": "15.34890", "2013-06-30": "8.13950", "2013-03-31": "5.70780", "2012-12-31": "-0.53690", "2012-09-30": "7.64800", "2012-06-30": "6.56600", "2012-03-31": "5.32290", "2011-12-31": "7.20030", "2011-09-30": "6.71840", "2011-06-30": "6.71900", "2011-03-31": "6.55650", "2010-12-31": "-17.53400", "2010-09-30": "7.78640", "2010-06-30": "6.77320", "2010-03-31": "7.29150", "2009-12-31": "7.86440", "2009-09-30": "8.33960", "2009-06-30": "7.24980", "2009-03-31": "4.14980", "2008-12-31": "-77.55310", "2008-09-30": "6.68610", "2008-06-30": "6.54110", "2008-03-31": "5.40500", "2007-12-31": "12.23150", "2007-09-30": "7.26400", "2007-06-30": "6.56030", "2007-03-31": "6.99290", "2006-12-31": "8.62370", "2006-09-30": "8.04560", "2006-06-30": "7.96340", "2006-03-31": "8.38810", "2005-12-31": "9.02800", "2005-09-30": "9.16300", "2005-06-30": "8.51980", "2005-03-31": "8.93040"}, "EBIT Margin": {"2020-09-30": "9.94530", "2020-06-30": "-19.18730", "2020-03-31": "5.41220", "2019-12-31": "15.45420", "2019-09-30": "24.64980", "2019-06-30": "17.04040", "2019-03-31": "9.71310", "2018-12-31": "10.95800", "2018-09-30": "21.12130", "2018-06-30": "14.52360", "2018-03-31": "8.25990", "2017-12-31": "6.80060", "2017-09-30": "18.32780", "2017-06-30": "12.42930", "2017-03-31": "8.72150", "2016-12-31": "11.17790", "2016-09-30": "17.26410", "2016-06-30": "12.43740", "2016-03-31": "9.56600", "2015-12-31": "11.73530", "2015-09-30": "14.59870", "2015-06-30": "11.09730", "2015-03-31": "8.13920", "2014-12-31": "10.71310", "2014-09-30": "11.18870", "2014-06-30": "8.62990", "2014-03-31": "6.90090", "2013-12-31": "4.29080", "2013-09-30": "15.34890", "2013-06-30": "8.13950", "2013-03-31": "5.70780", "2012-12-31": "-0.53690", "2012-09-30": "7.64800", "2012-06-30": "6.56600", "2012-03-31": "5.32290", "2011-12-31": "7.20030", "2011-09-30": "6.71840", "2011-06-30": "6.71900", "2011-03-31": "6.55650", "2010-12-31": "-17.53390", "2010-09-30": "7.78640", "2010-06-30": "6.77320", "2010-03-31": "7.29150", "2009-12-31": "7.86450", "2009-09-30": "8.33960", "2009-06-30": "7.24980", "2009-03-31": "4.14980", "2008-12-31": "-77.55310", "2008-09-30": "6.68610", "2008-06-30": "6.54110", "2008-03-31": "5.40500", "2007-12-31": "12.23140", "2007-09-30": "7.26400", "2007-06-30": "6.56030", "2007-03-31": "6.99290", "2006-12-31": "8.62370", "2006-09-30": "8.04560", "2006-06-30": "7.96340", "2006-03-31": "8.38810", "2005-12-31": "9.02800", "2005-09-30": "9.16300", "2005-06-30": "8.51980", "2005-03-31": "8.93040"}, "EBITDA Margin": {"2020-09-30": "", "2020-06-30": "", "2020-03-31": "", "2019-12-31": "", "2019-09-30": "", "2019-06-30": "", "2019-03-31": "", "2018-12-31": "", "2018-09-30": "", "2018-06-30": "", "2018-03-31": "", "2017-12-31": "", "2017-09-30": "", "2017-06-30": "", "2017-03-31": "", "2016-12-31": "", "2016-09-30": "", "2016-06-30": "", "2016-03-31": "", "2015-12-31": "", "2015-09-30": "", "2015-06-30": "", "2015-03-31": "", "2014-12-31": "", "2014-09-30": "", "2014-06-30": "", "2014-03-31": "", "2013-12-31": "", "2013-09-30": "", "2013-06-30": "", "2013-03-31": "", "2012-12-31": "", "2012-09-30": "", "2012-06-30": "", "2012-03-31": "", "2011-12-31": "", "2011-09-30": "", "2011-06-30": "", "2011-03-31": "", "2010-12-31": "", "2010-09-30": "", "2010-06-30": "", "2010-03-31": "", "2009-12-31": "", "2009-09-30": "", "2009-06-30": "", "2009-03-31": "", "2008-12-31": "", "2008-09-30": "", "2008-06-30": "", "2008-03-31": "", "2007-12-31": "", "2007-09-30": "", "2007-06-30": "", "2007-03-31": "", "2006-12-31": "", "2006-09-30": "", "2006-06-30": "", "2006-03-31": "", "2005-12-31": "", "2005-09-30": "", "2005-06-30": "", "2005-03-31": ""}, "Pre-Tax Profit Margin": {"2020-09-30": "8.33380", "2020-06-30": "-20.23520", "2020-03-31": "0.71260", "2019-12-31": "15.77490", "2019-09-30": "22.17300", "2019-06-30": "14.35650", "2019-03-31": "8.75190", "2018-12-31": "8.87730", "2018-09-30": "19.20130", "2018-06-30": "9.65300", "2018-03-31": "7.26790", "2017-12-31": "5.52990", "2017-09-30": "18.17500", "2017-06-30": "13.03350", "2017-03-31": "7.82460", "2016-12-31": "8.14610", "2016-09-30": "15.56530", "2016-06-30": "14.83730", "2016-03-31": "8.72970", "2015-12-31": "8.93960", "2015-09-30": "9.97980", "2015-06-30": "8.67090", "2015-03-31": "3.57370", "2014-12-31": "9.28930", "2014-09-30": "10.52860", "2014-06-30": "7.38250", "2014-03-31": "6.12970", "2013-12-31": "3.83620", "2013-09-30": "16.26320", "2013-06-30": "7.85440", "2013-03-31": "4.53340", "2012-12-31": "-0.91450", "2012-09-30": "6.69120", "2012-06-30": "3.60910", "2012-03-31": "6.20420", "2011-12-31": "5.12180", "2011-09-30": "1.18800", "2011-06-30": "6.83300", "2011-03-31": "9.04670", "2010-12-31": "-19.60010", "2010-09-30": "10.80570", "2010-06-30": "1.30570", "2010-03-31": "3.72080", "2009-12-31": "5.18240", "2009-09-30": "10.07400", "2009-06-30": "8.95850", "2009-03-31": "-2.81390", "2008-12-31": "-80.71670", "2008-09-30": "-2.07910", "2008-06-30": "3.31370", "2008-03-31": "1.14950", "2007-12-31": "8.39380", "2007-09-30": "9.23400", "2007-06-30": "5.83090", "2007-03-31": "7.83610", "2006-12-31": "11.99800", "2006-09-30": "8.76750", "2006-06-30": "9.71240", "2006-03-31": "8.96920", "2005-12-31": "7.97270", "2005-09-30": "9.47300", "2005-06-30": "4.87500", "2005-03-31": "6.38960"}, "Net Profit Margin": {"2020-09-30": "6.05840", "2020-06-30": "-21.94080", "2020-03-31": "0.32900", "2019-12-31": "15.34360", "2019-09-30": "17.48530", "2019-06-30": "9.85060", "2019-03-31": "5.98140", "2018-12-31": "9.23810", "2018-09-30": "14.37680", "2018-06-30": "7.02710", "2018-03-31": "4.79790", "2017-12-31": "-3.79280", "2017-09-30": "15.72350", "2017-06-30": "9.57300", "2017-03-31": "5.94090", "2016-12-31": "5.56160", "2016-09-30": "11.58970", "2016-06-30": "11.67560", "2016-03-31": "6.64410", "2015-12-31": "7.11610", "2015-09-30": "6.50930", "2015-06-30": "6.30580", "2015-03-31": "1.81650", "2014-12-31": "6.51300", "2014-09-30": "7.72720", "2014-06-30": "5.18430", "2014-03-31": "4.53480", "2013-12-31": "2.66250", "2013-09-30": "13.27690", "2013-06-30": "5.30270", "2013-03-31": "3.57700", "2012-12-31": "-3.70510", "2012-09-30": "4.62450", "2012-06-30": "1.90060", "2012-03-31": "4.42570", "2011-12-31": "3.43390", "2011-09-30": "-1.06170", "2011-06-30": "4.24910", "2011-03-31": "6.58200", "2010-12-31": "-21.38010", "2010-09-30": "8.05660", "2010-06-30": "-0.60720", "2010-03-31": "1.13040", "2009-12-31": "2.87360", "2009-09-30": "7.12370", "2009-06-30": "6.25230", "2009-03-31": "-5.26240", "2008-12-31": "-75.32330", "2008-09-30": "0.66510", "2008-06-30": "2.24310", "2008-03-31": "-3.53320", "2007-12-31": "0.11790", "2007-09-30": "6.93230", "2007-06-30": "3.63910", "2007-03-31": "5.98410", "2006-12-31": "10.45510", "2006-09-30": "6.88390", "2006-06-30": "7.75280", "2006-03-31": "6.90480", "2005-12-31": "4.24620", "2005-09-30": "7.06090", "2005-06-30": "2.01370", "2005-03-31": "3.04680"}, "Asset Turnover": {"2020-09-30": "0.16220", "2020-06-30": "0.13320", "2020-03-31": "0.13950", "2019-12-31": "0.14890", "2019-09-30": "0.18240", "2019-06-30": "0.15970", "2019-03-31": "0.15140", "2018-12-31": "0.19550", "2018-09-30": "0.20650", "2018-06-30": "0.18260", "2018-03-31": "0.17440", "2017-12-31": "0.19260", "2017-09-30": "0.20070", "2017-06-30": "0.17670", "2017-03-31": "0.18220", "2016-12-31": "0.19160", "2016-09-30": "0.21500", "2016-06-30": "0.19700", "2016-03-31": "0.19620", "2015-12-31": "0.21460", "2015-09-30": "0.22230", "2015-06-30": "0.20510", "2015-03-31": "0.20550", "2014-12-31": "0.22660", "2014-09-30": "0.23060", "2014-06-30": "0.19830", "2014-03-31": "0.22690", "2013-12-31": "0.23490", "2013-09-30": "0.23810", "2013-06-30": "0.22890", "2013-03-31": "0.22510", "2012-12-31": "0.22640", "2012-09-30": "0.21500", "2012-06-30": "0.21210", "2012-03-31": "0.19990", "2011-12-31": "0.21200", "2011-09-30": "0.21670", "2011-06-30": "0.19380", "2011-03-31": "0.18950", "2010-12-31": "0.20140", "2010-09-30": "0.18450", "2010-06-30": "0.19210", "2010-03-31": "0.18760", "2009-12-31": "0.20210", "2009-09-30": "0.18630", "2009-06-30": "0.17650", "2009-03-31": "0.17490", "2008-12-31": "0.18190", "2008-09-30": "0.16540", "2008-06-30": "0.14260", "2008-03-31": "0.13430", "2007-12-31": "0.13630", "2007-09-30": "0.13390", "2007-06-30": "0.13380", "2007-03-31": "0.13380", "2006-12-31": "0.13540", "2006-09-30": "0.16760", "2006-06-30": "0.16580", "2006-03-31": "0.16500", "2005-12-31": "0.16140", "2005-09-30": "0.20680", "2005-06-30": "0.19940", "2005-03-31": "0.17020"}, "Inventory Turnover Ratio": {"2020-09-30": "", "2020-06-30": "", "2020-03-31": "", "2019-12-31": "", "2019-09-30": "", "2019-06-30": "", "2019-03-31": "", "2018-12-31": "", "2018-09-30": "", "2018-06-30": "", "2018-03-31": "", "2017-12-31": "", "2017-09-30": "7.42880", "2017-06-30": "6.52170", "2017-03-31": "6.74640", "2016-12-31": "4.10930", "2016-09-30": "6.26620", "2016-06-30": "5.22320", "2016-03-31": "4.29390", "2015-12-31": "4.02310", "2015-09-30": "5.00630", "2015-06-30": "4.34450", "2015-03-31": "3.74350", "2014-12-31": "3.38130", "2014-09-30": "3.99670", "2014-06-30": "3.50940", "2014-03-31": "3.49230", "2013-12-31": "2.54420", "2013-09-30": "3.64450", "2013-06-30": "2.56100", "2013-03-31": "2.64850", "2012-12-31": "2.22500", "2012-09-30": "3.02690", "2012-06-30": "2.53900", "2012-03-31": "2.41750", "2011-12-31": "2.06360", "2011-09-30": "2.28720", "2011-06-30": "2.61050", "2011-03-31": "2.16620", "2010-12-31": "1.86610", "2010-09-30": "2.86120", "2010-06-30": "2.36510", "2010-03-31": "2.45150", "2009-12-31": "2.12500", "2009-09-30": "3.03610", "2009-06-30": "3.06030", "2009-03-31": "2.91370", "2008-12-31": "2.71680", "2008-09-30": "2.83060", "2008-06-30": "3.23980", "2008-03-31": "3.27590", "2007-12-31": "3.53450", "2007-09-30": "4.01680", "2007-06-30": "3.11490", "2007-03-31": "2.46780", "2006-12-31": "2.33300", "2006-09-30": "3.19090", "2006-06-30": "3.24620", "2006-03-31": "4.41820", "2005-12-31": "3.92460", "2005-09-30": "3.81180", "2005-06-30": "3.13050", "2005-03-31": "4.52000"}, "Receiveable Turnover": {"2020-09-30": "5.54900", "2020-06-30": "4.59940", "2020-03-31": "6.28800", "2019-12-31": "3.43550", "2019-09-30": "1.18700", "2019-06-30": "0.82690", "2019-03-31": "0.80700", "2018-12-31": "3.20660", "2018-09-30": "0.87800", "2018-06-30": "0.89270", "2018-03-31": "0.77840", "2017-12-31": "0.81170", "2017-09-30": "1.16520", "2017-06-30": "1.22750", "2017-03-31": "1.27640", "2016-12-31": "1.03350", "2016-09-30": "1.38870", "2016-06-30": "1.28420", "2016-03-31": "1.23360", "2015-12-31": "1.11170", "2015-09-30": "1.45810", "2015-06-30": "1.30470", "2015-03-31": "1.32520", "2014-12-31": "1.23000", "2014-09-30": "1.41090", "2014-06-30": "1.20430", "2014-03-31": "1.11930", "2013-12-31": "0.95270", "2013-09-30": "1.13430", "2013-06-30": "1.04920", "2013-03-31": "0.94520", "2012-12-31": "0.94720", "2012-09-30": "1.00090", "2012-06-30": "1.05460", "2012-03-31": "1.00450", "2011-12-31": "0.91380", "2011-09-30": "1.23190", "2011-06-30": "0.99790", "2011-03-31": "1.01270", "2010-12-31": "0.98290", "2010-09-30": "0.97790", "2010-06-30": "1.08020", "2010-03-31": "1.02140", "2009-12-31": "1.00940", "2009-09-30": "1.09860", "2009-06-30": "1.02280", "2009-03-31": "1.03730", "2008-12-31": "0.97950", "2008-09-30": "1.05530", "2008-06-30": "0.88580", "2008-03-31": "0.89580", "2007-12-31": "0.89800", "2007-09-30": "0.77460", "2007-06-30": "0.88390", "2007-03-31": "0.82760", "2006-12-31": "0.71930", "2006-09-30": "0.98470", "2006-06-30": "1.03390", "2006-03-31": "1.01110", "2005-12-31": "0.86700", "2005-09-30": "1.05650", "2005-06-30": "1.16180", "2005-03-31": "1.02560"}, "Days Sales In Receivables": {"2020-09-30": "16.21920", "2020-06-30": "19.56780", "2020-03-31": "14.31290", "2019-12-31": "26.19710", "2019-09-30": "75.82060", "2019-06-30": "108.84200", "2019-03-31": "111.52220", "2018-12-31": "28.06700", "2018-09-30": "102.50220", "2018-06-30": "100.81690", "2018-03-31": "115.62220", "2017-12-31": "110.87350", "2017-09-30": "77.23710", "2017-06-30": "73.31730", "2017-03-31": "70.51120", "2016-12-31": "87.08440", "2016-09-30": "64.80700", "2016-06-30": "70.08520", "2016-03-31": "72.95830", "2015-12-31": "80.95750", "2015-09-30": "61.72540", "2015-06-30": "68.97910", "2015-03-31": "67.91420", "2014-12-31": "73.17250", "2014-09-30": "63.78710", "2014-06-30": "74.73130", "2014-03-31": "80.40610", "2013-12-31": "94.47290", "2013-09-30": "79.34270", "2013-06-30": "85.77670", "2013-03-31": "95.21560", "2012-12-31": "95.01960", "2012-09-30": "89.92350", "2012-06-30": "85.34010", "2012-03-31": "89.60020", "2011-12-31": "98.49300", "2011-09-30": "73.05760", "2011-06-30": "90.19040", "2011-03-31": "88.87070", "2010-12-31": "91.56970", "2010-09-30": "92.03090", "2010-06-30": "83.32150", "2010-03-31": "88.11110", "2009-12-31": "89.16230", "2009-09-30": "81.92070", "2009-06-30": "87.99480", "2009-03-31": "86.76120", "2008-12-31": "91.88820", "2008-09-30": "85.28240", "2008-06-30": "101.60080", "2008-03-31": "100.47050", "2007-12-31": "100.21840", "2007-09-30": "116.19300", "2007-06-30": "101.82320", "2007-03-31": "108.74440", "2006-12-31": "125.11800", "2006-09-30": "91.40190", "2006-06-30": "87.04670", "2006-03-31": "89.01410", "2005-12-31": "103.80270", "2005-09-30": "85.18980", "2005-06-30": "77.46490", "2005-03-31": "87.75010"}, "ROE - Return On Equity": {"2020-09-30": "3.08750", "2020-06-30": "-9.54370", "2020-03-31": "0.13340", "2019-12-31": "6.74770", "2019-09-30": "9.51480", "2019-06-30": "4.86370", "2019-03-31": "2.68490", "2018-12-31": "4.85820", "2018-09-30": "8.67230", "2018-06-30": "4.07650", "2018-03-31": "2.33330", "2017-12-31": "-1.90320", "2017-09-30": "8.38010", "2017-06-30": "4.83010", "2017-03-31": "2.94310", "2016-12-31": "3.18190", "2016-09-30": "6.56370", "2016-06-30": "6.51790", "2016-03-31": "3.54790", "2015-12-31": "4.05870", "2015-09-30": "3.92710", "2015-06-30": "3.57790", "2015-03-31": "1.03940", "2014-12-31": "4.11540", "2014-09-30": "4.78040", "2014-06-30": "2.72730", "2014-03-31": "2.40380", "2013-12-31": "1.43380", "2013-09-30": "7.81920", "2013-06-30": "3.37820", "2013-03-31": "2.30160", "2012-12-31": "-2.42490", "2012-09-30": "2.52220", "2012-06-30": "1.05500", "2012-03-31": "2.32540", "2011-12-31": "2.10500", "2011-09-30": "-0.55540", "2011-06-30": "2.09400", "2011-03-31": "3.15820", "2010-12-31": "-11.82210", "2010-09-30": "3.63170", "2010-06-30": "-0.22690", "2010-03-31": "0.63820", "2009-12-31": "1.55110", "2009-09-30": "3.31400", "2009-06-30": "3.03370", "2009-03-31": "-2.56530", "2008-12-31": "-39.52350", "2008-09-30": "0.40280", "2008-06-30": "0.92680", "2008-03-31": "-0.96860", "2007-12-31": "0.56320", "2007-09-30": "2.21920", "2007-06-30": "1.32500", "2007-03-31": "1.96440", "2006-12-31": "4.71640", "2006-09-30": "3.92250", "2006-06-30": "4.48650", "2006-03-31": "4.07170", "2005-12-31": "3.66360", "2005-09-30": "4.53600", "2005-06-30": "1.44240", "2005-03-31": "1.99350"}, "Return On Tangible Equity": {"2020-09-30": "7.46170", "2020-06-30": "-25.08850", "2020-03-31": "0.38690", "2019-12-31": "15.36320", "2019-09-30": "20.73510", "2019-06-30": "11.57570", "2019-03-31": "7.29960", "2018-12-31": "14.46160", "2018-09-30": "30.54360", "2018-06-30": "20.23660", "2018-03-31": "11.09130", "2017-12-31": "-6.88560", "2017-09-30": "33.61920", "2017-06-30": "28.81850", "2017-03-31": "29.82160", "2016-12-31": "62.95990", "2016-09-30": "70.51120", "2016-06-30": "1329.24600", "2016-03-31": "-52.88200", "2015-12-31": "-123.14360", "2015-09-30": "-49.95950", "2015-06-30": "-66.16680", "2015-03-31": "-36.43750", "2014-12-31": "-119.11690", "2014-09-30": "-58.95000", "2014-06-30": "-22.25170", "2014-03-31": "21.47130", "2013-12-31": "19.47910", "2013-09-30": "891.21380", "2013-06-30": "-31.78810", "2013-03-31": "-14.90900", "2012-12-31": "33.07010", "2012-09-30": "-198.24250", "2012-06-30": "-17.68160", "2012-03-31": "-32.84600", "2011-12-31": "-17.95310", "2011-09-30": "5.31920", "2011-06-30": "48.41890", "2011-03-31": "398.71130", "2010-12-31": "270.76550", "2010-09-30": "-47.95670", "2010-06-30": "2.69040", "2010-03-31": "-9.23230", "2009-12-31": "-17.19730", "2009-09-30": "-30.70720", "2009-06-30": "-17.63340", "2009-03-31": "10.12870", "2008-12-31": "166.51470", "2008-09-30": "-1.74780", "2008-06-30": "-3.92590", "2008-03-31": "3.56970", "2007-12-31": "-2.10200", "2007-09-30": "-6.77610", "2007-06-30": "-3.41440", "2007-03-31": "8.24490", "2006-12-31": "-37.35320", "2006-09-30": "-17.14660", "2006-06-30": "-14.50680", "2006-03-31": "-10.23890", "2005-12-31": "-6.77630", "2005-09-30": "-8.97320", "2005-06-30": "-2.36390", "2005-03-31": "-3.33520"}, "ROA - Return On Assets": {"2020-09-30": "0.98440", "2020-06-30": "-2.92140", "2020-03-31": "0.04110", "2019-12-31": "2.28810", "2019-09-30": "3.18820", "2019-06-30": "1.56930", "2019-03-31": "0.90660", "2018-12-31": "1.80340", "2018-09-30": "2.95470", "2018-06-30": "1.28080", "2018-03-31": "0.83440", "2017-12-31": "-0.72700", "2017-09-30": "3.15780", "2017-06-30": "1.69090", "2017-03-31": "1.08050", "2016-12-31": "1.05630", "2016-09-30": "2.49360", "2016-06-30": "2.29610", "2016-03-31": "1.30290", "2015-12-31": "1.52880", "2015-09-30": "1.44630", "2015-06-30": "1.27940", "2015-03-31": "0.37050", "2014-12-31": "1.47950", "2014-09-30": "1.77560", "2014-06-30": "1.02720", "2014-03-31": "1.02320", "2013-12-31": "0.57280", "2013-09-30": "3.16760", "2013-06-30": "1.21730", "2013-03-31": "0.80860", "2012-12-31": "-0.82290", "2012-09-30": "0.97450", "2012-06-30": "0.40160", "2012-03-31": "0.87980", "2011-12-31": "0.73610", "2011-09-30": "-0.21160", "2011-06-30": "0.85130", "2011-03-31": "1.27240", "2010-12-31": "-4.35240", "2010-09-30": "1.49360", "2010-06-30": "-0.09080", "2010-03-31": "0.26380", "2009-12-31": "0.62200", "2009-09-30": "1.30610", "2009-06-30": "1.12690", "2009-03-31": "-0.88990", "2008-12-31": "-13.94390", "2008-09-30": "0.16750", "2008-06-30": "0.38280", "2008-03-31": "-0.39900", "2007-12-31": "0.21620", "2007-09-30": "0.85050", "2007-06-30": "0.47460", "2007-03-31": "0.71600", "2006-12-31": "1.28930", "2006-09-30": "1.07140", "2006-06-30": "1.19930", "2006-03-31": "1.04990", "2005-12-31": "0.84530", "2005-09-30": "1.34030", "2005-06-30": "0.40150", "2005-03-31": "0.51860"}, "ROI - Return On Investment": {"2020-09-30": "1.65330", "2020-06-30": "-5.00300", "2020-03-31": "0.07250", "2019-12-31": "3.99100", "2019-09-30": "5.47270", "2019-06-30": "2.72570", "2019-03-31": "2.03310", "2018-12-31": "3.28610", "2018-09-30": "5.59010", "2018-06-30": "3.00620", "2018-03-31": "1.53870", "2017-12-31": "-1.41510", "2017-09-30": "5.57640", "2017-06-30": "2.85650", "2017-03-31": "1.84110", "2016-12-31": "1.95040", "2016-09-30": "4.20480", "2016-06-30": "3.81620", "2016-03-31": "2.23130", "2015-12-31": "2.71310", "2015-09-30": "2.50400", "2015-06-30": "2.28540", "2015-03-31": "0.64750", "2014-12-31": "2.66360", "2014-09-30": "3.18210", "2014-06-30": "1.78160", "2014-03-31": "1.78290", "2013-12-31": "1.10310", "2013-09-30": "5.62960", "2013-06-30": "2.20860", "2013-03-31": "1.49880", "2012-12-31": "-1.56120", "2012-09-30": "2.20560", "2012-06-30": "0.83400", "2012-03-31": "1.80580", "2011-12-31": "1.60070", "2011-09-30": "-0.34700", "2011-06-30": "1.39990", "2011-03-31": "2.07950", "2010-12-31": "-7.59800", "2010-09-30": "2.42960", "2010-06-30": "-0.14550", "2010-03-31": "0.42080", "2009-12-31": "0.98870", "2009-09-30": "2.19450", "2009-06-30": "1.95630", "2009-03-31": "-1.57500", "2008-12-31": "-24.60410", "2008-09-30": "0.25230", "2008-06-30": "0.56990", "2008-03-31": "-0.58560", "2007-12-31": "0.31980", "2007-09-30": "1.27320", "2007-06-30": "0.70140", "2007-03-31": "1.12810", "2006-12-31": "2.16960", "2006-09-30": "1.72830", "2006-06-30": "1.89860", "2006-03-31": "1.66220", "2005-12-31": "1.41680", "2005-09-30": "2.54710", "2005-06-30": "0.75380", "2005-03-31": "1.06730"}, "Book Value Per Share": {"2020-09-30": "24.96190", "2020-06-30": "23.19170", "2020-03-31": "24.69590", "2019-12-31": "29.12790", "2019-09-30": "26.65080", "2019-06-30": "25.66480", "2019-03-31": "24.79130", "2018-12-31": "23.79090", "2018-09-30": "22.91380", "2018-06-30": "20.99620", "2018-03-31": "21.92060", "2017-12-31": "22.71400", "2017-09-30": "22.73620", "2017-06-30": "20.23580", "2017-03-31": "18.19080", "2016-12-31": "17.21810", "2016-09-30": "17.73920", "2016-06-30": "16.36840", "2016-03-31": "15.75270", "2015-12-31": "15.57410", "2015-09-30": "15.11280", "2015-06-30": "14.24370", "2015-03-31": "13.21910", "2014-12-31": "14.20260", "2014-09-30": "13.88390", "2014-06-30": "14.32790", "2014-03-31": "13.01020", "2013-12-31": "12.61100", "2013-09-30": "12.21800", "2013-06-30": "10.75280", "2013-03-31": "10.53080", "2012-12-31": "10.67530", "2012-09-30": "11.18870", "2012-06-30": "10.67870", "2012-03-31": "11.10880", "2011-12-31": "10.44320", "2011-09-30": "10.15890", "2011-06-30": "11.45090", "2011-03-31": "10.80430", "2010-12-31": "10.17830", "2010-09-30": "11.41470", "2010-06-30": "9.98920", "2010-03-31": "10.82070", "2009-12-31": "11.13850", "2009-09-30": "11.03990", "2009-06-30": "10.33640", "2009-03-31": "9.18270", "2008-12-31": "9.84340", "2008-09-30": "14.35150", "2008-06-30": "15.60330", "2008-03-31": "15.32380", "2007-12-31": "14.78770", "2007-09-30": "14.22700", "2007-06-30": "12.83960", "2007-03-31": "10.50670", "2006-12-31": "8.24770", "2006-09-30": "7.07150", "2006-06-30": "6.66600", "2006-03-31": "6.21540", "2005-12-31": "5.76790", "2005-09-30": "5.51980", "2005-06-30": "5.23390", "2005-03-31": "5.13700"}, "Operating Cash Flow Per Share": {"2020-09-30": 0.7246, "2020-06-30": 1.4855, "2020-03-31": "1.93290", "2019-12-31": 2.6769, "2019-09-30": 5.4732, "2019-06-30": 0.8036, "2019-03-31": "0.23320", "2018-12-31": 3.7228, "2018-09-30": 2.2532, "2018-06-30": 0.7798, "2018-03-31": "0.51580", "2017-12-31": 0.5747, "2017-09-30": 2.7494, "2017-06-30": 0.5807, "2017-03-31": "1.28920", "2016-12-31": 3.2613, "2016-09-30": 1.4888, "2016-06-30": 0.5818, "2016-03-31": "1.91840", "2015-12-31": -0.2678, "2015-09-30": 1.32, "2015-06-30": 1.9083, "2015-03-31": "1.01630", "2014-12-31": 0.2475, "2014-09-30": 2.1951, "2014-06-30": 0.9121, "2014-03-31": "1.00560", "2013-12-31": 0.373, "2013-09-30": 1.8901, "2013-06-30": 0.6833, "2013-03-31": "0.31100", "2012-12-31": 0.8127, "2012-09-30": 1.5992, "2012-06-30": 0.737, "2012-03-31": "0.44350", "2011-12-31": 0.3669, "2011-09-30": 0.449, "2011-06-30": 0.4235, "2011-03-31": "0.65270", "2010-12-31": 0.4612, "2010-09-30": -0.0651, "2010-06-30": 0.7128, "2010-03-31": "1.01640", "2009-12-31": -0.3949, "2009-09-30": 1.2844, "2009-06-30": 0.6758, "2009-03-31": "0.30040", "2008-12-31": 0.8943, "2008-09-30": -0.1791, "2008-06-30": 0.8421, "2008-03-31": "0.29810", "2007-12-31": 0.5826, "2007-09-30": 1.0699, "2007-06-30": -0.1519, "2007-03-31": "0.17140", "2006-12-31": 1.0691, "2006-09-30": 0.8251, "2006-06-30": 0.2166, "2006-03-31": "0.14860", "2005-12-31": 0.476, "2005-09-30": 0.4025, "2005-06-30": 0.2672, "2005-03-31": "0.27420"}, "Free Cash Flow Per Share": {"2020-09-30": 0.2537, "2020-06-30": 1.1692, "2020-03-31": "1.37810", "2019-12-31": 2.0806, "2019-09-30": 4.9168, "2019-06-30": 0.1303, "2019-03-31": "-0.33160", "2018-12-31": 3.1772, "2018-09-30": 1.7376, "2018-06-30": 0.2344, "2018-03-31": "0.06330", "2017-12-31": 0.0811, "2017-09-30": 2.3472, "2017-06-30": 0.125, "2017-03-31": "0.87660", "2016-12-31": 2.7724, "2016-09-30": 1.142, "2016-06-30": 0.117, "2016-03-31": "1.60020", "2015-12-31": -0.6337, "2015-09-30": 0.947, "2015-06-30": 1.5178, "2015-03-31": "0.76580", "2014-12-31": -0.0869, "2014-09-30": 1.9031, "2014-06-30": 0.5773, "2014-03-31": "0.79620", "2013-12-31": 0.1156, "2013-09-30": 1.6736, "2013-06-30": 0.4906, "2013-03-31": "0.19080", "2012-12-31": 0.5583, "2012-09-30": 1.4343, "2012-06-30": 0.4427, "2012-03-31": "0.25830", "2011-12-31": 0.1182, "2011-09-30": 0.1307, "2011-06-30": 0.2304, "2011-03-31": "0.52350", "2010-12-31": 0.2959, "2010-09-30": -0.2299, "2010-06-30": 0.5736, "2010-03-31": "0.91150", "2009-12-31": -0.3955, "2009-09-30": 1.1072, "2009-06-30": 0.4803, "2009-03-31": "0.16830", "2008-12-31": 0.6598, "2008-09-30": -0.3325, "2008-06-30": 0.6268, "2008-03-31": "0.09380", "2007-12-31": 0.1699, "2007-09-30": 0.9164, "2007-06-30": -0.3211, "2007-03-31": "0.09400", "2006-12-31": 0.9367, "2006-09-30": 0.7132, "2006-06-30": 0.1329, "2006-03-31": "-0.00510", "2005-12-31": 0.2464, "2005-09-30": 0.3385, "2005-06-30": 0.1451, "2005-03-31": "0.19450"}}, "revenue": {"Euronet Worldwide Annual Revenue (Millions of US $)": {"2019": "$2,750", "2018": "$2,537", "2017": "$2,252", "2016": "$1,959", "2015": "$1,772", "2014": "$1,664", "2013": "$1,413", "2012": "$1,268", "2011": "$1,161", "2010": "$1,038", "2009": "$1,033", "2008": "$1,046", "2007": "$903", "2006": "$615", "2005": "$531"}, "Euronet Worldwide Quarterly Revenue (Millions of US $)": {"2020-09-30": "$664", "2020-06-30": "$528", "2020-03-31": "$584", "2019-12-31": "$694", "2019-09-30": "$787", "2019-06-30": "$692", "2019-03-31": "$578", "2018-12-31": "$649", "2018-09-30": "$715", "2018-06-30": "$622", "2018-03-31": "$551", "2017-12-31": "$605", "2017-09-30": "$638", "2017-06-30": "$537", "2017-03-31": "$473", "2016-12-31": "$520", "2016-09-30": "$524", "2016-06-30": "$477", "2016-03-31": "$438", "2015-12-31": "$471", "2015-09-30": "$481", "2015-06-30": "$425", "2015-03-31": "$395", "2014-12-31": "$462", "2014-09-30": "$453", "2014-06-30": "$395", "2014-03-31": "$353", "2013-12-31": "$375", "2013-09-30": "$361", "2013-06-30": "$342", "2013-03-31": "$336", "2012-12-31": "$351", "2012-09-30": "$316", "2012-06-30": "$302", "2012-03-31": "$298", "2011-12-31": "$319", "2011-09-30": "$300", "2011-06-30": "$280", "2011-03-31": "$263", "2010-12-31": "$284", "2010-09-30": "$260", "2010-06-30": "$244", "2010-03-31": "$250", "2009-12-31": "$286", "2009-09-30": "$265", "2009-06-30": "$249", "2009-03-31": "$234", "2008-12-31": "$256", "2008-09-30": "$281", "2008-06-30": "$264", "2008-03-31": "$245", "2007-12-31": "$257", "2007-09-30": "$242", "2007-06-30": "$233", "2007-03-31": "$170", "2006-12-31": "$153", "2006-09-30": "$162", "2006-06-30": "$154", "2006-03-31": "$147", "2005-12-31": "$144", "2005-09-30": "$137", "2005-06-30": "$132", "2005-03-31": "$117"}}, "gross-profit": {"Euronet Worldwide Annual Gross Profit (Millions of US $)": {"2019": "$1,194", "2018": "$1,048", "2017": "$896", "2016": "$784", "2015": "$690", "2014": "$631", "2013": "$520", "2012": "$456", "2011": "$421", "2010": "$363", "2009": "$354", "2008": "$342", "2007": "$279", "2006": "$180", "2005": "$160"}, "Euronet Worldwide Quarterly Gross Profit (Millions of US $)": {"2020-09-30": "$257", "2020-06-30": "$178", "2020-03-31": "$224", "2019-12-31": "$290", "2019-09-30": "$382", "2019-06-30": "$298", "2019-03-31": "$224", "2018-12-31": "$254", "2018-09-30": "$326", "2018-06-30": "$261", "2018-03-31": "$207", "2017-12-31": "$227", "2017-09-30": "$273", "2017-06-30": "$219", "2017-03-31": "$177", "2016-12-31": "$199", "2016-09-30": "$224", "2016-06-30": "$195", "2016-03-31": "$166", "2015-12-31": "$180", "2015-09-30": "$199", "2015-06-30": "$167", "2015-03-31": "$144", "2014-12-31": "$172", "2014-09-30": "$179", "2014-06-30": "$153", "2014-03-31": "$127", "2013-12-31": "$139", "2013-09-30": "$137", "2013-06-30": "$127", "2013-03-31": "$117", "2012-12-31": "$126", "2012-09-30": "$116", "2012-06-30": "$110", "2012-03-31": "$104", "2011-12-31": "$115", "2011-09-30": "$109", "2011-06-30": "$104", "2011-03-31": "$92", "2010-12-31": "$102", "2010-09-30": "$93", "2010-06-30": "$83", "2010-03-31": "$84", "2009-12-31": "$99", "2009-09-30": "$91", "2009-06-30": "$84", "2009-03-31": "$80", "2008-12-31": "$89", "2008-09-30": "$89", "2008-06-30": "$85", "2008-03-31": "$79", "2007-12-31": "$79", "2007-09-30": "$77", "2007-06-30": "$73", "2007-03-31": "$50", "2006-12-31": "$37", "2006-09-30": "$49", "2006-06-30": "$48", "2006-03-31": "$46", "2005-12-31": "$44", "2005-09-30": "$42", "2005-06-30": "$40", "2005-03-31": "$35"}}, "operating-income": {"Euronet Worldwide Annual Operating Income (Millions of US $)": {"2019": "$475", "2018": "$358", "2017": "$266", "2016": "$250", "2015": "$205", "2014": "$159", "2013": "$118", "2012": "$58", "2011": "$79", "2010": "$5", "2009": "$72", "2008": "$-149", "2007": "$76", "2006": "$51", "2005": "$47"}, "Euronet Worldwide Quarterly Operating Income (Millions of US $)": {"2020-09-30": "$66", "2020-06-30": "$-101", "2020-03-31": "$32", "2019-12-31": "$107", "2019-09-30": "$194", "2019-06-30": "$118", "2019-03-31": "$56", "2018-12-31": "$71", "2018-09-30": "$151", "2018-06-30": "$90", "2018-03-31": "$45", "2017-12-31": "$41", "2017-09-30": "$117", "2017-06-30": "$67", "2017-03-31": "$41", "2016-12-31": "$58", "2016-09-30": "$90", "2016-06-30": "$59", "2016-03-31": "$42", "2015-12-31": "$55", "2015-09-30": "$70", "2015-06-30": "$47", "2015-03-31": "$32", "2014-12-31": "$49", "2014-09-30": "$51", "2014-06-30": "$34", "2014-03-31": "$24", "2013-12-31": "$16", "2013-09-30": "$55", "2013-06-30": "$28", "2013-03-31": "$19", "2012-12-31": "$-2", "2012-09-30": "$24", "2012-06-30": "$20", "2012-03-31": "$16", "2011-12-31": "$23", "2011-09-30": "$20", "2011-06-30": "$19", "2011-03-31": "$17", "2010-12-31": "$-50", "2010-09-30": "$20", "2010-06-30": "$17", "2010-03-31": "$18", "2009-12-31": "$22", "2009-09-30": "$22", "2009-06-30": "$18", "2009-03-31": "$10", "2008-12-31": "$-198", "2008-09-30": "$19", "2008-06-30": "$17", "2008-03-31": "$13", "2007-12-31": "$31", "2007-09-30": "$18", "2007-06-30": "$15", "2007-03-31": "$12", "2006-12-31": "$13", "2006-09-30": "$13", "2006-06-30": "$12", "2006-03-31": "$12", "2005-12-31": "$13", "2005-09-30": "$13", "2005-06-30": "$11", "2005-03-31": "$10"}}, "ebitda": {"Euronet Worldwide Annual EBITDA (Millions of US $)": {"2019": "$604", "2018": "$478", "2017": "$375", "2016": "$343", "2015": "$287", "2014": "$233", "2013": "$185", "2012": "$130", "2011": "$152", "2010": "$72", "2009": "$139", "2008": "$-77", "2007": "$138", "2006": "$82", "2005": "$72"}, "Euronet Worldwide Quarterly EBITDA (Millions of US $)": {"2020-09-30": "$103", "2020-06-30": "$-66", "2020-03-31": "$67", "2019-12-31": "$140", "2019-09-30": "$226", "2019-06-30": "$151", "2019-03-31": "$87", "2018-12-31": "$102", "2018-09-30": "$181", "2018-06-30": "$120", "2018-03-31": "$75", "2017-12-31": "$70", "2017-09-30": "$145", "2017-06-30": "$93", "2017-03-31": "$66", "2016-12-31": "$84", "2016-09-30": "$113", "2016-06-30": "$82", "2016-03-31": "$64", "2015-12-31": "$76", "2015-09-30": "$91", "2015-06-30": "$67", "2015-03-31": "$52", "2014-12-31": "$70", "2014-09-30": "$70", "2014-06-30": "$52", "2014-03-31": "$41", "2013-12-31": "$33", "2013-09-30": "$71", "2013-06-30": "$44", "2013-03-31": "$37", "2012-12-31": "$15", "2012-09-30": "$43", "2012-06-30": "$38", "2012-03-31": "$34", "2011-12-31": "$44", "2011-09-30": "$37", "2011-06-30": "$36", "2011-03-31": "$34", "2010-12-31": "$-32", "2010-09-30": "$37", "2010-06-30": "$32", "2010-03-31": "$35", "2009-12-31": "$40", "2009-09-30": "$39", "2009-06-30": "$34", "2009-03-31": "$26", "2008-12-31": "$-182", "2008-09-30": "$38", "2008-06-30": "$36", "2008-03-31": "$31", "2007-12-31": "$57", "2007-09-30": "$32", "2007-06-30": "$29", "2007-03-31": "$20", "2006-12-31": "$22", "2006-09-30": "$21", "2006-06-30": "$20", "2006-03-31": "$20", "2005-12-31": "$20", "2005-09-30": "$19", "2005-06-30": "$17", "2005-03-31": "$16"}}, "net-income": {"Euronet Worldwide Annual Net Income (Millions of US $)": {"2019": "$347", "2018": "$233", "2017": "$157", "2016": "$174", "2015": "$99", "2014": "$102", "2013": "$88", "2012": "$21", "2011": "$37", "2010": "$-38", "2009": "$30", "2008": "$-193", "2007": "$36", "2006": "$49", "2005": "$22"}, "Euronet Worldwide Quarterly Net Income (Millions of US $)": {"2020-09-30": "$40", "2020-06-30": "$-116", "2020-03-31": "$2", "2019-12-31": "$106", "2019-09-30": "$138", "2019-06-30": "$68", "2019-03-31": "$35", "2018-12-31": "$60", "2018-09-30": "$103", "2018-06-30": "$44", "2018-03-31": "$26", "2017-12-31": "$-23", "2017-09-30": "$100", "2017-06-30": "$51", "2017-03-31": "$28", "2016-12-31": "$29", "2016-09-30": "$61", "2016-06-30": "$56", "2016-03-31": "$29", "2015-12-31": "$33", "2015-09-30": "$31", "2015-06-30": "$27", "2015-03-31": "$7", "2014-12-31": "$30", "2014-09-30": "$35", "2014-06-30": "$21", "2014-03-31": "$16", "2013-12-31": "$10", "2013-09-30": "$48", "2013-06-30": "$18", "2013-03-31": "$12", "2012-12-31": "$-13", "2012-09-30": "$15", "2012-06-30": "$6", "2012-03-31": "$13", "2011-12-31": "$11", "2011-09-30": "$-3", "2011-06-30": "$12", "2011-03-31": "$17", "2010-12-31": "$-61", "2010-09-30": "$21", "2010-06-30": "$-1", "2010-03-31": "$3", "2009-12-31": "$8", "2009-09-30": "$19", "2009-06-30": "$16", "2009-03-31": "$-12", "2008-12-31": "$-193", "2008-09-30": "$2", "2008-06-30": "$6", "2008-03-31": "$-9", "2007-12-31": "$0", "2007-09-30": "$17", "2007-06-30": "$8", "2007-03-31": "$10", "2006-12-31": "$16", "2006-09-30": "$11", "2006-06-30": "$12", "2006-03-31": "$10", "2005-12-31": "$6", "2005-09-30": "$10", "2005-06-30": "$3", "2005-03-31": "$4"}}, "eps-earnings-per-share-diluted": {"Euronet Worldwide Annual EPS": {"2019": "$6.31", "2018": "$4.26", "2017": "$2.85", "2016": "$3.23", "2015": "$1.83", "2014": "$1.89", "2013": "$1.69", "2012": "$0.40", "2011": "$0.71", "2010": "$-0.75", "2009": "$0.59", "2008": "$-3.93", "2007": "$0.76", "2006": "$1.16", "2005": "$0.60"}, "Euronet Worldwide Quarterly EPS": {"2020-09-30": "$0.76", "2020-06-30": "$-2.22", "2020-03-31": "$0.04", "2019-12-31": "$1.98", "2019-09-30": "$2.46", "2019-06-30": "$1.25", "2019-03-31": "$0.62", "2018-12-31": "$1.06", "2018-09-30": "$1.89", "2018-06-30": "$0.82", "2018-03-31": "$0.49", "2017-12-31": "$-0.39", "2017-09-30": "$1.80", "2017-06-30": "$0.93", "2017-03-31": "$0.51", "2016-12-31": "$0.55", "2016-09-30": "$1.11", "2016-06-30": "$1.04", "2016-03-31": "$0.53", "2015-12-31": "$0.63", "2015-09-30": "$0.57", "2015-06-30": "$0.50", "2015-03-31": "$0.13", "2014-12-31": "$0.57", "2014-09-30": "$0.64", "2014-06-30": "$0.38", "2014-03-31": "$0.30", "2013-12-31": "$0.18", "2013-09-30": "$0.92", "2013-06-30": "$0.35", "2013-03-31": "$0.24", "2012-12-31": "$-0.25", "2012-09-30": "$0.28", "2012-06-30": "$0.11", "2012-03-31": "$0.26", "2011-12-31": "$0.21", "2011-09-30": "$-0.06", "2011-06-30": "$0.23", "2011-03-31": "$0.33", "2010-12-31": "$-1.18", "2010-09-30": "$0.41", "2010-06-30": "$-0.03", "2010-03-31": "$0.05", "2009-12-31": "$0.17", "2009-09-30": "$0.36", "2009-06-30": "$0.30", "2009-03-31": "$-0.24", "2008-12-31": "$-3.91", "2008-09-30": "$0.04", "2008-06-30": "$0.12", "2008-03-31": "$-0.18", "2007-12-31": "$0.05", "2007-09-30": "$0.31", "2007-06-30": "$0.17", "2007-03-31": "$0.23", "2006-12-31": "$0.38", "2006-09-30": "$0.26", "2006-06-30": "$0.28", "2006-03-31": "$0.24", "2005-12-31": "$0.20", "2005-09-30": "$0.23", "2005-06-30": "$0.07", "2005-03-31": "$0.10"}}, "shares-outstanding": {"Euronet Worldwide Annual Shares Outstanding (Millions of Shares)": {"2019": "55", "2018": "55", "2017": "55", "2016": "54", "2015": "54", "2014": "54", "2013": "52", "2012": "51", "2011": "52", "2010": "51", "2009": "51", "2008": "49", "2007": "47", "2006": "42", "2005": "37"}, "Euronet Worldwide Quarterly Shares Outstanding (Millions of Shares)": {"2020-09-30": "53", "2020-06-30": "52", "2020-03-31": "55", "2019-12-31": "55", "2019-09-30": "56", "2019-06-30": "55", "2019-03-31": "56", "2018-12-31": "55", "2018-09-30": "54", "2018-06-30": "53", "2018-03-31": "54", "2017-12-31": "55", "2017-09-30": "56", "2017-06-30": "55", "2017-03-31": "55", "2016-12-31": "54", "2016-09-30": "55", "2016-06-30": "54", "2016-03-31": "55", "2015-12-31": "54", "2015-09-30": "55", "2015-06-30": "54", "2015-03-31": "54", "2014-12-31": "54", "2014-09-30": "55", "2014-06-30": "54", "2014-03-31": "53", "2013-12-31": "52", "2013-09-30": "52", "2013-06-30": "52", "2013-03-31": "51", "2012-12-31": "51", "2012-09-30": "52", "2012-06-30": "52", "2012-03-31": "51", "2011-12-31": "52", "2011-09-30": "51", "2011-06-30": "52", "2011-03-31": "52", "2010-12-31": "51", "2010-09-30": "52", "2010-06-30": "51", "2010-03-31": "52", "2009-12-31": "51", "2009-09-30": "52", "2009-06-30": "51", "2009-03-31": "50", "2008-12-31": "49", "2008-09-30": "51", "2008-06-30": "51", "2008-03-31": "49", "2007-12-31": "47", "2007-09-30": "54", "2007-06-30": "49", "2007-03-31": "44", "2006-12-31": "42", "2006-09-30": "43", "2006-06-30": "43", "2006-03-31": "42", "2005-12-31": "37", "2005-09-30": "42", "2005-06-30": "37", "2005-03-31": "36"}}, "total-assets": {"Euronet Worldwide Annual Total Assets (Millions of US $)": {"2019": "$4,658", "2018": "$3,321", "2017": "$3,140", "2016": "$2,713", "2015": "$2,193", "2014": "$2,038", "2013": "$1,598", "2012": "$1,552", "2011": "$1,506", "2010": "$1,409", "2009": "$1,413", "2008": "$1,406", "2007": "$1,886", "2006": "$1,130", "2005": "$894"}, "Euronet Worldwide Quarterly Total Assets (Millions of US $)": {"2020-09-30": "$4,095", "2020-06-30": "$3,962", "2020-03-31": "$4,184", "2019-12-31": "$4,658", "2019-09-30": "$4,314", "2019-06-30": "$4,333", "2019-03-31": "$3,814", "2018-12-31": "$3,321", "2018-09-30": "$3,461", "2018-06-30": "$3,407", "2018-03-31": "$3,157", "2017-12-31": "$3,140", "2017-09-30": "$3,178", "2017-06-30": "$3,037", "2017-03-31": "$2,598", "2016-12-31": "$2,713", "2016-09-30": "$2,437", "2016-06-30": "$2,420", "2016-03-31": "$2,232", "2015-12-31": "$2,193", "2015-09-30": "$2,166", "2015-06-30": "$2,073", "2015-03-31": "$1,923", "2014-12-31": "$2,038", "2014-09-30": "$1,966", "2014-06-30": "$1,995", "2014-03-31": "$1,557", "2013-12-31": "$1,598", "2013-09-30": "$1,515", "2013-06-30": "$1,492", "2013-03-31": "$1,491", "2012-12-31": "$1,552", "2012-09-30": "$1,472", "2012-06-30": "$1,426", "2012-03-31": "$1,489", "2011-12-31": "$1,506", "2011-09-30": "$1,382", "2011-06-30": "$1,444", "2011-03-31": "$1,386", "2010-12-31": "$1,409", "2010-09-30": "$1,410", "2010-06-30": "$1,272", "2010-03-31": "$1,333", "2009-12-31": "$1,413", "2009-09-30": "$1,422", "2009-06-30": "$1,409", "2009-03-31": "$1,337", "2008-12-31": "$1,406", "2008-09-30": "$1,697", "2008-06-30": "$1,855", "2008-03-31": "$1,823", "2007-12-31": "$1,886", "2007-09-30": "$1,805", "2007-06-30": "$1,745", "2007-03-31": "$1,273", "2006-12-31": "$1,130", "2006-09-30": "$964", "2006-06-30": "$928", "2006-03-31": "$891", "2005-12-31": "$894", "2005-09-30": "$664", "2005-06-30": "$663", "2005-03-31": "$689"}}, "cash-on-hand": {"Euronet Worldwide Annual Cash on Hand (Millions of US $)": {"2019": "$1,486", "2018": "$812", "2017": "$901", "2016": "$812", "2015": "$503", "2014": "$536", "2013": "$288", "2012": "$273", "2011": "$244", "2010": "$296", "2009": "$257", "2008": "$312", "2007": "$407", "2006": "$402", "2005": "$294"}, "Euronet Worldwide Quarterly Cash on Hand (Millions of US $)": {"2020-09-30": "$1,432", "2020-06-30": "$1,303", "2020-03-31": "$1,297", "2019-12-31": "$1,486", "2019-09-30": "$1,795", "2019-06-30": "$1,630", "2019-03-31": "$1,291", "2018-12-31": "$812", "2018-09-30": "$1,203", "2018-06-30": "$1,236", "2018-03-31": "$949", "2017-12-31": "$901", "2017-09-30": "$1,176", "2017-06-30": "$1,160", "2017-03-31": "$864", "2016-12-31": "$812", "2016-09-30": "$717", "2016-06-30": "$724", "2016-03-31": "$586", "2015-12-31": "$503", "2015-09-30": "$570", "2015-06-30": "$584", "2015-03-31": "$523", "2014-12-31": "$536", "2014-09-30": "$510", "2014-06-30": "$472", "2014-03-31": "$363", "2013-12-31": "$288", "2013-09-30": "$308", "2013-06-30": "$248", "2013-03-31": "$201", "2012-12-31": "$273", "2012-09-30": "$285", "2012-06-30": "$250", "2012-03-31": "$271", "2011-12-31": "$244", "2011-09-30": "$271", "2011-06-30": "$338", "2011-03-31": "$314", "2010-12-31": "$296", "2010-09-30": "$281", "2010-06-30": "$275", "2010-03-31": "$268", "2009-12-31": "$257", "2009-09-30": "$314", "2009-06-30": "$273", "2009-03-31": "$264", "2008-12-31": "$312", "2008-09-30": "$288", "2008-06-30": "$334", "2008-03-31": "$325", "2007-12-31": "$407", "2007-09-30": "$359", "2007-06-30": "$413", "2007-03-31": "$542", "2006-12-31": "$402", "2006-09-30": "$344", "2006-06-30": "$320", "2006-03-31": "$300", "2005-12-31": "$294", "2005-09-30": "$123", "2005-06-30": "$131", "2005-03-31": "$181"}}, "long-term-debt": {"Euronet Worldwide Annual Long Term Debt (Millions of US $)": {"2019": "$1,091", "2018": "$590", "2017": "$414", "2016": "$569", "2015": "$410", "2014": "$399", "2013": "$191", "2012": "$291", "2011": "$166", "2010": "$288", "2009": "$322", "2008": "$301", "2007": "$551", "2006": "$362", "2005": "$327"}, "Euronet Worldwide Quarterly Long Term Debt (Millions of US $)": {"2020-09-30": "$1,133", "2020-06-30": "$1,101", "2020-03-31": "$1,084", "2019-12-31": "$1,091", "2019-09-30": "$1,068", "2019-06-30": "$1,097", "2019-03-31": "$413", "2018-12-31": "$590", "2018-09-30": "$650", "2018-06-30": "$381", "2018-03-31": "$583", "2017-12-31": "$414", "2017-09-30": "$602", "2017-06-30": "$735", "2017-03-31": "$571", "2016-12-31": "$569", "2016-09-30": "$520", "2016-06-30": "$604", "2016-03-31": "$484", "2015-12-31": "$410", "2015-09-30": "$453", "2015-06-30": "$419", "2015-03-31": "$415", "2014-12-31": "$399", "2014-09-30": "$367", "2014-06-30": "$399", "2014-03-31": "$231", "2013-12-31": "$191", "2013-09-30": "$239", "2013-06-30": "$285", "2013-03-31": "$281", "2012-12-31": "$291", "2012-09-30": "$82", "2012-06-30": "$144", "2012-03-31": "$162", "2011-12-31": "$166", "2011-09-30": "$316", "2011-06-30": "$291", "2011-03-31": "$290", "2010-12-31": "$288", "2010-09-30": "$287", "2010-06-30": "$285", "2010-03-31": "$285", "2009-12-31": "$322", "2009-09-30": "$286", "2009-06-30": "$288", "2009-03-31": "$291", "2008-12-31": "$301", "2008-09-30": "$421", "2008-06-30": "$480", "2008-03-31": "$491", "2007-12-31": "$551", "2007-09-30": "$514", "2007-06-30": "$556", "2007-03-31": "$344", "2006-12-31": "$362", "2006-09-30": "$334", "2006-06-30": "$338", "2006-03-31": "$333", "2005-12-31": "$327", "2005-09-30": "$153", "2005-06-30": "$169", "2005-03-31": "$155"}}, "total-liabilities": {"Euronet Worldwide Annual Total Liabilities (Millions of US $)": {"2019": "$3,078", "2018": "$2,088", "2017": "$1,941", "2016": "$1,812", "2015": "$1,367", "2014": "$1,306", "2013": "$960", "2012": "$1,025", "2011": "$980", "2010": "$890", "2009": "$846", "2008": "$910", "2007": "$1,162", "2006": "$821", "2005": "$688"}, "Euronet Worldwide Quarterly Total Liabilities (Millions of US $)": {"2020-09-30": "$2,790", "2020-06-30": "$2,749", "2020-03-31": "$2,895", "2019-12-31": "$3,078", "2019-09-30": "$2,869", "2019-06-30": "$2,935", "2019-03-31": "$2,526", "2018-12-31": "$2,088", "2018-09-30": "$2,282", "2018-06-30": "$2,337", "2018-03-31": "$2,028", "2017-12-31": "$1,941", "2017-09-30": "$1,980", "2017-06-30": "$1,974", "2017-03-31": "$1,644", "2016-12-31": "$1,812", "2016-09-30": "$1,511", "2016-06-30": "$1,568", "2016-03-31": "$1,412", "2015-12-31": "$1,367", "2015-09-30": "$1,368", "2015-06-30": "$1,332", "2015-03-31": "$1,238", "2014-12-31": "$1,306", "2014-09-30": "$1,236", "2014-06-30": "$1,243", "2014-03-31": "$894", "2013-12-31": "$960", "2013-09-30": "$901", "2013-06-30": "$955", "2013-03-31": "$967", "2012-12-31": "$1,025", "2012-09-30": "$903", "2012-06-30": "$883", "2012-03-31": "$925", "2011-12-31": "$980", "2011-09-30": "$856", "2011-06-30": "$857", "2011-03-31": "$827", "2010-12-31": "$890", "2010-09-30": "$830", "2010-06-30": "$763", "2010-03-31": "$782", "2009-12-31": "$846", "2009-09-30": "$861", "2009-06-30": "$885", "2009-03-31": "$873", "2008-12-31": "$910", "2008-09-30": "$991", "2008-06-30": "$1,089", "2008-03-31": "$1,072", "2007-12-31": "$1,162", "2007-09-30": "$1,113", "2007-06-30": "$1,120", "2007-03-31": "$809", "2006-12-31": "$821", "2006-09-30": "$701", "2006-06-30": "$680", "2006-03-31": "$661", "2005-12-31": "$688", "2005-09-30": "$468", "2005-06-30": "$479", "2005-03-31": "$509"}}, "total-share-holder-equity": {"Euronet Worldwide Annual Share Holder Equity (Millions of US $)": {"2019": "$1,579", "2018": "$1,233", "2017": "$1,199", "2016": "$901", "2015": "$826", "2014": "$733", "2013": "$638", "2012": "$527", "2011": "$527", "2010": "$519", "2009": "$567", "2008": "$496", "2007": "$724", "2006": "$309", "2005": "$206"}, "Euronet Worldwide Quarterly Share Holder Equity (Millions of US $)": {"2020-09-30": "$1,306", "2020-06-30": "$1,213", "2020-03-31": "$1,289", "2019-12-31": "$1,579", "2019-09-30": "$1,446", "2019-06-30": "$1,398", "2019-03-31": "$1,288", "2018-12-31": "$1,233", "2018-09-30": "$1,179", "2018-06-30": "$1,070", "2018-03-31": "$1,129", "2017-12-31": "$1,199", "2017-09-30": "$1,198", "2017-06-30": "$1,063", "2017-03-31": "$954", "2016-12-31": "$901", "2016-09-30": "$926", "2016-06-30": "$853", "2016-03-31": "$820", "2015-12-31": "$826", "2015-09-30": "$798", "2015-06-30": "$741", "2015-03-31": "$685", "2014-12-31": "$733", "2014-09-30": "$730", "2014-06-30": "$751", "2014-03-31": "$663", "2013-12-31": "$638", "2013-09-30": "$614", "2013-06-30": "$538", "2013-03-31": "$524", "2012-12-31": "$527", "2012-09-30": "$569", "2012-06-30": "$543", "2012-03-31": "$563", "2011-12-31": "$527", "2011-09-30": "$527", "2011-06-30": "$587", "2011-03-31": "$558", "2010-12-31": "$519", "2010-09-30": "$580", "2010-06-30": "$509", "2010-03-31": "$551", "2009-12-31": "$567", "2009-09-30": "$560", "2009-06-30": "$523", "2009-03-31": "$464", "2008-12-31": "$496", "2008-09-30": "$706", "2008-06-30": "$766", "2008-03-31": "$751", "2007-12-31": "$724", "2007-09-30": "$692", "2007-06-30": "$625", "2007-03-31": "$464", "2006-12-31": "$309", "2006-09-30": "$263", "2006-06-30": "$248", "2006-03-31": "$230", "2005-12-31": "$206", "2005-09-30": "$196", "2005-06-30": "$185", "2005-03-31": "$179"}}, "profit-margins": {"current": "1.33%"}, "gross margin": {"2020-09-30": "38.42%", "2020-06-30": "41.42%", "2020-03-31": "43.31%", "2019-12-31": "43.40%", "2019-09-30": "42.79%", "2019-06-30": "41.84%", "2019-03-31": "41.54%", "2018-12-31": "41.31%", "2018-09-30": "40.95%", "2018-06-30": "40.07%", "2018-03-31": "39.73%", "2017-12-31": "39.77%", "2017-09-30": "40.04%", "2017-06-30": "39.87%", "2017-03-31": "39.87%", "2016-12-31": "40.02%", "2016-09-30": "40.05%", "2016-06-30": "39.64%", "2016-03-31": "39.23%", "2015-12-31": "38.94%", "2015-09-30": "38.68%", "2015-06-30": "38.16%", "2015-03-31": "38.01%", "2014-12-31": "37.94%", "2014-09-30": "37.94%", "2014-06-30": "37.47%", "2014-03-31": "37.04%", "2013-12-31": "36.78%", "2013-09-30": "36.47%", "2013-06-30": "36.13%", "2013-03-31": "35.94%", "2012-12-31": "35.99%", "2012-09-30": "36.03%", "2012-06-30": "35.93%", "2012-03-31": "36.09%", "2011-12-31": "36.14%", "2011-09-30": "36.11%", "2011-06-30": "35.97%", "2011-03-31": "35.20%", "2010-12-31": "34.87%", "2010-09-30": "34.52%", "2010-06-30": "34.16%", "2010-03-31": "34.10%", "2009-12-31": "34.24%", "2009-09-30": "34.26%", "2009-06-30": "33.53%", "2009-03-31": "33.14%", "2008-12-31": "32.70%", "2008-09-30": "31.71%", "2008-06-30": "31.75%", "2008-03-31": "31.53%", "2007-12-31": "30.93%", "2007-09-30": "29.70%", "2007-06-30": "29.11%", "2007-03-31": "28.79%", "2006-12-31": "29.22%", "2006-09-30": "30.81%", "2006-06-30": "30.93%", "2006-03-31": "30.71%", "2005-12-31": "30.38%"}, "operating margin": {"2020-09-30": "4.21%", "2020-06-30": "8.95%", "2020-03-31": "16.36%", "2019-12-31": "17.27%", "2019-09-30": "16.22%", "2019-06-30": "15.03%", "2019-03-31": "14.35%", "2018-12-31": "14.07%", "2018-09-30": "13.12%", "2018-06-30": "12.13%", "2018-03-31": "11.58%", "2017-12-31": "11.81%", "2017-09-30": "13.05%", "2017-06-30": "12.46%", "2017-03-31": "12.44%", "2016-12-31": "12.71%", "2016-09-30": "12.88%", "2016-06-30": "12.10%", "2016-03-31": "11.79%", "2015-12-31": "11.51%", "2015-09-30": "11.23%", "2015-06-30": "10.32%", "2015-03-31": "9.74%", "2014-12-31": "9.50%", "2014-09-30": "7.93%", "2014-06-30": "8.69%", "2014-03-31": "8.60%", "2013-12-31": "8.35%", "2013-09-30": "7.19%", "2013-06-30": "5.13%", "2013-03-31": "4.67%", "2012-12-31": "4.58%", "2012-09-30": "6.72%", "2012-06-30": "6.48%", "2012-03-31": "6.52%", "2011-12-31": "6.80%", "2011-09-30": "0.53%", "2011-06-30": "0.55%", "2011-03-31": "0.38%", "2010-12-31": "0.48%", "2010-09-30": "7.40%", "2010-06-30": "7.56%", "2010-03-31": "7.62%", "2009-12-31": "6.96%", "2009-09-30": "-14.74%", "2009-06-30": "-14.80%", "2009-03-31": "-14.69%", "2008-12-31": "-14.24%", "2008-09-30": "7.64%", "2008-06-30": "7.84%", "2008-03-31": "7.88%", "2007-12-31": "8.43%", "2007-09-30": "7.27%", "2007-06-30": "7.38%", "2007-03-31": "7.82%", "2006-12-31": "8.12%", "2006-09-30": "8.24%", "2006-06-30": "8.59%", "2006-03-31": "8.75%", "2005-12-31": "8.87%"}, "ebitda margin": {"2020-09-30": "9.88%", "2020-06-30": "14.15%", "2020-03-31": "21.18%", "2019-12-31": "21.96%", "2019-09-30": "20.92%", "2019-06-30": "19.78%", "2019-03-31": "19.11%", "2018-12-31": "18.84%", "2018-09-30": "17.89%", "2018-06-30": "16.97%", "2018-03-31": "16.43%", "2017-12-31": "16.60%", "2017-09-30": "17.90%", "2017-06-30": "17.33%", "2017-03-31": "17.30%", "2016-12-31": "17.51%", "2016-09-30": "17.54%", "2016-06-30": "16.76%", "2016-03-31": "16.42%", "2015-12-31": "16.14%", "2015-09-30": "15.88%", "2015-06-30": "14.93%", "2015-03-31": "14.31%", "2014-12-31": "14.01%", "2014-09-30": "12.44%", "2014-06-30": "13.27%", "2014-03-31": "13.21%", "2013-12-31": "13.08%", "2013-09-30": "12.01%", "2013-06-30": "10.33%", "2013-03-31": "10.19%", "2012-12-31": "10.26%", "2012-09-30": "12.87%", "2012-06-30": "12.55%", "2012-03-31": "12.61%", "2011-12-31": "12.99%", "2011-09-30": "6.65%", "2011-06-30": "6.90%", "2011-03-31": "6.76%", "2010-12-31": "6.94%", "2010-09-30": "13.85%", "2010-06-30": "13.97%", "2010-03-31": "14.10%", "2009-12-31": "13.44%", "2009-09-30": "-8.27%", "2009-06-30": "-8.24%", "2009-03-31": "-7.92%", "2008-12-31": "-7.36%", "2008-09-30": "15.47%", "2008-06-30": "15.48%", "2008-03-31": "15.25%", "2007-12-31": "15.30%", "2007-09-30": "12.91%", "2007-06-30": "12.81%", "2007-03-31": "12.99%", "2006-12-31": "13.47%", "2006-09-30": "13.34%", "2006-06-30": "13.57%", "2006-03-31": "13.57%", "2005-12-31": "13.58%"}, "pre tax profit margin": {"2020-09-30": "2.47%", "2020-06-30": "6.94%", "2020-03-31": "14.00%", "2019-12-31": "15.74%", "2019-09-30": "14.12%", "2019-06-30": "13.10%", "2019-03-31": "11.93%", "2018-12-31": "11.63%", "2018-09-30": "10.83%", "2018-06-30": "10.31%", "2018-03-31": "11.11%", "2017-12-31": "11.36%", "2017-09-30": "12.22%", "2017-06-30": "11.25%", "2017-03-31": "11.63%", "2016-12-31": "11.89%", "2016-09-30": "12.20%", "2016-06-30": "10.66%", "2016-03-31": "9.09%", "2015-12-31": "7.96%", "2015-09-30": "8.05%", "2015-06-30": "8.18%", "2015-03-31": "7.86%", "2014-12-31": "8.54%", "2014-09-30": "7.17%", "2014-06-30": "8.36%", "2014-03-31": "8.53%", "2013-12-31": "8.13%", "2013-09-30": "7.05%", "2013-06-30": "4.46%", "2013-03-31": "3.37%", "2012-12-31": "3.71%", "2012-09-30": "5.34%", "2012-06-30": "4.02%", "2012-03-31": "4.76%", "2011-12-31": "5.42%", "2011-09-30": "-0.80%", "2011-06-30": "1.38%", "2011-03-31": "-0.10%", "2010-12-31": "-1.54%", "2010-09-30": "5.29%", "2010-06-30": "5.17%", "2010-03-31": "6.95%", "2009-12-31": "5.51%", "2009-09-30": "-16.33%", "2009-06-30": "-19.31%", "2009-03-31": "-20.29%", "2008-12-31": "-19.12%", "2008-09-30": "2.67%", "2008-06-30": "5.56%", "2008-03-31": "6.24%", "2007-12-31": "7.87%", "2007-09-30": "8.40%", "2007-06-30": "8.22%", "2007-03-31": "9.39%", "2006-12-31": "9.74%", "2006-09-30": "8.90%", "2006-06-30": "9.11%", "2006-03-31": "7.86%", "2005-12-31": "7.17%"}, "net profit margin": {"2020-09-30": "1.30%", "2020-06-30": "5.01%", "2020-03-31": "11.39%", "2019-12-31": "12.61%", "2019-09-30": "11.12%", "2019-06-30": "10.10%", "2019-03-31": "9.44%", "2018-12-31": "9.18%", "2018-09-30": "6.02%", "2018-06-30": "6.08%", "2018-03-31": "6.61%", "2017-12-31": "6.92%", "2017-09-30": "9.59%", "2017-06-30": "8.23%", "2017-03-31": "8.73%", "2016-12-31": "8.93%", "2016-09-30": "9.37%", "2016-06-30": "7.98%", "2016-03-31": "6.61%", "2015-12-31": "5.53%", "2015-09-30": "5.39%", "2015-06-30": "5.71%", "2015-03-31": "5.45%", "2014-12-31": "6.13%", "2014-09-30": "5.20%", "2014-06-30": "6.40%", "2014-03-31": "6.43%", "2013-12-31": "6.22%", "2013-09-30": "4.68%", "2013-06-30": "2.38%", "2013-03-31": "1.53%", "2012-12-31": "1.66%", "2012-09-30": "3.64%", "2012-06-30": "2.21%", "2012-03-31": "2.76%", "2011-12-31": "3.18%", "2011-09-30": "-3.11%", "2011-06-30": "-1.01%", "2011-03-31": "-2.28%", "2010-12-31": "-3.66%", "2010-09-30": "2.98%", "2010-06-30": "2.78%", "2010-03-31": "4.38%", "2009-12-31": "3.00%", "2009-09-30": "-16.93%", "2009-06-30": "-18.33%", "2009-03-31": "-19.03%", "2008-12-31": "-18.55%", "2008-09-30": "-0.10%", "2008-06-30": "1.39%", "2008-03-31": "1.64%", "2007-12-31": "3.88%", "2007-09-30": "6.39%", "2007-06-30": "6.27%", "2007-03-31": "7.67%", "2006-12-31": "7.95%", "2006-09-30": "6.43%", "2006-06-30": "6.53%", "2006-03-31": "5.18%", "2005-12-31": "4.34%"}, "pe ratio": {"current": "44.31", "2021-02-05": "252.49", "2020-09-30": "171.89", "2020-06-30": "42.97", "2020-03-31": "15.14", "2019-12-31": "25.25", "2019-09-30": "26.94", "2019-06-30": "34.62", "2019-03-31": "32.19", "2018-12-31": "23.81", "2018-09-30": "36.18", "2018-06-30": "31.26", "2018-03-31": "28.29", "2017-12-31": "29.99", "2017-09-30": "25.08", "2017-06-30": "28.28", "2017-03-31": "26.73", "2016-12-31": "22.49", "2016-09-30": "24.87", "2016-06-30": "25.16", "2016-03-31": "33.53", "2015-12-31": "40.02", "2015-09-30": "42.34", "2015-06-30": "33.90", "2015-03-31": "34.56", "2014-12-31": "29.36", "2014-09-30": "31.65", "2014-06-30": "26.95", "2014-03-31": "23.63", "2013-12-31": "28.15", "2013-09-30": "31.90", "2013-06-30": "52.23", "2013-03-31": "71.19", "2012-12-31": "60.51", "2012-09-30": "21.85", "2012-06-30": "32.83", "2012-03-31": "32.64", "2011-12-31": "26.03", "2011-09-30": "0.00", "2011-06-30": "0.00", "2011-03-31": "0.00", "2010-12-31": "0.00", "2010-09-30": "31.02", "2010-06-30": "24.60", "2010-03-31": "21.68", "2009-12-31": "39.20", "2009-09-30": "0.00", "2009-06-30": "0.00", "2009-03-31": "0.00", "2008-12-31": "0.00", "2008-09-30": "34.14", "2008-06-30": "25.22", "2008-03-31": "27.91", "2007-12-31": "28.57", "2007-09-30": "28.08", "2007-06-30": "28.31", "2007-03-31": "23.56", "2006-12-31": "25.59"}, "price sales": {"2021-02-05": "2.92", "2020-09-30": "1.99", "2020-06-30": "2.02", "2020-03-31": "1.71", "2019-12-31": "3.17", "2019-09-30": "2.99", "2019-06-30": "3.50", "2019-03-31": "3.03", "2018-12-31": "2.18", "2018-09-30": "2.18", "2018-06-30": "1.89", "2018-03-31": "1.86", "2017-12-31": "2.07", "2017-09-30": "2.41", "2017-06-30": "2.33", "2017-03-31": "2.33", "2016-12-31": "2.00", "2016-09-30": "2.32", "2016-06-30": "2.01", "2016-03-31": "2.21", "2015-12-31": "2.21", "2015-09-30": "2.27", "2015-06-30": "1.92", "2015-03-31": "1.86", "2014-12-31": "1.78", "2014-09-30": "1.62", "2014-06-30": "1.71", "2014-03-31": "1.51", "2013-12-31": "1.75", "2013-09-30": "1.48", "2013-06-30": "1.21", "2013-03-31": "1.04", "2012-12-31": "0.96", "2012-09-30": "0.78", "2012-06-30": "0.72", "2012-03-31": "0.90", "2011-12-31": "0.82", "2011-09-30": "0.72", "2011-06-30": "0.73", "2011-03-31": "0.94", "2010-12-31": "0.86", "2010-09-30": "0.89", "2010-06-30": "0.63", "2010-03-31": "0.91", "2009-12-31": "1.09", "2009-09-30": "1.21", "2009-06-30": "0.96", "2009-03-31": "0.63", "2008-12-31": "0.55", "2008-09-30": "0.79", "2008-06-30": "0.84", "2008-03-31": "0.98", "2007-12-31": "1.62", "2007-09-30": "1.79", "2007-06-30": "1.82", "2007-03-31": "1.80", "2006-12-31": "2.05"}, "price book": {"current": "5.36", "2021-02-05": "5.36", "2020-09-30": "3.65", "2020-06-30": "4.13", "2020-03-31": "3.47", "2019-12-31": "5.41", "2019-09-30": "5.49", "2019-06-30": "6.56", "2019-03-31": "5.75", "2018-12-31": "4.30", "2018-09-30": "4.37", "2018-06-30": "3.99", "2018-03-31": "3.60", "2017-12-31": "3.71", "2017-09-30": "4.17", "2017-06-30": "4.32", "2017-03-31": "4.70", "2016-12-31": "4.21", "2016-09-30": "4.61", "2016-06-30": "4.23", "2016-03-31": "4.70", "2015-12-31": "4.65", "2015-09-30": "4.90", "2015-06-30": "4.33", "2015-03-31": "4.44", "2014-12-31": "3.87", "2014-09-30": "3.44", "2014-06-30": "3.37", "2014-03-31": "3.20", "2013-12-31": "3.79", "2013-09-30": "3.26", "2013-06-30": "2.96", "2013-03-31": "2.50", "2012-12-31": "2.21", "2012-09-30": "1.68", "2012-06-30": "1.60", "2012-03-31": "1.88", "2011-12-31": "1.77", "2011-09-30": "1.55", "2011-06-30": "1.35", "2011-03-31": "1.79", "2010-12-31": "1.71", "2010-09-30": "1.58", "2010-06-30": "1.28", "2010-03-31": "1.70", "2009-12-31": "1.97", "2009-09-30": "2.18", "2009-06-30": "1.88", "2009-03-31": "1.42", "2008-12-31": "1.18", "2008-09-30": "1.17", "2008-06-30": "1.08", "2008-03-31": "1.26", "2007-12-31": "2.03", "2007-09-30": "2.09", "2007-06-30": "2.27", "2007-03-31": "2.56", "2006-12-31": "3.60", "2006-09-30": "3.47", "2006-06-30": "5.76", "2006-03-31": "6.09"}, "price fcf": {"2021-02-05": "", "2020-09-30": "$4.88", "2020-06-30": "$9.54", "2020-03-31": "$8.51", "2019-12-31": "$6.80", "2019-09-30": "$7.89", "2019-06-30": "$4.71", "2019-03-31": "$4.82", "2018-12-31": "$5.21", "2018-09-30": "$2.12", "2018-06-30": "$2.73", "2018-03-31": "$2.62", "2017-12-31": "$3.43", "2017-09-30": "$6.12", "2017-06-30": "$4.92", "2017-03-31": "$4.91", "2016-12-31": "$5.63", "2016-09-30": "$2.23", "2016-06-30": "$2.03", "2016-03-31": "$3.43", "2015-12-31": "$2.60", "2015-09-30": "$3.14", "2015-06-30": "$4.10", "2015-03-31": "$3.16", "2014-12-31": "$3.19", "2014-09-30": "$3.39", "2014-06-30": "$3.16", "2014-03-31": "$3.08", "2013-12-31": "$2.47", "2013-09-30": "$2.91", "2013-06-30": "$2.67", "2013-03-31": "$2.63", "2012-12-31": "$2.69", "2012-09-30": "$2.25", "2012-06-30": "$0.95", "2012-03-31": "$0.74", "2011-12-31": "$1.00", "2011-09-30": "$1.18", "2011-06-30": "$0.82", "2011-03-31": "$1.16", "2010-12-31": "$1.55", "2010-09-30": "$0.86", "2010-06-30": "$2.20", "2010-03-31": "$2.10", "2009-12-31": "$1.36", "2009-09-30": "$2.42", "2009-06-30": "$0.98", "2009-03-31": "$1.12", "2008-12-31": "$1.05", "2008-09-30": "$0.56", "2008-06-30": "$1.81", "2008-03-31": "$0.86", "2007-12-31": "$0.86", "2007-09-30": "$1.63", "2007-06-30": "$1.42", "2007-03-31": "$1.88", "2006-12-31": "$1.78"}, "net worth": {"value": "$7B"}, "current ratio": {"current": "1.85", "2020-09-30": "1.85", "2020-06-30": "1.78", "2020-03-31": "1.69", "2019-12-31": "1.79", "2019-09-30": "1.88", "2019-06-30": "1.82", "2019-03-31": "1.28", "2018-12-31": "1.52", "2018-09-30": "1.46", "2018-06-30": "1.18", "2018-03-31": "1.42", "2017-12-31": "1.34", "2017-09-30": "1.48", "2017-06-30": "1.56", "2017-03-31": "1.44", "2016-12-31": "1.34", "2016-09-30": "1.44", "2016-06-30": "1.47", "2016-03-31": "1.30", "2015-12-31": "1.25", "2015-09-30": "1.28", "2015-06-30": "1.29", "2015-03-31": "1.35", "2014-12-31": "1.30", "2014-09-30": "1.24", "2014-06-30": "1.24", "2014-03-31": "1.28", "2013-12-31": "1.15", "2013-09-30": "1.19", "2013-06-30": "1.16", "2013-03-31": "1.11", "2012-12-31": "1.17", "2012-09-30": "0.93", "2012-06-30": "0.97", "2012-03-31": "0.99", "2011-12-31": "0.97", "2011-09-30": "1.29", "2011-06-30": "1.37", "2011-03-31": "1.36", "2010-12-31": "1.27", "2010-09-30": "1.27", "2010-06-30": "1.33", "2010-03-31": "1.31", "2009-12-31": "1.34", "2009-09-30": "1.21", "2009-06-30": "1.17", "2009-03-31": "1.16", "2008-12-31": "1.17", "2008-09-30": "1.39", "2008-06-30": "1.47", "2008-03-31": "1.50", "2007-12-31": "1.53", "2007-09-30": "1.50", "2007-06-30": "1.53", "2007-03-31": "2.01", "2006-12-31": "1.70", "2006-09-30": "1.70", "2006-06-30": "1.73", "2006-03-31": "1.69", "2005-12-31": "1.56", "2005-09-30": "1.10", "2005-06-30": "1.11", "2005-03-31": "1.06"}, "quick ratio": {"2020-09-30": "0.00", "2020-06-30": "0.00", "2020-03-31": "0.00", "2019-12-31": "0.00", "2019-09-30": "0.00", "2019-06-30": "0.00", "2019-03-31": "0.00", "2018-12-31": "0.00", "2018-09-30": "0.00", "2018-06-30": "0.00", "2018-03-31": "0.00", "2017-12-31": "0.00", "2017-09-30": "1.44", "2017-06-30": "1.52", "2017-03-31": "1.39", "2016-12-31": "1.28", "2016-09-30": "1.39", "2016-06-30": "1.41", "2016-03-31": "1.23", "2015-12-31": "1.17", "2015-09-30": "1.21", "2015-06-30": "1.22", "2015-03-31": "1.26", "2014-12-31": "1.20", "2014-09-30": "1.15", "2014-06-30": "1.15", "2014-03-31": "1.17", "2013-12-31": "1.02", "2013-09-30": "1.09", "2013-06-30": "1.03", "2013-03-31": "0.98", "2012-12-31": "1.02", "2012-09-30": "0.84", "2012-06-30": "0.87", "2012-03-31": "0.88", "2011-12-31": "0.85", "2011-09-30": "1.12", "2011-06-30": "1.25", "2011-03-31": "1.20", "2010-12-31": "1.10", "2010-09-30": "1.15", "2010-06-30": "1.18", "2010-03-31": "1.17", "2009-12-31": "1.16", "2009-09-30": "1.10", "2009-06-30": "1.07", "2009-03-31": "1.05", "2008-12-31": "1.06", "2008-09-30": "1.25", "2008-06-30": "1.36", "2008-03-31": "1.39", "2007-12-31": "1.44", "2007-09-30": "1.42", "2007-06-30": "1.43", "2007-03-31": "1.89", "2006-12-31": "1.58", "2006-09-30": "1.59", "2006-06-30": "1.62", "2006-03-31": "1.61", "2005-12-31": "1.48", "2005-09-30": "1.01", "2005-06-30": "1.00", "2005-03-31": "1.00"}, "debt equity ratio": {"current": "0.87", "2020-09-30": "2.14", "2020-06-30": "2.27", "2020-03-31": "2.25", "2019-12-31": "1.95", "2019-09-30": "1.98", "2019-06-30": "2.10", "2019-03-31": "1.96", "2018-12-31": "1.69", "2018-09-30": "1.94", "2018-06-30": "2.18", "2018-03-31": "1.80", "2017-12-31": "1.62", "2017-09-30": "1.65", "2017-06-30": "1.86", "2017-03-31": "1.72", "2016-12-31": "2.01", "2016-09-30": "1.63", "2016-06-30": "1.84", "2016-03-31": "1.72", "2015-12-31": "1.66", "2015-09-30": "1.72", "2015-06-30": "1.80", "2015-03-31": "1.81", "2014-12-31": "1.78", "2014-09-30": "1.69", "2014-06-30": "1.66", "2014-03-31": "1.35", "2013-12-31": "1.50", "2013-09-30": "1.47", "2013-06-30": "1.78", "2013-03-31": "1.85", "2012-12-31": "1.95", "2012-09-30": "1.59", "2012-06-30": "1.63", "2012-03-31": "1.64", "2011-12-31": "1.86", "2011-09-30": "1.62", "2011-06-30": "1.46", "2011-03-31": "1.48", "2010-12-31": "1.72", "2010-09-30": "1.43", "2010-06-30": "1.50", "2010-03-31": "1.42", "2009-12-31": "1.49", "2009-09-30": "1.54", "2009-06-30": "1.69", "2009-03-31": "1.88", "2008-12-31": "1.83", "2008-09-30": "1.41", "2008-06-30": "1.42", "2008-03-31": "1.43", "2007-12-31": "1.61", "2007-09-30": "1.61", "2007-06-30": "1.79", "2007-03-31": "1.74", "2006-12-31": "2.66", "2006-09-30": "2.66", "2006-06-30": "2.74", "2006-03-31": "2.88", "2005-12-31": "3.33", "2005-09-30": "2.38", "2005-06-30": "2.59", "2005-03-31": "2.84"}, "return on equity": {"2020-09-30": "2.38%", "2020-06-30": "9.41%", "2020-03-31": "21.99%", "2019-12-31": "24.30%", "2019-09-30": "22.44%", "2019-06-30": "20.87%", "2019-03-31": "20.29%", "2018-12-31": "20.21%", "2018-09-30": "13.11%", "2018-06-30": "12.79%", "2018-03-31": "13.42%", "2017-12-31": "14.14%", "2017-09-30": "20.21%", "2017-06-30": "17.59%", "2017-03-31": "19.15%", "2016-12-31": "20.00%", "2016-09-30": "20.91%", "2016-06-30": "18.08%", "2016-03-31": "15.07%", "2015-12-31": "12.85%", "2015-09-30": "12.85%", "2015-06-30": "13.71%", "2015-03-31": "12.83%", "2014-12-31": "14.18%", "2014-09-30": "11.79%", "2014-06-30": "14.25%", "2014-03-31": "15.00%", "2013-12-31": "15.21%", "2013-09-30": "11.80%", "2013-06-30": "5.93%", "2013-03-31": "3.70%", "2012-12-31": "3.81%", "2012-09-30": "8.17%", "2012-06-30": "5.00%", "2012-03-31": "5.99%", "2011-12-31": "6.73%", "2011-09-30": "-6.39%", "2011-06-30": "-1.96%", "2011-03-31": "-4.43%", "2010-12-31": "-7.04%", "2010-09-30": "5.62%", "2010-06-30": "5.30%", "2010-03-31": "8.36%", "2009-12-31": "5.87%", "2009-09-30": "-33.28%", "2009-06-30": "-34.17%", "2009-03-31": "-32.40%", "2008-12-31": "-28.54%", "2008-09-30": "-0.14%", "2008-06-30": "1.91%", "2008-03-31": "2.29%", "2007-12-31": "5.59%", "2007-09-30": "9.76%", "2007-06-30": "10.84%", "2007-03-31": "15.26%", "2006-12-31": "18.67%", "2006-09-30": "16.47%", "2006-06-30": "17.27%", "2006-03-31": "14.20%", "2005-12-31": "12.01%"}, "return on assets": {"2020-09-30": "0.76%", "2020-06-30": "3.04%", "2020-03-31": "7.18%", "2019-12-31": "8.11%", "2019-09-30": "7.63%", "2019-06-30": "7.13%", "2019-03-31": "6.91%", "2018-12-31": "6.98%", "2018-09-30": "4.56%", "2018-06-30": "4.56%", "2018-03-31": "4.92%", "2017-12-31": "5.22%", "2017-09-30": "7.22%", "2017-06-30": "6.27%", "2017-03-31": "6.85%", "2016-12-31": "7.14%", "2016-09-30": "7.71%", "2016-06-30": "6.61%", "2016-03-31": "5.54%", "2015-12-31": "4.69%", "2015-09-30": "4.63%", "2015-06-30": "4.95%", "2015-03-31": "4.70%", "2014-12-31": "5.40%", "2014-09-30": "4.61%", "2014-06-30": "5.70%", "2014-03-31": "5.97%", "2013-12-31": "5.77%", "2013-09-30": "4.30%", "2013-06-30": "2.13%", "2013-03-31": "1.35%", "2012-12-31": "1.41%", "2012-09-30": "3.05%", "2012-06-30": "1.86%", "2012-03-31": "2.27%", "2011-12-31": "2.59%", "2011-09-30": "-2.49%", "2011-06-30": "-0.78%", "2011-03-31": "-1.75%", "2010-12-31": "-2.80%", "2010-09-30": "2.28%", "2010-06-30": "2.13%", "2010-03-31": "3.30%", "2009-12-31": "2.22%", "2009-09-30": "-12.20%", "2009-06-30": "-12.79%", "2009-03-31": "-12.52%", "2008-12-31": "-11.44%", "2008-09-30": "-0.06%", "2008-06-30": "0.76%", "2008-03-31": "0.88%", "2007-12-31": "2.09%", "2007-09-30": "3.43%", "2007-06-30": "3.52%", "2007-03-31": "4.56%", "2006-12-31": "5.01%", "2006-09-30": "4.24%", "2006-06-30": "4.50%", "2006-03-31": "3.73%", "2005-12-31": "3.16%"}, "return on investments": {"2020-09-30": "4.25%", "2020-06-30": "9.40%", "2020-03-31": "17.95%", "2019-12-31": "20.26%", "2019-09-30": "20.58%", "2019-06-30": "20.18%", "2019-03-31": "21.63%", "2018-12-31": "20.95%", "2018-09-30": "19.80%", "2018-06-30": "17.82%", "2018-03-31": "15.60%", "2017-12-31": "15.80%", "2017-09-30": "17.17%", "2017-06-30": "16.42%", "2017-03-31": "16.82%", "2016-12-31": "17.55%", "2016-09-30": "18.08%", "2016-06-30": "17.23%", "2016-03-31": "17.29%", "2015-12-31": "17.19%", "2015-09-30": "17.06%", "2015-06-30": "15.95%", "2015-03-31": "14.82%", "2014-12-31": "14.79%", "2014-09-30": "12.59%", "2014-06-30": "13.85%", "2014-03-31": "14.48%", "2013-12-31": "14.26%", "2013-09-30": "12.13%", "2013-06-30": "8.92%", "2013-03-31": "8.24%", "2012-12-31": "8.06%", "2012-09-30": "12.05%", "2012-06-30": "10.72%", "2012-03-31": "9.94%", "2011-12-31": "9.69%", "2011-09-30": "0.71%", "2011-06-30": "0.71%", "2011-03-31": "0.48%", "2010-12-31": "0.61%", "2010-09-30": "9.10%", "2010-06-30": "9.39%", "2010-03-31": "9.46%", "2009-12-31": "8.72%", "2009-09-30": "-18.45%", "2009-06-30": "-17.31%", "2009-03-31": "-15.49%", "2008-12-31": "-13.51%", "2008-09-30": "6.54%", "2008-06-30": "6.36%", "2008-03-31": "6.28%", "2007-12-31": "6.80%", "2007-09-30": "6.00%", "2007-06-30": "6.51%", "2007-03-31": "7.51%", "2006-12-31": "8.27%", "2006-09-30": "8.77%", "2006-06-30": "9.84%", "2006-03-31": "10.89%", "2005-12-31": "11.96%"}, "return on tangible equity": {"2020-09-30": "5.98%", "2020-06-30": "22.98%", "2020-03-31": "52.57%", "2019-12-31": "57.40%", "2019-09-30": "56.31%", "2019-06-30": "58.78%", "2019-03-31": "67.27%", "2018-12-31": "77.47%", "2018-09-30": "53.52%", "2018-06-30": "54.24%", "2018-03-31": "58.89%", "2017-12-31": "69.18%", "2017-09-30": "135.06%", "2017-06-30": "167.33%", "2017-03-31": "302.61%", "2016-12-31": "864.20%", "2016-09-30": "8950.00%", "2016-06-30": "-422.70%", "2016-03-31": "-259.46%", "2015-12-31": "-261.33%", "2015-09-30": "-256.76%", "2015-06-30": "-275.00%", "2015-03-31": "-189.80%", "2014-12-31": "-400.00%", "2014-09-30": "-1093.33%", "2014-06-30": "1117.65%", "2014-03-31": "533.33%", "2013-12-31": "-409.30%", "2013-09-30": "-151.16%", "2013-06-30": "-69.57%", "2013-03-31": "-50.31%", "2012-12-31": "-71.19%", "2012-09-30": "-127.66%", "2012-06-30": "-57.14%", "2012-03-31": "-100.00%", "2011-12-31": "-168.18%", "2011-09-30": "285.71%", "2011-06-30": "115.79%", "2011-03-31": "90.57%", "2010-12-31": "102.70%", "2010-09-30": "-70.45%", "2010-06-30": "-60.42%", "2010-03-31": "-76.99%", "2009-12-31": "-38.99%", "2009-09-30": "176.62%", "2009-06-30": "153.28%", "2009-03-31": "136.10%", "2008-12-31": "116.52%", "2008-09-30": "0.54%", "2008-06-30": "-6.95%", "2008-03-31": "-7.37%", "2007-12-31": "-25.32%", "2007-09-30": "-51.26%", "2007-06-30": "-77.92%", "2007-03-31": "-301.54%", "2006-12-31": "-73.41%", "2006-09-30": "-45.88%", "2006-06-30": "-40.11%", "2006-03-31": "-27.95%", "2005-12-31": "-21.35%"}, "dividend yield history": {"last payout": "$0.00", "last yield": "0.00%"}}