{"ticker": "EVRG", "price": {"title": "Evergy Historical Annual Stock Price Data", "value": 54.89, "historical": {"2021": {"Average Stock Price": "53.7258", "Year Open": "53.7500", "Year High": "55.0000", "Year Low": "52.4400", "Year Close": "54.8900", "Annual % Change": "-1.12%"}, "2020": {"Average Stock Price": "58.8712", "Year Open": "63.4400", "Year High": "73.9100", "Year Low": "44.9200", "Year Close": "55.5100", "Annual % Change": "-14.72%"}, "2019": {"Average Stock Price": "60.6617", "Year Open": "55.8800", "Year High": "67.3100", "Year Low": "54.8400", "Year Close": "65.0900", "Annual % Change": "14.66%"}, "2018": {"Average Stock Price": "54.5711", "Year Open": "53.1400", "Year High": "60.7700", "Year Low": "48.6600", "Year Close": "56.7700", "Annual % Change": "7.52%"}, "2017": {"Average Stock Price": "53.0370", "Year Open": "56.2000", "Year High": "57.2100", "Year Low": "49.4100", "Year Close": "52.8000", "Annual % Change": "-6.30%"}, "2016": {"Average Stock Price": "52.5033", "Year Open": "42.3700", "Year High": "57.3800", "Year Low": "40.3800", "Year Close": "56.3500", "Annual % Change": "32.87%"}, "2015": {"Average Stock Price": "38.6345", "Year Open": "41.1700", "Year High": "43.9600", "Year Low": "34.1100", "Year Close": "42.4100", "Annual % Change": "2.84%"}, "2014": {"Average Stock Price": "35.9875", "Year Open": "31.7700", "Year High": "42.9300", "Year Low": "31.7700", "Year Close": "41.2400", "Annual % Change": "28.19%"}, "2013": {"Average Stock Price": "31.8051", "Year Open": "29.4400", "Year High": "34.9600", "Year Low": "28.7700", "Year Close": "32.1700", "Annual % Change": "12.40%"}, "2012": {"Average Stock Price": "28.8556", "Year Open": "28.3500", "Year High": "30.9700", "Year Low": "26.9000", "Year Close": "28.6200", "Annual % Change": "-0.56%"}, "2011": {"Average Stock Price": "26.4217", "Year Open": "25.4300", "Year High": "28.9600", "Year Low": "22.7600", "Year Close": "28.7800", "Annual % Change": "14.39%"}, "2010": {"Average Stock Price": "23.3090", "Year Open": "21.8400", "Year High": "25.5500", "Year Low": "20.8000", "Year Close": "25.1600", "Annual % Change": "15.84%"}, "2009": {"Average Stock Price": "19.1506", "Year Open": "20.7000", "Year High": "22.1800", "Year Low": "14.9500", "Year Close": "21.7200", "Annual % Change": "5.90%"}, "2008": {"Average Stock Price": "22.1762", "Year Open": "25.4600", "Year High": "25.5000", "Year Low": "17.0600", "Year Close": "20.5100", "Annual % Change": "-20.93%"}, "2007": {"Average Stock Price": "25.9821", "Year Open": "26.4900", "Year High": "28.4000", "Year Low": "23.0200", "Year Close": "25.9400", "Annual % Change": "-0.08%"}, "2006": {"Average Stock Price": "22.8068", "Year Open": "21.6100", "Year High": "27.1200", "Year Low": "20.1600", "Year Close": "25.9600", "Annual % Change": "20.74%"}, "2005": {"Average Stock Price": "22.9733", "Year Open": "22.5600", "Year High": "24.7500", "Year Low": "21.1500", "Year Close": "21.5000", "Annual % Change": "-5.99%"}, "2004": {"Average Stock Price": "20.4128", "Year Open": "20.3000", "Year High": "22.8700", "Year Low": "18.2500", "Year Close": "22.8700", "Annual % Change": "12.94%"}, "2003": {"Average Stock Price": "15.8843", "Year Open": "10.0000", "Year High": "20.3900", "Year Low": "9.8800", "Year Close": "20.2500", "Annual % Change": "104.55%"}, "2002": {"Average Stock Price": "13.9760", "Year Open": "17.7500", "Year High": "17.9600", "Year Low": "8.5200", "Year Close": "9.9000", "Annual % Change": "-42.44%"}, "2001": {"Average Stock Price": "20.6510", "Year Open": "25.3800", "Year High": "25.6500", "Year Low": "15.6800", "Year Close": "17.2000", "Annual % Change": "-30.67%"}, "2000": {"Average Stock Price": "18.3248", "Year Open": "16.5000", "Year High": "25.7500", "Year Low": "14.9400", "Year Close": "24.8100", "Annual % Change": "46.46%"}, "1999": {"Average Stock Price": "25.4140", "Year Open": "33.1900", "Year High": "33.5000", "Year Low": "16.9400", "Year Close": "16.9400", "Annual % Change": "-49.05%"}, "1998": {"Average Stock Price": "39.1846", "Year Open": "42.5600", "Year High": "43.8800", "Year Low": "33.0000", "Year Close": "33.2500", "Annual % Change": "-22.67%"}, "1997": {"Average Stock Price": "33.4522", "Year Open": "31.0000", "Year High": "43.0000", "Year Low": "29.7500", "Year Close": "43.0000", "Annual % Change": "39.25%"}, "1996": {"Average Stock Price": "30.4665", "Year Open": "34.1200", "Year High": "34.6200", "Year Low": "28.5000", "Year Close": "30.8800", "Annual % Change": "-7.49%"}, "1995": {"Average Stock Price": "31.5737", "Year Open": "28.8800", "Year High": "34.0000", "Year Low": "28.8800", "Year Close": "33.3800", "Annual % Change": "16.63%"}, "1994": {"Average Stock Price": "29.1122", "Year Open": "34.6200", "Year High": "34.7500", "Year Low": "26.2500", "Year Close": "28.6200", "Annual % Change": "-17.95%"}, "1993": {"Average Stock Price": "34.8526", "Year Open": "31.8800", "Year High": "37.2500", "Year Low": "30.6200", "Year Close": "34.8800", "Annual % Change": "10.73%"}, "1992": {"Average Stock Price": "28.4241", "Year Open": "28.5000", "Year High": "32.0000", "Year Low": "25.2500", "Year Close": "31.5000", "Annual % Change": "10.99%"}, "1991": {"Average Stock Price": "24.6004", "Year Open": "21.2500", "Year High": "28.3800", "Year Low": "20.8800", "Year Close": "28.3800", "Annual % Change": "34.38%"}, "1990": {"Average Stock Price": "22.1452", "Year Open": "25.0000", "Year High": "25.0000", "Year Low": "19.8800", "Year Close": "21.1200", "Annual % Change": "-14.67%"}, "1989": {"Average Stock Price": "23.5521", "Year Open": "23.0000", "Year High": "25.0000", "Year Low": "21.7500", "Year Close": "24.7500", "Annual % Change": "8.17%"}, "1988": {"Average Stock Price": "24.1254", "Year Open": "23.7500", "Year High": "26.5000", "Year Low": "22.6200", "Year Close": "22.8800", "Annual % Change": "1.15%"}}}, "market cap": {"value": "$12.45B"}, "income statement": {"Revenue": {"2019-12-31": "5147.80000", "2018-12-31": "4275.90000", "2017-12-31": "2571.00000", "2016-12-31": "2562.10000", "2015-12-31": "2459.16400", "2014-12-31": "2601.70300", "2013-12-31": "2370.65400", "2012-12-31": "2261.47000", "2011-12-31": "2170.99100", "2010-12-31": "2056.17100", "2009-12-31": "1858.23100", "2008-12-31": "1838.99600", "2007-12-31": "1726.83400", "2006-12-31": "1605.74300", "2005-12-31": "1583.27800"}, "Cost Of Goods Sold": {"2019-12-31": "1516.30000", "2018-12-31": "1338.60000", "2017-12-31": "789.40000", "2016-12-31": "742.30000", "2015-12-31": "790.10800", "2014-12-31": "924.37400", "2013-12-31": "813.40100", "2012-12-31": "756.53700", "2011-12-31": "762.95700", "2010-12-31": "583.36100", "2009-12-31": "534.86400", "2008-12-31": "694.34800", "2007-12-31": "544.42100", "2006-12-31": "483.95900", "2005-12-31": "528.22900"}, "Gross Profit": {"2019-12-31": "3631.50000", "2018-12-31": "2937.30000", "2017-12-31": "1781.60000", "2016-12-31": "1819.80000", "2015-12-31": "1669.05600", "2014-12-31": "1677.32900", "2013-12-31": "1557.25300", "2012-12-31": "1504.93300", "2011-12-31": "1408.03400", "2010-12-31": "1472.81000", "2009-12-31": "1323.36700", "2008-12-31": "1144.64800", "2007-12-31": "1182.41300", "2006-12-31": "1121.78400", "2005-12-31": "1055.04900"}, "Research And Development Expenses": {"2019-12-31": "", "2018-12-31": "", "2017-12-31": "", "2016-12-31": "", "2015-12-31": "", "2014-12-31": "", "2013-12-31": "", "2012-12-31": "", "2011-12-31": "", "2010-12-31": "", "2009-12-31": "", "2008-12-31": "", "2007-12-31": "", "2006-12-31": "", "2005-12-31": ""}, "SG&A Expenses": {"2019-12-31": "1584.00000", "2018-12-31": "1384.90000", "2017-12-31": "731.10000", "2016-12-31": "778.90000", "2015-12-31": "737.46800", "2014-12-31": "757.92900", "2013-12-31": "705.47500", "2012-12-31": "672.33600", "2011-12-31": "610.28300", "2010-12-31": "728.01600", "2009-12-31": "716.89100", "2008-12-31": "656.26500", "2007-12-31": "652.11200", "2006-12-31": "634.78600", "2005-12-31": "603.80100"}, "Other Operating Income Or Expenses": {"2019-12-31": "", "2018-12-31": "", "2017-12-31": "", "2016-12-31": "", "2015-12-31": "", "2014-12-31": "", "2013-12-31": "", "2012-12-31": "", "2011-12-31": "", "2010-12-31": "", "2009-12-31": "", "2008-12-31": "", "2007-12-31": "", "2006-12-31": "", "2005-12-31": ""}, "Operating Expenses": {"2019-12-31": "3962.00000", "2018-12-31": "3342.30000", "2017-12-31": "1892.20000", "2016-12-31": "1859.70000", "2015-12-31": "1838.16700", "2014-12-31": "1968.74500", "2013-12-31": "1791.46900", "2012-12-31": "1699.33700", "2011-12-31": "1658.56200", "2010-12-31": "1583.31400", "2009-12-31": "1503.28900", "2008-12-31": "1554.35100", "2007-12-31": "1389.44300", "2006-12-31": "1298.97300", "2005-12-31": "1282.55000"}, "Operating Income": {"2019-12-31": "1185.80000", "2018-12-31": "933.59990", "2017-12-31": "678.79990", "2016-12-31": "702.40010", "2015-12-31": "620.99710", "2014-12-31": "632.95790", "2013-12-31": "579.18510", "2012-12-31": "562.13290", "2011-12-31": "512.42880", "2010-12-31": "472.85690", "2009-12-31": "354.94210", "2008-12-31": "284.64490", "2007-12-31": "337.39090", "2006-12-31": "306.77000", "2005-12-31": "300.72790"}, "Total Non-Operating Income/Expense": {"2019-12-31": "-413.00000", "2018-12-31": "-334.00000", "2017-12-31": "-197.80000", "2016-12-31": "-163.20000", "2015-12-31": "-167.20100", "2014-12-31": "-159.36300", "2013-12-31": "-154.60100", "2012-12-31": "-153.53500", "2011-12-31": "-172.90500", "2010-12-31": "-179.20100", "2009-12-31": "-154.76200", "2008-12-31": "-102.56900", "2007-12-31": "-105.19800", "2006-12-31": "-85.14900", "2005-12-31": "-105.34700"}, "Pre-Tax Income": {"2019-12-31": "772.80000", "2018-12-31": "599.60000", "2017-12-31": "481.00000", "2016-12-31": "539.20000", "2015-12-31": "453.79600", "2014-12-31": "473.59500", "2013-12-31": "424.58400", "2012-12-31": "408.59800", "2011-12-31": "339.52400", "2010-12-31": "293.65600", "2009-12-31": "200.18000", "2008-12-31": "182.07600", "2007-12-31": "232.19300", "2006-12-31": "221.62100", "2005-12-31": "195.38100"}, "Income Taxes": {"2019-12-31": "97.00000", "2018-12-31": "59.00000", "2017-12-31": "151.20000", "2016-12-31": "184.50000", "2015-12-31": "152.00000", "2014-12-31": "151.27000", "2013-12-31": "123.72100", "2012-12-31": "126.13600", "2011-12-31": "103.34400", "2010-12-31": "85.03200", "2009-12-31": "58.85000", "2008-12-31": "3.93600", "2007-12-31": "63.83900", "2006-12-31": "56.31200", "2005-12-31": "60.51300"}, "Income After Taxes": {"2019-12-31": "675.80000", "2018-12-31": "540.60000", "2017-12-31": "329.80000", "2016-12-31": "354.70000", "2015-12-31": "301.79600", "2014-12-31": "322.32500", "2013-12-31": "300.86300", "2012-12-31": "282.46200", "2011-12-31": "236.18000", "2010-12-31": "208.62400", "2009-12-31": "141.33000", "2008-12-31": "178.14000", "2007-12-31": "168.35400", "2006-12-31": "165.30900", "2005-12-31": "134.86800"}, "Other Income": {"2019-12-31": "", "2018-12-31": "", "2017-12-31": "", "2016-12-31": "", "2015-12-31": "", "2014-12-31": "", "2013-12-31": "", "2012-12-31": "", "2011-12-31": "", "2010-12-31": "", "2009-12-31": "", "2008-12-31": "", "2007-12-31": "", "2006-12-31": "", "2005-12-31": ""}, "Income From Continuous Operations": {"2019-12-31": "685.60000", "2018-12-31": "546.00000", "2017-12-31": "336.50000", "2016-12-31": "361.20000", "2015-12-31": "301.79600", "2014-12-31": "322.32500", "2013-12-31": "300.86300", "2012-12-31": "282.46200", "2011-12-31": "236.18000", "2010-12-31": "208.62400", "2009-12-31": "141.33000", "2008-12-31": "178.14000", "2007-12-31": "168.35400", "2006-12-31": "165.30900", "2005-12-31": "134.86800"}, "Income From Discontinued Operations": {"2019-12-31": "", "2018-12-31": "", "2017-12-31": "", "2016-12-31": "", "2015-12-31": "", "2014-12-31": "", "2013-12-31": "", "2012-12-31": "", "2011-12-31": "", "2010-12-31": "", "2009-12-31": "33.74500", "2008-12-31": "0.00000", "2007-12-31": "", "2006-12-31": "", "2005-12-31": "0.74200"}, "Net Income": {"2019-12-31": "669.90000", "2018-12-31": "535.80000", "2017-12-31": "323.90000", "2016-12-31": "346.60000", "2015-12-31": "291.92900", "2014-12-31": "312.46900", "2013-12-31": "291.71000", "2012-12-31": "272.75200", "2011-12-31": "228.49700", "2010-12-31": "202.92600", "2009-12-31": "174.10500", "2008-12-31": "177.17000", "2007-12-31": "167.38400", "2006-12-31": "164.33900", "2005-12-31": "134.64000"}, "EBITDA": {"2019-12-31": "2144.20000", "2018-12-31": "1639.80000", "2017-12-31": "1119.40000", "2016-12-31": "1098.50000", "2015-12-31": "972.91710", "2014-12-31": "960.15780", "2013-12-31": "884.12210", "2012-12-31": "880.26290", "2011-12-31": "839.05680", "2010-12-31": "785.03800", "2009-12-31": "639.25820", "2008-12-31": "516.27090", "2007-12-31": "555.20980", "2006-12-31": "510.69000", "2005-12-31": "472.35890"}, "EBIT": {"2019-12-31": "1185.80000", "2018-12-31": "933.59990", "2017-12-31": "678.79990", "2016-12-31": "702.40010", "2015-12-31": "620.99710", "2014-12-31": "632.95790", "2013-12-31": "579.18510", "2012-12-31": "562.13290", "2011-12-31": "512.42880", "2010-12-31": "472.85690", "2009-12-31": "354.94210", "2008-12-31": "284.64490", "2007-12-31": "337.39090", "2006-12-31": "306.77000", "2005-12-31": "300.72790"}, "Basic Shares Outstanding": {"2019-12-31": "239.50000", "2018-12-31": "213.90000", "2017-12-31": "142.50000", "2016-12-31": "142.10000", "2015-12-31": "137.95800", "2014-12-31": "130.01500", "2013-12-31": "127.46300", "2012-12-31": "126.71200", "2011-12-31": "116.89100", "2010-12-31": "111.62900", "2009-12-31": "109.64800", "2008-12-31": "103.95800", "2007-12-31": "90.67600", "2006-12-31": "87.50980", "2005-12-31": "86.85500"}, "Shares Outstanding": {"2019-12-31": "239.90000", "2018-12-31": "214.10000", "2017-12-31": "142.60000", "2016-12-31": "142.50000", "2015-12-31": "137.95800", "2014-12-31": "130.01500", "2013-12-31": "128.29900", "2012-12-31": "126.89900", "2011-12-31": "118.29000", "2010-12-31": "111.62900", "2009-12-31": "109.64800", "2008-12-31": "103.95800", "2007-12-31": "90.67600", "2006-12-31": "87.50980", "2005-12-31": "86.85500"}, "Basic EPS": {"2019-12-31": "2.80000", "2018-12-31": "2.50000", "2017-12-31": "2.27000", "2016-12-31": "2.43000", "2015-12-31": "2.11000", "2014-12-31": "2.40000", "2013-12-31": "2.29000", "2012-12-31": "2.15000", "2011-12-31": "1.95000", "2010-12-31": "1.81000", "2009-12-31": "1.58000", "2008-12-31": "1.69000", "2007-12-31": "1.83000", "2006-12-31": "1.88000", "2005-12-31": "1.55000"}, "EPS - Earnings Per Share": {"2019-12-31": "2.79000", "2018-12-31": "2.50000", "2017-12-31": "2.27000", "2016-12-31": "2.43000", "2015-12-31": "2.09000", "2014-12-31": "2.35000", "2013-12-31": "2.27000", "2012-12-31": "2.15000", "2011-12-31": "1.93000", "2010-12-31": "1.80000", "2009-12-31": "1.58000", "2008-12-31": "1.69000", "2007-12-31": "1.83000", "2006-12-31": "1.87000", "2005-12-31": "1.54000"}}, "income statement, quarterly": {"Revenue": {"2020-09-30": "1517.60000", "2020-06-30": "1184.70000", "2020-03-31": "1116.70000", "2019-12-31": "1131.60000", "2019-09-30": "1577.60000", "2019-06-30": "1221.70000", "2019-03-31": "1216.90000", "2018-12-31": "1199.80000", "2018-09-30": "1582.50000", "2018-06-30": "893.40000", "2018-03-31": "600.20000", "2017-12-31": "594.82590", "2017-09-30": "794.30000", "2017-06-30": "609.30000", "2017-03-31": "572.57400", "2016-12-31": "606.54800", "2016-09-30": "764.65400", "2016-06-30": "621.44800", "2016-03-31": "569.45000", "2015-12-31": "545.96510", "2015-09-30": "732.82900", "2015-06-30": "589.56300", "2015-03-31": "590.80700", "2014-12-31": "596.43880", "2014-09-30": "764.04000", "2014-06-30": "612.66800", "2014-03-31": "628.55600", "2013-12-31": "559.87910", "2013-09-30": "694.97400", "2013-06-30": "569.58900", "2013-03-31": "546.21200", "2012-12-31": "523.77290", "2012-09-30": "695.75800", "2012-06-30": "566.26200", "2012-03-31": "475.67700", "2011-12-31": "486.22700", "2011-09-30": "678.15200", "2011-06-30": "524.89200", "2011-03-31": "481.72000", "2010-12-31": "456.72290", "2010-09-30": "644.43700", "2010-06-30": "495.18100", "2010-03-31": "459.83000", "2009-12-31": "440.11800", "2009-09-30": "528.53400", "2009-06-30": "467.81200", "2009-03-31": "421.76700", "2008-12-31": "406.09700", "2008-09-30": "574.85300", "2008-06-30": "451.21900", "2008-03-31": "406.82700", "2007-12-31": "392.85400", "2007-09-30": "548.49600", "2007-06-30": "415.17800", "2007-03-31": "370.30600", "2006-12-31": "343.15100", "2006-09-30": "515.94700", "2006-06-30": "406.62200", "2006-03-31": "340.02300", "2005-12-31": "394.07790", "2005-09-30": "477.89600", "2005-06-30": "374.80200", "2005-03-31": "336.50200"}, "Cost Of Goods Sold": {"2020-09-30": "382.30000", "2020-06-30": "327.80000", "2020-03-31": "320.20000", "2019-12-31": "348.70010", "2019-09-30": "419.70000", "2019-06-30": "354.40000", "2019-03-31": "393.50000", "2018-12-31": "395.30000", "2018-09-30": "442.10000", "2018-06-30": "298.10000", "2018-03-31": "203.10000", "2017-12-31": "188.87100", "2017-09-30": "252.40000", "2017-06-30": "173.60000", "2017-03-31": "174.52900", "2016-12-31": "194.01300", "2016-09-30": "213.61200", "2016-06-30": "173.85700", "2016-03-31": "160.81800", "2015-12-31": "158.95200", "2015-09-30": "221.43000", "2015-06-30": "197.43200", "2015-03-31": "212.29400", "2014-12-31": "221.79000", "2014-09-30": "256.47500", "2014-06-30": "220.31200", "2014-03-31": "225.79700", "2013-12-31": "196.67600", "2013-09-30": "223.87700", "2013-06-30": "197.30000", "2013-03-31": "195.54800", "2012-12-31": "303.69700", "2012-09-30": "177.50600", "2012-06-30": "147.68000", "2012-03-31": "127.65400", "2011-12-31": "276.26000", "2011-09-30": "199.54000", "2011-06-30": "152.97300", "2011-03-31": "134.18400", "2010-12-31": "124.56800", "2010-09-30": "187.87700", "2010-06-30": "137.11600", "2010-03-31": "133.80000", "2009-12-31": "132.24200", "2009-09-30": "141.47000", "2009-06-30": "120.50800", "2009-03-31": "140.64400", "2008-12-31": "136.40400", "2008-09-30": "220.14000", "2008-06-30": "191.35500", "2008-03-31": "146.44900", "2007-12-31": "126.97800", "2007-09-30": "182.68600", "2007-06-30": "131.34800", "2007-03-31": "103.40900", "2006-12-31": "93.15600", "2006-09-30": "169.05300", "2006-06-30": "129.75000", "2006-03-31": "92.00000", "2005-12-31": "184.79200", "2005-09-30": "132.03000", "2005-06-30": "119.61000", "2005-03-31": "91.79700"}, "Gross Profit": {"2020-09-30": "1135.30000", "2020-06-30": "856.90000", "2020-03-31": "796.49990", "2019-12-31": "782.89970", "2019-09-30": "1157.90000", "2019-06-30": "867.29990", "2019-03-31": "823.40000", "2018-12-31": "804.49980", "2018-09-30": "1140.40000", "2018-06-30": "595.30000", "2018-03-31": "397.10000", "2017-12-31": "405.95500", "2017-09-30": "541.90000", "2017-06-30": "435.70000", "2017-03-31": "398.04500", "2016-12-31": "412.53500", "2016-09-30": "551.04200", "2016-06-30": "447.59100", "2016-03-31": "408.63200", "2015-12-31": "387.01310", "2015-09-30": "511.39900", "2015-06-30": "392.13100", "2015-03-31": "378.51300", "2014-12-31": "374.64880", "2014-09-30": "507.56500", "2014-06-30": "392.35600", "2014-03-31": "402.75900", "2013-12-31": "363.20310", "2013-09-30": "471.09700", "2013-06-30": "372.28900", "2013-03-31": "350.66400", "2012-12-31": "220.07590", "2012-09-30": "518.25200", "2012-06-30": "418.58200", "2012-03-31": "348.02300", "2011-12-31": "209.96690", "2011-09-30": "478.61200", "2011-06-30": "371.91900", "2011-03-31": "347.53600", "2010-12-31": "332.15480", "2010-09-30": "456.56000", "2010-06-30": "358.06500", "2010-03-31": "326.03000", "2009-12-31": "307.87600", "2009-09-30": "387.06400", "2009-06-30": "347.30400", "2009-03-31": "281.12300", "2008-12-31": "269.69290", "2008-09-30": "354.71300", "2008-06-30": "259.86400", "2008-03-31": "260.37800", "2007-12-31": "265.87600", "2007-09-30": "365.81000", "2007-06-30": "283.83000", "2007-03-31": "266.89700", "2006-12-31": "249.99500", "2006-09-30": "346.89400", "2006-06-30": "276.87200", "2006-03-31": "248.02300", "2005-12-31": "209.28590", "2005-09-30": "345.86600", "2005-06-30": "255.19200", "2005-03-31": "244.70500"}, "Research And Development Expenses": {"2020-09-30": "", "2020-06-30": "", "2020-03-31": "", "2019-12-31": "", "2019-09-30": "", "2019-06-30": "", "2019-03-31": "", "2018-12-31": "", "2018-09-30": "", "2018-06-30": "", "2018-03-31": "", "2017-12-31": "", "2017-09-30": "", "2017-06-30": "", "2017-03-31": "", "2016-12-31": "", "2016-09-30": "", "2016-06-30": "", "2016-03-31": "", "2015-12-31": "", "2015-09-30": "", "2015-06-30": "", "2015-03-31": "", "2014-12-31": "", "2014-09-30": "", "2014-06-30": "", "2014-03-31": "", "2013-12-31": "", "2013-09-30": "", "2013-06-30": "", "2013-03-31": "", "2012-12-31": "", "2012-09-30": "", "2012-06-30": "", "2012-03-31": "", "2011-12-31": "", "2011-09-30": "", "2011-06-30": "", "2011-03-31": "", "2010-12-31": "", "2010-09-30": "", "2010-06-30": "", "2010-03-31": "", "2009-12-31": "", "2009-09-30": "", "2009-06-30": "", "2009-03-31": "", "2008-12-31": "", "2008-09-30": "", "2008-06-30": "", "2008-03-31": "", "2007-12-31": "", "2007-09-30": "", "2007-06-30": "", "2007-03-31": "", "2006-12-31": "", "2006-09-30": "", "2006-06-30": "", "2006-03-31": "", "2005-12-31": "", "2005-09-30": "", "2005-06-30": "", "2005-03-31": ""}, "SG&A Expenses": {"2020-09-30": "395.60000", "2020-06-30": "363.60000", "2020-03-31": "380.50000", "2019-12-31": "400.50010", "2019-09-30": "403.10000", "2019-06-30": "380.20000", "2019-03-31": "400.20000", "2018-12-31": "447.10000", "2018-09-30": "413.40000", "2018-06-30": "340.40000", "2018-03-31": "184.00000", "2017-12-31": "189.16500", "2017-09-30": "182.40000", "2017-06-30": "181.50000", "2017-03-31": "178.03500", "2016-12-31": "383.23700", "2016-09-30": "195.49400", "2016-06-30": "209.75000", "2016-03-31": "183.18100", "2015-12-31": "196.59200", "2015-09-30": "178.61100", "2015-06-30": "183.89600", "2015-03-31": "178.36900", "2014-12-31": "196.20900", "2014-09-30": "179.86700", "2014-06-30": "198.74500", "2014-03-31": "183.10800", "2013-12-31": "190.38700", "2013-09-30": "178.03000", "2013-06-30": "173.18000", "2013-03-31": "163.87800", "2012-12-31": "-57.79300", "2012-09-30": "203.30100", "2012-06-30": "219.18100", "2012-03-31": "203.37800", "2011-12-31": "-26.98000", "2011-09-30": "165.32200", "2011-06-30": "193.22400", "2011-03-31": "186.11800", "2010-12-31": "213.93300", "2010-09-30": "177.02000", "2010-06-30": "169.96400", "2010-03-31": "167.09900", "2009-12-31": "181.07900", "2009-09-30": "172.21500", "2009-06-30": "193.44800", "2009-03-31": "170.14900", "2008-12-31": "164.89700", "2008-09-30": "158.47400", "2008-06-30": "175.22000", "2008-03-31": "157.67400", "2007-12-31": "168.52700", "2007-09-30": "167.33600", "2007-06-30": "165.01600", "2007-03-31": "151.23300", "2006-12-31": "171.51600", "2006-09-30": "156.85600", "2006-06-30": "157.64600", "2006-03-31": "148.76800", "2005-12-31": "156.31200", "2005-09-30": "149.79000", "2005-06-30": "150.22700", "2005-03-31": "147.47200"}, "Other Operating Income Or Expenses": {"2020-09-30": "", "2020-06-30": "", "2020-03-31": "", "2019-12-31": "", "2019-09-30": "", "2019-06-30": "", "2019-03-31": "", "2018-12-31": "", "2018-09-30": "", "2018-06-30": "", "2018-03-31": "", "2017-12-31": "", "2017-09-30": "", "2017-06-30": "", "2017-03-31": "", "2016-12-31": "", "2016-09-30": "", "2016-06-30": "", "2016-03-31": "", "2015-12-31": "", "2015-09-30": "", "2015-06-30": "", "2015-03-31": "", "2014-12-31": "", "2014-09-30": "", "2014-06-30": "", "2014-03-31": "", "2013-12-31": "", "2013-09-30": "", "2013-06-30": "", "2013-03-31": "", "2012-12-31": "", "2012-09-30": "", "2012-06-30": "", "2012-03-31": "", "2011-12-31": "", "2011-09-30": "", "2011-06-30": "", "2011-03-31": "", "2010-12-31": "", "2010-09-30": "", "2010-06-30": "", "2010-03-31": "", "2009-12-31": "", "2009-09-30": "", "2009-06-30": "", "2009-03-31": "", "2008-12-31": "", "2008-09-30": "", "2008-06-30": "", "2008-03-31": "", "2007-12-31": "", "2007-09-30": "", "2007-06-30": "", "2007-03-31": "", "2006-12-31": "", "2006-09-30": "", "2006-06-30": "", "2006-03-31": "", "2005-12-31": "", "2005-09-30": "", "2005-06-30": "", "2005-03-31": ""}, "Operating Expenses": {"2020-09-30": "995.90000", "2020-06-30": "913.00000", "2020-03-31": "919.20000", "2019-12-31": "965.80010", "2019-09-30": "1038.90000", "2019-06-30": "950.00000", "2019-03-31": "1007.30000", "2018-12-31": "1049.70000", "2018-09-30": "1049.40000", "2018-06-30": "766.50000", "2018-03-31": "476.70000", "2017-12-31": "472.51100", "2017-09-30": "529.40000", "2017-06-30": "449.10000", "2017-03-31": "441.18900", "2016-12-31": "470.15000", "2016-09-30": "494.07800", "2016-06-30": "467.83300", "2016-03-31": "427.63900", "2015-12-31": "437.60600", "2015-09-30": "477.22500", "2015-06-30": "458.08700", "2015-03-31": "465.24900", "2014-12-31": "491.17000", "2014-09-30": "508.62100", "2014-06-30": "489.93900", "2014-03-31": "479.01500", "2013-12-31": "456.35200", "2013-09-30": "470.76800", "2013-06-30": "438.07700", "2013-03-31": "426.27200", "2012-12-31": "415.99690", "2012-09-30": "445.86800", "2012-06-30": "433.16000", "2012-03-31": "404.31200", "2011-12-31": "413.65120", "2011-09-30": "437.06400", "2011-06-30": "417.28600", "2011-03-31": "390.56100", "2010-12-31": "408.48300", "2010-09-30": "432.81500", "2010-06-30": "374.18700", "2010-03-31": "367.82900", "2009-12-31": "378.31090", "2009-09-30": "378.20100", "2009-06-30": "377.77000", "2009-03-31": "369.00700", "2008-12-31": "354.57200", "2008-09-30": "430.58000", "2008-06-30": "416.18000", "2008-03-31": "353.01900", "2007-12-31": "346.73720", "2007-09-30": "397.92900", "2007-06-30": "344.41600", "2007-03-31": "300.36100", "2006-12-31": "296.66010", "2006-09-30": "376.36100", "2006-06-30": "337.61200", "2006-03-31": "288.34000", "2005-12-31": "363.94210", "2005-09-30": "324.64100", "2005-06-30": "312.39300", "2005-03-31": "281.57400"}, "Operating Income": {"2020-09-30": "521.70000", "2020-06-30": "271.70000", "2020-03-31": "197.49990", "2019-12-31": "165.79960", "2019-09-30": "538.70000", "2019-06-30": "271.70000", "2019-03-31": "209.60000", "2018-12-31": "150.09990", "2018-09-30": "533.10000", "2018-06-30": "126.90000", "2018-03-31": "123.50000", "2017-12-31": "122.31490", "2017-09-30": "264.90000", "2017-06-30": "160.20000", "2017-03-31": "131.38490", "2016-12-31": "136.39810", "2016-09-30": "270.57600", "2016-06-30": "153.61500", "2016-03-31": "141.81100", "2015-12-31": "108.35910", "2015-09-30": "255.60400", "2015-06-30": "131.47600", "2015-03-31": "125.55800", "2014-12-31": "105.26890", "2014-09-30": "255.41900", "2014-06-30": "122.72900", "2014-03-31": "149.54100", "2013-12-31": "103.52710", "2013-09-30": "224.20600", "2013-06-30": "131.51200", "2013-03-31": "119.93990", "2012-12-31": "107.77590", "2012-09-30": "249.89000", "2012-06-30": "133.10200", "2012-03-31": "71.36500", "2011-12-31": "72.57580", "2011-09-30": "241.08800", "2011-06-30": "107.60600", "2011-03-31": "91.15900", "2010-12-31": "48.23990", "2010-09-30": "211.62200", "2010-06-30": "120.99400", "2010-03-31": "92.00100", "2009-12-31": "61.80710", "2009-09-30": "150.33300", "2009-06-30": "90.04200", "2009-03-31": "52.76000", "2008-12-31": "51.52500", "2008-09-30": "144.27300", "2008-06-30": "35.03900", "2008-03-31": "53.80800", "2007-12-31": "46.11690", "2007-09-30": "150.56700", "2007-06-30": "70.76200", "2007-03-31": "69.94500", "2006-12-31": "46.49090", "2006-09-30": "139.58600", "2006-06-30": "69.01000", "2006-03-31": "51.68300", "2005-12-31": "30.13590", "2005-09-30": "153.25500", "2005-06-30": "62.40900", "2005-03-31": "54.92800"}, "Total Non-Operating Income/Expense": {"2020-09-30": "-106.10000", "2020-06-30": "-103.70000", "2020-03-31": "-117.40000", "2019-12-31": "-103.20000", "2019-09-30": "-105.90000", "2019-06-30": "-104.80000", "2019-03-31": "-99.10000", "2018-12-31": "-98.90000", "2018-09-30": "-113.40000", "2018-06-30": "-68.90000", "2018-03-31": "-52.80000", "2017-12-31": "-51.00800", "2017-09-30": "-50.00000", "2017-06-30": "-49.80000", "2017-03-31": "-46.99200", "2016-12-31": "-60.97800", "2016-09-30": "-30.81200", "2016-06-30": "-36.92900", "2016-03-31": "-34.48100", "2015-12-31": "-42.34300", "2015-09-30": "-48.74700", "2015-06-30": "-31.39400", "2015-03-31": "-44.71700", "2014-12-31": "-40.86900", "2014-09-30": "-34.12700", "2014-06-30": "-40.75700", "2014-03-31": "-43.61000", "2013-12-31": "-43.26000", "2013-09-30": "-36.71900", "2013-06-30": "-32.75100", "2013-03-31": "-41.87100", "2012-12-31": "-41.09900", "2012-09-30": "-42.45100", "2012-06-30": "-40.30000", "2012-03-31": "-29.68500", "2011-12-31": "-42.73800", "2011-09-30": "-42.99600", "2011-06-30": "-42.48200", "2011-03-31": "-44.68900", "2010-12-31": "-43.43900", "2010-09-30": "-43.95700", "2010-06-30": "-45.30600", "2010-03-31": "-46.49900", "2009-12-31": "-40.69400", "2009-09-30": "-40.93500", "2009-06-30": "-35.96000", "2009-03-31": "-37.17300", "2008-12-31": "-38.52300", "2008-09-30": "-26.62700", "2008-06-30": "-26.50700", "2008-03-31": "-10.91200", "2007-12-31": "-17.77800", "2007-09-30": "-31.24000", "2007-06-30": "-28.42400", "2007-03-31": "-27.75600", "2006-12-31": "-23.34000", "2006-09-30": "-24.60300", "2006-06-30": "-21.11000", "2006-03-31": "-16.09600", "2005-12-31": "-24.94000", "2005-09-30": "-26.40000", "2005-06-30": "-22.23600", "2005-03-31": "-31.77100"}, "Pre-Tax Income": {"2020-09-30": "415.60000", "2020-06-30": "168.00000", "2020-03-31": "80.10000", "2019-12-31": "62.60000", "2019-09-30": "432.80000", "2019-06-30": "166.90000", "2019-03-31": "110.50000", "2018-12-31": "51.20000", "2018-09-30": "419.70000", "2018-06-30": "58.00000", "2018-03-31": "70.70000", "2017-12-31": "71.30700", "2017-09-30": "214.90000", "2017-06-30": "110.40000", "2017-03-31": "84.39300", "2016-12-31": "75.42000", "2016-09-30": "239.76400", "2016-06-30": "116.68600", "2016-03-31": "107.33000", "2015-12-31": "66.01600", "2015-09-30": "206.85700", "2015-06-30": "100.08200", "2015-03-31": "80.84100", "2014-12-31": "64.40000", "2014-09-30": "221.29200", "2014-06-30": "81.97200", "2014-03-31": "105.93100", "2013-12-31": "60.26700", "2013-09-30": "187.48700", "2013-06-30": "98.76100", "2013-03-31": "78.06900", "2012-12-31": "66.67700", "2012-09-30": "207.43900", "2012-06-30": "92.80200", "2012-03-31": "41.68000", "2011-12-31": "29.83800", "2011-09-30": "198.09200", "2011-06-30": "65.12400", "2011-03-31": "46.47000", "2010-12-31": "4.80100", "2010-09-30": "167.66500", "2010-06-30": "75.68800", "2010-03-31": "45.50200", "2009-12-31": "21.11300", "2009-09-30": "109.39800", "2009-06-30": "54.08200", "2009-03-31": "15.58700", "2008-12-31": "13.00200", "2008-09-30": "117.64600", "2008-06-30": "8.53200", "2008-03-31": "42.89600", "2007-12-31": "28.33900", "2007-09-30": "119.32700", "2007-06-30": "42.33800", "2007-03-31": "42.18900", "2006-12-31": "23.15100", "2006-09-30": "114.98300", "2006-06-30": "47.90000", "2006-03-31": "35.58700", "2005-12-31": "5.19600", "2005-09-30": "126.85500", "2005-06-30": "40.17300", "2005-03-31": "23.15700"}, "Income Taxes": {"2020-09-30": "50.00000", "2020-06-30": "33.70000", "2020-03-31": "10.10000", "2019-12-31": "-2.20000", "2019-09-30": "65.50000", "2019-06-30": "24.40000", "2019-03-31": "9.30000", "2018-12-31": "30.70000", "2018-09-30": "64.10000", "2018-06-30": "-45.00000", "2018-03-31": "9.20000", "2017-12-31": "38.58900", "2017-09-30": "55.80000", "2017-06-30": "35.90000", "2017-03-31": "20.91100", "2016-12-31": "24.12500", "2016-09-30": "81.21100", "2016-06-30": "40.54200", "2016-03-31": "38.62200", "2015-12-31": "24.19000", "2015-09-30": "66.29300", "2015-06-30": "33.83900", "2015-03-31": "27.67800", "2014-12-31": "18.62700", "2014-09-30": "71.53200", "2014-06-30": "26.15000", "2014-03-31": "34.96100", "2013-12-31": "17.20600", "2013-09-30": "52.39200", "2013-06-30": "29.31000", "2013-03-31": "24.81300", "2012-12-31": "18.98100", "2012-09-30": "66.37200", "2012-06-30": "28.34000", "2012-03-31": "12.44300", "2011-12-31": "8.53200", "2011-09-30": "61.70000", "2011-06-30": "19.59900", "2011-03-31": "13.51300", "2010-12-31": "-1.74800", "2010-09-30": "51.80200", "2010-06-30": "21.15800", "2010-03-31": "13.82000", "2009-12-31": "10.49700", "2009-09-30": "28.25600", "2009-06-30": "15.69600", "2009-03-31": "4.40100", "2008-12-31": "-9.87200", "2008-09-30": "29.36100", "2008-06-30": "2.68700", "2008-03-31": "-18.24000", "2007-12-31": "14.57400", "2007-09-30": "27.62100", "2007-06-30": "9.63000", "2007-03-31": "12.01400", "2006-12-31": "10.07900", "2006-09-30": "24.94900", "2006-06-30": "12.53500", "2006-03-31": "8.74900", "2005-12-31": "-1.70600", "2005-09-30": "42.38000", "2005-06-30": "12.29700", "2005-03-31": "7.54200"}, "Income After Taxes": {"2020-09-30": "365.60000", "2020-06-30": "134.30000", "2020-03-31": "70.00000", "2019-12-31": "64.80000", "2019-09-30": "367.30000", "2019-06-30": "142.50000", "2019-03-31": "101.20000", "2018-12-31": "20.50000", "2018-09-30": "355.60000", "2018-06-30": "103.00000", "2018-03-31": "61.50000", "2017-12-31": "32.71800", "2017-09-30": "159.10000", "2017-06-30": "74.50000", "2017-03-31": "63.48200", "2016-12-31": "51.29500", "2016-09-30": "158.55300", "2016-06-30": "76.14400", "2016-03-31": "68.70800", "2015-12-31": "41.82600", "2015-09-30": "140.56400", "2015-06-30": "66.24300", "2015-03-31": "53.16300", "2014-12-31": "45.77300", "2014-09-30": "149.76000", "2014-06-30": "55.82200", "2014-03-31": "70.97000", "2013-12-31": "43.06100", "2013-09-30": "135.09500", "2013-06-30": "69.45100", "2013-03-31": "53.25600", "2012-12-31": "47.69600", "2012-09-30": "141.06700", "2012-06-30": "64.46200", "2012-03-31": "29.23700", "2011-12-31": "21.30600", "2011-09-30": "136.39200", "2011-06-30": "45.52500", "2011-03-31": "32.95700", "2010-12-31": "6.54900", "2010-09-30": "115.86300", "2010-06-30": "54.53000", "2010-03-31": "31.68200", "2009-12-31": "10.61600", "2009-09-30": "81.14200", "2009-06-30": "38.38600", "2009-03-31": "11.18600", "2008-12-31": "22.87400", "2008-09-30": "88.28500", "2008-06-30": "5.84500", "2008-03-31": "61.13600", "2007-12-31": "13.76500", "2007-09-30": "91.70600", "2007-06-30": "32.70800", "2007-03-31": "30.17500", "2006-12-31": "13.07200", "2006-09-30": "90.03400", "2006-06-30": "35.36500", "2006-03-31": "26.83800", "2005-12-31": "6.90200", "2005-09-30": "84.47500", "2005-06-30": "27.87600", "2005-03-31": "15.61500"}, "Other Income": {"2020-09-30": "", "2020-06-30": "", "2020-03-31": "", "2019-12-31": "", "2019-09-30": "", "2019-06-30": "", "2019-03-31": "", "2018-12-31": "", "2018-09-30": "", "2018-06-30": "", "2018-03-31": "", "2017-12-31": "", "2017-09-30": "", "2017-06-30": "", "2017-03-31": "", "2016-12-31": "", "2016-09-30": "", "2016-06-30": "", "2016-03-31": "", "2015-12-31": "", "2015-09-30": "", "2015-06-30": "", "2015-03-31": "", "2014-12-31": "", "2014-09-30": "", "2014-06-30": "", "2014-03-31": "", "2013-12-31": "", "2013-09-30": "", "2013-06-30": "", "2013-03-31": "", "2012-12-31": "", "2012-09-30": "", "2012-06-30": "", "2012-03-31": "", "2011-12-31": "", "2011-09-30": "", "2011-06-30": "", "2011-03-31": "", "2010-12-31": "", "2010-09-30": "", "2010-06-30": "", "2010-03-31": "", "2009-12-31": "", "2009-09-30": "", "2009-06-30": "", "2009-03-31": "", "2008-12-31": "", "2008-09-30": "", "2008-06-30": "", "2008-03-31": "", "2007-12-31": "", "2007-09-30": "", "2007-06-30": "", "2007-03-31": "", "2006-12-31": "", "2006-09-30": "", "2006-06-30": "", "2006-03-31": "", "2005-12-31": "", "2005-09-30": "", "2005-06-30": "", "2005-03-31": ""}, "Income From Continuous Operations": {"2020-09-30": "367.50000", "2020-06-30": "136.30000", "2020-03-31": "72.20000", "2019-12-31": "66.70000", "2019-09-30": "370.90000", "2019-06-30": "144.60000", "2019-03-31": "103.40000", "2018-12-31": "21.10000", "2018-09-30": "357.60000", "2018-06-30": "104.40000", "2018-03-31": "62.90000", "2017-12-31": "36.31800", "2017-09-30": "160.70000", "2017-06-30": "76.00000", "2017-03-31": "63.48200", "2016-12-31": "57.79500", "2016-09-30": "158.55300", "2016-06-30": "76.14400", "2016-03-31": "68.70800", "2015-12-31": "41.82600", "2015-09-30": "140.56400", "2015-06-30": "66.24300", "2015-03-31": "53.16300", "2014-12-31": "45.77300", "2014-09-30": "149.76000", "2014-06-30": "55.82200", "2014-03-31": "70.97000", "2013-12-31": "43.06100", "2013-09-30": "135.09500", "2013-06-30": "69.45100", "2013-03-31": "53.25600", "2012-12-31": "47.69600", "2012-09-30": "141.06700", "2012-06-30": "64.46200", "2012-03-31": "29.23700", "2011-12-31": "21.30600", "2011-09-30": "136.39200", "2011-06-30": "45.52500", "2011-03-31": "32.95700", "2010-12-31": "6.54900", "2010-09-30": "115.86300", "2010-06-30": "54.53000", "2010-03-31": "31.68200", "2009-12-31": "10.61600", "2009-09-30": "81.14200", "2009-06-30": "38.38600", "2009-03-31": "11.18600", "2008-12-31": "22.87400", "2008-09-30": "88.28500", "2008-06-30": "5.84500", "2008-03-31": "61.13600", "2007-12-31": "13.76500", "2007-09-30": "91.70600", "2007-06-30": "32.70800", "2007-03-31": "30.17500", "2006-12-31": "13.07200", "2006-09-30": "90.03400", "2006-06-30": "35.36500", "2006-03-31": "26.83800", "2005-12-31": "6.90200", "2005-09-30": "84.47500", "2005-06-30": "27.87600", "2005-03-31": "15.61500"}, "Income From Discontinued Operations": {"2020-09-30": "", "2020-06-30": "", "2020-03-31": "", "2019-12-31": "", "2019-09-30": "", "2019-06-30": "", "2019-03-31": "", "2018-12-31": "", "2018-09-30": "", "2018-06-30": "", "2018-03-31": "", "2017-12-31": "", "2017-09-30": "", "2017-06-30": "", "2017-03-31": "", "2016-12-31": "", "2016-09-30": "", "2016-06-30": "", "2016-03-31": "", "2015-12-31": "", "2015-09-30": "", "2015-06-30": "", "2015-03-31": "", "2014-12-31": "", "2014-09-30": "", "2014-06-30": "", "2014-03-31": "", "2013-12-31": "", "2013-09-30": "", "2013-06-30": "", "2013-03-31": "", "2012-12-31": "", "2012-09-30": "", "2012-06-30": "", "2012-03-31": "", "2011-12-31": "", "2011-09-30": "", "2011-06-30": "", "2011-03-31": "", "2010-12-31": "", "2010-09-30": "", "2010-06-30": "", "2010-03-31": "", "2009-12-31": "0.76700", "2009-09-30": "", "2009-06-30": "", "2009-03-31": "32.97800", "2008-12-31": "", "2008-09-30": "", "2008-06-30": "", "2008-03-31": "", "2007-12-31": "", "2007-09-30": "", "2007-06-30": "", "2007-03-31": "", "2006-12-31": "", "2006-09-30": "", "2006-06-30": "", "2006-03-31": "", "2005-12-31": "", "2005-09-30": "", "2005-06-30": "", "2005-03-31": ""}, "Net Income": {"2020-09-30": "364.50000", "2020-06-30": "133.40000", "2020-03-31": "69.40000", "2019-12-31": "63.90000", "2019-09-30": "366.80000", "2019-06-30": "139.70000", "2019-03-31": "99.50000", "2018-12-31": "18.50000", "2018-09-30": "355.00000", "2018-06-30": "101.80000", "2018-03-31": "60.50000", "2017-12-31": "33.83900", "2017-09-30": "158.30000", "2017-06-30": "72.10000", "2017-03-31": "59.66100", "2016-12-31": "53.95500", "2016-09-30": "154.72000", "2016-06-30": "72.34000", "2016-03-31": "65.58500", "2015-12-31": "39.65800", "2015-09-30": "137.69900", "2015-06-30": "63.71000", "2015-03-31": "50.86200", "2014-12-31": "43.38500", "2014-09-30": "146.98700", "2014-06-30": "53.32500", "2014-03-31": "68.77200", "2013-12-31": "40.77300", "2013-09-30": "132.75300", "2013-06-30": "67.18800", "2013-03-31": "50.99600", "2012-12-31": "44.89900", "2012-09-30": "139.28100", "2012-06-30": "61.36100", "2012-03-31": "27.21100", "2011-12-31": "19.16600", "2011-09-30": "134.26800", "2011-06-30": "43.86800", "2011-03-31": "31.19500", "2010-12-31": "5.54600", "2010-09-30": "113.87300", "2010-06-30": "53.06900", "2010-03-31": "30.43800", "2009-12-31": "11.13900", "2009-09-30": "80.90000", "2009-06-30": "38.14400", "2009-03-31": "43.92200", "2008-12-31": "22.63000", "2008-09-30": "88.04300", "2008-06-30": "5.60300", "2008-03-31": "60.89400", "2007-12-31": "13.52100", "2007-09-30": "91.46400", "2007-06-30": "32.46600", "2007-03-31": "29.93300", "2006-12-31": "12.82800", "2006-09-30": "89.79200", "2006-06-30": "35.12300", "2006-03-31": "26.59600", "2005-12-31": "7.40000", "2005-09-30": "84.23300", "2005-06-30": "27.63400", "2005-03-31": "15.37300"}, "EBITDA": {"2020-09-30": "767.10000", "2020-06-30": "516.40000", "2020-03-31": "443.20000", "2019-12-31": "400.59970", "2019-09-30": "781.09990", "2019-06-30": "511.60000", "2019-03-31": "450.90000", "2018-12-31": "384.19980", "2018-09-30": "756.30000", "2018-06-30": "269.00000", "2018-03-31": "230.30000", "2017-12-31": "237.71490", "2017-09-30": "377.20000", "2017-06-30": "271.87900", "2017-03-31": "232.60600", "2016-12-31": "247.48410", "2016-09-30": "364.82200", "2016-06-30": "248.52700", "2016-03-31": "237.66700", "2015-12-31": "202.03410", "2015-09-30": "346.12500", "2015-06-30": "215.28100", "2015-03-31": "209.47700", "2014-12-31": "189.59180", "2014-09-30": "341.03600", "2014-06-30": "199.40300", "2014-03-31": "230.12700", "2013-12-31": "183.56810", "2013-09-30": "304.63800", "2013-06-30": "204.12500", "2013-03-31": "191.79090", "2012-12-31": "191.66690", "2012-09-30": "327.35100", "2012-06-30": "209.22100", "2012-03-31": "152.02400", "2011-12-31": "157.22580", "2011-09-30": "326.51200", "2011-06-30": "183.18010", "2011-03-31": "172.13900", "2010-12-31": "127.64390", "2010-09-30": "290.93000", "2010-06-30": "196.98300", "2010-03-31": "169.48100", "2009-12-31": "135.14410", "2009-09-30": "223.19200", "2009-06-30": "161.15800", "2009-03-31": "119.76400", "2008-12-31": "118.21400", "2008-09-30": "200.19800", "2008-06-30": "88.78100", "2008-03-31": "109.07800", "2007-12-31": "103.09090", "2007-09-30": "205.80090", "2007-06-30": "122.83000", "2007-03-31": "123.48800", "2006-12-31": "82.38990", "2006-09-30": "196.96400", "2006-06-30": "125.31400", "2006-03-31": "106.02200", "2005-12-31": "58.88390", "2005-09-30": "203.99400", "2005-06-30": "107.04100", "2005-03-31": "102.44000"}, "EBIT": {"2020-09-30": "521.70000", "2020-06-30": "271.70000", "2020-03-31": "197.49990", "2019-12-31": "165.79990", "2019-09-30": "538.70000", "2019-06-30": "271.70000", "2019-03-31": "209.60000", "2018-12-31": "150.09990", "2018-09-30": "533.10000", "2018-06-30": "126.90000", "2018-03-31": "123.50000", "2017-12-31": "122.31500", "2017-09-30": "264.90000", "2017-06-30": "160.20000", "2017-03-31": "131.38490", "2016-12-31": "136.39810", "2016-09-30": "270.57600", "2016-06-30": "153.61500", "2016-03-31": "141.81100", "2015-12-31": "108.35910", "2015-09-30": "255.60400", "2015-06-30": "131.47600", "2015-03-31": "125.55800", "2014-12-31": "105.26890", "2014-09-30": "255.41900", "2014-06-30": "122.72900", "2014-03-31": "149.54100", "2013-12-31": "103.52710", "2013-09-30": "224.20600", "2013-06-30": "131.51200", "2013-03-31": "119.93990", "2012-12-31": "107.77590", "2012-09-30": "249.89000", "2012-06-30": "133.10200", "2012-03-31": "71.36500", "2011-12-31": "72.57580", "2011-09-30": "241.08800", "2011-06-30": "107.60600", "2011-03-31": "91.15900", "2010-12-31": "48.23990", "2010-09-30": "211.62200", "2010-06-30": "120.99400", "2010-03-31": "92.00100", "2009-12-31": "61.80710", "2009-09-30": "150.33300", "2009-06-30": "90.04200", "2009-03-31": "52.76000", "2008-12-31": "51.52490", "2008-09-30": "144.27300", "2008-06-30": "35.03900", "2008-03-31": "53.80800", "2007-12-31": "46.11690", "2007-09-30": "150.56700", "2007-06-30": "70.76200", "2007-03-31": "69.94500", "2006-12-31": "46.49090", "2006-09-30": "139.58600", "2006-06-30": "69.01000", "2006-03-31": "51.68300", "2005-12-31": "30.13590", "2005-09-30": "153.25500", "2005-06-30": "62.40900", "2005-03-31": "54.92800"}, "Basic Shares Outstanding": {"2020-09-30": "227.30000", "2020-06-30": "227.20000", "2020-03-31": "227.10000", "2019-12-31": "239.50000", "2019-09-30": "234.60000", "2019-06-30": "243.20000", "2019-03-31": "252.80000", "2018-12-31": "213.90000", "2018-09-30": "268.60000", "2018-06-30": "180.90000", "2018-03-31": "142.60000", "2017-12-31": "142.50000", "2017-09-30": "142.50000", "2017-06-30": "142.50000", "2017-03-31": "142.43700", "2016-12-31": "142.10000", "2016-09-30": "142.09100", "2016-06-30": "142.03400", "2016-03-31": "141.99300", "2015-12-31": "137.95800", "2015-09-30": "141.62300", "2015-06-30": "135.93900", "2015-03-31": "132.39500", "2014-12-31": "130.01500", "2014-09-30": "130.19600", "2014-06-30": "129.36300", "2014-03-31": "129.00400", "2013-12-31": "127.46300", "2013-09-30": "127.44500", "2013-06-30": "127.31100", "2013-03-31": "127.19600", "2012-12-31": "126.71200", "2012-09-30": "126.78300", "2012-06-30": "126.63700", "2012-03-31": "126.49500", "2011-12-31": "116.89100", "2011-09-30": "116.80700", "2011-06-30": "114.90800", "2011-03-31": "113.87500", "2010-12-31": "111.62900", "2010-09-30": "111.70700", "2010-06-30": "114.90800", "2010-03-31": "110.92500", "2009-12-31": "109.64800", "2009-09-30": "109.75300", "2009-06-30": "109.53900", "2009-03-31": "109.33100", "2008-12-31": "103.95800", "2008-09-30": "108.71500", "2008-06-30": "100.73400", "2008-03-31": "97.41600", "2007-12-31": "90.67600", "2007-09-30": "91.94100", "2007-06-30": "89.78170", "2007-03-31": "87.94700", "2006-12-31": "87.50980", "2006-09-30": "87.57800", "2006-06-30": "87.46200", "2006-03-31": "87.27900", "2005-12-31": "86.85500", "2005-09-30": "86.95000", "2005-06-30": "86.82700", "2005-03-31": "86.56900"}, "Shares Outstanding": {"2020-09-30": "227.50000", "2020-06-30": "227.60000", "2020-03-31": "227.50000", "2019-12-31": "239.90000", "2019-09-30": "235.00000", "2019-06-30": "243.40000", "2019-03-31": "253.00000", "2018-12-31": "214.10000", "2018-09-30": "268.80000", "2018-06-30": "181.00000", "2018-03-31": "142.70000", "2017-12-31": "142.60000", "2017-09-30": "142.50000", "2017-06-30": "142.60000", "2017-03-31": "142.69600", "2016-12-31": "142.50000", "2016-09-30": "142.57800", "2016-06-30": "142.49700", "2016-03-31": "142.31100", "2015-12-31": "137.95800", "2015-09-30": "141.83800", "2015-06-30": "137.41200", "2015-03-31": "135.54000", "2014-12-31": "130.01500", "2014-09-30": "133.02900", "2014-06-30": "131.97300", "2014-03-31": "131.26900", "2013-12-31": "128.29900", "2013-09-30": "128.11100", "2013-06-30": "127.93000", "2013-03-31": "127.61900", "2012-12-31": "126.89900", "2012-09-30": "127.13500", "2012-06-30": "126.87700", "2012-03-31": "126.60900", "2011-12-31": "118.29000", "2011-09-30": "118.23800", "2011-06-30": "114.90800", "2011-03-31": "113.87500", "2010-12-31": "111.62900", "2010-09-30": "111.70700", "2010-06-30": "114.90800", "2010-03-31": "110.92500", "2009-12-31": "109.64800", "2009-09-30": "109.75300", "2009-06-30": "109.53900", "2009-03-31": "109.33100", "2008-12-31": "103.95800", "2008-09-30": "108.71500", "2008-06-30": "100.73400", "2008-03-31": "97.41600", "2007-12-31": "90.67600", "2007-09-30": "91.94100", "2007-06-30": "89.78170", "2007-03-31": "87.94700", "2006-12-31": "87.50980", "2006-09-30": "87.57800", "2006-06-30": "87.46200", "2006-03-31": "88.01400", "2005-12-31": "86.85500", "2005-09-30": "86.95000", "2005-06-30": "86.82700", "2005-03-31": "86.56900"}, "Basic EPS": {"2020-09-30": "1.60000", "2020-06-30": "0.59000", "2020-03-31": "0.31000", "2019-12-31": "0.28000", "2019-09-30": "1.56000", "2019-06-30": "0.57000", "2019-03-31": "0.39000", "2018-12-31": "0.20000", "2018-09-30": "1.32000", "2018-06-30": "0.56000", "2018-03-31": "0.42000", "2017-12-31": "0.24000", "2017-09-30": "1.11000", "2017-06-30": "0.50000", "2017-03-31": "0.42000", "2016-12-31": "0.37000", "2016-09-30": "1.09000", "2016-06-30": "0.51000", "2016-03-31": "0.46000", "2015-12-31": "0.29000", "2015-09-30": "0.97000", "2015-06-30": "0.47000", "2015-03-31": "0.38000", "2014-12-31": "0.33000", "2014-09-30": "1.13000", "2014-06-30": "0.41000", "2014-03-31": "0.53000", "2013-12-31": "0.32000", "2013-09-30": "1.04000", "2013-06-30": "0.53000", "2013-03-31": "0.40000", "2012-12-31": "0.36000", "2012-09-30": "1.10000", "2012-06-30": "0.48000", "2012-03-31": "0.21000", "2011-12-31": "0.15000", "2011-09-30": "1.15000", "2011-06-30": "0.38000", "2011-03-31": "0.27000", "2010-12-31": "0.05000", "2010-09-30": "1.02000", "2010-06-30": "0.47000", "2010-03-31": "0.27000", "2009-12-31": "0.10000", "2009-09-30": "0.73000", "2009-06-30": "0.35000", "2009-03-31": "0.40000", "2008-12-31": "0.21000", "2008-09-30": "0.80000", "2008-06-30": "0.06000", "2008-03-31": "0.62000", "2007-12-31": "0.14000", "2007-09-30": "0.99000", "2007-06-30": "0.36000", "2007-03-31": "0.34000", "2006-12-31": "0.15000", "2006-09-30": "1.03000", "2006-06-30": "0.40000", "2006-03-31": "0.30000", "2005-12-31": "0.08000", "2005-09-30": "0.97000", "2005-06-30": "0.32000", "2005-03-31": "0.18000"}, "EPS - Earnings Per Share": {"2020-09-30": "1.60000", "2020-06-30": "0.59000", "2020-03-31": "0.31000", "2019-12-31": "0.27000", "2019-09-30": "1.56000", "2019-06-30": "0.57000", "2019-03-31": "0.39000", "2018-12-31": "0.20000", "2018-09-30": "1.32000", "2018-06-30": "0.56000", "2018-03-31": "0.42000", "2017-12-31": "0.24000", "2017-09-30": "1.11000", "2017-06-30": "0.50000", "2017-03-31": "0.42000", "2016-12-31": "0.38000", "2016-09-30": "1.08000", "2016-06-30": "0.51000", "2016-03-31": "0.46000", "2015-12-31": "0.28000", "2015-09-30": "0.97000", "2015-06-30": "0.46000", "2015-03-31": "0.38000", "2014-12-31": "0.33000", "2014-09-30": "1.10000", "2014-06-30": "0.40000", "2014-03-31": "0.52000", "2013-12-31": "0.31000", "2013-09-30": "1.04000", "2013-06-30": "0.52000", "2013-03-31": "0.40000", "2012-12-31": "0.37000", "2012-09-30": "1.09000", "2012-06-30": "0.48000", "2012-03-31": "0.21000", "2011-12-31": "0.14000", "2011-09-30": "1.14000", "2011-06-30": "0.38000", "2011-03-31": "0.27000", "2010-12-31": "0.05000", "2010-09-30": "1.01000", "2010-06-30": "0.47000", "2010-03-31": "0.27000", "2009-12-31": "0.10000", "2009-09-30": "0.73000", "2009-06-30": "0.35000", "2009-03-31": "0.40000", "2008-12-31": "0.21000", "2008-09-30": "0.80000", "2008-06-30": "0.06000", "2008-03-31": "0.62000", "2007-12-31": "0.14000", "2007-09-30": "0.99000", "2007-06-30": "0.36000", "2007-03-31": "0.34000", "2006-12-31": "0.15000", "2006-09-30": "1.02000", "2006-06-30": "0.40000", "2006-03-31": "0.30000", "2005-12-31": "0.08000", "2005-09-30": "0.96000", "2005-06-30": "0.32000", "2005-03-31": "0.18000"}}, "balance sheet": {"Cash On Hand": {"2019-12-31": "23.20000", "2018-12-31": "160.30000", "2017-12-31": "3.40000", "2016-12-31": "3.06600", "2015-12-31": "3.23100", "2014-12-31": "4.55600", "2013-12-31": "4.48700", "2012-12-31": "5.82900", "2011-12-31": "3.53900", "2010-12-31": "0.92800", "2009-12-31": "3.86000", "2008-12-31": "22.91400", "2007-12-31": "5.75300", "2006-12-31": "18.19600", "2005-12-31": "40.96900"}, "Receivables": {"2019-12-31": "653.00000", "2018-12-31": "626.70000", "2017-12-31": "290.70000", "2016-12-31": "301.57900", "2015-12-31": "258.28600", "2014-12-31": "267.32700", "2013-12-31": "250.03600", "2012-12-31": "224.43900", "2011-12-31": "231.76200", "2010-12-31": "244.37900", "2009-12-31": "261.38600", "2008-12-31": "235.57800", "2007-12-31": "266.89600", "2006-12-31": "195.00100", "2005-12-31": "126.27600"}, "Inventory": {"2019-12-31": "481.60000", "2018-12-31": "511.00000", "2017-12-31": "293.60000", "2016-12-31": "300.12500", "2015-12-31": "301.29400", "2014-12-31": "247.40600", "2013-12-31": "239.51100", "2012-12-31": "249.01600", "2011-12-31": "229.11800", "2010-12-31": "206.86700", "2009-12-31": "193.83100", "2008-12-31": "204.29700", "2007-12-31": "192.53300", "2006-12-31": "147.93000", "2005-12-31": "101.81800"}, "Pre-Paid Expenses": {"2019-12-31": "78.20000", "2018-12-31": "79.10000", "2017-12-31": "39.80000", "2016-12-31": "16.52800", "2015-12-31": "16.86400", "2014-12-31": "15.79300", "2013-12-31": "15.82100", "2012-12-31": "15.84700", "2011-12-31": "13.07800", "2010-12-31": "12.41300", "2009-12-31": "11.83000", "2008-12-31": "33.41900", "2007-12-31": "31.57600", "2006-12-31": "29.62000", "2005-12-31": "30.45200"}, "Other Current Assets": {"2019-12-31": "231.70000", "2018-12-31": "303.90000", "2017-12-31": "99.50000", "2016-12-31": "147.08400", "2015-12-31": "137.46600", "2014-12-31": "134.32100", "2013-12-31": "159.01600", "2012-12-31": "147.94400", "2011-12-31": "155.69400", "2010-12-31": "106.77400", "2009-12-31": "150.64800", "2008-12-31": "230.50700", "2007-12-31": "170.92100", "2006-12-31": "145.12000", "2005-12-31": "156.89400"}, "Total Current Assets": {"2019-12-31": "1467.70000", "2018-12-31": "1681.00000", "2017-12-31": "727.00000", "2016-12-31": "768.38200", "2015-12-31": "717.14100", "2014-12-31": "669.40300", "2013-12-31": "706.82500", "2012-12-31": "643.07500", "2011-12-31": "633.58500", "2010-12-31": "601.60900", "2009-12-31": "629.48200", "2008-12-31": "743.13100", "2007-12-31": "667.67900", "2006-12-31": "536.72000", "2005-12-31": "475.62000"}, "Property, Plant, And Equipment": {"2019-12-31": "19184.40000", "2018-12-31": "18782.50000", "2017-12-31": "9553.80000", "2016-12-31": "9248.35900", "2015-12-31": "8524.90200", "2014-12-31": "8162.90800", "2013-12-31": "7551.91600", "2012-12-31": "7013.76500", "2011-12-31": "6411.92200", "2010-12-31": "5964.43900", "2009-12-31": "5771.74000", "2008-12-31": "5533.52100", "2007-12-31": "4803.67200", "2006-12-31": "4071.60700", "2005-12-31": "3947.73200"}, "Long-Term Investments": {"2019-12-31": "", "2018-12-31": "", "2017-12-31": "", "2016-12-31": "", "2015-12-31": "", "2014-12-31": "", "2013-12-31": "", "2012-12-31": "", "2011-12-31": "", "2010-12-31": "", "2009-12-31": "", "2008-12-31": "", "2007-12-31": "", "2006-12-31": "", "2005-12-31": ""}, "Goodwill And Intangible Assets": {"2019-12-31": "2336.60000", "2018-12-31": "2338.90000", "2017-12-31": "", "2016-12-31": "", "2015-12-31": "", "2014-12-31": "", "2013-12-31": "", "2012-12-31": "", "2011-12-31": "", "2010-12-31": "", "2009-12-31": "", "2008-12-31": "", "2007-12-31": "", "2006-12-31": "", "2005-12-31": ""}, "Other Long-Term Assets": {"2019-12-31": "673.50000", "2018-12-31": "565.70000", "2017-12-31": "421.10000", "2016-12-31": "507.73200", "2015-12-31": "528.25400", "2014-12-31": "517.35000", "2013-12-31": "542.76600", "2012-12-31": "569.86000", "2011-12-31": "584.80200", "2010-12-31": "599.01500", "2009-12-31": "253.45500", "2008-12-31": "208.56500", "2007-12-31": "224.52500", "2006-12-31": "185.01000", "2005-12-31": "287.71600"}, "Total Long-Term Assets": {"2019-12-31": "24508.20000", "2018-12-31": "23917.10000", "2017-12-31": "10897.40000", "2016-12-31": "10718.69000", "2015-12-31": "9988.52500", "2014-12-31": "9619.50300", "2013-12-31": "8890.31300", "2012-12-31": "8622.15600", "2011-12-31": "8049.26600", "2010-12-31": "7478.02900", "2009-12-31": "6896.00100", "2008-12-31": "6700.12800", "2007-12-31": "5727.75000", "2006-12-31": "4918.45500", "2005-12-31": "4734.44900"}, "Total Assets": {"2019-12-31": "25975.90000", "2018-12-31": "25598.10000", "2017-12-31": "11624.40000", "2016-12-31": "11487.07000", "2015-12-31": "10705.67000", "2014-12-31": "10288.91000", "2013-12-31": "9597.13800", "2012-12-31": "9265.23100", "2011-12-31": "8682.85100", "2010-12-31": "8079.63800", "2009-12-31": "7525.48300", "2008-12-31": "7443.25900", "2007-12-31": "6395.43000", "2006-12-31": "5455.17500", "2005-12-31": "5210.06900"}, "Total Current Liabilities": {"2019-12-31": "2335.90000", "2018-12-31": "2867.20000", "2017-12-31": "823.70000", "2016-12-31": "1047.19300", "2015-12-31": "836.93500", "2014-12-31": "849.63100", "2013-12-31": "955.42600", "2012-12-31": "846.14100", "2011-12-31": "827.28700", "2010-12-31": "782.84600", "2009-12-31": "682.47800", "2008-12-31": "872.40900", "2007-12-31": "744.76300", "2006-12-31": "663.17600", "2005-12-31": "550.06700"}, "Long Term Debt": {"2019-12-31": "8765.50000", "2018-12-31": "6687.40000", "2017-12-31": "3769.00000", "2016-12-31": "3499.87900", "2015-12-31": "3302.04700", "2014-12-31": "3353.64500", "2013-12-31": "3163.76000", "2012-12-31": "3042.01400", "2011-12-31": "2740.39200", "2010-12-31": "2769.03300", "2009-12-31": "2600.03400", "2008-12-31": "2310.44700", "2007-12-31": "2013.63500", "2006-12-31": "1575.58100", "2005-12-31": "1562.99000"}, "Other Non-Current Liabilities": {"2019-12-31": "3191.80000", "2018-12-31": "3092.80000", "2017-12-31": "1607.30000", "2016-12-31": "630.97000", "2015-12-31": "631.22400", "2014-12-31": "594.81000", "2013-12-31": "522.45000", "2012-12-31": "512.60200", "2011-12-31": "447.17600", "2010-12-31": "429.64700", "2009-12-31": "341.85500", "2008-12-31": "348.31300", "2007-12-31": "422.97000", "2006-12-31": "308.92600", "2005-12-31": "393.94900"}, "Total Long Term Liabilities": {"2019-12-31": "15094.70000", "2018-12-31": "12740.20000", "2017-12-31": "6940.30000", "2016-12-31": "6606.69100", "2015-12-31": "6196.76800", "2014-12-31": "6137.96800", "2013-12-31": "5573.18100", "2012-12-31": "5508.83400", "2011-12-31": "5054.82300", "2010-12-31": "4886.41900", "2009-12-31": "4576.22000", "2008-12-31": "4363.27100", "2007-12-31": "3796.96300", "2006-12-31": "3224.43300", "2005-12-31": "3222.56300"}, "Total Liabilities": {"2019-12-31": "17430.60000", "2018-12-31": "15607.40000", "2017-12-31": "7764.00000", "2016-12-31": "7653.88400", "2015-12-31": "7033.70700", "2014-12-31": "6987.59900", "2013-12-31": "6528.60700", "2012-12-31": "6354.97600", "2011-12-31": "5882.11000", "2010-12-31": "5669.26500", "2009-12-31": "5258.69800", "2008-12-31": "5235.67900", "2007-12-31": "4541.72600", "2006-12-31": "3887.60900", "2005-12-31": "3772.63000"}, "Common Stock Net": {"2019-12-31": "7070.40000", "2018-12-31": "8685.20000", "2017-12-31": "2734.80000", "2016-12-31": "708.95600", "2015-12-31": "706.76700", "2014-12-31": "658.43700", "2013-12-31": "641.27100", "2012-12-31": "632.51900", "2011-12-31": "628.49200", "2010-12-31": "560.64000", "2009-12-31": "545.36000", "2008-12-31": "541.55600", "2007-12-31": "482.54000", "2006-12-31": "443.64500", "2005-12-31": "434.17700"}, "Retained Earnings (Accumulated Deficit)": {"2019-12-31": "1551.50000", "2018-12-31": "1346.00000", "2017-12-31": "1173.30000", "2016-12-31": "1078.60200", "2015-12-31": "945.83000", "2014-12-31": "855.29900", "2013-12-31": "724.77600", "2012-12-31": "606.64900", "2011-12-31": "501.21600", "2010-12-31": "423.64700", "2009-12-31": "360.19900", "2008-12-31": "318.19700", "2007-12-31": "264.47700", "2006-12-31": "185.77900", "2005-12-31": "109.98700"}, "Comprehensive Income": {"2019-12-31": "-50.00000", "2018-12-31": "-3.00000", "2017-12-31": "", "2016-12-31": "", "2015-12-31": "", "2014-12-31": "", "2013-12-31": "", "2012-12-31": "", "2011-12-31": "", "2010-12-31": "", "2009-12-31": "", "2008-12-31": "", "2007-12-31": "0.15200", "2006-12-31": "0.10100", "2005-12-31": "-40.98700"}, "Other Share Holders Equity": {"2019-12-31": "", "2018-12-31": "", "2017-12-31": "", "2016-12-31": "", "2015-12-31": "", "2014-12-31": "", "2013-12-31": "", "2012-12-31": "", "2011-12-31": "", "2010-12-31": "", "2009-12-31": "", "2008-12-31": "", "2007-12-31": "", "2006-12-31": "", "2005-12-31": ""}, "Share Holder Equity": {"2019-12-31": "8545.30000", "2018-12-31": "9990.70000", "2017-12-31": "3860.40000", "2016-12-31": "3833.19000", "2015-12-31": "3671.96300", "2014-12-31": "3301.30700", "2013-12-31": "3068.53100", "2012-12-31": "2910.25500", "2011-12-31": "2800.74100", "2010-12-31": "2410.37300", "2009-12-31": "2266.78500", "2008-12-31": "2207.58000", "2007-12-31": "1853.70400", "2006-12-31": "1567.56600", "2005-12-31": "1437.43900"}, "Total Liabilities And Share Holders Equity": {"2019-12-31": "25975.90000", "2018-12-31": "25598.10000", "2017-12-31": "11624.40000", "2016-12-31": "11487.07000", "2015-12-31": "10705.67000", "2014-12-31": "10288.91000", "2013-12-31": "9597.13800", "2012-12-31": "9265.23100", "2011-12-31": "8682.85100", "2010-12-31": "8079.63800", "2009-12-31": "7525.48300", "2008-12-31": "7443.25900", "2007-12-31": "6395.43000", "2006-12-31": "5455.17500", "2005-12-31": "5210.06900"}}, "balance sheet, quarterly": {"Cash On Hand": {"2020-09-30": "361.60000", "2020-06-30": "176.20000", "2020-03-31": "304.40000", "2019-12-31": "23.20000", "2019-09-30": "50.10000", "2019-06-30": "107.00000", "2019-03-31": "547.90000", "2018-12-31": "160.30000", "2018-09-30": "679.70000", "2018-06-30": "1280.10000", "2018-03-31": "11.16600", "2017-12-31": "3.40000", "2017-09-30": "3.38800", "2017-06-30": "3.21000", "2017-03-31": "3.35900", "2016-12-31": "3.06600", "2016-09-30": "3.93700", "2016-06-30": "5.21300", "2016-03-31": "3.47100", "2015-12-31": "3.23100", "2015-09-30": "3.82900", "2015-06-30": "2.26600", "2015-03-31": "6.07400", "2014-12-31": "4.55600", "2014-09-30": "5.83500", "2014-06-30": "10.75100", "2014-03-31": "9.06500", "2013-12-31": "4.48700", "2013-09-30": "10.31000", "2013-06-30": "4.42400", "2013-03-31": "6.15600", "2012-12-31": "5.82900", "2012-09-30": "5.21500", "2012-06-30": "29.22100", "2012-03-31": "3.72600", "2011-12-31": "3.53900", "2011-09-30": "4.59300", "2011-06-30": "5.28200", "2011-03-31": "3.34300", "2010-12-31": "0.92800", "2010-09-30": "4.47200", "2010-06-30": "3.32300", "2010-03-31": "2.84300", "2009-12-31": "3.86000", "2009-09-30": "3.74800", "2009-06-30": "4.94100", "2009-03-31": "19.45000", "2008-12-31": "22.91400", "2008-09-30": "4.29900", "2008-06-30": "8.99800", "2008-03-31": "6.96400", "2007-12-31": "5.75300", "2007-09-30": "8.04700", "2007-06-30": "6.10900", "2007-03-31": "7.43400", "2006-12-31": "18.19600", "2006-09-30": "9.07100", "2006-06-30": "10.00500", "2006-03-31": "8.14900", "2005-12-31": "40.96900", "2005-09-30": "18.67000", "2005-06-30": "402.39600", "2005-03-31": "35.40800"}, "Receivables": {"2020-09-30": "767.40000", "2020-06-30": "805.70000", "2020-03-31": "621.70000", "2019-12-31": "653.00000", "2019-09-30": "729.10000", "2019-06-30": "620.80000", "2019-03-31": "580.50000", "2018-12-31": "626.70000", "2018-09-30": "712.30000", "2018-06-30": "683.70000", "2018-03-31": "244.41100", "2017-12-31": "290.70000", "2017-09-30": "308.27500", "2017-06-30": "274.42600", "2017-03-31": "237.03200", "2016-12-31": "301.57900", "2016-09-30": "322.38600", "2016-06-30": "298.84100", "2016-03-31": "225.09000", "2015-12-31": "258.28600", "2015-09-30": "288.76400", "2015-06-30": "266.33000", "2015-03-31": "236.28500", "2014-12-31": "267.32700", "2014-09-30": "300.12000", "2014-06-30": "259.20500", "2014-03-31": "231.78200", "2013-12-31": "250.03600", "2013-09-30": "266.53300", "2013-06-30": "239.31900", "2013-03-31": "226.25000", "2012-12-31": "224.43900", "2012-09-30": "267.21800", "2012-06-30": "277.48800", "2012-03-31": "197.82600", "2011-12-31": "231.76200", "2011-09-30": "252.04500", "2011-06-30": "281.10600", "2011-03-31": "226.89300", "2010-12-31": "244.37900", "2010-09-30": "260.40400", "2010-06-30": "272.72300", "2010-03-31": "249.16300", "2009-12-31": "261.38600", "2009-09-30": "278.87900", "2009-06-30": "305.80200", "2009-03-31": "244.25200", "2008-12-31": "235.57800", "2008-09-30": "229.22300", "2008-06-30": "300.52700", "2008-03-31": "259.81200", "2007-12-31": "266.89600", "2007-09-30": "264.54400", "2007-06-30": "237.18000", "2007-03-31": "178.27800", "2006-12-31": "195.00100", "2006-09-30": "215.22600", "2006-06-30": "210.36800", "2006-03-31": "165.64400", "2005-12-31": "126.27600", "2005-09-30": "163.27800", "2005-06-30": "189.09000", "2005-03-31": "170.55600"}, "Inventory": {"2020-09-30": "512.10000", "2020-06-30": "520.30000", "2020-03-31": "498.90000", "2019-12-31": "481.60000", "2019-09-30": "454.40000", "2019-06-30": "488.70000", "2019-03-31": "466.50000", "2018-12-31": "511.00000", "2018-09-30": "520.90000", "2018-06-30": "539.90000", "2018-03-31": "286.83100", "2017-12-31": "293.60000", "2017-09-30": "285.07400", "2017-06-30": "302.69600", "2017-03-31": "310.86100", "2016-12-31": "300.12500", "2016-09-30": "290.08000", "2016-06-30": "299.46500", "2016-03-31": "301.34000", "2015-12-31": "301.29400", "2015-09-30": "276.68900", "2015-06-30": "279.02600", "2015-03-31": "265.96700", "2014-12-31": "247.40600", "2014-09-30": "244.17900", "2014-06-30": "256.52100", "2014-03-31": "249.68700", "2013-12-31": "239.51100", "2013-09-30": "237.59100", "2013-06-30": "239.49700", "2013-03-31": "236.99100", "2012-12-31": "249.01600", "2012-09-30": "249.28500", "2012-06-30": "256.31600", "2012-03-31": "254.60400", "2011-12-31": "229.11800", "2011-09-30": "209.27900", "2011-06-30": "223.93200", "2011-03-31": "220.64200", "2010-12-31": "206.86700", "2010-09-30": "201.64300", "2010-06-30": "203.47600", "2010-03-31": "195.69700", "2009-12-31": "193.83100", "2009-09-30": "200.20600", "2009-06-30": "206.90400", "2009-03-31": "207.97100", "2008-12-31": "204.29700", "2008-09-30": "198.39200", "2008-06-30": "211.60700", "2008-03-31": "207.72800", "2007-12-31": "192.53300", "2007-09-30": "180.43000", "2007-06-30": "172.24200", "2007-03-31": "157.81500", "2006-12-31": "147.93000", "2006-09-30": "136.57000", "2006-06-30": "134.67400", "2006-03-31": "116.42000", "2005-12-31": "101.81800", "2005-09-30": "97.11900", "2005-06-30": "118.39500", "2005-03-31": "118.84100"}, "Pre-Paid Expenses": {"2020-09-30": "67.70000", "2020-06-30": "80.50000", "2020-03-31": "79.60000", "2019-12-31": "78.20000", "2019-09-30": "73.90000", "2019-06-30": "80.20000", "2019-03-31": "66.20000", "2018-12-31": "79.10000", "2018-09-30": "73.60000", "2018-06-30": "85.90000", "2018-03-31": "20.56600", "2017-12-31": "39.80000", "2017-09-30": "15.78100", "2017-06-30": "19.07700", "2017-03-31": "20.84100", "2016-12-31": "16.52800", "2016-09-30": "15.62500", "2016-06-30": "17.99400", "2016-03-31": "20.27100", "2015-12-31": "16.86400", "2015-09-30": "16.38000", "2015-06-30": "18.14700", "2015-03-31": "18.84200", "2014-12-31": "15.79300", "2014-09-30": "16.34200", "2014-06-30": "18.05800", "2014-03-31": "19.93400", "2013-12-31": "15.82100", "2013-09-30": "12.78000", "2013-06-30": "16.07400", "2013-03-31": "18.04600", "2012-12-31": "15.84700", "2012-09-30": "13.77500", "2012-06-30": "14.88300", "2012-03-31": "17.39600", "2011-12-31": "13.07800", "2011-09-30": "11.88900", "2011-06-30": "12.92600", "2011-03-31": "16.06800", "2010-12-31": "12.41300", "2010-09-30": "11.80900", "2010-06-30": "12.76100", "2010-03-31": "13.99300", "2009-12-31": "11.83000", "2009-09-30": "11.16300", "2009-06-30": "11.68200", "2009-03-31": "23.39600", "2008-12-31": "33.41900", "2008-09-30": "47.72600", "2008-06-30": "59.57100", "2008-03-31": "22.42600", "2007-12-31": "31.57600", "2007-09-30": "42.33000", "2007-06-30": "54.96600", "2007-03-31": "17.27300", "2006-12-31": "29.62000", "2006-09-30": "40.60000", "2006-06-30": "52.77700", "2006-03-31": "21.54400", "2005-12-31": "30.45200", "2005-09-30": "37.79900", "2005-06-30": "48.91600", "2005-03-31": "19.55500"}, "Other Current Assets": {"2020-09-30": "205.90000", "2020-06-30": "207.70000", "2020-03-31": "228.20000", "2019-12-31": "231.70000", "2019-09-30": "204.80000", "2019-06-30": "242.70000", "2019-03-31": "266.50000", "2018-12-31": "303.90000", "2018-09-30": "332.50000", "2018-06-30": "347.70000", "2018-03-31": "120.27400", "2017-12-31": "99.50000", "2017-09-30": "120.53100", "2017-06-30": "140.81700", "2017-03-31": "149.00700", "2016-12-31": "147.08400", "2016-09-30": "130.27500", "2016-06-30": "120.35500", "2016-03-31": "125.40700", "2015-12-31": "137.46600", "2015-09-30": "149.16000", "2015-06-30": "167.69000", "2015-03-31": "127.65000", "2014-12-31": "134.32100", "2014-09-30": "147.85300", "2014-06-30": "161.74000", "2014-03-31": "157.73800", "2013-12-31": "159.01600", "2013-09-30": "167.05800", "2013-06-30": "165.16700", "2013-03-31": "136.23500", "2012-12-31": "147.94400", "2012-09-30": "142.69900", "2012-06-30": "138.37700", "2012-03-31": "158.29900", "2011-12-31": "155.69400", "2011-09-30": "127.10600", "2011-06-30": "132.41500", "2011-03-31": "88.81700", "2010-12-31": "106.77400", "2010-09-30": "99.98600", "2010-06-30": "122.42400", "2010-03-31": "161.87700", "2009-12-31": "150.64800", "2009-09-30": "150.23500", "2009-06-30": "195.32900", "2009-03-31": "175.95700", "2008-12-31": "230.50700", "2008-09-30": "233.14400", "2008-06-30": "368.08800", "2008-03-31": "244.81100", "2007-12-31": "170.92100", "2007-09-30": "149.95000", "2007-06-30": "163.37300", "2007-03-31": "139.48300", "2006-12-31": "145.12000", "2006-09-30": "94.14300", "2006-06-30": "150.56400", "2006-03-31": "140.16900", "2005-12-31": "156.89400", "2005-09-30": "83.90400", "2005-06-30": "67.82300", "2005-03-31": "62.67300"}, "Total Current Assets": {"2020-09-30": "1914.70000", "2020-06-30": "1790.40000", "2020-03-31": "1732.80000", "2019-12-31": "1467.70000", "2019-09-30": "1512.30000", "2019-06-30": "1539.40000", "2019-03-31": "1927.60000", "2018-12-31": "1681.00000", "2018-09-30": "2319.00000", "2018-06-30": "2937.30000", "2018-03-31": "683.24800", "2017-12-31": "727.00000", "2017-09-30": "733.04900", "2017-06-30": "740.22600", "2017-03-31": "721.10000", "2016-12-31": "768.38200", "2016-09-30": "762.30300", "2016-06-30": "741.86800", "2016-03-31": "675.57900", "2015-12-31": "717.14100", "2015-09-30": "757.68300", "2015-06-30": "753.53200", "2015-03-31": "674.56500", "2014-12-31": "669.40300", "2014-09-30": "749.33800", "2014-06-30": "748.15300", "2014-03-31": "706.82400", "2013-12-31": "706.82500", "2013-09-30": "694.27200", "2013-06-30": "664.48100", "2013-03-31": "623.67800", "2012-12-31": "643.07500", "2012-09-30": "678.19200", "2012-06-30": "716.28500", "2012-03-31": "631.85100", "2011-12-31": "633.58500", "2011-09-30": "604.91200", "2011-06-30": "664.29800", "2011-03-31": "575.89800", "2010-12-31": "601.60900", "2010-09-30": "585.77200", "2010-06-30": "622.10900", "2010-03-31": "629.25900", "2009-12-31": "629.48200", "2009-09-30": "657.61000", "2009-06-30": "740.27100", "2009-03-31": "687.51300", "2008-12-31": "743.13100", "2008-09-30": "712.78400", "2008-06-30": "948.79100", "2008-03-31": "741.74100", "2007-12-31": "667.67900", "2007-09-30": "650.54400", "2007-06-30": "641.50600", "2007-03-31": "506.61500", "2006-12-31": "536.72000", "2006-09-30": "515.34200", "2006-06-30": "578.32000", "2006-03-31": "469.54900", "2005-12-31": "475.62000", "2005-09-30": "400.77000", "2005-06-30": "826.62000", "2005-03-31": "416.90200"}, "Property, Plant, And Equipment": {"2020-09-30": "19624.10000", "2020-06-30": "19191.80000", "2020-03-31": "19223.20000", "2019-12-31": "19184.40000", "2019-09-30": "18976.10000", "2019-06-30": "18923.30000", "2019-03-31": "18838.10000", "2018-12-31": "18782.50000", "2018-09-30": "18836.00000", "2018-06-30": "18819.90000", "2018-03-31": "9589.16400", "2017-12-31": "9553.80000", "2017-09-30": "9494.02300", "2017-06-30": "9406.05400", "2017-03-31": "9321.66900", "2016-12-31": "9248.35900", "2016-09-30": "9038.19700", "2016-06-30": "8800.69800", "2016-03-31": "8675.92500", "2015-12-31": "8524.90200", "2015-09-30": "8379.02900", "2015-06-30": "8340.47800", "2015-03-31": "8232.33300", "2014-12-31": "8162.90800", "2014-09-30": "8025.04200", "2014-06-30": "7816.12000", "2014-03-31": "7669.01600", "2013-12-31": "7551.91600", "2013-09-30": "7350.93500", "2013-06-30": "7255.28000", "2013-03-31": "7115.48200", "2012-12-31": "7013.76500", "2012-09-30": "6856.35000", "2012-06-30": "6724.59000", "2012-03-31": "6554.27200", "2011-12-31": "6411.92200", "2011-09-30": "6281.62300", "2011-06-30": "6174.12600", "2011-03-31": "6038.93500", "2010-12-31": "5964.43900", "2010-09-30": "5853.27000", "2010-06-30": "5780.10400", "2010-03-31": "5711.01500", "2009-12-31": "5771.74000", "2009-09-30": "5748.30300", "2009-06-30": "5708.55600", "2009-03-31": "5619.73400", "2008-12-31": "5533.52100", "2008-09-30": "5343.16700", "2008-06-30": "5117.60200", "2008-03-31": "4931.20300", "2007-12-31": "4803.67200", "2007-09-30": "4501.47500", "2007-06-30": "4397.79300", "2007-03-31": "4136.06200", "2006-12-31": "4071.60700", "2006-09-30": "3967.51000", "2006-06-30": "3979.97100", "2006-03-31": "3959.93700", "2005-12-31": "3947.73200", "2005-09-30": "3917.39500", "2005-06-30": "3923.71200", "2005-03-31": "3914.65900"}, "Long-Term Investments": {"2020-09-30": "", "2020-06-30": "", "2020-03-31": "", "2019-12-31": "", "2019-09-30": "", "2019-06-30": "", "2019-03-31": "", "2018-12-31": "", "2018-09-30": "", "2018-06-30": "", "2018-03-31": "", "2017-12-31": "", "2017-09-30": "", "2017-06-30": "", "2017-03-31": "", "2016-12-31": "", "2016-09-30": "", "2016-06-30": "", "2016-03-31": "", "2015-12-31": "", "2015-09-30": "", "2015-06-30": "", "2015-03-31": "", "2014-12-31": "", "2014-09-30": "", "2014-06-30": "", "2014-03-31": "", "2013-12-31": "", "2013-09-30": "", "2013-06-30": "", "2013-03-31": "", "2012-12-31": "", "2012-09-30": "", "2012-06-30": "", "2012-03-31": "", "2011-12-31": "", "2011-09-30": "", "2011-06-30": "", "2011-03-31": "", "2010-12-31": "", "2010-09-30": "", "2010-06-30": "", "2010-03-31": "", "2009-12-31": "", "2009-09-30": "", "2009-06-30": "", "2009-03-31": "", "2008-12-31": "", "2008-09-30": "", "2008-06-30": "", "2008-03-31": "", "2007-12-31": "", "2007-09-30": "", "2007-06-30": "", "2007-03-31": "", "2006-12-31": "", "2006-09-30": "", "2006-06-30": "", "2006-03-31": "", "2005-12-31": "", "2005-09-30": "", "2005-06-30": "", "2005-03-31": ""}, "Goodwill And Intangible Assets": {"2020-09-30": "2336.60000", "2020-06-30": "2336.60000", "2020-03-31": "2336.60000", "2019-12-31": "2336.60000", "2019-09-30": "2336.60000", "2019-06-30": "2336.60000", "2019-03-31": "2338.90000", "2018-12-31": "2338.90000", "2018-09-30": "2333.50000", "2018-06-30": "2333.70000", "2018-03-31": "", "2017-12-31": "", "2017-09-30": "", "2017-06-30": "", "2017-03-31": "", "2016-12-31": "", "2016-09-30": "", "2016-06-30": "", "2016-03-31": "", "2015-12-31": "", "2015-09-30": "", "2015-06-30": "", "2015-03-31": "", "2014-12-31": "", "2014-09-30": "", "2014-06-30": "", "2014-03-31": "", "2013-12-31": "", "2013-09-30": "", "2013-06-30": "", "2013-03-31": "", "2012-12-31": "", "2012-09-30": "", "2012-06-30": "", "2012-03-31": "", "2011-12-31": "", "2011-09-30": "", "2011-06-30": "", "2011-03-31": "", "2010-12-31": "", "2010-09-30": "", "2010-06-30": "", "2010-03-31": "", "2009-12-31": "", "2009-09-30": "", "2009-06-30": "", "2009-03-31": "", "2008-12-31": "", "2008-09-30": "", "2008-06-30": "", "2008-03-31": "", "2007-12-31": "", "2007-09-30": "", "2007-06-30": "", "2007-03-31": "", "2006-12-31": "", "2006-09-30": "", "2006-06-30": "", "2006-03-31": "", "2005-12-31": "", "2005-09-30": "", "2005-06-30": "", "2005-03-31": ""}, "Other Long-Term Assets": {"2020-09-30": "684.20000", "2020-06-30": "659.60000", "2020-03-31": "680.20000", "2019-12-31": "673.50000", "2019-09-30": "671.80000", "2019-06-30": "681.70000", "2019-03-31": "706.20000", "2018-12-31": "565.70000", "2018-09-30": "550.60000", "2018-06-30": "532.30000", "2018-03-31": "425.76800", "2017-12-31": "421.10000", "2017-09-30": "419.44200", "2017-06-30": "478.95100", "2017-03-31": "508.56400", "2016-12-31": "507.73200", "2016-09-30": "513.26300", "2016-06-30": "504.15300", "2016-03-31": "523.89700", "2015-12-31": "528.25400", "2015-09-30": "530.13700", "2015-06-30": "535.29200", "2015-03-31": "556.10100", "2014-12-31": "517.35000", "2014-09-30": "528.81200", "2014-06-30": "521.35200", "2014-03-31": "549.18800", "2013-12-31": "542.76600", "2013-09-30": "542.65700", "2013-06-30": "537.77500", "2013-03-31": "586.98300", "2012-12-31": "569.86000", "2012-09-30": "564.44500", "2012-06-30": "551.71700", "2012-03-31": "594.93500", "2011-12-31": "584.80200", "2011-09-30": "581.56900", "2011-06-30": "566.55000", "2011-03-31": "614.30700", "2010-12-31": "599.01500", "2010-09-30": "580.37700", "2010-06-30": "571.68800", "2010-03-31": "612.02800", "2009-12-31": "253.45500", "2009-09-30": "247.62200", "2009-06-30": "222.29000", "2009-03-31": "196.01300", "2008-12-31": "208.56500", "2008-09-30": "228.51800", "2008-06-30": "289.41800", "2008-03-31": "240.92900", "2007-12-31": "224.52500", "2007-09-30": "201.37200", "2007-06-30": "205.51900", "2007-03-31": "187.30700", "2006-12-31": "185.01000", "2006-09-30": "199.62700", "2006-06-30": "209.63400", "2006-03-31": "244.78500", "2005-12-31": "287.71600", "2005-09-30": "269.97300", "2005-06-30": "274.09000", "2005-03-31": "229.90000"}, "Total Long-Term Assets": {"2020-09-30": "24966.50000", "2020-06-30": "24460.00000", "2020-03-31": "24451.90000", "2019-12-31": "24508.20000", "2019-09-30": "24395.20000", "2019-06-30": "24179.00000", "2019-03-31": "24133.10000", "2018-12-31": "23917.10000", "2018-09-30": "23756.20000", "2018-06-30": "23722.00000", "2018-03-31": "10937.12000", "2017-12-31": "10897.40000", "2017-09-30": "10892.33000", "2017-06-30": "10855.92000", "2017-03-31": "10794.49000", "2016-12-31": "10718.69000", "2016-09-30": "10482.12000", "2016-06-30": "10228.88000", "2016-03-31": "10130.02000", "2015-12-31": "9988.52500", "2015-09-30": "9826.39600", "2015-06-30": "9794.62700", "2015-03-31": "9735.17000", "2014-12-31": "9619.50300", "2014-09-30": "9324.32600", "2014-06-30": "9123.08900", "2014-03-31": "9003.63500", "2013-12-31": "8890.31300", "2013-09-30": "8911.56300", "2013-06-30": "8819.26400", "2013-03-31": "8766.80600", "2012-12-31": "8622.15600", "2012-09-30": "8458.31800", "2012-06-30": "8326.53600", "2012-03-31": "8209.54000", "2011-12-31": "8049.26600", "2011-09-30": "7784.99100", "2011-06-30": "7658.85000", "2011-03-31": "7586.85800", "2010-12-31": "7478.02900", "2010-09-30": "7283.18700", "2010-06-30": "7197.02900", "2010-03-31": "7183.51100", "2009-12-31": "6896.00100", "2009-09-30": "6913.99500", "2009-06-30": "6860.06100", "2009-03-31": "6744.24500", "2008-12-31": "6700.12800", "2008-09-30": "6265.35400", "2008-06-30": "6115.37000", "2008-03-31": "5839.22700", "2007-12-31": "5727.75000", "2007-09-30": "5312.72400", "2007-06-30": "5217.36900", "2007-03-31": "4953.00600", "2006-12-31": "4918.45500", "2006-09-30": "4631.04800", "2006-06-30": "4676.18800", "2006-03-31": "4692.86000", "2005-12-31": "4734.44900", "2005-09-30": "4829.41500", "2005-06-30": "4817.17400", "2005-03-31": "4739.95100"}, "Total Assets": {"2020-09-30": "26881.20000", "2020-06-30": "26250.40000", "2020-03-31": "26184.70000", "2019-12-31": "25975.90000", "2019-09-30": "25907.50000", "2019-06-30": "25718.40000", "2019-03-31": "26060.70000", "2018-12-31": "25598.10000", "2018-09-30": "26075.20000", "2018-06-30": "26659.30000", "2018-03-31": "11620.37000", "2017-12-31": "11624.40000", "2017-09-30": "11625.38000", "2017-06-30": "11596.15000", "2017-03-31": "11515.59000", "2016-12-31": "11487.07000", "2016-09-30": "11244.42000", "2016-06-30": "10970.74000", "2016-03-31": "10805.60000", "2015-12-31": "10705.67000", "2015-09-30": "10584.08000", "2015-06-30": "10548.16000", "2015-03-31": "10409.74000", "2014-12-31": "10288.91000", "2014-09-30": "10073.66000", "2014-06-30": "9871.24200", "2014-03-31": "9710.45900", "2013-12-31": "9597.13800", "2013-09-30": "9605.83500", "2013-06-30": "9483.74500", "2013-03-31": "9390.48400", "2012-12-31": "9265.23100", "2012-09-30": "9136.51000", "2012-06-30": "9042.82100", "2012-03-31": "8841.39100", "2011-12-31": "8682.85100", "2011-09-30": "8389.90300", "2011-06-30": "8323.14800", "2011-03-31": "8162.75600", "2010-12-31": "8079.63800", "2010-09-30": "7868.95900", "2010-06-30": "7819.13800", "2010-03-31": "7812.77000", "2009-12-31": "7525.48300", "2009-09-30": "7571.60500", "2009-06-30": "7600.33200", "2009-03-31": "7431.75800", "2008-12-31": "7443.25900", "2008-09-30": "6978.13800", "2008-06-30": "7064.16100", "2008-03-31": "6580.96800", "2007-12-31": "6395.43000", "2007-09-30": "5963.26800", "2007-06-30": "5858.87500", "2007-03-31": "5459.62100", "2006-12-31": "5455.17500", "2006-09-30": "5146.39000", "2006-06-30": "5254.50800", "2006-03-31": "5162.40900", "2005-12-31": "5210.06900", "2005-09-30": "5230.18500", "2005-06-30": "5643.79400", "2005-03-31": "5156.85300"}, "Total Current Liabilities": {"2020-09-30": "2098.20000", "2020-06-30": "2086.10000", "2020-03-31": "2397.70000", "2019-12-31": "2335.90000", "2019-09-30": "2075.10000", "2019-06-30": "3482.80000", "2019-03-31": "3335.40000", "2018-12-31": "2867.20000", "2018-09-30": "2659.20000", "2018-06-30": "3077.90000", "2018-03-31": "830.34900", "2017-12-31": "823.70000", "2017-09-30": "686.84600", "2017-06-30": "774.17200", "2017-03-31": "766.73800", "2016-12-31": "1047.19300", "2016-09-30": "917.02800", "2016-06-30": "821.51100", "2016-03-31": "1073.93300", "2015-12-31": "836.93500", "2015-09-30": "878.69300", "2015-06-30": "844.92500", "2015-03-31": "1036.70200", "2014-12-31": "849.63100", "2014-09-30": "801.03900", "2014-06-30": "859.65400", "2014-03-31": "1011.90700", "2013-12-31": "955.42600", "2013-09-30": "854.09500", "2013-06-30": "887.33600", "2013-03-31": "726.24900", "2012-12-31": "846.14100", "2012-09-30": "740.87100", "2012-06-30": "850.79400", "2012-03-31": "873.34100", "2011-12-31": "827.28700", "2011-09-30": "887.84300", "2011-06-30": "972.08600", "2011-03-31": "864.06000", "2010-12-31": "782.84600", "2010-09-30": "633.70100", "2010-06-30": "711.32500", "2010-03-31": "732.92000", "2009-12-31": "682.47800", "2009-09-30": "657.94500", "2009-06-30": "730.42500", "2009-03-31": "890.04000", "2008-12-31": "872.40900", "2008-09-30": "984.42700", "2008-06-30": "910.13300", "2008-03-31": "888.52000", "2007-12-31": "744.76300", "2007-09-30": "686.63300", "2007-06-30": "681.73700", "2007-03-31": "631.60300", "2006-12-31": "663.17600", "2006-09-30": "522.37800", "2006-06-30": "656.84800", "2006-03-31": "567.84000", "2005-12-31": "550.06700", "2005-09-30": "533.77300", "2005-06-30": "986.91500", "2005-03-31": "565.52800"}, "Long Term Debt": {"2020-09-30": "9276.40000", "2020-06-30": "9281.20000", "2020-03-31": "8993.50000", "2019-12-31": "8765.50000", "2019-09-30": "8768.00000", "2019-06-30": "7141.30000", "2019-03-31": "7144.70000", "2018-12-31": "6687.40000", "2018-09-30": "6690.90000", "2018-06-30": "6692.20000", "2018-03-31": "3739.35300", "2017-12-31": "3769.00000", "2017-09-30": "3768.28500", "2017-06-30": "3768.83300", "2017-03-31": "3768.41500", "2016-12-31": "3499.87900", "2016-09-30": "3499.43900", "2016-06-30": "3498.92600", "2016-03-31": "3150.47800", "2015-12-31": "3302.04700", "2015-09-30": "3080.02300", "2015-06-30": "3229.82800", "2015-03-31": "3228.93100", "2014-12-31": "3353.64500", "2014-09-30": "3381.99500", "2014-06-30": "3382.52500", "2014-03-31": "3135.90900", "2013-12-31": "3163.76000", "2013-09-30": "3163.87100", "2013-06-30": "3163.84500", "2013-03-31": "3263.95300", "2012-12-31": "3042.01400", "2012-09-30": "3061.63900", "2012-06-30": "3042.47200", "2012-03-31": "2894.22500", "2011-12-31": "2740.39200", "2011-09-30": "2741.60400", "2011-06-30": "2761.04900", "2011-03-31": "2763.74400", "2010-12-31": "2769.03300", "2010-09-30": "2778.53400", "2010-06-30": "2797.33100", "2010-03-31": "2800.26000", "2009-12-31": "2600.03400", "2009-09-30": "2599.86600", "2009-06-30": "2599.82300", "2009-03-31": "2301.30900", "2008-12-31": "2310.44700", "2008-09-30": "2013.79700", "2008-06-30": "2157.32200", "2008-03-31": "2006.97900", "2007-12-31": "2013.63500", "2007-09-30": "1837.21200", "2007-06-30": "1836.60000", "2007-03-31": "1563.30800", "2006-12-31": "1575.58100", "2006-09-30": "1563.19600", "2006-06-30": "1563.12800", "2006-03-31": "1563.05900", "2005-12-31": "1562.99000", "2005-09-30": "1562.92000", "2005-06-30": "1562.84900", "2005-03-31": "1528.51100"}, "Other Non-Current Liabilities": {"2020-09-30": "3803.40000", "2020-06-30": "3558.20000", "2020-03-31": "3105.60000", "2019-12-31": "3191.80000", "2019-09-30": "3225.00000", "2019-06-30": "3236.10000", "2019-03-31": "3218.40000", "2018-12-31": "3092.80000", "2018-09-30": "3211.70000", "2018-06-30": "3218.50000", "2018-03-31": "1571.79800", "2017-12-31": "1607.30000", "2017-09-30": "718.86600", "2017-06-30": "683.73300", "2017-03-31": "660.63300", "2016-12-31": "630.97000", "2016-09-30": "613.13700", "2016-06-30": "615.48800", "2016-03-31": "609.28800", "2015-12-31": "631.22400", "2015-09-30": "620.86400", "2015-06-30": "643.93200", "2015-03-31": "600.52400", "2014-12-31": "594.81000", "2014-09-30": "608.87300", "2014-06-30": "558.94800", "2014-03-31": "540.90000", "2013-12-31": "522.45000", "2013-09-30": "514.58300", "2013-06-30": "512.05700", "2013-03-31": "518.86500", "2012-12-31": "512.60200", "2012-09-30": "518.12500", "2012-06-30": "508.55100", "2012-03-31": "457.75100", "2011-12-31": "447.17600", "2011-09-30": "349.19000", "2011-06-30": "356.86600", "2011-03-31": "332.60900", "2010-12-31": "429.64700", "2010-09-30": "369.49200", "2010-06-30": "350.81900", "2010-03-31": "344.98900", "2009-12-31": "341.85500", "2009-09-30": "344.88400", "2009-06-30": "320.17900", "2009-03-31": "300.77800", "2008-12-31": "348.31300", "2008-09-30": "370.90000", "2008-06-30": "439.67600", "2008-03-31": "386.27800", "2007-12-31": "422.97000", "2007-09-30": "405.01800", "2007-06-30": "403.67000", "2007-03-31": "385.96700", "2006-12-31": "308.92600", "2006-09-30": "311.35300", "2006-06-30": "348.59300", "2006-03-31": "356.58300", "2005-12-31": "393.94900", "2005-09-30": "364.98900", "2005-06-30": "382.58700", "2005-03-31": "363.32000"}, "Total Long Term Liabilities": {"2020-09-30": "15998.80000", "2020-06-30": "15637.40000", "2020-03-31": "15281.60000", "2019-12-31": "15094.70000", "2019-09-30": "15242.50000", "2019-06-30": "13380.90000", "2019-03-31": "13333.60000", "2018-12-31": "12740.20000", "2018-09-30": "12767.20000", "2018-06-30": "12686.00000", "2018-03-31": "6925.57400", "2017-12-31": "6940.30000", "2017-09-30": "7059.62900", "2017-06-30": "6967.09900", "2017-03-31": "6917.68300", "2016-12-31": "6606.69100", "2016-09-30": "6502.97200", "2016-06-30": "6434.48000", "2016-03-31": "6044.45900", "2015-12-31": "6196.76800", "2015-09-30": "6029.46500", "2015-06-30": "6118.77000", "2015-03-31": "6057.68500", "2014-12-31": "6137.96800", "2014-09-30": "5995.24800", "2014-06-30": "5880.64500", "2014-03-31": "5593.04800", "2013-12-31": "5573.18100", "2013-09-30": "5714.54100", "2013-06-30": "5656.75800", "2013-03-31": "5740.61300", "2012-12-31": "5508.83400", "2012-09-30": "5496.87400", "2012-06-30": "5397.91300", "2012-03-31": "5179.08500", "2011-12-31": "5054.82300", "2011-09-30": "4884.39200", "2011-06-30": "4860.35300", "2011-03-31": "4862.68600", "2010-12-31": "4886.41900", "2010-09-30": "4827.78100", "2010-06-30": "4787.39500", "2010-03-31": "4781.21900", "2009-12-31": "4576.22000", "2009-09-30": "4629.67900", "2009-06-30": "4634.81100", "2009-03-31": "4315.76500", "2008-12-31": "4363.27100", "2008-09-30": "3777.03200", "2008-06-30": "3997.45000", "2008-03-31": "3751.54100", "2007-12-31": "3796.96300", "2007-09-30": "3505.33100", "2007-06-30": "3495.24700", "2007-03-31": "3240.25700", "2006-12-31": "3224.43300", "2006-09-30": "3091.69100", "2006-06-30": "3135.68800", "2006-03-31": "3148.18500", "2005-12-31": "3222.56300", "2005-09-30": "3209.80600", "2005-06-30": "3237.50900", "2005-03-31": "3181.35000"}, "Total Liabilities": {"2020-09-30": "18097.00000", "2020-06-30": "17723.50000", "2020-03-31": "17679.30000", "2019-12-31": "17430.60000", "2019-09-30": "17317.60000", "2019-06-30": "16863.70000", "2019-03-31": "16669.00000", "2018-12-31": "15607.40000", "2018-09-30": "15426.40000", "2018-06-30": "15763.90000", "2018-03-31": "7755.92300", "2017-12-31": "7764.00000", "2017-09-30": "7746.47500", "2017-06-30": "7741.27100", "2017-03-31": "7684.42100", "2016-12-31": "7653.88400", "2016-09-30": "7420.00000", "2016-06-30": "7255.99100", "2016-03-31": "7118.39200", "2015-12-31": "7033.70700", "2015-09-30": "6908.15800", "2015-06-30": "6963.69600", "2015-03-31": "7094.38700", "2014-12-31": "6987.59900", "2014-09-30": "6796.28700", "2014-06-30": "6740.29900", "2014-03-31": "6604.95500", "2013-12-31": "6528.60700", "2013-09-30": "6568.63500", "2013-06-30": "6544.09500", "2013-03-31": "6466.86200", "2012-12-31": "6354.97600", "2012-09-30": "6237.74500", "2012-06-30": "6248.70700", "2012-03-31": "6052.42600", "2011-12-31": "5882.11000", "2011-09-30": "5772.23500", "2011-06-30": "5832.43900", "2011-03-31": "5726.74600", "2010-12-31": "5669.26500", "2010-09-30": "5461.48200", "2010-06-30": "5498.72000", "2010-03-31": "5514.13900", "2009-12-31": "5258.69800", "2009-09-30": "5287.62400", "2009-06-30": "5365.23600", "2009-03-31": "5205.80500", "2008-12-31": "5235.67900", "2008-09-30": "4761.45900", "2008-06-30": "4907.58300", "2008-03-31": "4640.06100", "2007-12-31": "4541.72600", "2007-09-30": "4191.96400", "2007-06-30": "4176.98400", "2007-03-31": "3871.86000", "2006-12-31": "3887.60900", "2006-09-30": "3614.06900", "2006-06-30": "3792.53600", "2006-03-31": "3716.02500", "2005-12-31": "3772.63000", "2005-09-30": "3743.57900", "2005-06-30": "4224.42400", "2005-03-31": "3746.87800"}, "Common Stock Net": {"2020-09-30": "7077.00000", "2020-06-30": "7073.50000", "2020-03-31": "7072.20000", "2019-12-31": "7070.40000", "2019-09-30": "7066.90000", "2019-06-30": "7563.00000", "2019-03-31": "8110.40000", "2018-12-31": "8685.20000", "2018-09-30": "9236.40000", "2018-06-30": "9718.10000", "2018-03-31": "711.16600", "2017-12-31": "2734.80000", "2017-09-30": "710.47100", "2017-06-30": "710.46700", "2017-03-31": "710.23800", "2016-12-31": "708.95600", "2016-09-30": "708.71900", "2016-06-30": "708.45500", "2016-03-31": "708.14300", "2015-12-31": "706.76700", "2015-09-30": "706.34400", "2015-06-30": "705.89300", "2015-03-31": "660.83100", "2014-12-31": "658.43700", "2014-09-30": "653.29000", "2014-06-30": "646.36400", "2014-03-31": "644.06800", "2013-12-31": "641.27100", "2013-09-30": "635.32000", "2013-06-30": "634.67500", "2013-03-31": "634.00700", "2012-12-31": "632.51900", "2012-09-30": "631.84500", "2012-06-30": "631.11900", "2012-03-31": "630.34500", "2011-12-31": "628.49200", "2011-09-30": "585.41900", "2011-06-30": "578.58600", "2011-03-31": "567.93900", "2010-12-31": "560.64000", "2010-09-30": "554.17000", "2010-06-30": "553.35900", "2010-03-31": "555.78500", "2009-12-31": "545.36000", "2009-09-30": "544.48700", "2009-06-30": "543.61200", "2009-03-31": "545.96100", "2008-12-31": "541.55600", "2008-09-30": "544.35100", "2008-06-30": "543.64500", "2008-03-31": "493.63200", "2007-12-31": "482.54000", "2007-09-30": "463.78600", "2007-06-30": "459.26100", "2007-03-31": "443.82200", "2006-12-31": "443.64500", "2006-09-30": "443.90700", "2006-06-30": "443.57100", "2006-03-31": "442.50800", "2005-12-31": "434.17700", "2005-09-30": "433.71300", "2005-06-30": "433.18400", "2005-03-31": "432.02800"}, "Retained Earnings (Accumulated Deficit)": {"2020-09-30": "1773.50000", "2020-06-30": "1524.10000", "2020-03-31": "1505.70000", "2019-12-31": "1551.50000", "2019-09-30": "1603.10000", "2019-06-30": "1349.10000", "2019-03-31": "1325.70000", "2018-12-31": "1346.00000", "2018-09-30": "1452.50000", "2018-06-30": "1220.00000", "2018-03-31": "1176.09500", "2017-12-31": "1173.30000", "2017-09-30": "1196.46000", "2017-06-30": "1095.24700", "2017-03-31": "1080.26800", "2016-12-31": "1078.60200", "2016-09-30": "1078.79900", "2016-06-30": "978.18700", "2016-03-31": "959.93600", "2015-12-31": "945.83000", "2015-09-30": "957.72100", "2015-06-30": "870.82000", "2015-03-31": "858.17200", "2014-12-31": "855.29900", "2014-09-30": "858.12800", "2014-06-30": "756.44200", "2014-03-31": "748.41100", "2013-12-31": "724.77600", "2013-09-30": "727.56800", "2013-06-30": "637.90000", "2013-03-31": "614.11800", "2012-12-31": "606.64900", "2012-09-30": "603.04800", "2012-06-30": "505.72000", "2012-03-31": "486.27200", "2011-12-31": "501.21600", "2011-09-30": "522.36600", "2011-06-30": "425.27300", "2011-03-31": "418.23000", "2010-12-31": "423.64700", "2010-09-30": "453.89200", "2010-06-30": "374.20900", "2010-03-31": "355.90900", "2009-12-31": "360.19900", "2009-09-30": "382.15700", "2009-06-30": "334.31200", "2009-03-31": "329.17000", "2008-12-31": "318.19700", "2008-09-30": "327.84500", "2008-06-30": "271.55100", "2008-03-31": "296.77400", "2007-12-31": "264.47700", "2007-09-30": "276.28600", "2007-06-30": "209.91200", "2007-03-31": "202.17700", "2006-12-31": "185.77900", "2006-09-30": "195.15400", "2006-06-30": "127.49200", "2006-03-31": "114.49500", "2005-12-31": "109.98700", "2005-09-30": "122.55800", "2005-06-30": "58.27400", "2005-03-31": "50.55300"}, "Comprehensive Income": {"2020-09-30": "-48.40000", "2020-06-30": "-49.80000", "2020-03-31": "-48.70000", "2019-12-31": "-50.00000", "2019-09-30": "-50.70000", "2019-06-30": "-29.00000", "2019-03-31": "-13.20000", "2018-12-31": "-3.00000", "2018-09-30": "", "2018-06-30": "", "2018-03-31": "", "2017-12-31": "", "2017-09-30": "", "2017-06-30": "", "2017-03-31": "", "2016-12-31": "", "2016-09-30": "", "2016-06-30": "", "2016-03-31": "", "2015-12-31": "", "2015-09-30": "", "2015-06-30": "", "2015-03-31": "", "2014-12-31": "", "2014-09-30": "", "2014-06-30": "", "2014-03-31": "", "2013-12-31": "", "2013-09-30": "", "2013-06-30": "", "2013-03-31": "", "2012-12-31": "", "2012-09-30": "", "2012-06-30": "", "2012-03-31": "", "2011-12-31": "", "2011-09-30": "", "2011-06-30": "", "2011-03-31": "", "2010-12-31": "", "2010-09-30": "", "2010-06-30": "", "2010-03-31": "", "2009-12-31": "", "2009-09-30": "", "2009-06-30": "", "2009-03-31": "", "2008-12-31": "", "2008-09-30": "", "2008-06-30": "", "2008-03-31": "", "2007-12-31": "0.15200", "2007-09-30": "0.09400", "2007-06-30": "0.10200", "2007-03-31": "0.08200", "2006-12-31": "0.10100", "2006-09-30": "-41.00800", "2006-06-30": "-40.95400", "2006-03-31": "-40.99200", "2005-12-31": "-40.98700", "2005-09-30": "0.15300", "2005-06-30": "0.11300", "2005-03-31": "0.11300"}, "Other Share Holders Equity": {"2020-09-30": "", "2020-06-30": "", "2020-03-31": "", "2019-12-31": "", "2019-09-30": "", "2019-06-30": "", "2019-03-31": "", "2018-12-31": "", "2018-09-30": "", "2018-06-30": "", "2018-03-31": "", "2017-12-31": "", "2017-09-30": "", "2017-06-30": "", "2017-03-31": "", "2016-12-31": "", "2016-09-30": "", "2016-06-30": "", "2016-03-31": "", "2015-12-31": "", "2015-09-30": "", "2015-06-30": "", "2015-03-31": "", "2014-12-31": "", "2014-09-30": "", "2014-06-30": "", "2014-03-31": "", "2013-12-31": "", "2013-09-30": "", "2013-06-30": "", "2013-03-31": "", "2012-12-31": "", "2012-09-30": "", "2012-06-30": "", "2012-03-31": "", "2011-12-31": "", "2011-09-30": "", "2011-06-30": "", "2011-03-31": "", "2010-12-31": "", "2010-09-30": "", "2010-06-30": "", "2010-03-31": "", "2009-12-31": "", "2009-09-30": "", "2009-06-30": "", "2009-03-31": "", "2008-12-31": "", "2008-09-30": "", "2008-06-30": "", "2008-03-31": "", "2007-12-31": "", "2007-09-30": "", "2007-06-30": "", "2007-03-31": "", "2006-12-31": "", "2006-09-30": "", "2006-06-30": "", "2006-03-31": "", "2005-12-31": "", "2005-09-30": "", "2005-06-30": "", "2005-03-31": ""}, "Share Holder Equity": {"2020-09-30": "8784.20000", "2020-06-30": "8526.90000", "2020-03-31": "8505.40000", "2019-12-31": "8545.30000", "2019-09-30": "8589.90000", "2019-06-30": "8854.70000", "2019-03-31": "9391.70000", "2018-12-31": "9990.70000", "2018-09-30": "10648.80000", "2018-06-30": "10895.40000", "2018-03-31": "3864.44600", "2017-12-31": "3860.40000", "2017-09-30": "3878.90000", "2017-06-30": "3854.87900", "2017-03-31": "3831.16900", "2016-12-31": "3833.19000", "2016-09-30": "3824.41800", "2016-06-30": "3714.75100", "2016-03-31": "3687.20500", "2015-12-31": "3671.96300", "2015-09-30": "3675.92100", "2015-06-30": "3584.46400", "2015-03-31": "3315.34800", "2014-12-31": "3301.30700", "2014-09-30": "3277.37700", "2014-06-30": "3130.94300", "2014-03-31": "3105.50400", "2013-12-31": "3068.53100", "2013-09-30": "3037.20000", "2013-06-30": "2939.65000", "2013-03-31": "2923.62200", "2012-12-31": "2910.25500", "2012-09-30": "2898.76500", "2012-06-30": "2794.11400", "2012-03-31": "2788.96500", "2011-12-31": "2800.74100", "2011-09-30": "2617.66800", "2011-06-30": "2490.70900", "2011-03-31": "2436.01000", "2010-12-31": "2410.37300", "2010-09-30": "2407.47700", "2010-06-30": "2320.41800", "2010-03-31": "2298.63100", "2009-12-31": "2266.78500", "2009-09-30": "2283.98100", "2009-06-30": "2231.66200", "2009-03-31": "2225.95300", "2008-12-31": "2207.58000", "2008-09-30": "2216.67900", "2008-06-30": "2156.57800", "2008-03-31": "1940.90700", "2007-12-31": "1853.70400", "2007-09-30": "1771.30400", "2007-06-30": "1681.89100", "2007-03-31": "1587.76100", "2006-12-31": "1567.56600", "2006-09-30": "1532.32100", "2006-06-30": "1461.97200", "2006-03-31": "1446.38400", "2005-12-31": "1437.43900", "2005-09-30": "1486.60600", "2005-06-30": "1419.37000", "2005-03-31": "1409.97500"}, "Total Liabilities And Share Holders Equity": {"2020-09-30": "26881.20000", "2020-06-30": "26250.40000", "2020-03-31": "26184.70000", "2019-12-31": "25975.90000", "2019-09-30": "25907.50000", "2019-06-30": "25718.40000", "2019-03-31": "26060.70000", "2018-12-31": "25598.10000", "2018-09-30": "26075.20000", "2018-06-30": "26659.30000", "2018-03-31": "11620.37000", "2017-12-31": "11624.40000", "2017-09-30": "11625.38000", "2017-06-30": "11596.15000", "2017-03-31": "11515.59000", "2016-12-31": "11487.07000", "2016-09-30": "11244.42000", "2016-06-30": "10970.74000", "2016-03-31": "10805.60000", "2015-12-31": "10705.67000", "2015-09-30": "10584.08000", "2015-06-30": "10548.16000", "2015-03-31": "10409.74000", "2014-12-31": "10288.91000", "2014-09-30": "10073.66000", "2014-06-30": "9871.24200", "2014-03-31": "9710.45900", "2013-12-31": "9597.13800", "2013-09-30": "9605.83500", "2013-06-30": "9483.74500", "2013-03-31": "9390.48400", "2012-12-31": "9265.23100", "2012-09-30": "9136.51000", "2012-06-30": "9042.82100", "2012-03-31": "8841.39100", "2011-12-31": "8682.85100", "2011-09-30": "8389.90300", "2011-06-30": "8323.14800", "2011-03-31": "8162.75600", "2010-12-31": "8079.63800", "2010-09-30": "7868.95900", "2010-06-30": "7819.13800", "2010-03-31": "7812.77000", "2009-12-31": "7525.48300", "2009-09-30": "7571.60500", "2009-06-30": "7596.89800", "2009-03-31": "7431.75800", "2008-12-31": "7443.25900", "2008-09-30": "6978.13800", "2008-06-30": "7064.16100", "2008-03-31": "6580.96800", "2007-12-31": "6395.43000", "2007-09-30": "5963.26800", "2007-06-30": "5858.87500", "2007-03-31": "5459.62100", "2006-12-31": "5455.17500", "2006-09-30": "5146.39000", "2006-06-30": "5254.50800", "2006-03-31": "5162.40900", "2005-12-31": "5210.06900", "2005-09-30": "5230.18500", "2005-06-30": "5643.79400", "2005-03-31": "5156.85300"}}, "cash flow statement": {"Net Income/Loss": {"2019-12-31": "685.60000", "2018-12-31": "546.00000", "2017-12-31": "336.50000", "2016-12-31": "361.20000", "2015-12-31": "301.79600", "2014-12-31": "322.32500", "2013-12-31": "300.86300", "2012-12-31": "282.46200", "2011-12-31": "236.18000", "2010-12-31": "208.62400", "2009-12-31": "175.07500", "2008-12-31": "178.14000", "2007-12-31": "168.35400", "2006-12-31": "165.30900", "2005-12-31": "135.61000"}, "Total Depreciation And Amortization - Cash Flow": {"2019-12-31": "958.40000", "2018-12-31": "706.20000", "2017-12-31": "440.60000", "2016-12-31": "396.10000", "2015-12-31": "351.92000", "2014-12-31": "327.20000", "2013-12-31": "304.93700", "2012-12-31": "318.13000", "2011-12-31": "326.62800", "2010-12-31": "312.18100", "2009-12-31": "284.31600", "2008-12-31": "231.62600", "2007-12-31": "217.81900", "2006-12-31": "203.92000", "2005-12-31": "171.63100"}, "Other Non-Cash Items": {"2019-12-31": "75.20000", "2018-12-31": "115.70000", "2017-12-31": "122.20000", "2016-12-31": "149.00000", "2015-12-31": "156.04900", "2014-12-31": "141.70200", "2013-12-31": "116.77600", "2012-12-31": "120.09900", "2011-12-31": "84.13000", "2010-12-31": "127.79700", "2009-12-31": "12.35600", "2008-12-31": "20.05900", "2007-12-31": "14.48000", "2006-12-31": "-9.74300", "2005-12-31": "28.02900"}, "Total Non-Cash Items": {"2019-12-31": "1033.60000", "2018-12-31": "821.90000", "2017-12-31": "562.80000", "2016-12-31": "545.10000", "2015-12-31": "507.96900", "2014-12-31": "468.90200", "2013-12-31": "421.71300", "2012-12-31": "438.22900", "2011-12-31": "410.75800", "2010-12-31": "439.97800", "2009-12-31": "296.67200", "2008-12-31": "251.68500", "2007-12-31": "232.29900", "2006-12-31": "194.17700", "2005-12-31": "199.66000"}, "Change In Accounts Receivable": {"2019-12-31": "2.90000", "2018-12-31": "80.10000", "2017-12-31": "-2.10000", "2016-12-31": "-30.30000", "2015-12-31": "9.04200", "2014-12-31": "-17.29100", "2013-12-31": "-24.64900", "2012-12-31": "2.40800", "2011-12-31": "-1.63800", "2010-12-31": "-11.43400", "2009-12-31": "-17.15900", "2008-12-31": "-3.33100", "2007-12-31": "-15.92600", "2006-12-31": "-55.14800", "2005-12-31": "-32.17900"}, "Change In Inventories": {"2019-12-31": "29.90000", "2018-12-31": "54.70000", "2017-12-31": "7.20000", "2016-12-31": "1.80000", "2015-12-31": "-53.26300", "2014-12-31": "-8.77300", "2013-12-31": "10.12400", "2012-12-31": "-19.22700", "2011-12-31": "-21.48500", "2010-12-31": "-12.26600", "2009-12-31": "10.46600", "2008-12-31": "-11.76400", "2007-12-31": "-44.60300", "2006-12-31": "-46.11200", "2005-12-31": "22.74500"}, "Change In Accounts Payable": {"2019-12-31": "16.90000", "2018-12-31": "56.70000", "2017-12-31": "10.00000", "2016-12-31": "-8.10000", "2015-12-31": "6.63600", "2014-12-31": "6.18900", "2013-12-31": "7.85600", "2012-12-31": "-19.16100", "2011-12-31": "3.00800", "2010-12-31": "30.33000", "2009-12-31": "-15.11500", "2008-12-31": "-73.97100", "2007-12-31": "59.48800", "2006-12-31": "22.62500", "2005-12-31": "6.92900"}, "Change In Assets/Liabilities": {"2019-12-31": "-11.70000", "2018-12-31": "14.80000", "2017-12-31": "-10.90000", "2016-12-31": "-60.00000", "2015-12-31": "-69.40300", "2014-12-31": "47.28200", "2013-12-31": "-27.32200", "2012-12-31": "-97.54200", "2011-12-31": "-75.74800", "2010-12-31": "-75.09500", "2009-12-31": "-1.52700", "2008-12-31": "-92.35800", "2007-12-31": "-103.70000", "2006-12-31": "-15.51800", "2005-12-31": "-72.83000"}, "Total Change In Assets/Liabilities": {"2019-12-31": "29.80000", "2018-12-31": "129.90000", "2017-12-31": "13.40000", "2016-12-31": "-102.50000", "2015-12-31": "-93.91500", "2014-12-31": "34.00300", "2013-12-31": "-19.77300", "2012-12-31": "-121.58500", "2011-12-31": "-184.24200", "2010-12-31": "-40.90000", "2009-12-31": "7.15800", "2008-12-31": "-154.93500", "2007-12-31": "-153.83700", "2006-12-31": "-103.50000", "2005-12-31": "18.62100"}, "Cash Flow From Operating Activities": {"2019-12-31": "1749.00000", "2018-12-31": "1497.80000", "2017-12-31": "912.70000", "2016-12-31": "803.80000", "2015-12-31": "715.85000", "2014-12-31": "825.23000", "2013-12-31": "702.80300", "2012-12-31": "599.10600", "2011-12-31": "462.69600", "2010-12-31": "607.70200", "2009-12-31": "478.90500", "2008-12-31": "274.89000", "2007-12-31": "246.81600", "2006-12-31": "255.98600", "2005-12-31": "353.89100"}, "Net Change In Property, Plant, And Equipment": {"2019-12-31": "-1210.10000", "2018-12-31": "-1069.70000", "2017-12-31": "-764.60000", "2016-12-31": "-1087.00000", "2015-12-31": "-700.22800", "2014-12-31": "-852.05200", "2013-12-31": "-780.09800", "2012-12-31": "-810.20900", "2011-12-31": "-697.45100", "2010-12-31": "-540.07600", "2009-12-31": "-555.63700", "2008-12-31": "-914.66300", "2007-12-31": "-743.81000", "2006-12-31": "-343.16500", "2005-12-31": "-212.81400"}, "Net Change In Intangible Assets": {"2019-12-31": "", "2018-12-31": "", "2017-12-31": "", "2016-12-31": "", "2015-12-31": "", "2014-12-31": "", "2013-12-31": "", "2012-12-31": "", "2011-12-31": "", "2010-12-31": "", "2009-12-31": "", "2008-12-31": "", "2007-12-31": "", "2006-12-31": "", "2005-12-31": ""}, "Net Acquisitions/Divestitures": {"2019-12-31": "", "2018-12-31": "1154.20000", "2017-12-31": "", "2016-12-31": "", "2015-12-31": "", "2014-12-31": "", "2013-12-31": "", "2012-12-31": "", "2011-12-31": "", "2010-12-31": "", "2009-12-31": "", "2008-12-31": "", "2007-12-31": "", "2006-12-31": "", "2005-12-31": ""}, "Net Change In Short-term Investments": {"2019-12-31": "", "2018-12-31": "", "2017-12-31": "", "2016-12-31": "", "2015-12-31": "", "2014-12-31": "", "2013-12-31": "", "2012-12-31": "", "2011-12-31": "", "2010-12-31": "", "2009-12-31": "", "2008-12-31": "", "2007-12-31": "", "2006-12-31": "", "2005-12-31": ""}, "Net Change In Long-Term Investments": {"2019-12-31": "134.90000", "2018-12-31": "-10.10000", "2017-12-31": "-12.60000", "2016-12-31": "97.00000", "2015-12-31": "51.74700", "2014-12-31": "21.03400", "2013-12-31": "140.31300", "2012-12-31": "7.60000", "2011-12-31": "-12.81900", "2010-12-31": "-17.98500", "2009-12-31": "-19.71400", "2008-12-31": "19.61400", "2007-12-31": "-18.24900", "2006-12-31": "52.83700", "2005-12-31": "0.78500"}, "Net Change In Investments - Total": {"2019-12-31": "134.90000", "2018-12-31": "-10.10000", "2017-12-31": "-12.60000", "2016-12-31": "97.00000", "2015-12-31": "51.74700", "2014-12-31": "21.03400", "2013-12-31": "140.31300", "2012-12-31": "7.60000", "2011-12-31": "-12.81900", "2010-12-31": "-17.98500", "2009-12-31": "-19.71400", "2008-12-31": "19.61400", "2007-12-31": "-18.24900", "2006-12-31": "52.83700", "2005-12-31": "0.78500"}, "Investing Activities - Other": {"2019-12-31": "-5.10000", "2018-12-31": "123.00000", "2017-12-31": "-3.60000", "2016-12-31": "-4.10000", "2015-12-31": "-1.22300", "2014-12-31": "-7.73000", "2013-12-31": "-2.11600", "2012-12-31": "5.27200", "2011-12-31": "8.75400", "2010-12-31": "2.01600", "2009-12-31": "2.92000", "2008-12-31": "-11.38800", "2007-12-31": "", "2006-12-31": "", "2005-12-31": ""}, "Cash Flow From Investing Activities": {"2019-12-31": "-1080.30000", "2018-12-31": "197.40000", "2017-12-31": "-780.80000", "2016-12-31": "-994.10000", "2015-12-31": "-649.70400", "2014-12-31": "-838.74800", "2013-12-31": "-641.90100", "2012-12-31": "-797.33700", "2011-12-31": "-701.51600", "2010-12-31": "-556.04500", "2009-12-31": "-572.43100", "2008-12-31": "-906.43700", "2007-12-31": "-762.05900", "2006-12-31": "-290.32800", "2005-12-31": "-212.02900"}, "Net Long-Term Debt": {"2019-12-31": "1641.30000", "2018-12-31": "-133.40000", "2017-12-31": "144.40000", "2016-12-31": "317.90000", "2015-12-31": "-122.53400", "2014-12-31": "-40.37600", "2013-12-31": "363.41000", "2012-12-31": "290.01800", "2011-12-31": "-32.76300", "2010-12-31": "-33.28600", "2009-12-31": "140.49600", "2008-12-31": "433.58400", "2007-12-31": "316.53000", "2006-12-31": "-105.15100", "2005-12-31": "-103.93800"}, "Net Current Debt": {"2019-12-31": "-270.80000", "2018-12-31": "133.60000", "2017-12-31": "-37.20000", "2016-12-31": "84.70000", "2015-12-31": "-12.46200", "2014-12-31": "140.92300", "2013-12-31": "-291.09400", "2012-12-31": "85.85300", "2011-12-31": "118.22200", "2010-12-31": "54.64400", "2009-12-31": "74.62800", "2008-12-31": "30.52100", "2007-12-31": "79.26300", "2006-12-31": "195.56400", "2005-12-31": "45.01300"}, "Debt Issuance/Retirement Net - Total": {"2019-12-31": "1370.50000", "2018-12-31": "0.20000", "2017-12-31": "107.20000", "2016-12-31": "402.60000", "2015-12-31": "-134.99600", "2014-12-31": "100.54700", "2013-12-31": "72.31600", "2012-12-31": "375.87100", "2011-12-31": "85.45900", "2010-12-31": "21.35800", "2009-12-31": "215.12400", "2008-12-31": "464.10500", "2007-12-31": "395.79300", "2006-12-31": "90.41300", "2005-12-31": "-58.92500"}, "Net Common Equity Issued/Repurchased": {"2019-12-31": "-1628.70000", "2018-12-31": "-1042.30000", "2017-12-31": "", "2016-12-31": "", "2015-12-31": "257.99800", "2014-12-31": "87.66900", "2013-12-31": "32.90600", "2012-12-31": "6.99600", "2011-12-31": "294.94200", "2010-12-31": "54.65100", "2009-12-31": "4.58700", "2008-12-31": "293.62100", "2007-12-31": "195.42000", "2006-12-31": "2.39400", "2005-12-31": "5.58400"}, "Net Total Equity Issued/Repurchased": {"2019-12-31": "-1628.70000", "2018-12-31": "-1042.30000", "2017-12-31": "", "2016-12-31": "", "2015-12-31": "257.99800", "2014-12-31": "87.66900", "2013-12-31": "32.90600", "2012-12-31": "-15.57100", "2011-12-31": "294.94200", "2010-12-31": "54.65100", "2009-12-31": "4.58700", "2008-12-31": "293.62100", "2007-12-31": "195.42000", "2006-12-31": "2.39400", "2005-12-31": "5.58400"}, "Total Common And Preferred Stock Dividends Paid": {"2019-12-31": "-462.50000", "2018-12-31": "-475.00000", "2017-12-31": "-223.10000", "2016-12-31": "-204.30000", "2015-12-31": "-186.12000", "2014-12-31": "-171.50700", "2013-12-31": "-162.90400", "2012-12-31": "-158.18200", "2011-12-31": "-138.23300", "2010-12-31": "-129.14600", "2009-12-31": "-122.93700", "2008-12-31": "-109.57900", "2007-12-31": "-89.47100", "2006-12-31": "-80.89400", "2005-12-31": "-74.59300"}, "Financial Activities - Other": {"2019-12-31": "-85.10000", "2018-12-31": "-21.30000", "2017-12-31": "-15.70000", "2016-12-31": "-8.10000", "2015-12-31": "-4.35300", "2014-12-31": "-3.12200", "2013-12-31": "-4.56200", "2012-12-31": "-1.59700", "2011-12-31": "-0.73700", "2010-12-31": "-1.45200", "2009-12-31": "0.44800", "2008-12-31": "0.56100", "2007-12-31": "1.05800", "2006-12-31": "0.85400", "2005-12-31": ""}, "Cash Flow From Financial Activities": {"2019-12-31": "-805.80000", "2018-12-31": "-1538.40000", "2017-12-31": "-131.60000", "2016-12-31": "190.20000", "2015-12-31": "-67.47100", "2014-12-31": "13.58700", "2013-12-31": "-62.24400", "2012-12-31": "200.52100", "2011-12-31": "241.43100", "2010-12-31": "-54.58900", "2009-12-31": "97.22200", "2008-12-31": "648.70800", "2007-12-31": "502.80000", "2006-12-31": "12.76700", "2005-12-31": "-127.93400"}, "Net Cash Flow": {"2019-12-31": "-137.10000", "2018-12-31": "156.80000", "2017-12-31": "0.30000", "2016-12-31": "-0.10000", "2015-12-31": "-1.32500", "2014-12-31": "0.06900", "2013-12-31": "-1.34200", "2012-12-31": "2.29000", "2011-12-31": "2.61100", "2010-12-31": "-2.93200", "2009-12-31": "-19.05400", "2008-12-31": "17.16100", "2007-12-31": "-12.44300", "2006-12-31": "-20.34300", "2005-12-31": "13.92800"}, "Stock-Based Compensation": {"2019-12-31": "16.30000", "2018-12-31": "29.90000", "2017-12-31": "8.80000", "2016-12-31": "9.30000", "2015-12-31": "8.34500", "2014-12-31": "7.28000", "2013-12-31": "7.61200", "2012-12-31": "5.55700", "2011-12-31": "7.24200", "2010-12-31": "10.73200", "2009-12-31": "4.68500", "2008-12-31": "4.13500", "2007-12-31": "4.74200", "2006-12-31": "2.53500", "2005-12-31": "3.21900"}, "Common Stock Dividends Paid": {"2019-12-31": "-462.50000", "2018-12-31": "-475.00000", "2017-12-31": "-223.10000", "2016-12-31": "-204.30000", "2015-12-31": "-186.12000", "2014-12-31": "-171.50700", "2013-12-31": "-162.90400", "2012-12-31": "-158.18200", "2011-12-31": "-138.23300", "2010-12-31": "-129.14600", "2009-12-31": "-122.93700", "2008-12-31": "-109.57900", "2007-12-31": "-89.47100", "2006-12-31": "-80.89400", "2005-12-31": "-74.59300"}}, "cash flow statement, quarterly": {"Net Income/Loss": {"2020-09-30": 367.5, "2020-06-30": 136.3, "2020-03-31": "72.20000", "2019-12-31": 66.7, "2019-09-30": 370.9, "2019-06-30": 144.6, "2019-03-31": "103.40000", "2018-12-31": 21.1, "2018-09-30": 357.6, "2018-06-30": 104.4, "2018-03-31": "62.90000", "2017-12-31": 36.3, "2017-09-30": 160.7, "2017-06-30": 76.018, "2017-03-31": "63.48200", "2016-12-31": 57.795, "2016-09-30": 158.553, "2016-06-30": 76.144, "2016-03-31": "68.70800", "2015-12-31": 41.826, "2015-09-30": 140.564, "2015-06-30": 66.243, "2015-03-31": "53.16300", "2014-12-31": 45.773, "2014-09-30": 149.76, "2014-06-30": 55.822, "2014-03-31": "70.97000", "2013-12-31": 43.061, "2013-09-30": 135.094, "2013-06-30": 69.452, "2013-03-31": "53.25600", "2012-12-31": 47.695, "2012-09-30": 141.067, "2012-06-30": 64.463, "2012-03-31": "29.23700", "2011-12-31": 21.306, "2011-09-30": 136.392, "2011-06-30": 45.525, "2011-03-31": "32.95700", "2010-12-31": 6.55, "2010-09-30": 115.863, "2010-06-30": 54.529, "2010-03-31": "31.68200", "2009-12-31": 11.383, "2009-09-30": 81.143, "2009-06-30": 38.385, "2009-03-31": "44.16400", "2008-12-31": 22.873, "2008-09-30": 88.286, "2008-06-30": 5.845, "2008-03-31": "61.13600", "2007-12-31": 13.765, "2007-09-30": 91.706, "2007-06-30": 32.708, "2007-03-31": "30.17500", "2006-12-31": 13.072, "2006-09-30": 90.034, "2006-06-30": 35.365, "2006-03-31": "26.83800", "2005-12-31": 7.643, "2005-09-30": 84.476, "2005-06-30": 27.876, "2005-03-31": "15.61500"}, "Total Depreciation And Amortization - Cash Flow": {"2020-09-30": 245.4, "2020-06-30": 244.7, "2020-03-31": "245.70000", "2019-12-31": 234.8, "2019-09-30": 242.4, "2019-06-30": 239.9, "2019-03-31": "241.30000", "2018-12-31": 234.1, "2018-09-30": 223.2, "2018-06-30": 142.1, "2018-03-31": "106.80000", "2017-12-31": 115.4, "2017-09-30": 112.3, "2017-06-30": 111.679, "2017-03-31": "101.22100", "2016-12-31": 111.086, "2016-09-30": 94.246, "2016-06-30": 94.912, "2016-03-31": "95.85600", "2015-12-31": 93.675, "2015-09-30": 90.521, "2015-06-30": 83.805, "2015-03-31": "83.91900", "2014-12-31": 84.323, "2014-09-30": 85.617, "2014-06-30": 76.674, "2014-03-31": "80.58600", "2013-12-31": 80.041, "2013-09-30": 80.432, "2013-06-30": 72.613, "2013-03-31": "71.85100", "2012-12-31": 83.891, "2012-09-30": 77.461, "2012-06-30": 76.119, "2012-03-31": "80.65900", "2011-12-31": 84.65, "2011-09-30": 85.424, "2011-06-30": 75.574, "2011-03-31": "80.98000", "2010-12-31": 79.404, "2010-09-30": 79.308, "2010-06-30": 75.989, "2010-03-31": "77.48000", "2009-12-31": 73.337, "2009-09-30": 72.859, "2009-06-30": 71.116, "2009-03-31": "67.00400", "2008-12-31": 66.689, "2008-09-30": 55.925, "2008-06-30": 53.742, "2008-03-31": "55.27000", "2007-12-31": 56.974, "2007-09-30": 55.234, "2007-06-30": 52.068, "2007-03-31": "53.54300", "2006-12-31": 35.899, "2006-09-30": 57.378, "2006-06-30": 56.304, "2006-03-31": "54.33900", "2005-12-31": 28.748, "2005-09-30": 50.739, "2005-06-30": 44.632, "2005-03-31": "47.51200"}, "Other Non-Cash Items": {"2020-09-30": 55.7, "2020-06-30": 55.8, "2020-03-31": "4.00000", "2019-12-31": -5.6, "2019-09-30": 89.6, "2019-06-30": 2.6, "2019-03-31": "-11.40000", "2018-12-31": 71.7, "2018-09-30": 84.7, "2018-06-30": -40.5, "2018-03-31": "-0.20000", "2017-12-31": 1.7, "2017-09-30": 69, "2017-06-30": 33.068, "2017-03-31": "18.43200", "2016-12-31": -10.56, "2016-09-30": 84.695, "2016-06-30": 40.854, "2016-03-31": "34.01100", "2015-12-31": 25.201, "2015-09-30": 73.908, "2015-06-30": 30.091, "2015-03-31": "26.84900", "2014-12-31": 15.089, "2014-09-30": 73.745, "2014-06-30": 20.655, "2014-03-31": "32.21300", "2013-12-31": 12.894, "2013-09-30": 60.415, "2013-06-30": 21.807, "2013-03-31": "21.66000", "2012-12-31": 18.611, "2012-09-30": 72.44, "2012-06-30": 28.383, "2012-03-31": "0.66500", "2011-12-31": 12.085, "2011-09-30": 44.659, "2011-06-30": 11.28, "2011-03-31": "16.10600", "2010-12-31": 17.836, "2010-09-30": 49.967, "2010-06-30": 38.078, "2010-03-31": "21.91600", "2009-12-31": -13.839, "2009-09-30": 27.954, "2009-06-30": 17.437, "2009-03-31": "-19.19600", "2008-12-31": 4.724, "2008-09-30": -5.601, "2008-06-30": 5.978, "2008-03-31": "14.95800", "2007-12-31": 42.845, "2007-09-30": -1.943, "2007-06-30": -23.331, "2007-03-31": "-3.09100", "2006-12-31": -13.1, "2006-09-30": 16.604, "2006-06-30": -8.776, "2006-03-31": "-4.47100", "2005-12-31": -43.86, "2005-09-30": 23.987, "2005-06-30": 9.821, "2005-03-31": "38.08100"}, "Total Non-Cash Items": {"2020-09-30": 301.1, "2020-06-30": 300.5, "2020-03-31": "249.70000", "2019-12-31": 229.2, "2019-09-30": 332, "2019-06-30": 242.5, "2019-03-31": "229.90000", "2018-12-31": 305.8, "2018-09-30": 307.9, "2018-06-30": 101.6, "2018-03-31": "106.60000", "2017-12-31": 117.1, "2017-09-30": 181.3, "2017-06-30": 144.747, "2017-03-31": "119.65300", "2016-12-31": 100.526, "2016-09-30": 178.941, "2016-06-30": 135.766, "2016-03-31": "129.86700", "2015-12-31": 118.876, "2015-09-30": 164.429, "2015-06-30": 113.896, "2015-03-31": "110.76800", "2014-12-31": 99.412, "2014-09-30": 159.362, "2014-06-30": 97.329, "2014-03-31": "112.79900", "2013-12-31": 92.935, "2013-09-30": 140.847, "2013-06-30": 94.42, "2013-03-31": "93.51100", "2012-12-31": 102.502, "2012-09-30": 149.901, "2012-06-30": 104.502, "2012-03-31": "81.32400", "2011-12-31": 96.735, "2011-09-30": 130.083, "2011-06-30": 86.854, "2011-03-31": "97.08600", "2010-12-31": 97.24, "2010-09-30": 129.275, "2010-06-30": 114.067, "2010-03-31": "99.39600", "2009-12-31": 59.498, "2009-09-30": 100.813, "2009-06-30": 88.553, "2009-03-31": "47.80800", "2008-12-31": 71.413, "2008-09-30": 50.324, "2008-06-30": 59.72, "2008-03-31": "70.22800", "2007-12-31": 99.819, "2007-09-30": 53.291, "2007-06-30": 28.737, "2007-03-31": "50.45200", "2006-12-31": 22.799, "2006-09-30": 73.982, "2006-06-30": 47.528, "2006-03-31": "49.86800", "2005-12-31": -15.112, "2005-09-30": 74.726, "2005-06-30": 54.453, "2005-03-31": "85.59300"}, "Change In Accounts Receivable": {"2020-09-30": -51.2, "2020-06-30": -133, "2020-03-31": "59.60000", "2019-12-31": 101.3, "2019-09-30": -73.1, "2019-06-30": -57.9, "2019-03-31": "32.60000", "2018-12-31": 130, "2018-09-30": -10.2, "2018-06-30": -85.9, "2018-03-31": "46.20000", "2017-12-31": 17.6, "2017-09-30": -33.9, "2017-06-30": -37.347, "2017-03-31": "51.54700", "2016-12-31": 33.8, "2016-09-30": -23.545, "2016-06-30": -73.751, "2016-03-31": "33.19600", "2015-12-31": 30.479, "2015-09-30": -22.435, "2015-06-30": -30.044, "2015-03-31": "31.04200", "2014-12-31": 32.793, "2014-09-30": -39.498, "2014-06-30": -27.478, "2014-03-31": "16.89200", "2013-12-31": 17.751, "2013-09-30": -27.129, "2013-06-30": -12.958, "2013-03-31": "-2.31300", "2012-12-31": 43.148, "2012-09-30": 10.315, "2012-06-30": -79.658, "2012-03-31": "28.60300", "2011-12-31": 25.631, "2011-09-30": 16.98, "2011-06-30": -64.593, "2011-03-31": "20.34400", "2010-12-31": 32.773, "2010-09-30": 12.329, "2010-06-30": -77.604, "2010-03-31": "21.06800", "2009-12-31": -2.842, "2009-09-30": 27.045, "2009-06-30": -60.568, "2009-03-31": "19.20600", "2008-12-31": 28.631, "2008-09-30": 19.475, "2008-06-30": -64.578, "2008-03-31": "13.14100", "2007-12-31": 46.049, "2007-09-30": -21.538, "2007-06-30": -50.925, "2007-03-31": "10.48800", "2006-12-31": 15.857, "2006-09-30": 7.885, "2006-06-30": -48.773, "2006-03-31": "-30.11700", "2005-12-31": -6.454, "2005-09-30": -45.343, "2005-06-30": -21.997, "2005-03-31": "41.61500"}, "Change In Inventories": {"2020-09-30": 8.4, "2020-06-30": -21.3, "2020-03-31": "-17.10000", "2019-12-31": -27.1, "2019-09-30": 34.5, "2019-06-30": -22.1, "2019-03-31": "44.60000", "2018-12-31": 10.1, "2018-09-30": 19.1, "2018-06-30": 18.6, "2018-03-31": "6.90000", "2017-12-31": -8.3, "2017-09-30": 17.8, "2017-06-30": 8.281, "2017-03-31": "-10.58100", "2016-12-31": -9.88, "2016-09-30": 9.54, "2016-06-30": 2.031, "2016-03-31": "0.10900", "2015-12-31": -24.449, "2015-09-30": 2.493, "2015-06-30": -12.903, "2015-03-31": "-18.40400", "2014-12-31": -3.07, "2014-09-30": 10.545, "2014-06-30": -6.292, "2014-03-31": "-9.95600", "2013-12-31": -3.718, "2013-09-30": 2.062, "2013-06-30": -0.4, "2013-03-31": "12.18000", "2012-12-31": 0.407, "2012-09-30": 7.196, "2012-06-30": -1.536, "2012-03-31": "-25.29400", "2011-12-31": -19.648, "2011-09-30": 14.845, "2011-06-30": -3.098, "2011-03-31": "-13.58400", "2010-12-31": -4.968, "2010-09-30": 1.961, "2010-06-30": -7.586, "2010-03-31": "-1.67300", "2009-12-31": 6.375, "2009-09-30": 6.698, "2009-06-30": 1.066, "2009-03-31": "-3.67300", "2008-12-31": -5.905, "2008-09-30": 13.215, "2008-06-30": -3.879, "2008-03-31": "-15.19500", "2007-12-31": -12.103, "2007-09-30": -8.188, "2007-06-30": -14.427, "2007-03-31": "-9.88500", "2006-12-31": -11.36, "2006-09-30": -1.896, "2006-06-30": -18.254, "2006-03-31": "-14.60200", "2005-12-31": -4.699, "2005-09-30": 21.276, "2005-06-30": 0.447, "2005-03-31": "5.72100"}, "Change In Accounts Payable": {"2020-09-30": 36.1, "2020-06-30": 29.8, "2020-03-31": "-153.40000", "2019-12-31": 128.4, "2019-09-30": 24.5, "2019-06-30": -16.6, "2019-03-31": "-119.40000", "2018-12-31": 115.2, "2018-09-30": -16.8, "2018-06-30": -17.5, "2018-03-31": "-24.20000", "2017-12-31": 20, "2017-09-30": 10, "2017-06-30": 3.135, "2017-03-31": "-23.13500", "2016-12-31": -17.836, "2016-09-30": 31.1, "2016-06-30": 9.794, "2016-03-31": "-31.15800", "2015-12-31": 11.615, "2015-09-30": -2.106, "2015-06-30": -20.194, "2015-03-31": "17.32100", "2014-12-31": 10.586, "2014-09-30": 11.802, "2014-06-30": -17.621, "2014-03-31": "1.42200", "2013-12-31": 5.768, "2013-09-30": 26.926, "2013-06-30": -53.052, "2013-03-31": "28.21400", "2012-12-31": -11.96, "2012-09-30": 1.54, "2012-06-30": -3.288, "2012-03-31": "-5.45300", "2011-12-31": 17.085, "2011-09-30": -31.09, "2011-06-30": 19.177, "2011-03-31": "-2.16400", "2010-12-31": 17.365, "2010-09-30": -39.457, "2010-06-30": 42.421, "2010-03-31": "10.00100", "2009-12-31": 23.891, "2009-09-30": -17.676, "2009-06-30": 6.175, "2009-03-31": "-27.50500", "2008-12-31": -21.801, "2008-09-30": -36.084, "2008-06-30": 28.794, "2008-03-31": "-44.88000", "2007-12-31": 35.244, "2007-09-30": 20.879, "2007-06-30": 18.352, "2007-03-31": "-14.98700", "2006-12-31": 13.181, "2006-09-30": 1.749, "2006-06-30": 3.747, "2006-03-31": "3.94800", "2005-12-31": 4.855, "2005-09-30": -5.013, "2005-06-30": -1.511, "2005-03-31": "8.59800"}, "Change In Assets/Liabilities": {"2020-09-30": 72.9, "2020-06-30": -55.3, "2020-03-31": "26.60000", "2019-12-31": -33.3, "2019-09-30": 69.4, "2019-06-30": -18.6, "2019-03-31": "-29.20000", "2018-12-31": -80.6, "2018-09-30": 85.6, "2018-06-30": -2.7, "2018-03-31": "12.50000", "2017-12-31": 13.7, "2017-09-30": 18.5, "2017-06-30": -31.084, "2017-03-31": "-12.01600", "2016-12-31": -6.567, "2016-09-30": -15.136, "2016-06-30": -27.112, "2016-03-31": "-11.18500", "2015-12-31": -8.567, "2015-09-30": 33.933, "2015-06-30": -74.44, "2015-03-31": "-20.32900", "2014-12-31": 24.251, "2014-09-30": 41.897, "2014-06-30": -31.623, "2014-03-31": "12.75700", "2013-12-31": -28.791, "2013-09-30": 10.041, "2013-06-30": 14.073, "2013-03-31": "-22.64500", "2012-12-31": -7.754, "2012-09-30": -45.685, "2012-06-30": 34.398, "2012-03-31": "-78.50100", "2011-12-31": 110.48, "2011-09-30": -28.998, "2011-06-30": -100.844, "2011-03-31": "-56.38600", "2010-12-31": 3.032, "2010-09-30": 21.85, "2010-06-30": -79.585, "2010-03-31": "-20.39200", "2009-12-31": -28.268, "2009-09-30": -25.115, "2009-06-30": 54.2, "2009-03-31": "-2.34400", "2008-12-31": 36.049, "2008-09-30": -1.955, "2008-06-30": -46.879, "2008-03-31": "-79.57300", "2007-12-31": -78.38, "2007-09-30": -6.648, "2007-06-30": -36.998, "2007-03-31": "18.32600", "2006-12-31": 62.532, "2006-09-30": 6.19, "2006-06-30": -19.683, "2006-03-31": "-64.55700", "2005-12-31": 101.577, "2005-09-30": -69.546, "2005-06-30": -67.523, "2005-03-31": "-37.33800"}, "Total Change In Assets/Liabilities": {"2020-09-30": 230.6, "2020-06-30": -234.9, "2020-03-31": "-1.30000", "2019-12-31": 5.8, "2019-09-30": 110.7, "2019-06-30": -115.5, "2019-03-31": "28.80000", "2018-12-31": -20.7, "2018-09-30": 128.9, "2018-06-30": -68.4, "2018-03-31": "90.10000", "2017-12-31": 16.6, "2017-09-30": 37, "2017-06-30": -93.79, "2017-03-31": "53.59000", "2016-12-31": -47.094, "2016-09-30": 26.398, "2016-06-30": -122.105, "2016-03-31": "40.30100", "2015-12-31": -29.716, "2015-09-30": 46.859, "2015-06-30": -160.695, "2015-03-31": "49.63700", "2014-12-31": 29.833, "2014-09-30": 57.776, "2014-06-30": -108.149, "2014-03-31": "54.54300", "2013-12-31": 13.697, "2013-09-30": 45.859, "2013-06-30": -126.196, "2013-03-31": "46.86700", "2012-12-31": -5.047, "2012-09-30": 59.809, "2012-06-30": -129.749, "2012-03-31": "-46.59800", "2011-12-31": 6.878, "2011-09-30": -0.145, "2011-06-30": -156.308, "2011-03-31": "-34.66700", "2010-12-31": 3.545, "2010-09-30": 16.411, "2010-06-30": -81.746, "2010-03-31": "20.89000", "2009-12-31": -0.017, "2009-09-30": 10.099, "2009-06-30": -14.084, "2009-03-31": "11.16000", "2008-12-31": -20.54, "2008-09-30": 64.688, "2008-06-30": -78.414, "2008-03-31": "-120.66900", "2007-12-31": -75.956, "2007-09-30": 1.776, "2007-06-30": -59.19, "2007-03-31": "-20.46700", "2006-12-31": 63.471, "2006-09-30": 23.168, "2006-06-30": -94.925, "2006-03-31": "-95.21400", "2005-12-31": 114.537, "2005-09-30": -2.47, "2005-06-30": -105.868, "2005-03-31": "12.42200"}, "Cash Flow From Operating Activities": {"2020-09-30": 899.2, "2020-06-30": 201.9, "2020-03-31": "320.60000", "2019-12-31": 301.7, "2019-09-30": 813.6, "2019-06-30": 271.6, "2019-03-31": "362.10000", "2018-12-31": 306.2, "2018-09-30": 794.4, "2018-06-30": 137.6, "2018-03-31": "259.60000", "2017-12-31": 170, "2017-09-30": 379, "2017-06-30": 126.975, "2017-03-31": "236.72500", "2016-12-31": 111.227, "2016-09-30": 363.892, "2016-06-30": 89.805, "2016-03-31": "238.87600", "2015-12-31": 130.986, "2015-09-30": 351.852, "2015-06-30": 19.444, "2015-03-31": "213.56800", "2014-12-31": 175.018, "2014-09-30": 366.898, "2014-06-30": 45.002, "2014-03-31": "238.31200", "2013-12-31": 149.693, "2013-09-30": 321.8, "2013-06-30": 37.676, "2013-03-31": "193.63400", "2012-12-31": 145.15, "2012-09-30": 350.777, "2012-06-30": 39.216, "2012-03-31": "63.96300", "2011-12-31": 124.919, "2011-09-30": 266.33, "2011-06-30": -23.929, "2011-03-31": "95.37600", "2010-12-31": 107.335, "2010-09-30": 261.549, "2010-06-30": 86.85, "2010-03-31": "151.96800", "2009-12-31": 70.864, "2009-09-30": 192.055, "2009-06-30": 112.854, "2009-03-31": "103.13200", "2008-12-31": 73.746, "2008-09-30": 203.298, "2008-06-30": -12.849, "2008-03-31": "10.69500", "2007-12-31": 37.628, "2007-09-30": 146.773, "2007-06-30": 2.255, "2007-03-31": "60.16000", "2006-12-31": 99.342, "2006-09-30": 187.184, "2006-06-30": -12.032, "2006-03-31": "-18.50800", "2005-12-31": 107.068, "2005-09-30": 156.732, "2005-06-30": -23.539, "2005-03-31": "113.63000"}, "Net Change In Property, Plant, And Equipment": {"2020-09-30": -422.5, "2020-06-30": -281.2, "2020-03-31": "-354.40000", "2019-12-31": -361, "2019-09-30": -276.7, "2019-06-30": -263.4, "2019-03-31": "-309.00000", "2018-12-31": -371.4, "2018-09-30": -263.1, "2018-06-30": -260.4, "2018-03-31": "-174.80000", "2017-12-31": -200, "2017-09-30": -181, "2017-06-30": -208.2, "2017-03-31": "-175.40000", "2016-12-31": -265.064, "2016-09-30": -318.305, "2016-06-30": -282.782, "2016-03-31": "-220.84900", "2015-12-31": -213.713, "2015-09-30": -151.61, "2015-06-30": -147.682, "2015-03-31": "-187.22300", "2014-12-31": -203.119, "2014-09-30": -221.809, "2014-06-30": -208.795, "2014-03-31": "-218.32900", "2013-12-31": -222.11, "2013-09-30": -158.99, "2013-06-30": -217.011, "2013-03-31": "-181.98700", "2012-12-31": -211.783, "2012-09-30": -180.809, "2012-06-30": -227.651, "2012-03-31": "-189.96600", "2011-12-31": -184.776, "2011-09-30": -167.125, "2011-06-30": -189.605, "2011-03-31": "-155.94500", "2010-12-31": -170.33, "2010-09-30": -132.101, "2010-06-30": -134.373, "2010-03-31": "-103.27200", "2009-12-31": -94.858, "2009-09-30": -122.011, "2009-06-30": -186.864, "2009-03-31": "-151.90400", "2008-12-31": -204.868, "2008-09-30": -289.912, "2008-06-30": -236.974, "2008-03-31": "-182.90900", "2007-12-31": -288.619, "2007-09-30": -146.609, "2007-06-30": -202.404, "2007-03-31": "-106.17800", "2006-12-31": -142.798, "2006-09-30": -59.837, "2006-06-30": -77.2, "2006-03-31": "-63.33000", "2005-12-31": -66.865, "2005-09-30": -39.65, "2005-06-30": -53.439, "2005-03-31": "-52.86000"}, "Net Change In Intangible Assets": {"2020-09-30": 0, "2020-06-30": 0, "2020-03-31": "", "2019-12-31": 0, "2019-09-30": 0, "2019-06-30": 0, "2019-03-31": "", "2018-12-31": 0, "2018-09-30": 0, "2018-06-30": 0, "2018-03-31": "", "2017-12-31": 0, "2017-09-30": 0, "2017-06-30": 0, "2017-03-31": "", "2016-12-31": 0, "2016-09-30": 0, "2016-06-30": 0, "2016-03-31": "", "2015-12-31": 0, "2015-09-30": 0, "2015-06-30": 0, "2015-03-31": "", "2014-12-31": 0, "2014-09-30": 0, "2014-06-30": 0, "2014-03-31": "", "2013-12-31": 0, "2013-09-30": 0, "2013-06-30": 0, "2013-03-31": "", "2012-12-31": 0, "2012-09-30": 0, "2012-06-30": 0, "2012-03-31": "", "2011-12-31": 0, "2011-09-30": 0, "2011-06-30": 0, "2011-03-31": "", "2010-12-31": 0, "2010-09-30": 0, "2010-06-30": 0, "2010-03-31": "", "2009-12-31": 0, "2009-09-30": 0, "2009-06-30": 0, "2009-03-31": "", "2008-12-31": 0, "2008-09-30": 0, "2008-06-30": 0, "2008-03-31": "", "2007-12-31": 0, "2007-09-30": 0, "2007-06-30": 0, "2007-03-31": "", "2006-12-31": 0, "2006-09-30": 0, "2006-06-30": 0, "2006-03-31": "", "2005-12-31": 0, "2005-09-30": 0, "2005-06-30": 0, "2005-03-31": ""}, "Net Acquisitions/Divestitures": {"2020-09-30": 0, "2020-06-30": 0, "2020-03-31": "", "2019-12-31": 0, "2019-09-30": 0, "2019-06-30": 0, "2019-03-31": "", "2018-12-31": 0, "2018-09-30": 0, "2018-06-30": 1154.2, "2018-03-31": "", "2017-12-31": 0, "2017-09-30": 0, "2017-06-30": 0, "2017-03-31": "", "2016-12-31": 0, "2016-09-30": 0, "2016-06-30": 0, "2016-03-31": "", "2015-12-31": 0, "2015-09-30": 0, "2015-06-30": 0, "2015-03-31": "", "2014-12-31": 0, "2014-09-30": 0, "2014-06-30": 0, "2014-03-31": "", "2013-12-31": 0, "2013-09-30": 0, "2013-06-30": 0, "2013-03-31": "", "2012-12-31": 0, "2012-09-30": 0, "2012-06-30": 0, "2012-03-31": "", "2011-12-31": 0, "2011-09-30": 0, "2011-06-30": 0, "2011-03-31": "", "2010-12-31": 0, "2010-09-30": 0, "2010-06-30": 0, "2010-03-31": "", "2009-12-31": 0, "2009-09-30": 0, "2009-06-30": 0, "2009-03-31": "", "2008-12-31": 0, "2008-09-30": 0, "2008-06-30": 0, "2008-03-31": "", "2007-12-31": 0, "2007-09-30": 0, "2007-06-30": 0, "2007-03-31": "", "2006-12-31": 0, "2006-09-30": 0, "2006-06-30": 0, "2006-03-31": "", "2005-12-31": 0, "2005-09-30": 0, "2005-06-30": 0, "2005-03-31": ""}, "Net Change In Short-term Investments": {"2020-09-30": 0, "2020-06-30": 0, "2020-03-31": "", "2019-12-31": 0, "2019-09-30": 0, "2019-06-30": 0, "2019-03-31": "", "2018-12-31": 0, "2018-09-30": 0, "2018-06-30": 0, "2018-03-31": "", "2017-12-31": 0, "2017-09-30": 0, "2017-06-30": 0, "2017-03-31": "", "2016-12-31": 0, "2016-09-30": 0, "2016-06-30": 0, "2016-03-31": "", "2015-12-31": 0, "2015-09-30": 0, "2015-06-30": 0, "2015-03-31": "", "2014-12-31": 0, "2014-09-30": 0, "2014-06-30": 0, "2014-03-31": "", "2013-12-31": 0, "2013-09-30": 0, "2013-06-30": 0, "2013-03-31": "", "2012-12-31": 0, "2012-09-30": 0, "2012-06-30": 0, "2012-03-31": "", "2011-12-31": 0, "2011-09-30": 0, "2011-06-30": 0, "2011-03-31": "", "2010-12-31": 0, "2010-09-30": 0, "2010-06-30": 0, "2010-03-31": "", "2009-12-31": 0, "2009-09-30": 0, "2009-06-30": 0, "2009-03-31": "", "2008-12-31": 0, "2008-09-30": 0, "2008-06-30": 0, "2008-03-31": "", "2007-12-31": 0, "2007-09-30": 0, "2007-06-30": 0, "2007-03-31": "", "2006-12-31": 0, "2006-09-30": 0, "2006-06-30": 0, "2006-03-31": "", "2005-12-31": 0, "2005-09-30": 0, "2005-06-30": 0, "2005-03-31": ""}, "Net Change In Long-Term Investments": {"2020-09-30": 2.2, "2020-06-30": 10.9, "2020-03-31": "25.00000", "2019-12-31": 58.1, "2019-09-30": 27.9, "2019-06-30": 12.6, "2019-03-31": "36.30000", "2018-12-31": -3.6, "2018-09-30": -0.4, "2018-06-30": -8.4, "2018-03-31": "2.30000", "2017-12-31": 0.9, "2017-09-30": -0.8, "2017-06-30": -14.73, "2017-03-31": "2.03000", "2016-12-31": 86.987, "2016-09-30": -0.453, "2016-06-30": -15.462, "2016-03-31": "25.92800", "2015-12-31": 0.425, "2015-09-30": 64.692, "2015-06-30": -15.016, "2015-03-31": "1.64600", "2014-12-31": 11.656, "2014-09-30": 20.948, "2014-06-30": -15.091, "2014-03-31": "3.52100", "2013-12-31": -2.271, "2013-09-30": 43.418, "2013-06-30": 18.935, "2013-03-31": "80.23100", "2012-12-31": 14.929, "2012-09-30": -2.21, "2012-06-30": -19.657, "2012-03-31": "14.53800", "2011-12-31": 1.088, "2011-09-30": 5.842, "2011-06-30": -19.31, "2011-03-31": "-0.43900", "2010-12-31": -0.578, "2010-09-30": 0.309, "2010-06-30": -17.478, "2010-03-31": "-0.23800", "2009-12-31": -1.436, "2009-09-30": -0.377, "2009-06-30": -18.16, "2009-03-31": "0.25900", "2008-12-31": 37.682, "2008-09-30": 1.114, "2008-06-30": -18.838, "2008-03-31": "-0.34400", "2007-12-31": -2.368, "2007-09-30": 1.655, "2007-06-30": -17.537, "2007-03-31": "0.00100", "2006-12-31": 13.509, "2006-09-30": 0.393, "2006-06-30": 9.161, "2006-03-31": "29.77400", "2005-12-31": 0.782, "2005-09-30": 7.646, "2005-06-30": -8.251, "2005-03-31": "0.60800"}, "Net Change In Investments - Total": {"2020-09-30": 2.2, "2020-06-30": 10.9, "2020-03-31": "25.00000", "2019-12-31": 58.1, "2019-09-30": 27.9, "2019-06-30": 12.6, "2019-03-31": "36.30000", "2018-12-31": -3.6, "2018-09-30": -0.4, "2018-06-30": -8.4, "2018-03-31": "2.30000", "2017-12-31": 0.9, "2017-09-30": -0.8, "2017-06-30": -14.73, "2017-03-31": "2.03000", "2016-12-31": 86.987, "2016-09-30": -0.453, "2016-06-30": -15.462, "2016-03-31": "25.92800", "2015-12-31": 0.425, "2015-09-30": 64.692, "2015-06-30": -15.016, "2015-03-31": "1.64600", "2014-12-31": 11.656, "2014-09-30": 20.948, "2014-06-30": -15.091, "2014-03-31": "3.52100", "2013-12-31": -2.271, "2013-09-30": 43.418, "2013-06-30": 18.935, "2013-03-31": "80.23100", "2012-12-31": 14.929, "2012-09-30": -2.21, "2012-06-30": -19.657, "2012-03-31": "14.53800", "2011-12-31": 1.088, "2011-09-30": 5.842, "2011-06-30": -19.31, "2011-03-31": "-0.43900", "2010-12-31": -0.578, "2010-09-30": 0.309, "2010-06-30": -17.478, "2010-03-31": "-0.23800", "2009-12-31": -1.436, "2009-09-30": -0.377, "2009-06-30": -18.16, "2009-03-31": "0.25900", "2008-12-31": 37.682, "2008-09-30": 1.114, "2008-06-30": -18.838, "2008-03-31": "-0.34400", "2007-12-31": -2.368, "2007-09-30": 1.655, "2007-06-30": -17.537, "2007-03-31": "0.00100", "2006-12-31": 13.509, "2006-09-30": 0.393, "2006-06-30": 9.161, "2006-03-31": "29.77400", "2005-12-31": 0.782, "2005-09-30": 7.646, "2005-06-30": -8.251, "2005-03-31": "0.60800"}, "Investing Activities - Other": {"2020-09-30": -8.4, "2020-06-30": 2.5, "2020-03-31": "-4.00000", "2019-12-31": -5.3, "2019-09-30": 6.2, "2019-06-30": -7.3, "2019-03-31": "1.30000", "2018-12-31": -2.4, "2018-09-30": -8.6, "2018-06-30": 135.6, "2018-03-31": "-1.60000", "2017-12-31": -0.3, "2017-09-30": -0.1, "2017-06-30": -0.846, "2017-03-31": "-2.35400", "2016-12-31": -1.005, "2016-09-30": -0.297, "2016-06-30": 0.042, "2016-03-31": "-2.84000", "2015-12-31": -0.442, "2015-09-30": -0.128, "2015-06-30": 0.064, "2015-03-31": "-0.71700", "2014-12-31": -5.527, "2014-09-30": -0.659, "2014-06-30": -0.314, "2014-03-31": "-1.23000", "2013-12-31": -0.106, "2013-09-30": -0.524, "2013-06-30": -2.602, "2013-03-31": "1.11600", "2012-12-31": 0.832, "2012-09-30": 1.494, "2012-06-30": 1.516, "2012-03-31": "1.43000", "2011-12-31": 0.917, "2011-09-30": 1.737, "2011-06-30": 1.789, "2011-03-31": "4.31100", "2010-12-31": 3.776, "2010-09-30": -1.365, "2010-06-30": -1.085, "2010-03-31": "0.69000", "2009-12-31": 1.563, "2009-09-30": 0.057, "2009-06-30": 0.566, "2009-03-31": "0.73400", "2008-12-31": -12.469, "2008-09-30": 0.086, "2008-06-30": 1.202, "2008-03-31": "-0.20700", "2007-12-31": 0, "2007-09-30": 0, "2007-06-30": 22.348, "2007-03-31": "-22.34800", "2006-12-31": 0, "2006-09-30": 3.697, "2006-06-30": -3.697, "2006-03-31": "", "2005-12-31": 0, "2005-09-30": 0, "2005-06-30": 0, "2005-03-31": ""}, "Cash Flow From Investing Activities": {"2020-09-30": -428.7, "2020-06-30": -267.8, "2020-03-31": "-333.40000", "2019-12-31": -308.2, "2019-09-30": -242.6, "2019-06-30": -258.1, "2019-03-31": "-271.40000", "2018-12-31": -377.4, "2018-09-30": -272.1, "2018-06-30": 1021, "2018-03-31": "-174.10000", "2017-12-31": -199.4, "2017-09-30": -181.9, "2017-06-30": -223.776, "2017-03-31": "-175.72400", "2016-12-31": -179.082, "2016-09-30": -319.055, "2016-06-30": -298.202, "2016-03-31": "-197.76100", "2015-12-31": -213.73, "2015-09-30": -87.046, "2015-06-30": -162.634, "2015-03-31": "-186.29400", "2014-12-31": -196.99, "2014-09-30": -201.52, "2014-06-30": -224.2, "2014-03-31": "-216.03800", "2013-12-31": -224.487, "2013-09-30": -116.096, "2013-06-30": -200.678, "2013-03-31": "-100.64000", "2012-12-31": -196.022, "2012-09-30": -181.525, "2012-06-30": -245.792, "2012-03-31": "-173.99800", "2011-12-31": -182.771, "2011-09-30": -159.546, "2011-06-30": -207.126, "2011-03-31": "-152.07300", "2010-12-31": -167.132, "2010-09-30": -133.157, "2010-06-30": -152.936, "2010-03-31": "-102.82000", "2009-12-31": -94.731, "2009-09-30": -122.331, "2009-06-30": -204.458, "2009-03-31": "-150.91100", "2008-12-31": -179.655, "2008-09-30": -288.712, "2008-06-30": -254.61, "2008-03-31": "-183.46000", "2007-12-31": -290.987, "2007-09-30": -144.954, "2007-06-30": -197.593, "2007-03-31": "-128.52500", "2006-12-31": -129.289, "2006-09-30": -55.747, "2006-06-30": -71.736, "2006-03-31": "-33.55600", "2005-12-31": -66.083, "2005-09-30": -32.004, "2005-06-30": -61.69, "2005-03-31": "-52.25200"}, "Net Long-Term Debt": {"2020-09-30": -0.2, "2020-06-30": 639.5, "2020-03-31": "-33.40000", "2019-12-31": -1.3, "2019-09-30": 1880.7, "2019-06-30": -700.7, "2019-03-31": "462.60000", "2018-12-31": -0.4, "2018-09-30": -104.5, "2018-06-30": 0, "2018-03-31": "-28.50000", "2017-12-31": 2.6, "2017-09-30": -1, "2017-06-30": -1.035, "2017-03-31": "143.83500", "2016-12-31": 2.0641, "2016-09-30": -2.0331, "2016-06-30": 346.851, "2016-03-31": "-28.98200", "2015-12-31": 182.158, "2015-09-30": -150.046, "2015-06-30": -0.835, "2015-03-31": "-153.81100", "2014-12-31": -1.101, "2014-09-30": -4.627, "2014-06-30": -6.745, "2014-03-31": "-27.90300", "2013-12-31": -1.402, "2013-09-30": 246.012, "2013-06-30": -101.209, "2013-03-31": "220.00900", "2012-12-31": -21.044, "2012-09-30": -0.856, "2012-06-30": 141.527, "2012-03-31": "170.39100", "2011-12-31": -1.728, "2011-09-30": -19.01, "2011-06-30": -3.004, "2011-03-31": "-9.02100", "2010-12-31": -2.757, "2010-09-30": -17.925, "2010-06-30": -3.394, "2010-03-31": "-9.21000", "2009-12-31": -0.835, "2009-09-30": -146.361, "2009-06-30": 296.453, "2009-03-31": "-8.76100", "2008-12-31": 293.524, "2008-09-30": -2.306, "2008-06-30": 147.571, "2008-03-31": "-5.20500", "2007-12-31": 175.855, "2007-09-30": -1.924, "2007-06-30": 143.84, "2007-03-31": "-1.24100", "2006-12-31": -1.196, "2006-09-30": -1.196, "2006-06-30": -1.548, "2006-03-31": "-101.21100", "2005-12-31": -1.212, "2005-09-30": -452.06, "2005-06-30": 394.96, "2005-03-31": "-45.62600"}, "Net Current Debt": {"2020-09-30": -169.3, "2020-06-30": -582.9, "2020-03-31": "448.30000", "2019-12-31": 97.4, "2019-09-30": -1820.4, "2019-06-30": 915.3, "2019-03-31": "536.90000", "2018-12-31": 234.1, "2018-09-30": -409, "2018-06-30": 295.4, "2018-03-31": "13.10000", "2017-12-31": 87.1, "2017-09-30": -139, "2017-06-30": 154.197, "2017-03-31": "-139.49700", "2016-12-31": 119.071, "2016-09-30": 6.94, "2016-06-30": -85.937, "2016-03-31": "44.62600", "2015-12-31": -52.294, "2015-09-30": -65.391, "2015-06-30": -62.723, "2015-03-31": "167.94600", "2014-12-31": 38.69, "2014-09-30": -161.754, "2014-06-30": 220.027, "2014-03-31": "43.96000", "2013-12-31": 84.117, "2013-09-30": -403.716, "2013-06-30": 303.478, "2013-03-31": "-274.97300", "2012-12-31": 111.287, "2012-09-30": -132.576, "2012-06-30": 128.832, "2012-03-31": "-21.69000", "2011-12-31": -104.293, "2011-09-30": -81.431, "2011-06-30": 227.141, "2011-03-31": "76.80500", "2010-12-31": 65.297, "2010-09-30": -77.729, "2010-06-30": 101.692, "2010-03-31": "-34.61600", "2009-12-31": 77.188, "2009-09-30": 105.244, "2009-06-30": -189.601, "2009-03-31": "81.79700", "2008-12-31": -139.988, "2008-09-30": 111.145, "2008-06-30": -89.75, "2008-03-31": "149.11400", "2007-12-31": 7.478, "2007-09-30": 4.812, "2007-06-30": -11.533, "2007-03-31": "78.50600", "2006-12-31": 60.211, "2006-09-30": -110.917, "2006-06-30": 109.105, "2006-03-31": "137.16500", "2005-12-31": 0.71, "2005-09-30": -38.365, "2005-06-30": 82.523, "2005-03-31": "0.14500"}, "Debt Issuance/Retirement Net - Total": {"2020-09-30": -169.5, "2020-06-30": 56.6, "2020-03-31": "414.90000", "2019-12-31": 96.1, "2019-09-30": 60.3, "2019-06-30": 214.6, "2019-03-31": "999.50000", "2018-12-31": 233.7, "2018-09-30": -513.5, "2018-06-30": 295.4, "2018-03-31": "-15.40000", "2017-12-31": 89.7, "2017-09-30": -140, "2017-06-30": 153.162, "2017-03-31": "4.33800", "2016-12-31": 121.1351, "2016-09-30": 4.9069, "2016-06-30": 260.914, "2016-03-31": "15.64400", "2015-12-31": 129.864, "2015-09-30": -215.437, "2015-06-30": -63.558, "2015-03-31": "14.13500", "2014-12-31": 37.589, "2014-09-30": -166.381, "2014-06-30": 213.282, "2014-03-31": "16.05700", "2013-12-31": 82.715, "2013-09-30": -157.704, "2013-06-30": 202.269, "2013-03-31": "-54.96400", "2012-12-31": 90.243, "2012-09-30": -133.432, "2012-06-30": 270.359, "2012-03-31": "148.70100", "2011-12-31": -106.021, "2011-09-30": -100.441, "2011-06-30": 224.137, "2011-03-31": "67.78400", "2010-12-31": 62.54, "2010-09-30": -95.654, "2010-06-30": 98.298, "2010-03-31": "-43.82600", "2009-12-31": 76.353, "2009-09-30": -41.117, "2009-06-30": 106.852, "2009-03-31": "73.03600", "2008-12-31": 153.536, "2008-09-30": 108.839, "2008-06-30": 57.821, "2008-03-31": "143.90900", "2007-12-31": 183.333, "2007-09-30": 2.888, "2007-06-30": 132.307, "2007-03-31": "77.26500", "2006-12-31": 59.015, "2006-09-30": -112.113, "2006-06-30": 107.557, "2006-03-31": "35.95400", "2005-12-31": -0.502, "2005-09-30": -490.425, "2005-06-30": 477.483, "2005-03-31": "-45.48100"}, "Net Common Equity Issued/Repurchased": {"2020-09-30": 0, "2020-06-30": 0, "2020-03-31": "", "2019-12-31": 0, "2019-09-30": -500, "2019-06-30": -550.4, "2019-03-31": "-578.30000", "2018-12-31": -556.2, "2018-09-30": -486.1, "2018-06-30": 0, "2018-03-31": "", "2017-12-31": 0, "2017-09-30": -0.6, "2017-06-30": 0.13, "2017-03-31": "0.47000", "2016-12-31": -2.003, "2016-09-30": 0.649, "2016-06-30": 0.697, "2016-03-31": "0.65700", "2015-12-31": 0.829, "2015-09-30": 0.775, "2015-06-30": 248.188, "2015-03-31": "8.20600", "2014-12-31": 29.109, "2014-09-30": 37.861, "2014-06-30": 10.382, "2014-03-31": "10.31700", "2013-12-31": 28.38, "2013-09-30": 1.534, "2013-06-30": 1.446, "2013-03-31": "1.54600", "2012-12-31": 1.648, "2012-09-30": 1.651, "2012-06-30": 1.886, "2012-03-31": "1.81100", "2011-12-31": 198.434, "2011-09-30": 27.288, "2011-06-30": 43.433, "2011-03-31": "25.78700", "2010-12-31": 26.352, "2010-09-30": 1.011, "2010-06-30": 1.384, "2010-03-31": "25.90400", "2009-12-31": 1.308, "2009-09-30": 1.098, "2009-06-30": 1.263, "2009-03-31": "0.91800", "2008-12-31": 0.909, "2008-09-30": 0.879, "2008-06-30": 239.416, "2008-03-31": "52.41700", "2007-12-31": 91.115, "2007-09-30": 20.268, "2007-06-30": 83.537, "2007-03-31": "0.50000", "2006-12-31": 0.618, "2006-09-30": 0.549, "2006-06-30": 0.669, "2006-03-31": "0.55800", "2005-12-31": 0.505, "2005-09-30": 0.616, "2005-06-30": 0.629, "2005-03-31": "3.83400"}, "Net Total Equity Issued/Repurchased": {"2020-09-30": 0, "2020-06-30": 0, "2020-03-31": "", "2019-12-31": 0, "2019-09-30": -500, "2019-06-30": -550.4, "2019-03-31": "-578.30000", "2018-12-31": -556.2, "2018-09-30": -486.1, "2018-06-30": 0, "2018-03-31": "", "2017-12-31": 0, "2017-09-30": -0.6, "2017-06-30": 0.13, "2017-03-31": "0.47000", "2016-12-31": -2.003, "2016-09-30": 0.649, "2016-06-30": 0.697, "2016-03-31": "0.65700", "2015-12-31": 0.829, "2015-09-30": 0.775, "2015-06-30": 248.188, "2015-03-31": "8.20600", "2014-12-31": 29.109, "2014-09-30": 37.861, "2014-06-30": 10.382, "2014-03-31": "10.31700", "2013-12-31": 28.38, "2013-09-30": 1.534, "2013-06-30": 1.446, "2013-03-31": "1.54600", "2012-12-31": 1.648, "2012-09-30": 1.651, "2012-06-30": -20.681, "2012-03-31": "1.81100", "2011-12-31": 198.434, "2011-09-30": 27.288, "2011-06-30": 43.433, "2011-03-31": "25.78700", "2010-12-31": 26.352, "2010-09-30": 1.011, "2010-06-30": 1.384, "2010-03-31": "25.90400", "2009-12-31": 1.308, "2009-09-30": 1.098, "2009-06-30": 1.263, "2009-03-31": "0.91800", "2008-12-31": 0.909, "2008-09-30": 0.879, "2008-06-30": 239.416, "2008-03-31": "52.41700", "2007-12-31": 91.115, "2007-09-30": 20.268, "2007-06-30": 83.537, "2007-03-31": "0.50000", "2006-12-31": 0.618, "2006-09-30": 0.549, "2006-06-30": 0.669, "2006-03-31": "0.55800", "2005-12-31": 0.505, "2005-09-30": 0.616, "2005-06-30": 0.629, "2005-03-31": "3.83400"}, "Total Common And Preferred Stock Dividends Paid": {"2020-09-30": -114.6, "2020-06-30": -114.5, "2020-03-31": "-114.50000", "2019-12-31": -115, "2019-09-30": -111.9, "2019-06-30": -115.8, "2019-03-31": "-119.80000", "2018-12-31": -124.6, "2018-09-30": -122.1, "2018-06-30": -170.9, "2018-03-31": "-57.40000", "2017-12-31": -56.8, "2017-09-30": -56.9, "2017-06-30": -56.65, "2017-03-31": "-52.75000", "2016-12-31": -51.513, "2016-09-30": -51.65, "2016-06-30": -51.472, "2016-03-31": "-49.66500", "2015-12-31": -48.504, "2015-09-30": -48.581, "2015-06-30": -45.248, "2015-03-31": "-43.78700", "2014-12-31": -44.143, "2014-09-30": -42.945, "2014-06-30": -42.828, "2014-03-31": "-41.59100", "2013-12-31": -41.029, "2013-09-30": -40.989, "2013-06-30": -40.922, "2013-03-31": "-39.96400", "2012-12-31": -39.596, "2012-09-30": -39.876, "2012-06-30": -39.826, "2012-03-31": "-38.88400", "2011-12-31": -35.608, "2011-09-30": -34.779, "2011-06-30": -34.638, "2011-03-31": "-33.20800", "2010-12-31": -32.755, "2010-09-30": -32.715, "2010-06-30": -32.622, "2010-03-31": "-31.05400", "2009-12-31": -31.021, "2009-09-30": -30.988, "2009-06-30": -31.116, "2009-03-31": "-29.81200", "2008-12-31": -30.012, "2008-09-30": -29.095, "2008-06-30": -27.017, "2008-03-31": "-23.45500", "2007-12-31": -23.495, "2007-09-30": -23.14, "2007-06-30": -22.39, "2007-03-31": "-20.44600", "2006-12-31": -20.76, "2006-09-30": -20.937, "2006-06-30": -20.421, "2006-03-31": "-18.77600", "2005-12-31": -18.734, "2005-09-30": -18.689, "2005-06-30": -18.632, "2005-03-31": "-18.53800"}, "Financial Activities - Other": {"2020-09-30": -1, "2020-06-30": -4.4, "2020-03-31": "-6.40000", "2019-12-31": -1.5, "2019-09-30": -76.3, "2019-06-30": -2.8, "2019-03-31": "-4.50000", "2018-12-31": -1.2, "2018-09-30": -1, "2018-06-30": -14.2, "2018-03-31": "-4.90000", "2017-12-31": -3.5, "2017-09-30": 0.6, "2017-06-30": -0.034, "2017-03-31": "-12.76600", "2016-12-31": -0.57, "2016-09-30": -0.019, "2016-06-30": 0, "2016-03-31": "-7.51100", "2015-12-31": -0.043, "2015-09-30": 0, "2015-06-30": 0, "2015-03-31": "-4.31000", "2014-12-31": -1.862, "2014-09-30": 1.171, "2014-06-30": 0.048, "2014-03-31": "-2.47900", "2013-12-31": -0.708, "2013-09-30": -2.595, "2013-06-30": -1.461, "2013-03-31": "0.20200", "2012-12-31": 0.027, "2012-09-30": 0.13, "2012-06-30": -0.348, "2012-03-31": "-1.40600", "2011-12-31": -0.007, "2011-09-30": 0.459, "2011-06-30": 0.062, "2011-03-31": "-1.25100", "2010-12-31": 0.116, "2010-09-30": 0.115, "2010-06-30": -0.494, "2010-03-31": "-1.18900", "2009-12-31": 0.089, "2009-09-30": 0.09, "2009-06-30": 0.096, "2009-03-31": "0.17300", "2008-12-31": 0.091, "2008-09-30": 0.092, "2008-06-30": 0.128, "2008-03-31": "0.25000", "2007-12-31": 0.112, "2007-09-30": 0.103, "2007-06-30": 0.559, "2007-03-31": "0.28400", "2006-12-31": 0.199, "2006-09-30": 0.13, "2006-06-30": 0.295, "2006-03-31": "0.23000", "2005-12-31": 0, "2005-09-30": 0, "2005-06-30": 0, "2005-03-31": ""}, "Cash Flow From Financial Activities": {"2020-09-30": -285.1, "2020-06-30": -62.3, "2020-03-31": "294.00000", "2019-12-31": -20.4, "2019-09-30": -627.9, "2019-06-30": -454.4, "2019-03-31": "296.90000", "2018-12-31": -448.3, "2018-09-30": -1122.7, "2018-06-30": 110.3, "2018-03-31": "-77.70000", "2017-12-31": 29.4, "2017-09-30": -196.9, "2017-06-30": 96.608, "2017-03-31": "-60.70800", "2016-12-31": 67.049, "2016-09-30": -46.113, "2016-06-30": 210.139, "2016-03-31": "-40.87500", "2015-12-31": 82.146, "2015-09-30": -263.243, "2015-06-30": 139.382, "2015-03-31": "-25.75600", "2014-12-31": 20.693, "2014-09-30": -170.294, "2014-06-30": 180.884, "2014-03-31": "-17.69600", "2013-12-31": 69.358, "2013-09-30": -199.754, "2013-06-30": 161.332, "2013-03-31": "-93.18000", "2012-12-31": 52.322, "2012-09-30": -171.527, "2012-06-30": 209.504, "2012-03-31": "110.22200", "2011-12-31": 56.798, "2011-09-30": -107.473, "2011-06-30": 232.994, "2011-03-31": "59.11200", "2010-12-31": 56.253, "2010-09-30": -127.243, "2010-06-30": 66.566, "2010-03-31": "-50.16500", "2009-12-31": 46.729, "2009-09-30": -70.917, "2009-06-30": 77.095, "2009-03-31": "44.31500", "2008-12-31": 124.524, "2008-09-30": 80.715, "2008-06-30": 270.348, "2008-03-31": "173.12100", "2007-12-31": 251.065, "2007-09-30": 0.119, "2007-06-30": 194.013, "2007-03-31": "57.60300", "2006-12-31": 39.072, "2006-09-30": -132.371, "2006-06-30": 88.1, "2006-03-31": "17.96600", "2005-12-31": -18.731, "2005-09-30": -508.498, "2005-06-30": 459.48, "2005-03-31": "-60.18500"}, "Net Cash Flow": {"2020-09-30": 185.4, "2020-06-30": -128.2, "2020-03-31": "281.20000", "2019-12-31": -26.9, "2019-09-30": -56.9, "2019-06-30": -440.9, "2019-03-31": "387.60000", "2018-12-31": -519.5, "2018-09-30": -600.4, "2018-06-30": 1268.9, "2018-03-31": "7.80000", "2017-12-31": 0, "2017-09-30": 0.2, "2017-06-30": -0.193, "2017-03-31": "0.29300", "2016-12-31": -0.806, "2016-09-30": -1.276, "2016-06-30": 1.742, "2016-03-31": "0.24000", "2015-12-31": -0.598, "2015-09-30": 1.563, "2015-06-30": -3.808, "2015-03-31": "1.51800", "2014-12-31": -1.279, "2014-09-30": -4.916, "2014-06-30": 1.686, "2014-03-31": "4.57800", "2013-12-31": -5.436, "2013-09-30": 5.95, "2013-06-30": -1.67, "2013-03-31": "-0.18600", "2012-12-31": 1.45, "2012-09-30": -2.275, "2012-06-30": 2.928, "2012-03-31": "0.18700", "2011-12-31": -1.054, "2011-09-30": -0.689, "2011-06-30": 1.939, "2011-03-31": "2.41500", "2010-12-31": -3.544, "2010-09-30": 1.149, "2010-06-30": 0.48, "2010-03-31": "-1.01700", "2009-12-31": 0.112, "2009-09-30": -1.193, "2009-06-30": -14.509, "2009-03-31": "-3.46400", "2008-12-31": 18.615, "2008-09-30": -4.699, "2008-06-30": 2.889, "2008-03-31": "0.35600", "2007-12-31": -2.294, "2007-09-30": 1.938, "2007-06-30": -1.325, "2007-03-31": "-10.76200", "2006-12-31": 9.125, "2006-09-30": -0.934, "2006-06-30": 4.332, "2006-03-31": "-32.86600", "2005-12-31": 22.254, "2005-09-30": -383.77, "2005-06-30": 374.251, "2005-03-31": "1.19300"}, "Stock-Based Compensation": {"2020-09-30": 3.4, "2020-06-30": 4.1, "2020-03-31": "4.60000", "2019-12-31": 3.4, "2019-09-30": 3.5, "2019-06-30": 4, "2019-03-31": "5.40000", "2018-12-31": 4.7, "2018-09-30": 5.2, "2018-06-30": 17.5, "2018-03-31": "2.50000", "2017-12-31": 2.1, "2017-09-30": 2.1, "2017-06-30": 2.132, "2017-03-31": "2.46800", "2016-12-31": 2.275, "2016-09-30": 2.247, "2016-06-30": 2.287, "2016-03-31": "2.49100", "2015-12-31": 2.065, "2015-09-30": 2.039, "2015-06-30": 2.015, "2015-03-31": "2.22600", "2014-12-31": 2.036, "2014-09-30": 0.755, "2014-06-30": 2.057, "2014-03-31": "2.43200", "2013-12-31": 1.966, "2013-09-30": 1.899, "2013-06-30": 1.728, "2013-03-31": "2.01900", "2012-12-31": 1.703, "2012-09-30": 1.614, "2012-06-30": 1.593, "2012-03-31": "0.64700", "2011-12-31": 1.594, "2011-09-30": 1.486, "2011-06-30": 2.59, "2011-03-31": "1.57200", "2010-12-31": 2.978, "2010-09-30": 2.903, "2010-06-30": 2.998, "2010-03-31": "1.85300", "2009-12-31": 1.111, "2009-09-30": 1.123, "2009-06-30": 1.102, "2009-03-31": "1.34900", "2008-12-31": 1, "2008-09-30": 0.942, "2008-06-30": 0.925, "2008-03-31": "1.26800", "2007-12-31": 0.919, "2007-09-30": 0.972, "2007-06-30": 1.493, "2007-03-31": "1.35800", "2006-12-31": 1.177, "2006-09-30": 0.344, "2006-06-30": 0.669, "2006-03-31": "0.34500", "2005-12-31": 0.697, "2005-09-30": 0.803, "2005-06-30": 0.907, "2005-03-31": "0.81200"}, "Common Stock Dividends Paid": {"2020-09-30": -114.6, "2020-06-30": -114.5, "2020-03-31": "-114.50000", "2019-12-31": -115, "2019-09-30": -111.9, "2019-06-30": -115.8, "2019-03-31": "-119.80000", "2018-12-31": -124.6, "2018-09-30": -122.1, "2018-06-30": -170.9, "2018-03-31": "-57.40000", "2017-12-31": -56.8, "2017-09-30": -56.9, "2017-06-30": -56.65, "2017-03-31": "-52.75000", "2016-12-31": -51.513, "2016-09-30": -51.65, "2016-06-30": -51.472, "2016-03-31": "-49.66500", "2015-12-31": -48.504, "2015-09-30": -48.581, "2015-06-30": -45.248, "2015-03-31": "-43.78700", "2014-12-31": -44.143, "2014-09-30": -42.945, "2014-06-30": -42.828, "2014-03-31": "-41.59100", "2013-12-31": -41.029, "2013-09-30": -40.989, "2013-06-30": -40.922, "2013-03-31": "-39.96400", "2012-12-31": -39.596, "2012-09-30": -39.876, "2012-06-30": -39.826, "2012-03-31": "-38.88400", "2011-12-31": -35.608, "2011-09-30": -34.779, "2011-06-30": -34.638, "2011-03-31": "-33.20800", "2010-12-31": -32.755, "2010-09-30": -32.715, "2010-06-30": -32.622, "2010-03-31": "-31.05400", "2009-12-31": -31.021, "2009-09-30": -30.988, "2009-06-30": -31.116, "2009-03-31": "-29.81200", "2008-12-31": -30.012, "2008-09-30": -29.095, "2008-06-30": -27.017, "2008-03-31": "-23.45500", "2007-12-31": -23.495, "2007-09-30": -23.14, "2007-06-30": -22.39, "2007-03-31": "-20.44600", "2006-12-31": -20.76, "2006-09-30": -20.937, "2006-06-30": -20.421, "2006-03-31": "-18.77600", "2005-12-31": -18.734, "2005-09-30": -18.689, "2005-06-30": -18.632, "2005-03-31": "-18.53800"}}, "financial ratios": {"Current Ratio": {"2019-12-31": "0.62830", "2018-12-31": "0.58630", "2017-12-31": "0.88260", "2016-12-31": "0.73380", "2015-12-31": "0.85690", "2014-12-31": "0.78790", "2013-12-31": "0.73980", "2012-12-31": "0.76000", "2011-12-31": "0.76590", "2010-12-31": "0.76850", "2009-12-31": "0.92230", "2008-12-31": "0.85180", "2007-12-31": "0.89650", "2006-12-31": "0.80930", "2005-12-31": "0.86470"}, "Long-term Debt / Capital": {"2019-12-31": "0.50640", "2018-12-31": "0.40100", "2017-12-31": "0.49400", "2016-12-31": "0.47730", "2015-12-31": "0.47350", "2014-12-31": "0.50390", "2013-12-31": "0.50760", "2012-12-31": "0.51110", "2011-12-31": "0.49460", "2010-12-31": "0.53460", "2009-12-31": "0.53420", "2008-12-31": "0.51140", "2007-12-31": "0.52070", "2006-12-31": "0.50130", "2005-12-31": "0.52090"}, "Debt/Equity Ratio": {"2019-12-31": "1.16440", "2018-12-31": "0.85350", "2017-12-31": "1.05510", "2016-12-31": "1.04830", "2015-12-31": "0.97510", "2014-12-31": "1.10230", "2013-12-31": "1.16530", "2012-12-31": "1.17070", "2011-12-31": "1.09070", "2010-12-31": "1.25540", "2009-12-31": "1.25470", "2008-12-31": "1.19210", "2007-12-31": "1.18370", "2006-12-31": "1.10720", "2005-12-31": "1.15690"}, "Gross Margin": {"2019-12-31": "70.54470", "2018-12-31": "68.69430", "2017-12-31": "69.29600", "2016-12-31": "71.02770", "2015-12-31": "67.87090", "2014-12-31": "64.47040", "2013-12-31": "65.68880", "2012-12-31": "66.54670", "2011-12-31": "64.85670", "2010-12-31": "71.62880", "2009-12-31": "71.21650", "2008-12-31": "62.24310", "2007-12-31": "68.47290", "2006-12-31": "69.86080", "2005-12-31": "66.63700"}, "Operating Margin": {"2019-12-31": "23.03510", "2018-12-31": "21.83400", "2017-12-31": "26.40220", "2016-12-31": "27.41500", "2015-12-31": "25.25240", "2014-12-31": "24.32860", "2013-12-31": "24.43150", "2012-12-31": "24.85700", "2011-12-31": "23.60350", "2010-12-31": "22.99700", "2009-12-31": "19.10110", "2008-12-31": "15.47830", "2007-12-31": "19.53810", "2006-12-31": "19.10460", "2005-12-31": "18.99400"}, "EBIT Margin": {"2019-12-31": "23.03510", "2018-12-31": "21.83400", "2017-12-31": "26.40220", "2016-12-31": "27.41500", "2015-12-31": "25.25240", "2014-12-31": "24.32860", "2013-12-31": "24.43150", "2012-12-31": "24.85700", "2011-12-31": "23.60350", "2010-12-31": "22.99700", "2009-12-31": "19.10110", "2008-12-31": "15.47830", "2007-12-31": "19.53810", "2006-12-31": "19.10460", "2005-12-31": "18.99400"}, "EBITDA Margin": {"2019-12-31": "41.65270", "2018-12-31": "38.34980", "2017-12-31": "43.53950", "2016-12-31": "42.87500", "2015-12-31": "39.56290", "2014-12-31": "36.90500", "2013-12-31": "37.29440", "2012-12-31": "38.92440", "2011-12-31": "38.64860", "2010-12-31": "38.17960", "2009-12-31": "34.40140", "2008-12-31": "28.07350", "2007-12-31": "32.15190", "2006-12-31": "31.80400", "2005-12-31": "29.83420"}, "Pre-Tax Profit Margin": {"2019-12-31": "15.01220", "2018-12-31": "14.02280", "2017-12-31": "18.70870", "2016-12-31": "21.04520", "2015-12-31": "18.45330", "2014-12-31": "18.20330", "2013-12-31": "17.91000", "2012-12-31": "18.06780", "2011-12-31": "15.63910", "2010-12-31": "14.28170", "2009-12-31": "10.77260", "2008-12-31": "9.90080", "2007-12-31": "13.44620", "2006-12-31": "13.80180", "2005-12-31": "12.34030"}, "Net Profit Margin": {"2019-12-31": "13.01330", "2018-12-31": "12.53070", "2017-12-31": "12.59820", "2016-12-31": "13.52800", "2015-12-31": "11.87110", "2014-12-31": "12.01020", "2013-12-31": "12.30500", "2012-12-31": "12.06080", "2011-12-31": "10.52500", "2010-12-31": "9.86910", "2009-12-31": "9.36940", "2008-12-31": "9.63410", "2007-12-31": "9.69310", "2006-12-31": "10.23450", "2005-12-31": "8.50390"}, "Asset Turnover": {"2019-12-31": "0.19820", "2018-12-31": "0.16700", "2017-12-31": "0.22120", "2016-12-31": "0.22300", "2015-12-31": "0.22970", "2014-12-31": "0.25290", "2013-12-31": "0.24700", "2012-12-31": "0.24410", "2011-12-31": "0.25000", "2010-12-31": "0.25450", "2009-12-31": "0.24690", "2008-12-31": "0.24710", "2007-12-31": "0.27000", "2006-12-31": "0.29440", "2005-12-31": "0.30390"}, "Inventory Turnover Ratio": {"2019-12-31": "3.14850", "2018-12-31": "2.61960", "2017-12-31": "2.68870", "2016-12-31": "2.47330", "2015-12-31": "2.62240", "2014-12-31": "3.73630", "2013-12-31": "3.39610", "2012-12-31": "3.03810", "2011-12-31": "3.33000", "2010-12-31": "2.82000", "2009-12-31": "2.75940", "2008-12-31": "3.39870", "2007-12-31": "2.82770", "2006-12-31": "3.27150", "2005-12-31": "5.18800"}, "Receiveable Turnover": {"2019-12-31": "7.88330", "2018-12-31": "6.82290", "2017-12-31": "8.84420", "2016-12-31": "8.49560", "2015-12-31": "9.52110", "2014-12-31": "9.73230", "2013-12-31": "9.48130", "2012-12-31": "10.07610", "2011-12-31": "9.36730", "2010-12-31": "8.41390", "2009-12-31": "7.10910", "2008-12-31": "7.80630", "2007-12-31": "6.47010", "2006-12-31": "8.23450", "2005-12-31": "12.53820"}, "Days Sales In Receivables": {"2019-12-31": "46.30040", "2018-12-31": "53.49650", "2017-12-31": "41.27010", "2016-12-31": "42.96330", "2015-12-31": "38.33600", "2014-12-31": "37.50400", "2013-12-31": "38.49700", "2012-12-31": "36.22430", "2011-12-31": "38.96520", "2010-12-31": "43.38080", "2009-12-31": "51.34230", "2008-12-31": "46.75700", "2007-12-31": "56.41370", "2006-12-31": "44.32550", "2005-12-31": "29.11100"}, "ROE - Return On Equity": {"2019-12-31": "8.02310", "2018-12-31": "5.46510", "2017-12-31": "8.71670", "2016-12-31": "9.42300", "2015-12-31": "8.21890", "2014-12-31": "9.76360", "2013-12-31": "9.80480", "2012-12-31": "9.70570", "2011-12-31": "8.49780", "2010-12-31": "8.73290", "2009-12-31": "6.29430", "2008-12-31": "8.14860", "2007-12-31": "9.18830", "2006-12-31": "10.69180", "2005-12-31": "9.52460"}, "Return On Tangible Equity": {"2019-12-31": "11.04260", "2018-12-31": "7.13560", "2017-12-31": "8.71670", "2016-12-31": "9.42300", "2015-12-31": "8.21890", "2014-12-31": "9.76360", "2013-12-31": "9.80480", "2012-12-31": "9.70570", "2011-12-31": "8.43280", "2010-12-31": "8.65530", "2009-12-31": "6.23480", "2008-12-31": "8.06950", "2007-12-31": "9.08200", "2006-12-31": "10.54560", "2005-12-31": "9.38250"}, "ROA - Return On Assets": {"2019-12-31": "2.63940", "2018-12-31": "2.13300", "2017-12-31": "2.89480", "2016-12-31": "3.14440", "2015-12-31": "2.81900", "2014-12-31": "3.13270", "2013-12-31": "3.13490", "2012-12-31": "3.04860", "2011-12-31": "2.72010", "2010-12-31": "2.58210", "2009-12-31": "1.87800", "2008-12-31": "2.39330", "2007-12-31": "2.63240", "2006-12-31": "3.03030", "2005-12-31": "2.58860"}, "ROI - Return On Investment": {"2019-12-31": "3.96050", "2018-12-31": "3.27380", "2017-12-31": "4.41060", "2016-12-31": "4.92560", "2015-12-31": "4.32740", "2014-12-31": "4.84340", "2013-12-31": "4.82750", "2012-12-31": "4.74550", "2011-12-31": "4.26230", "2010-12-31": "4.02800", "2009-12-31": "2.90400", "2008-12-31": "3.94290", "2007-12-31": "4.35320", "2006-12-31": "5.25930", "2005-12-31": "4.49500"}, "Book Value Per Share": {"2019-12-31": "37.70410", "2018-12-31": "39.12920", "2017-12-31": "27.16790", "2016-12-31": "27.03410", "2015-12-31": "25.97730", "2014-12-31": "25.06940", "2013-12-31": "23.92540", "2012-12-31": "23.00520", "2011-12-31": "22.28150", "2010-12-31": "21.49660", "2009-12-31": "20.78250", "2008-12-31": "20.38190", "2007-12-31": "19.41800", "2006-12-31": "17.93660", "2005-12-31": "16.55370"}, "Operating Cash Flow Per Share": {"2019-12-31": 0.2947, "2018-12-31": 0.5954, "2017-12-31": 0.7597, "2016-12-31": 0.4518, "2015-12-31": -1.1583, "2014-12-31": 0.8693, "2013-12-31": 0.7568, "2012-12-31": 0.8096, "2011-12-31": -1.5324, "2010-12-31": 1.0762, "2009-12-31": 1.7235, "2008-12-31": -0.0778, "2007-12-31": -0.2032, "2006-12-31": -1.1493, "2005-12-31": 4.0745}, "Free Cash Flow Per Share": {"2019-12-31": 0.2469, "2018-12-31": 0.9609, "2017-12-31": 3.026, "2016-12-31": -2.1006, "2015-12-31": 0.3195, "2014-12-31": 0.3962, "2013-12-31": 1.0611, "2012-12-31": 0.321, "2011-12-31": -2.5904, "2010-12-31": 1.3056, "2009-12-31": 5.4543, "2008-12-31": -0.6731, "2007-12-31": -4.4848, "2006-12-31": -2.6205, "2005-12-31": 1.6243}}, "financial ratios, quarterly": {"Current Ratio": {"2020-09-30": "0.91250", "2020-06-30": "0.85830", "2020-03-31": "0.72270", "2019-12-31": "0.62830", "2019-09-30": "0.72880", "2019-06-30": "0.44200", "2019-03-31": "0.57790", "2018-12-31": "0.58630", "2018-09-30": "0.87210", "2018-06-30": "0.95430", "2018-03-31": "0.82280", "2017-12-31": "0.88260", "2017-09-30": "1.06730", "2017-06-30": "0.95620", "2017-03-31": "0.94050", "2016-12-31": "0.73380", "2016-09-30": "0.83130", "2016-06-30": "0.90310", "2016-03-31": "0.62910", "2015-12-31": "0.85690", "2015-09-30": "0.86230", "2015-06-30": "0.89180", "2015-03-31": "0.65070", "2014-12-31": "0.78790", "2014-09-30": "0.93550", "2014-06-30": "0.87030", "2014-03-31": "0.69850", "2013-12-31": "0.73980", "2013-09-30": "0.81290", "2013-06-30": "0.74880", "2013-03-31": "0.85880", "2012-12-31": "0.76000", "2012-09-30": "0.91540", "2012-06-30": "0.84190", "2012-03-31": "0.72350", "2011-12-31": "0.76590", "2011-09-30": "0.68130", "2011-06-30": "0.68340", "2011-03-31": "0.66650", "2010-12-31": "0.76850", "2010-09-30": "0.92440", "2010-06-30": "0.87460", "2010-03-31": "0.85860", "2009-12-31": "0.92230", "2009-09-30": "0.99950", "2009-06-30": "1.01350", "2009-03-31": "0.77250", "2008-12-31": "0.85180", "2008-09-30": "0.72410", "2008-06-30": "1.04250", "2008-03-31": "0.83480", "2007-12-31": "0.89650", "2007-09-30": "0.94740", "2007-06-30": "0.94100", "2007-03-31": "0.80210", "2006-12-31": "0.80930", "2006-09-30": "0.98650", "2006-06-30": "0.88040", "2006-03-31": "0.82690", "2005-12-31": "0.86470", "2005-09-30": "0.75080", "2005-06-30": "0.83760", "2005-03-31": "0.73720"}, "Long-term Debt / Capital": {"2020-09-30": "0.51360", "2020-06-30": "0.52120", "2020-03-31": "0.51390", "2019-12-31": "0.50640", "2019-09-30": "0.50510", "2019-06-30": "0.44640", "2019-03-31": "0.43210", "2018-12-31": "0.40100", "2018-09-30": "0.38590", "2018-06-30": "0.38050", "2018-03-31": "0.49180", "2017-12-31": "0.49400", "2017-09-30": "0.49280", "2017-06-30": "0.49440", "2017-03-31": "0.49590", "2016-12-31": "0.47730", "2016-09-30": "0.47780", "2016-06-30": "0.48500", "2016-03-31": "0.46080", "2015-12-31": "0.47350", "2015-09-30": "0.45590", "2015-06-30": "0.47400", "2015-03-31": "0.49340", "2014-12-31": "0.50390", "2014-09-30": "0.50790", "2014-06-30": "0.51930", "2014-03-31": "0.50240", "2013-12-31": "0.50760", "2013-09-30": "0.51020", "2013-06-30": "0.51840", "2013-03-31": "0.52750", "2012-12-31": "0.51110", "2012-09-30": "0.51370", "2012-06-30": "0.52130", "2012-03-31": "0.50930", "2011-12-31": "0.49460", "2011-09-30": "0.51160", "2011-06-30": "0.52570", "2011-03-31": "0.53150", "2010-12-31": "0.53460", "2010-09-30": "0.53580", "2010-06-30": "0.54660", "2010-03-31": "0.54920", "2009-12-31": "0.53420", "2009-09-30": "0.53230", "2009-06-30": "0.53810", "2009-03-31": "0.50830", "2008-12-31": "0.51140", "2008-09-30": "0.47600", "2008-06-30": "0.50010", "2008-03-31": "0.50840", "2007-12-31": "0.52070", "2007-09-30": "0.50910", "2007-06-30": "0.52200", "2007-03-31": "0.49610", "2006-12-31": "0.50130", "2006-09-30": "0.50500", "2006-06-30": "0.51670", "2006-03-31": "0.51940", "2005-12-31": "0.52090", "2005-09-30": "0.51250", "2005-06-30": "0.52410", "2005-03-31": "0.52020"}, "Debt/Equity Ratio": {"2020-09-30": "1.16620", "2020-06-30": "1.22140", "2020-03-31": "1.22160", "2019-12-31": "1.16440", "2019-09-30": "1.14170", "2019-06-30": "1.09840", "2019-03-31": "1.01670", "2018-12-31": "0.85350", "2018-09-30": "0.77960", "2018-06-30": "0.80920", "2018-03-31": "1.05050", "2017-12-31": "1.05510", "2017-09-30": "1.02760", "2017-06-30": "1.07050", "2017-03-31": "1.05010", "2016-12-31": "1.04830", "2016-09-30": "1.00260", "2016-06-30": "1.03040", "2016-03-31": "0.98150", "2015-12-31": "0.97510", "2015-09-30": "0.92820", "2015-06-30": "0.99460", "2015-03-31": "1.11080", "2014-12-31": "1.10230", "2014-09-30": "1.10220", "2014-06-30": "1.19900", "2014-03-31": "1.15700", "2013-12-31": "1.16530", "2013-09-30": "1.15030", "2013-06-30": "1.22520", "2013-03-31": "1.17480", "2012-12-31": "1.17070", "2012-09-30": "1.13950", "2012-06-30": "1.23000", "2012-03-31": "1.15610", "2011-12-31": "1.09070", "2011-09-30": "1.20780", "2011-06-30": "1.30850", "2011-03-31": "1.27090", "2010-12-31": "1.25540", "2010-09-30": "1.23450", "2010-06-30": "1.32210", "2010-03-31": "1.32230", "2009-12-31": "1.25470", "2009-09-30": "1.21210", "2009-06-30": "1.25870", "2009-03-31": "1.21570", "2008-12-31": "1.19210", "2008-09-30": "1.10550", "2008-06-30": "1.08400", "2008-03-31": "1.20080", "2007-12-31": "1.18370", "2007-09-30": "1.13540", "2007-06-30": "1.19310", "2007-03-31": "1.13510", "2006-12-31": "1.10720", "2006-09-30": "1.07690", "2006-06-30": "1.20460", "2006-03-31": "1.17950", "2005-12-31": "1.15690", "2005-09-30": "1.11860", "2005-06-30": "1.50160", "2005-03-31": "1.20110"}, "Gross Margin": {"2020-09-30": "74.80890", "2020-06-30": "72.33050", "2020-03-31": "71.32620", "2019-12-31": "69.18520", "2019-09-30": "73.39630", "2019-06-30": "70.99120", "2019-03-31": "67.66370", "2018-12-31": "67.05280", "2018-09-30": "72.06320", "2018-06-30": "66.63310", "2018-03-31": "66.16130", "2017-12-31": "68.24770", "2017-09-30": "68.22360", "2017-06-30": "71.50830", "2017-03-31": "69.51850", "2016-12-31": "68.01360", "2016-09-30": "72.06420", "2016-06-30": "72.02390", "2016-03-31": "71.75910", "2015-12-31": "70.88600", "2015-09-30": "69.78420", "2015-06-30": "66.51220", "2015-03-31": "64.06710", "2014-12-31": "62.81430", "2014-09-30": "66.43170", "2014-06-30": "64.04060", "2014-03-31": "64.07690", "2013-12-31": "64.87170", "2013-09-30": "67.78630", "2013-06-30": "65.36100", "2013-03-31": "64.19920", "2012-12-31": "42.01740", "2012-09-30": "74.48740", "2012-06-30": "73.92020", "2012-03-31": "73.16370", "2011-12-31": "43.18290", "2011-09-30": "70.57590", "2011-06-30": "70.85630", "2011-03-31": "72.14480", "2010-12-31": "72.72570", "2010-09-30": "70.84630", "2010-06-30": "72.30990", "2010-03-31": "70.90230", "2009-12-31": "69.95310", "2009-09-30": "73.23350", "2009-06-30": "74.24010", "2009-03-31": "66.65360", "2008-12-31": "66.41100", "2008-09-30": "61.70500", "2008-06-30": "57.59160", "2008-03-31": "64.00210", "2007-12-31": "67.67810", "2007-09-30": "66.69330", "2007-06-30": "68.36350", "2007-03-31": "72.07470", "2006-12-31": "72.85280", "2006-09-30": "67.23440", "2006-06-30": "68.09080", "2006-03-31": "72.94300", "2005-12-31": "53.10780", "2005-09-30": "72.37270", "2005-06-30": "68.08720", "2005-03-31": "72.72020"}, "Operating Margin": {"2020-09-30": "34.37660", "2020-06-30": "22.93410", "2020-03-31": "17.68600", "2019-12-31": "14.65180", "2019-09-30": "34.14680", "2019-06-30": "22.23950", "2019-03-31": "17.22410", "2018-12-31": "12.51040", "2018-09-30": "33.68720", "2018-06-30": "14.20420", "2018-03-31": "20.57650", "2017-12-31": "20.56310", "2017-09-30": "33.35010", "2017-06-30": "26.29250", "2017-03-31": "22.94640", "2016-12-31": "22.48760", "2016-09-30": "35.38540", "2016-06-30": "24.71890", "2016-03-31": "24.90320", "2015-12-31": "19.84730", "2015-09-30": "34.87910", "2015-06-30": "22.30060", "2015-03-31": "21.25200", "2014-12-31": "17.64960", "2014-09-30": "33.43010", "2014-06-30": "20.03190", "2014-03-31": "23.79120", "2013-12-31": "18.49100", "2013-09-30": "32.26110", "2013-06-30": "23.08890", "2013-03-31": "21.95850", "2012-12-31": "20.57690", "2012-09-30": "35.91620", "2012-06-30": "23.50540", "2012-03-31": "15.00280", "2011-12-31": "14.92630", "2011-09-30": "35.55070", "2011-06-30": "20.50060", "2011-03-31": "18.92370", "2010-12-31": "10.56220", "2010-09-30": "32.83830", "2010-06-30": "24.43430", "2010-03-31": "20.00760", "2009-12-31": "14.04330", "2009-09-30": "28.44340", "2009-06-30": "19.24750", "2009-03-31": "12.50930", "2008-12-31": "12.68790", "2008-09-30": "25.09740", "2008-06-30": "7.76540", "2008-03-31": "13.22630", "2007-12-31": "11.73890", "2007-09-30": "27.45090", "2007-06-30": "17.04380", "2007-03-31": "18.88840", "2006-12-31": "13.54820", "2006-09-30": "27.05430", "2006-06-30": "16.97150", "2006-03-31": "15.19990", "2005-12-31": "7.64720", "2005-09-30": "32.06870", "2005-06-30": "16.65120", "2005-03-31": "16.32320"}, "EBIT Margin": {"2020-09-30": "34.37660", "2020-06-30": "22.93410", "2020-03-31": "17.68600", "2019-12-31": "14.65180", "2019-09-30": "34.14680", "2019-06-30": "22.23950", "2019-03-31": "17.22410", "2018-12-31": "12.51040", "2018-09-30": "33.68720", "2018-06-30": "14.20420", "2018-03-31": "20.57650", "2017-12-31": "20.56320", "2017-09-30": "33.35010", "2017-06-30": "26.29250", "2017-03-31": "22.94640", "2016-12-31": "22.48760", "2016-09-30": "35.38540", "2016-06-30": "24.71890", "2016-03-31": "24.90320", "2015-12-31": "19.84730", "2015-09-30": "34.87910", "2015-06-30": "22.30060", "2015-03-31": "21.25200", "2014-12-31": "17.64960", "2014-09-30": "33.43010", "2014-06-30": "20.03190", "2014-03-31": "23.79120", "2013-12-31": "18.49100", "2013-09-30": "32.26110", "2013-06-30": "23.08890", "2013-03-31": "21.95850", "2012-12-31": "20.57690", "2012-09-30": "35.91620", "2012-06-30": "23.50540", "2012-03-31": "15.00280", "2011-12-31": "14.92630", "2011-09-30": "35.55070", "2011-06-30": "20.50060", "2011-03-31": "18.92370", "2010-12-31": "10.56220", "2010-09-30": "32.83830", "2010-06-30": "24.43430", "2010-03-31": "20.00760", "2009-12-31": "14.04330", "2009-09-30": "28.44340", "2009-06-30": "19.24750", "2009-03-31": "12.50930", "2008-12-31": "12.68780", "2008-09-30": "25.09740", "2008-06-30": "7.76540", "2008-03-31": "13.22630", "2007-12-31": "11.73890", "2007-09-30": "27.45090", "2007-06-30": "17.04380", "2007-03-31": "18.88840", "2006-12-31": "13.54820", "2006-09-30": "27.05430", "2006-06-30": "16.97150", "2006-03-31": "15.19990", "2005-12-31": "7.64720", "2005-09-30": "32.06870", "2005-06-30": "16.65120", "2005-03-31": "16.32320"}, "EBITDA Margin": {"2020-09-30": "", "2020-06-30": "", "2020-03-31": "", "2019-12-31": "", "2019-09-30": "", "2019-06-30": "", "2019-03-31": "", "2018-12-31": "", "2018-09-30": "", "2018-06-30": "", "2018-03-31": "", "2017-12-31": "", "2017-09-30": "", "2017-06-30": "", "2017-03-31": "", "2016-12-31": "", "2016-09-30": "", "2016-06-30": "", "2016-03-31": "", "2015-12-31": "", "2015-09-30": "", "2015-06-30": "", "2015-03-31": "", "2014-12-31": "", "2014-09-30": "", "2014-06-30": "", "2014-03-31": "", "2013-12-31": "", "2013-09-30": "", "2013-06-30": "", "2013-03-31": "", "2012-12-31": "", "2012-09-30": "", "2012-06-30": "", "2012-03-31": "", "2011-12-31": "", "2011-09-30": "", "2011-06-30": "", "2011-03-31": "", "2010-12-31": "", "2010-09-30": "", "2010-06-30": "", "2010-03-31": "", "2009-12-31": "", "2009-09-30": "", "2009-06-30": "", "2009-03-31": "", "2008-12-31": "", "2008-09-30": "", "2008-06-30": "", "2008-03-31": "", "2007-12-31": "", "2007-09-30": "", "2007-06-30": "", "2007-03-31": "", "2006-12-31": "", "2006-09-30": "", "2006-06-30": "", "2006-03-31": "", "2005-12-31": "", "2005-09-30": "", "2005-06-30": "", "2005-03-31": ""}, "Pre-Tax Profit Margin": {"2020-09-30": "27.38540", "2020-06-30": "14.18080", "2020-03-31": "7.17290", "2019-12-31": "5.53200", "2019-09-30": "27.43410", "2019-06-30": "13.66130", "2019-03-31": "9.08050", "2018-12-31": "4.26740", "2018-09-30": "26.52130", "2018-06-30": "6.49210", "2018-03-31": "11.77940", "2017-12-31": "11.98790", "2017-09-30": "27.05530", "2017-06-30": "18.11920", "2017-03-31": "14.73920", "2016-12-31": "12.43430", "2016-09-30": "31.35590", "2016-06-30": "18.77650", "2016-03-31": "18.84800", "2015-12-31": "12.09160", "2015-09-30": "28.22720", "2015-06-30": "16.97560", "2015-03-31": "13.68320", "2014-12-31": "10.79740", "2014-09-30": "28.96340", "2014-06-30": "13.37950", "2014-03-31": "16.85310", "2013-12-31": "10.76430", "2013-09-30": "26.97760", "2013-06-30": "17.33900", "2013-03-31": "14.29280", "2012-12-31": "12.73010", "2012-09-30": "29.81480", "2012-06-30": "16.38850", "2012-03-31": "8.76220", "2011-12-31": "6.13660", "2011-09-30": "29.21060", "2011-06-30": "12.40710", "2011-03-31": "9.64670", "2010-12-31": "1.05120", "2010-09-30": "26.01730", "2010-06-30": "15.28490", "2010-03-31": "9.89540", "2009-12-31": "4.79710", "2009-09-30": "20.69840", "2009-06-30": "11.56060", "2009-03-31": "3.69560", "2008-12-31": "3.20170", "2008-09-30": "20.46540", "2008-06-30": "1.89090", "2008-03-31": "10.54400", "2007-12-31": "7.21360", "2007-09-30": "21.75530", "2007-06-30": "10.19760", "2007-03-31": "11.39300", "2006-12-31": "6.74660", "2006-09-30": "22.28580", "2006-06-30": "11.78000", "2006-03-31": "10.46610", "2005-12-31": "1.31850", "2005-09-30": "26.54450", "2005-06-30": "10.71850", "2005-03-31": "6.88170"}, "Net Profit Margin": {"2020-09-30": "24.01820", "2020-06-30": "11.26020", "2020-03-31": "6.21470", "2019-12-31": "5.64690", "2019-09-30": "23.25050", "2019-06-30": "11.43490", "2019-03-31": "8.17650", "2018-12-31": "1.54190", "2018-09-30": "22.43290", "2018-06-30": "11.39470", "2018-03-31": "10.08000", "2017-12-31": "5.68890", "2017-09-30": "19.92950", "2017-06-30": "11.83330", "2017-03-31": "10.41980", "2016-12-31": "8.89540", "2016-09-30": "20.23400", "2016-06-30": "11.64060", "2016-03-31": "11.51730", "2015-12-31": "7.26380", "2015-09-30": "18.79010", "2015-06-30": "10.80630", "2015-03-31": "8.60890", "2014-12-31": "7.27400", "2014-09-30": "19.23810", "2014-06-30": "8.70370", "2014-03-31": "10.94130", "2013-12-31": "7.28250", "2013-09-30": "19.10190", "2013-06-30": "11.79590", "2013-03-31": "9.33630", "2012-12-31": "8.57220", "2012-09-30": "20.01860", "2012-06-30": "10.83620", "2012-03-31": "5.72050", "2011-12-31": "3.94180", "2011-09-30": "19.79910", "2011-06-30": "8.35750", "2011-03-31": "6.47580", "2010-12-31": "1.21430", "2010-09-30": "17.67020", "2010-06-30": "10.71710", "2010-03-31": "6.61940", "2009-12-31": "2.53090", "2009-09-30": "15.30650", "2009-06-30": "8.15370", "2009-03-31": "10.41380", "2008-12-31": "5.57260", "2008-09-30": "15.31570", "2008-06-30": "1.24170", "2008-03-31": "14.96800", "2007-12-31": "3.44170", "2007-09-30": "16.67540", "2007-06-30": "7.81980", "2007-03-31": "8.08330", "2006-12-31": "3.73830", "2006-09-30": "17.40330", "2006-06-30": "8.63780", "2006-03-31": "7.82180", "2005-12-31": "1.87780", "2005-09-30": "17.62580", "2005-06-30": "7.37300", "2005-03-31": "4.56850"}, "Asset Turnover": {"2020-09-30": "0.05650", "2020-06-30": "0.04510", "2020-03-31": "0.04260", "2019-12-31": "0.04360", "2019-09-30": "0.06090", "2019-06-30": "0.04750", "2019-03-31": "0.04670", "2018-12-31": "0.04690", "2018-09-30": "0.06070", "2018-06-30": "0.03350", "2018-03-31": "0.05170", "2017-12-31": "0.05120", "2017-09-30": "0.06830", "2017-06-30": "0.05250", "2017-03-31": "0.04970", "2016-12-31": "0.05280", "2016-09-30": "0.06800", "2016-06-30": "0.05660", "2016-03-31": "0.05270", "2015-12-31": "0.05100", "2015-09-30": "0.06920", "2015-06-30": "0.05590", "2015-03-31": "0.05680", "2014-12-31": "0.05800", "2014-09-30": "0.07580", "2014-06-30": "0.06210", "2014-03-31": "0.06470", "2013-12-31": "0.05830", "2013-09-30": "0.07230", "2013-06-30": "0.06010", "2013-03-31": "0.05820", "2012-12-31": "0.05650", "2012-09-30": "0.07620", "2012-06-30": "0.06260", "2012-03-31": "0.05380", "2011-12-31": "0.05600", "2011-09-30": "0.08080", "2011-06-30": "0.06310", "2011-03-31": "0.05900", "2010-12-31": "0.05650", "2010-09-30": "0.08190", "2010-06-30": "0.06330", "2010-03-31": "0.05890", "2009-12-31": "0.05850", "2009-09-30": "0.06980", "2009-06-30": "0.06160", "2009-03-31": "0.05680", "2008-12-31": "0.05460", "2008-09-30": "0.08240", "2008-06-30": "0.06390", "2008-03-31": "0.06180", "2007-12-31": "0.06140", "2007-09-30": "0.09200", "2007-06-30": "0.07090", "2007-03-31": "0.06780", "2006-12-31": "0.06290", "2006-09-30": "0.10030", "2006-06-30": "0.07740", "2006-03-31": "0.06590", "2005-12-31": "0.07560", "2005-09-30": "0.09140", "2005-06-30": "0.06640", "2005-03-31": "0.06530"}, "Inventory Turnover Ratio": {"2020-09-30": "0.74650", "2020-06-30": "0.63000", "2020-03-31": "0.64180", "2019-12-31": "0.72400", "2019-09-30": "0.92360", "2019-06-30": "0.72520", "2019-03-31": "0.84350", "2018-12-31": "0.77360", "2018-09-30": "0.84870", "2018-06-30": "0.55210", "2018-03-31": "0.70810", "2017-12-31": "0.64330", "2017-09-30": "0.88540", "2017-06-30": "0.57350", "2017-03-31": "0.56140", "2016-12-31": "0.64640", "2016-09-30": "0.73640", "2016-06-30": "0.58060", "2016-03-31": "0.53370", "2015-12-31": "0.52760", "2015-09-30": "0.80030", "2015-06-30": "0.70760", "2015-03-31": "0.79820", "2014-12-31": "0.89650", "2014-09-30": "1.05040", "2014-06-30": "0.85880", "2014-03-31": "0.90430", "2013-12-31": "0.82120", "2013-09-30": "0.94230", "2013-06-30": "0.82380", "2013-03-31": "0.82510", "2012-12-31": "1.21960", "2012-09-30": "0.71210", "2012-06-30": "0.57620", "2012-03-31": "0.50140", "2011-12-31": "1.20580", "2011-09-30": "0.95350", "2011-06-30": "0.68310", "2011-03-31": "0.60820", "2010-12-31": "0.60220", "2010-09-30": "0.93170", "2010-06-30": "0.67390", "2010-03-31": "0.68370", "2009-12-31": "0.68230", "2009-09-30": "0.70660", "2009-06-30": "0.58240", "2009-03-31": "0.67630", "2008-12-31": "0.66770", "2008-09-30": "1.10960", "2008-06-30": "0.90430", "2008-03-31": "0.70500", "2007-12-31": "0.65950", "2007-09-30": "1.01250", "2007-06-30": "0.76260", "2007-03-31": "0.65530", "2006-12-31": "0.62970", "2006-09-30": "1.23780", "2006-06-30": "0.96340", "2006-03-31": "0.79020", "2005-12-31": "1.81490", "2005-09-30": "1.35950", "2005-06-30": "1.01030", "2005-03-31": "0.77240"}, "Receiveable Turnover": {"2020-09-30": "1.97760", "2020-06-30": "1.47040", "2020-03-31": "1.79620", "2019-12-31": "1.73290", "2019-09-30": "2.16380", "2019-06-30": "1.96790", "2019-03-31": "2.09630", "2018-12-31": "1.91450", "2018-09-30": "2.22170", "2018-06-30": "1.30670", "2018-03-31": "2.45570", "2017-12-31": "2.04620", "2017-09-30": "2.57660", "2017-06-30": "2.22030", "2017-03-31": "2.41560", "2016-12-31": "2.01120", "2016-09-30": "2.37190", "2016-06-30": "2.07950", "2016-03-31": "2.52990", "2015-12-31": "2.11380", "2015-09-30": "2.53780", "2015-06-30": "2.21370", "2015-03-31": "2.50040", "2014-12-31": "2.23110", "2014-09-30": "2.54580", "2014-06-30": "2.36360", "2014-03-31": "2.71180", "2013-12-31": "2.23920", "2013-09-30": "2.60750", "2013-06-30": "2.38000", "2013-03-31": "2.41420", "2012-12-31": "2.33370", "2012-09-30": "2.60370", "2012-06-30": "2.04070", "2012-03-31": "2.40450", "2011-12-31": "2.09800", "2011-09-30": "2.69060", "2011-06-30": "1.86720", "2011-03-31": "2.12310", "2010-12-31": "1.86890", "2010-09-30": "2.47480", "2010-06-30": "1.81570", "2010-03-31": "1.84550", "2009-12-31": "1.68380", "2009-09-30": "1.89520", "2009-06-30": "1.52980", "2009-03-31": "1.72680", "2008-12-31": "1.72380", "2008-09-30": "2.50780", "2008-06-30": "1.50140", "2008-03-31": "1.56590", "2007-12-31": "1.47190", "2007-09-30": "2.07340", "2007-06-30": "1.75050", "2007-03-31": "2.07710", "2006-12-31": "1.75970", "2006-09-30": "2.39720", "2006-06-30": "1.93290", "2006-03-31": "2.05270", "2005-12-31": "3.12080", "2005-09-30": "2.92690", "2005-06-30": "1.98210", "2005-03-31": "1.97300"}, "Days Sales In Receivables": {"2020-09-30": "45.51000", "2020-06-30": "61.20790", "2020-03-31": "50.10570", "2019-12-31": "51.93530", "2019-09-30": "41.59420", "2019-06-30": "45.73300", "2019-03-31": "42.93290", "2018-12-31": "47.01030", "2018-09-30": "40.51000", "2018-06-30": "68.87510", "2018-03-31": "36.64940", "2017-12-31": "43.98430", "2017-09-30": "34.92980", "2017-06-30": "40.53560", "2017-03-31": "37.25790", "2016-12-31": "44.74850", "2016-09-30": "37.94490", "2016-06-30": "43.27910", "2016-03-31": "35.57490", "2015-12-31": "42.57730", "2015-09-30": "35.46360", "2015-06-30": "40.65670", "2015-03-31": "35.99420", "2014-12-31": "40.33850", "2014-09-30": "35.35260", "2014-06-30": "38.07680", "2014-03-31": "33.18780", "2013-12-31": "40.19300", "2013-09-30": "34.51640", "2013-06-30": "37.81450", "2013-03-31": "37.27950", "2012-12-31": "38.56540", "2012-09-30": "34.56610", "2012-06-30": "44.10310", "2012-03-31": "37.42950", "2011-12-31": "42.89890", "2011-09-30": "33.44980", "2011-06-30": "48.19950", "2011-03-31": "42.39050", "2010-12-31": "48.15640", "2010-09-30": "36.36720", "2010-06-30": "49.56790", "2010-03-31": "48.76730", "2009-12-31": "53.45100", "2009-09-30": "47.48820", "2009-06-30": "58.83170", "2009-03-31": "52.12040", "2008-12-31": "52.20930", "2008-09-30": "35.88760", "2008-06-30": "59.94300", "2008-03-31": "57.47670", "2007-12-31": "61.14390", "2007-09-30": "43.40770", "2007-06-30": "51.41460", "2007-03-31": "43.32910", "2006-12-31": "51.14390", "2006-09-30": "37.54330", "2006-06-30": "46.56200", "2006-03-31": "43.84400", "2005-12-31": "28.83910", "2005-09-30": "30.74940", "2005-06-30": "45.40560", "2005-03-31": "45.61650"}, "ROE - Return On Equity": {"2020-09-30": "4.18360", "2020-06-30": "1.59850", "2020-03-31": "0.84890", "2019-12-31": "0.78050", "2019-09-30": "4.31790", "2019-06-30": "1.63300", "2019-03-31": "1.10100", "2018-12-31": "0.21120", "2018-09-30": "3.35810", "2018-06-30": "0.95820", "2018-03-31": "1.62770", "2017-12-31": "0.94080", "2017-09-30": "4.14290", "2017-06-30": "1.97150", "2017-03-31": "1.65700", "2016-12-31": "1.50780", "2016-09-30": "4.14580", "2016-06-30": "2.04980", "2016-03-31": "1.86340", "2015-12-31": "1.13910", "2015-09-30": "3.82390", "2015-06-30": "1.84810", "2015-03-31": "1.60350", "2014-12-31": "1.38650", "2014-09-30": "4.56950", "2014-06-30": "1.78290", "2014-03-31": "2.28530", "2013-12-31": "1.40330", "2013-09-30": "4.44800", "2013-06-30": "2.36260", "2013-03-31": "1.82160", "2012-12-31": "1.63890", "2012-09-30": "4.86650", "2012-06-30": "2.30710", "2012-03-31": "1.05640", "2011-12-31": "0.76660", "2011-09-30": "5.25350", "2011-06-30": "1.84370", "2011-03-31": "1.36490", "2010-12-31": "0.27410", "2010-09-30": "4.85590", "2010-06-30": "2.37190", "2010-03-31": "1.39130", "2009-12-31": "0.47280", "2009-09-30": "3.58630", "2009-06-30": "1.73670", "2009-03-31": "0.50740", "2008-12-31": "1.04630", "2008-09-30": "4.02170", "2008-06-30": "0.27380", "2008-03-31": "3.18500", "2007-12-31": "0.75130", "2007-09-30": "5.24070", "2007-06-30": "1.96980", "2007-03-31": "1.92650", "2006-12-31": "0.84550", "2006-09-30": "5.95900", "2006-06-30": "2.45500", "2006-03-31": "1.88340", "2005-12-31": "0.48740", "2005-09-30": "5.76550", "2005-06-30": "1.99410", "2005-03-31": "1.12460"}, "Return On Tangible Equity": {"2020-09-30": "5.69980", "2020-06-30": "2.20180", "2020-03-31": "1.17040", "2019-12-31": "1.07430", "2019-09-30": "5.93130", "2019-06-30": "2.21840", "2019-03-31": "1.46610", "2018-12-31": "0.27580", "2018-09-30": "4.30050", "2018-06-30": "1.21940", "2018-03-31": "1.62770", "2017-12-31": "0.94080", "2017-09-30": "4.14290", "2017-06-30": "1.97150", "2017-03-31": "1.65700", "2016-12-31": "1.50780", "2016-09-30": "4.14580", "2016-06-30": "2.04980", "2016-03-31": "1.86340", "2015-12-31": "1.13910", "2015-09-30": "3.82390", "2015-06-30": "1.84810", "2015-03-31": "1.60350", "2014-12-31": "1.38650", "2014-09-30": "4.56950", "2014-06-30": "1.78290", "2014-03-31": "2.28530", "2013-12-31": "1.40330", "2013-09-30": "4.44800", "2013-06-30": "2.36260", "2013-03-31": "1.82160", "2012-12-31": "1.63890", "2012-09-30": "4.86650", "2012-06-30": "2.30710", "2012-03-31": "1.04830", "2011-12-31": "0.76070", "2011-09-30": "5.21040", "2011-06-30": "1.82780", "2011-03-31": "1.35290", "2010-12-31": "0.27170", "2010-09-30": "4.81260", "2010-06-30": "2.35000", "2010-03-31": "1.37830", "2009-12-31": "0.46830", "2009-09-30": "3.55270", "2009-06-30": "1.71740", "2009-03-31": "0.50250", "2008-12-31": "1.03620", "2008-09-30": "3.98280", "2008-06-30": "0.27100", "2008-03-31": "3.14990", "2007-12-31": "0.74260", "2007-09-30": "5.17730", "2007-06-30": "1.94470", "2007-03-31": "1.90050", "2006-12-31": "0.83390", "2006-09-30": "5.87570", "2006-06-30": "2.41900", "2006-03-31": "1.85550", "2005-12-31": "0.48020", "2005-09-30": "5.68240", "2005-06-30": "1.96400", "2005-03-31": "1.10750"}, "ROA - Return On Assets": {"2020-09-30": "1.36710", "2020-06-30": "0.51920", "2020-03-31": "0.27570", "2019-12-31": "0.25680", "2019-09-30": "1.43160", "2019-06-30": "0.56220", "2019-03-31": "0.39680", "2018-12-31": "0.08240", "2018-09-30": "1.37140", "2018-06-30": "0.39160", "2018-03-31": "0.54130", "2017-12-31": "0.31240", "2017-09-30": "1.38230", "2017-06-30": "0.65540", "2017-03-31": "0.55130", "2016-12-31": "0.50310", "2016-09-30": "1.41010", "2016-06-30": "0.69410", "2016-03-31": "0.63590", "2015-12-31": "0.39070", "2015-09-30": "1.32810", "2015-06-30": "0.62800", "2015-03-31": "0.51070", "2014-12-31": "0.44490", "2014-09-30": "1.48660", "2014-06-30": "0.56550", "2014-03-31": "0.73090", "2013-12-31": "0.44870", "2013-09-30": "1.40640", "2013-06-30": "0.73230", "2013-03-31": "0.56710", "2012-12-31": "0.51480", "2012-09-30": "1.54400", "2012-06-30": "0.71290", "2012-03-31": "0.33070", "2011-12-31": "0.24540", "2011-09-30": "1.62570", "2011-06-30": "0.54700", "2011-03-31": "0.40370", "2010-12-31": "0.08110", "2010-09-30": "1.47240", "2010-06-30": "0.69740", "2010-03-31": "0.40550", "2009-12-31": "0.14110", "2009-09-30": "1.07170", "2009-06-30": "0.50510", "2009-03-31": "0.15050", "2008-12-31": "0.30730", "2008-09-30": "1.26520", "2008-06-30": "0.08270", "2008-03-31": "0.92900", "2007-12-31": "0.21520", "2007-09-30": "1.53780", "2007-06-30": "0.55830", "2007-03-31": "0.55270", "2006-12-31": "0.23960", "2006-09-30": "1.74950", "2006-06-30": "0.67300", "2006-03-31": "0.51990", "2005-12-31": "0.13250", "2005-09-30": "1.61510", "2005-06-30": "0.49390", "2005-03-31": "0.30280"}, "ROI - Return On Investment": {"2020-09-30": "2.03480", "2020-06-30": "0.76540", "2020-03-31": "0.41260", "2019-12-31": "0.38530", "2019-09-30": "2.13680", "2019-06-30": "0.90400", "2019-03-31": "0.62530", "2018-12-31": "0.12650", "2018-09-30": "2.06230", "2018-06-30": "0.59360", "2018-03-31": "0.82720", "2017-12-31": "0.47600", "2017-09-30": "2.10140", "2017-06-30": "0.99690", "2017-03-31": "0.83530", "2016-12-31": "0.78810", "2016-09-30": "2.16490", "2016-06-30": "1.05560", "2016-03-31": "1.00480", "2015-12-31": "0.59970", "2015-09-30": "2.08060", "2015-06-30": "0.97210", "2015-03-31": "0.81240", "2014-12-31": "0.68780", "2014-09-30": "2.24890", "2014-06-30": "0.85700", "2014-03-31": "1.13710", "2013-12-31": "0.69090", "2013-09-30": "2.17860", "2013-06-30": "1.13790", "2013-03-31": "0.86070", "2012-12-31": "0.80130", "2012-09-30": "2.36670", "2012-06-30": "1.10440", "2012-03-31": "0.51440", "2011-12-31": "0.38450", "2011-09-30": "2.54500", "2011-06-30": "0.86690", "2011-03-31": "0.63380", "2010-12-31": "0.12640", "2010-09-30": "2.23410", "2010-06-30": "1.06550", "2010-03-31": "0.62140", "2009-12-31": "0.21810", "2009-09-30": "1.66140", "2009-06-30": "0.79450", "2009-03-31": "0.24710", "2008-12-31": "0.50630", "2008-09-30": "2.08690", "2008-06-30": "0.13550", "2008-03-31": "1.54860", "2007-12-31": "0.35590", "2007-09-30": "2.54140", "2007-06-30": "0.92960", "2007-03-31": "0.95760", "2006-12-31": "0.41590", "2006-09-30": "2.90850", "2006-06-30": "1.16910", "2006-03-31": "0.89180", "2005-12-31": "0.23000", "2005-09-30": "2.77010", "2005-06-30": "0.93470", "2005-03-31": "0.53140"}, "Book Value Per Share": {"2020-09-30": "38.72560", "2020-06-30": "37.59240", "2020-03-31": "37.51190", "2019-12-31": "37.70410", "2019-09-30": "37.69120", "2019-06-30": "37.60500", "2019-03-31": "38.35870", "2018-12-31": "39.12920", "2018-09-30": "40.21480", "2018-06-30": "40.10260", "2018-03-31": "27.16980", "2017-12-31": "27.16790", "2017-09-30": "27.29810", "2017-06-30": "27.12930", "2017-03-31": "26.97100", "2016-12-31": "27.03410", "2016-09-30": "26.98120", "2016-06-30": "26.21730", "2016-03-31": "26.03430", "2015-12-31": "25.97730", "2015-09-30": "26.02070", "2015-06-30": "25.38950", "2015-03-31": "25.08470", "2014-12-31": "25.06940", "2014-09-30": "25.08360", "2014-06-30": "24.21960", "2014-03-31": "24.10840", "2013-12-31": "23.92540", "2013-09-30": "23.90290", "2013-06-30": "23.15870", "2013-03-31": "23.05680", "2012-12-31": "23.00520", "2012-09-30": "22.93890", "2012-06-30": "22.13620", "2012-03-31": "22.12250", "2011-12-31": "22.28150", "2011-09-30": "22.35720", "2011-06-30": "21.52410", "2011-03-31": "21.44600", "2010-12-31": "21.49660", "2010-09-30": "21.72150", "2010-06-30": "20.96660", "2010-03-31": "20.80830", "2009-12-31": "20.78250", "2009-09-30": "20.97380", "2009-06-30": "20.52630", "2009-03-31": "20.51440", "2008-12-31": "20.38190", "2008-09-30": "20.48950", "2008-06-30": "19.95980", "2008-03-31": "19.85320", "2007-12-31": "19.41800", "2007-09-30": "19.32960", "2007-06-30": "18.53550", "2007-03-31": "18.14480", "2006-12-31": "17.93660", "2006-09-30": "17.56060", "2006-06-30": "16.77590", "2006-03-31": "16.63080", "2005-12-31": "16.55370", "2005-09-30": "17.13810", "2005-06-30": "16.38300", "2005-03-31": "16.31800"}, "Operating Cash Flow Per Share": {"2020-09-30": 3.9535, "2020-06-30": 0.8865, "2020-03-31": "1.40920", "2019-12-31": 1.1318, "2019-09-30": 3.5552, "2019-06-30": 1.1723, "2019-03-31": "1.43120", "2018-12-31": 2.5628, "2018-09-30": 2.2385, "2018-06-30": 0.3753, "2018-03-31": "1.81920", "2017-12-31": 1.1885, "2017-09-30": 2.6614, "2017-06-30": 0.8916, "2017-03-31": "1.65890", "2016-12-31": 0.7832, "2016-09-30": 2.5509, "2016-06-30": 0.6281, "2016-03-31": "1.67850", "2015-12-31": 1.0654, "2015-09-30": 2.4278, "2015-06-30": 0.12, "2015-03-31": "1.57570", "2014-12-31": 1.4595, "2014-09-30": 2.7409, "2014-06-30": 0.3314, "2014-03-31": "1.81540", "2013-12-31": 1.1605, "2013-09-30": 2.5093, "2013-06-30": 0.2908, "2013-03-31": "1.51730", "2012-12-31": 1.1504, "2012-09-30": 2.7575, "2012-06-30": 0.308, "2012-03-31": "0.50520", "2011-12-31": 1.0547, "2011-09-30": 2.235, "2011-06-30": -0.2157, "2011-03-31": "0.83750", "2010-12-31": 0.9646, "2010-09-30": 2.401, "2010-06-30": 0.7083, "2010-03-31": "1.37000", "2009-12-31": 0.6499, "2009-09-30": 1.746, "2009-06-30": 1.0285, "2009-03-31": "0.94330", "2008-12-31": 0.794, "2008-09-30": 1.8716, "2008-06-30": -0.1312, "2008-03-31": "0.10980", "2007-12-31": 0.4468, "2007-09-30": 1.58, "2007-06-30": 0.0112, "2007-03-31": "0.68400", "2006-12-31": 1.1366, "2006-09-30": 2.1378, "2006-06-30": -0.1389, "2006-03-31": "-0.21030", "2005-12-31": 1.2358, "2005-09-30": 1.8011, "2005-06-30": -0.275, "2005-03-31": "1.31260"}, "Free Cash Flow Per Share": {"2020-09-30": 2.0951, "2020-06-30": -0.3483, "2020-03-31": "-0.14860", "2019-12-31": -0.2991, "2019-09-30": 2.2937, "2019-06-30": 0.0419, "2019-03-31": "0.20990", "2018-12-31": 0.1643, "2018-09-30": 2.0451, "2018-06-30": -0.8042, "2018-03-31": "0.59430", "2017-12-31": -0.2112, "2017-09-30": 1.3894, "2017-06-30": -0.5694, "2017-03-31": "0.42980", "2016-12-31": -1.0801, "2016-09-30": 0.3204, "2016-06-30": -1.3544, "2016-03-31": "0.12670", "2015-12-31": -0.5802, "2015-09-30": 1.4349, "2015-06-30": -0.9359, "2015-03-31": "0.19440", "2014-12-31": -0.2159, "2014-09-30": 1.0993, "2014-06-30": -1.2419, "2014-03-31": "0.15220", "2013-12-31": -0.5644, "2013-09-30": 1.2727, "2013-06-30": -1.4021, "2013-03-31": "0.09130", "2012-12-31": -0.5272, "2012-09-30": 1.3419, "2012-06-30": -1.4831, "2012-03-31": "-0.99520", "2011-12-31": -0.5054, "2011-09-30": 0.9062, "2011-06-30": -1.8535, "2011-03-31": "-0.53190", "2010-12-31": -0.5635, "2010-09-30": 1.1591, "2010-06-30": -0.4288, "2010-03-31": "0.43900", "2009-12-31": -0.2193, "2009-09-30": 0.6404, "2009-06-30": -0.6748, "2009-03-31": "-0.44610", "2008-12-31": -1.4753, "2008-09-30": -0.4892, "2008-06-30": -2.4218, "2008-03-31": "-1.76780", "2007-12-31": -2.8053, "2007-09-30": 0.0661, "2007-06-30": -2.2186, "2007-03-31": "-0.52320", "2006-12-31": -0.497, "2006-09-30": 1.4567, "2006-06-30": -1.0261, "2006-03-31": "-0.92980", "2005-12-31": 0.4642, "2005-09-30": 1.3468, "2005-06-30": -0.8887, "2005-03-31": "0.70200"}}, "revenue": {"Evergy Annual Revenue (Millions of US $)": {"2019": "$5,148", "2018": "$4,276", "2017": "$2,571", "2016": "$2,562", "2015": "$2,459", "2014": "$2,602", "2013": "$2,371", "2012": "$2,261", "2011": "$2,171", "2010": "$2,056", "2009": "$1,858", "2008": "$1,839", "2007": "$1,727", "2006": "$1,606", "2005": "$1,583"}, "Evergy Quarterly Revenue (Millions of US $)": {"2020-09-30": "$1,518", "2020-06-30": "$1,185", "2020-03-31": "$1,117", "2019-12-31": "$1,132", "2019-09-30": "$1,578", "2019-06-30": "$1,222", "2019-03-31": "$1,217", "2018-12-31": "$1,200", "2018-09-30": "$1,583", "2018-06-30": "$893", "2018-03-31": "$600", "2017-12-31": "$595", "2017-09-30": "$794", "2017-06-30": "$609", "2017-03-31": "$573", "2016-12-31": "$607", "2016-09-30": "$765", "2016-06-30": "$621", "2016-03-31": "$569", "2015-12-31": "$546", "2015-09-30": "$733", "2015-06-30": "$590", "2015-03-31": "$591", "2014-12-31": "$596", "2014-09-30": "$764", "2014-06-30": "$613", "2014-03-31": "$629", "2013-12-31": "$560", "2013-09-30": "$695", "2013-06-30": "$570", "2013-03-31": "$546", "2012-12-31": "$524", "2012-09-30": "$696", "2012-06-30": "$566", "2012-03-31": "$476", "2011-12-31": "$486", "2011-09-30": "$678", "2011-06-30": "$525", "2011-03-31": "$482", "2010-12-31": "$457", "2010-09-30": "$644", "2010-06-30": "$495", "2010-03-31": "$460", "2009-12-31": "$440", "2009-09-30": "$529", "2009-06-30": "$468", "2009-03-31": "$422", "2008-12-31": "$406", "2008-09-30": "$575", "2008-06-30": "$451", "2008-03-31": "$407", "2007-12-31": "$393", "2007-09-30": "$548", "2007-06-30": "$415", "2007-03-31": "$370", "2006-12-31": "$343", "2006-09-30": "$516", "2006-06-30": "$407", "2006-03-31": "$340", "2005-12-31": "$394", "2005-09-30": "$478", "2005-06-30": "$375", "2005-03-31": "$337"}}, "gross-profit": {"Evergy Annual Gross Profit (Millions of US $)": {"2019": "$3,632", "2018": "$2,937", "2017": "$1,782", "2016": "$1,820", "2015": "$1,669", "2014": "$1,677", "2013": "$1,557", "2012": "$1,505", "2011": "$1,408", "2010": "$1,473", "2009": "$1,323", "2008": "$1,145", "2007": "$1,182", "2006": "$1,122", "2005": "$1,055"}, "Evergy Quarterly Gross Profit (Millions of US $)": {"2020-09-30": "$1,135", "2020-06-30": "$857", "2020-03-31": "$797", "2019-12-31": "$783", "2019-09-30": "$1,158", "2019-06-30": "$867", "2019-03-31": "$823", "2018-12-31": "$805", "2018-09-30": "$1,140", "2018-06-30": "$595", "2018-03-31": "$397", "2017-12-31": "$406", "2017-09-30": "$542", "2017-06-30": "$436", "2017-03-31": "$398", "2016-12-31": "$413", "2016-09-30": "$551", "2016-06-30": "$448", "2016-03-31": "$409", "2015-12-31": "$387", "2015-09-30": "$511", "2015-06-30": "$392", "2015-03-31": "$379", "2014-12-31": "$375", "2014-09-30": "$508", "2014-06-30": "$392", "2014-03-31": "$403", "2013-12-31": "$363", "2013-09-30": "$471", "2013-06-30": "$372", "2013-03-31": "$351", "2012-12-31": "$220", "2012-09-30": "$518", "2012-06-30": "$419", "2012-03-31": "$348", "2011-12-31": "$210", "2011-09-30": "$479", "2011-06-30": "$372", "2011-03-31": "$348", "2010-12-31": "$332", "2010-09-30": "$457", "2010-06-30": "$358", "2010-03-31": "$326", "2009-12-31": "$308", "2009-09-30": "$387", "2009-06-30": "$347", "2009-03-31": "$281", "2008-12-31": "$270", "2008-09-30": "$355", "2008-06-30": "$260", "2008-03-31": "$260", "2007-12-31": "$266", "2007-09-30": "$366", "2007-06-30": "$284", "2007-03-31": "$267", "2006-12-31": "$250", "2006-09-30": "$347", "2006-06-30": "$277", "2006-03-31": "$248", "2005-12-31": "$209", "2005-09-30": "$346", "2005-06-30": "$255", "2005-03-31": "$245"}}, "operating-income": {"Evergy Annual Operating Income (Millions of US $)": {"2019": "$1,186", "2018": "$934", "2017": "$679", "2016": "$702", "2015": "$621", "2014": "$633", "2013": "$579", "2012": "$562", "2011": "$512", "2010": "$473", "2009": "$355", "2008": "$285", "2007": "$337", "2006": "$307", "2005": "$301"}, "Evergy Quarterly Operating Income (Millions of US $)": {"2020-09-30": "$522", "2020-06-30": "$272", "2020-03-31": "$198", "2019-12-31": "$166", "2019-09-30": "$539", "2019-06-30": "$272", "2019-03-31": "$210", "2018-12-31": "$150", "2018-09-30": "$533", "2018-06-30": "$127", "2018-03-31": "$124", "2017-12-31": "$122", "2017-09-30": "$265", "2017-06-30": "$160", "2017-03-31": "$131", "2016-12-31": "$136", "2016-09-30": "$271", "2016-06-30": "$154", "2016-03-31": "$142", "2015-12-31": "$108", "2015-09-30": "$256", "2015-06-30": "$131", "2015-03-31": "$126", "2014-12-31": "$105", "2014-09-30": "$255", "2014-06-30": "$123", "2014-03-31": "$150", "2013-12-31": "$104", "2013-09-30": "$224", "2013-06-30": "$132", "2013-03-31": "$120", "2012-12-31": "$108", "2012-09-30": "$250", "2012-06-30": "$133", "2012-03-31": "$71", "2011-12-31": "$73", "2011-09-30": "$241", "2011-06-30": "$108", "2011-03-31": "$91", "2010-12-31": "$48", "2010-09-30": "$212", "2010-06-30": "$121", "2010-03-31": "$92", "2009-12-31": "$62", "2009-09-30": "$150", "2009-06-30": "$90", "2009-03-31": "$53", "2008-12-31": "$52", "2008-09-30": "$144", "2008-06-30": "$35", "2008-03-31": "$54", "2007-12-31": "$46", "2007-09-30": "$151", "2007-06-30": "$71", "2007-03-31": "$70", "2006-12-31": "$46", "2006-09-30": "$140", "2006-06-30": "$69", "2006-03-31": "$52", "2005-12-31": "$30", "2005-09-30": "$153", "2005-06-30": "$62", "2005-03-31": "$55"}}, "ebitda": {"Evergy Annual EBITDA (Millions of US $)": {"2019": "$2,144", "2018": "$1,640", "2017": "$1,119", "2016": "$1,099", "2015": "$973", "2014": "$960", "2013": "$884", "2012": "$880", "2011": "$839", "2010": "$785", "2009": "$639", "2008": "$516", "2007": "$555", "2006": "$511", "2005": "$472"}, "Evergy Quarterly EBITDA (Millions of US $)": {"2020-09-30": "$767", "2020-06-30": "$516", "2020-03-31": "$443", "2019-12-31": "$401", "2019-09-30": "$781", "2019-06-30": "$512", "2019-03-31": "$451", "2018-12-31": "$384", "2018-09-30": "$756", "2018-06-30": "$269", "2018-03-31": "$230", "2017-12-31": "$238", "2017-09-30": "$377", "2017-06-30": "$272", "2017-03-31": "$233", "2016-12-31": "$247", "2016-09-30": "$365", "2016-06-30": "$249", "2016-03-31": "$238", "2015-12-31": "$202", "2015-09-30": "$346", "2015-06-30": "$215", "2015-03-31": "$209", "2014-12-31": "$190", "2014-09-30": "$341", "2014-06-30": "$199", "2014-03-31": "$230", "2013-12-31": "$184", "2013-09-30": "$305", "2013-06-30": "$204", "2013-03-31": "$192", "2012-12-31": "$192", "2012-09-30": "$327", "2012-06-30": "$209", "2012-03-31": "$152", "2011-12-31": "$157", "2011-09-30": "$327", "2011-06-30": "$183", "2011-03-31": "$172", "2010-12-31": "$128", "2010-09-30": "$291", "2010-06-30": "$197", "2010-03-31": "$169", "2009-12-31": "$135", "2009-09-30": "$223", "2009-06-30": "$161", "2009-03-31": "$120", "2008-12-31": "$118", "2008-09-30": "$200", "2008-06-30": "$89", "2008-03-31": "$109", "2007-12-31": "$103", "2007-09-30": "$206", "2007-06-30": "$123", "2007-03-31": "$123", "2006-12-31": "$82", "2006-09-30": "$197", "2006-06-30": "$125", "2006-03-31": "$106", "2005-12-31": "$59", "2005-09-30": "$204", "2005-06-30": "$107", "2005-03-31": "$102"}}, "net-income": {"Evergy Annual Net Income (Millions of US $)": {"2019": "$670", "2018": "$536", "2017": "$324", "2016": "$347", "2015": "$292", "2014": "$312", "2013": "$292", "2012": "$273", "2011": "$228", "2010": "$203", "2009": "$174", "2008": "$177", "2007": "$167", "2006": "$164", "2005": "$135"}, "Evergy Quarterly Net Income (Millions of US $)": {"2020-09-30": "$365", "2020-06-30": "$133", "2020-03-31": "$69", "2019-12-31": "$64", "2019-09-30": "$367", "2019-06-30": "$140", "2019-03-31": "$100", "2018-12-31": "$19", "2018-09-30": "$355", "2018-06-30": "$102", "2018-03-31": "$61", "2017-12-31": "$34", "2017-09-30": "$158", "2017-06-30": "$72", "2017-03-31": "$60", "2016-12-31": "$54", "2016-09-30": "$155", "2016-06-30": "$72", "2016-03-31": "$66", "2015-12-31": "$40", "2015-09-30": "$138", "2015-06-30": "$64", "2015-03-31": "$51", "2014-12-31": "$43", "2014-09-30": "$147", "2014-06-30": "$53", "2014-03-31": "$69", "2013-12-31": "$41", "2013-09-30": "$133", "2013-06-30": "$67", "2013-03-31": "$51", "2012-12-31": "$45", "2012-09-30": "$139", "2012-06-30": "$61", "2012-03-31": "$27", "2011-12-31": "$19", "2011-09-30": "$134", "2011-06-30": "$44", "2011-03-31": "$31", "2010-12-31": "$6", "2010-09-30": "$114", "2010-06-30": "$53", "2010-03-31": "$30", "2009-12-31": "$11", "2009-09-30": "$81", "2009-06-30": "$38", "2009-03-31": "$44", "2008-12-31": "$23", "2008-09-30": "$88", "2008-06-30": "$6", "2008-03-31": "$61", "2007-12-31": "$14", "2007-09-30": "$91", "2007-06-30": "$32", "2007-03-31": "$30", "2006-12-31": "$13", "2006-09-30": "$90", "2006-06-30": "$35", "2006-03-31": "$27", "2005-12-31": "$7", "2005-09-30": "$84", "2005-06-30": "$28", "2005-03-31": "$15"}}, "eps-earnings-per-share-diluted": {"Evergy Annual EPS": {"2019": "$2.79", "2018": "$2.50", "2017": "$2.27", "2016": "$2.43", "2015": "$2.09", "2014": "$2.35", "2013": "$2.27", "2012": "$2.15", "2011": "$1.93", "2010": "$1.80", "2009": "$1.58", "2008": "$1.69", "2007": "$1.83", "2006": "$1.87", "2005": "$1.54"}, "Evergy Quarterly EPS": {"2020-09-30": "$1.60", "2020-06-30": "$0.59", "2020-03-31": "$0.31", "2019-12-31": "$0.27", "2019-09-30": "$1.56", "2019-06-30": "$0.57", "2019-03-31": "$0.39", "2018-12-31": "$0.20", "2018-09-30": "$1.32", "2018-06-30": "$0.56", "2018-03-31": "$0.42", "2017-12-31": "$0.24", "2017-09-30": "$1.11", "2017-06-30": "$0.50", "2017-03-31": "$0.42", "2016-12-31": "$0.38", "2016-09-30": "$1.08", "2016-06-30": "$0.51", "2016-03-31": "$0.46", "2015-12-31": "$0.28", "2015-09-30": "$0.97", "2015-06-30": "$0.46", "2015-03-31": "$0.38", "2014-12-31": "$0.33", "2014-09-30": "$1.10", "2014-06-30": "$0.40", "2014-03-31": "$0.52", "2013-12-31": "$0.31", "2013-09-30": "$1.04", "2013-06-30": "$0.52", "2013-03-31": "$0.40", "2012-12-31": "$0.37", "2012-09-30": "$1.09", "2012-06-30": "$0.48", "2012-03-31": "$0.21", "2011-12-31": "$0.14", "2011-09-30": "$1.14", "2011-06-30": "$0.38", "2011-03-31": "$0.27", "2010-12-31": "$0.05", "2010-09-30": "$1.01", "2010-06-30": "$0.47", "2010-03-31": "$0.27", "2009-12-31": "$0.10", "2009-09-30": "$0.73", "2009-06-30": "$0.35", "2009-03-31": "$0.40", "2008-12-31": "$0.21", "2008-09-30": "$0.80", "2008-06-30": "$0.06", "2008-03-31": "$0.62", "2007-12-31": "$0.14", "2007-09-30": "$0.99", "2007-06-30": "$0.36", "2007-03-31": "$0.34", "2006-12-31": "$0.15", "2006-09-30": "$1.02", "2006-06-30": "$0.40", "2006-03-31": "$0.30", "2005-12-31": "$0.08", "2005-09-30": "$0.96", "2005-06-30": "$0.32", "2005-03-31": "$0.18"}}, "shares-outstanding": {"Evergy Annual Shares Outstanding (Millions of Shares)": {"2019": "240", "2018": "214", "2017": "143", "2016": "143", "2015": "138", "2014": "130", "2013": "128", "2012": "127", "2011": "118", "2010": "112", "2009": "110", "2008": "104", "2007": "91", "2006": "88", "2005": "87"}, "Evergy Quarterly Shares Outstanding (Millions of Shares)": {"2020-09-30": "228", "2020-06-30": "228", "2020-03-31": "228", "2019-12-31": "240", "2019-09-30": "235", "2019-06-30": "243", "2019-03-31": "253", "2018-12-31": "214", "2018-09-30": "269", "2018-06-30": "181", "2018-03-31": "143", "2017-12-31": "143", "2017-09-30": "143", "2017-06-30": "143", "2017-03-31": "143", "2016-12-31": "143", "2016-09-30": "143", "2016-06-30": "142", "2016-03-31": "142", "2015-12-31": "138", "2015-09-30": "142", "2015-06-30": "137", "2015-03-31": "136", "2014-12-31": "130", "2014-09-30": "133", "2014-06-30": "132", "2014-03-31": "131", "2013-12-31": "128", "2013-09-30": "128", "2013-06-30": "128", "2013-03-31": "128", "2012-12-31": "127", "2012-09-30": "127", "2012-06-30": "127", "2012-03-31": "127", "2011-12-31": "118", "2011-09-30": "118", "2011-06-30": "115", "2011-03-31": "114", "2010-12-31": "112", "2010-09-30": "112", "2010-06-30": "115", "2010-03-31": "111", "2009-12-31": "110", "2009-09-30": "110", "2009-06-30": "110", "2009-03-31": "109", "2008-12-31": "104", "2008-09-30": "109", "2008-06-30": "101", "2008-03-31": "97", "2007-12-31": "91", "2007-09-30": "92", "2007-06-30": "90", "2007-03-31": "88", "2006-12-31": "88", "2006-09-30": "88", "2006-06-30": "87", "2006-03-31": "88", "2005-12-31": "87", "2005-09-30": "87", "2005-06-30": "87", "2005-03-31": "87"}}, "total-assets": {"Evergy Annual Total Assets (Millions of US $)": {"2019": "$25,976", "2018": "$25,598", "2017": "$11,624", "2016": "$11,487", "2015": "$10,706", "2014": "$10,289", "2013": "$9,597", "2012": "$9,265", "2011": "$8,683", "2010": "$8,080", "2009": "$7,525", "2008": "$7,443", "2007": "$6,395", "2006": "$5,455", "2005": "$5,210"}, "Evergy Quarterly Total Assets (Millions of US $)": {"2020-09-30": "$26,881", "2020-06-30": "$26,250", "2020-03-31": "$26,185", "2019-12-31": "$25,976", "2019-09-30": "$25,908", "2019-06-30": "$25,718", "2019-03-31": "$26,061", "2018-12-31": "$25,598", "2018-09-30": "$26,075", "2018-06-30": "$26,659", "2018-03-31": "$11,620", "2017-12-31": "$11,624", "2017-09-30": "$11,625", "2017-06-30": "$11,596", "2017-03-31": "$11,516", "2016-12-31": "$11,487", "2016-09-30": "$11,244", "2016-06-30": "$10,971", "2016-03-31": "$10,806", "2015-12-31": "$10,706", "2015-09-30": "$10,584", "2015-06-30": "$10,548", "2015-03-31": "$10,410", "2014-12-31": "$10,289", "2014-09-30": "$10,074", "2014-06-30": "$9,871", "2014-03-31": "$9,710", "2013-12-31": "$9,597", "2013-09-30": "$9,606", "2013-06-30": "$9,484", "2013-03-31": "$9,390", "2012-12-31": "$9,265", "2012-09-30": "$9,137", "2012-06-30": "$9,043", "2012-03-31": "$8,841", "2011-12-31": "$8,683", "2011-09-30": "$8,390", "2011-06-30": "$8,323", "2011-03-31": "$8,163", "2010-12-31": "$8,080", "2010-09-30": "$7,869", "2010-06-30": "$7,819", "2010-03-31": "$7,813", "2009-12-31": "$7,525", "2009-09-30": "$7,572", "2009-06-30": "$7,600", "2009-03-31": "$7,432", "2008-12-31": "$7,443", "2008-09-30": "$6,978", "2008-06-30": "$7,064", "2008-03-31": "$6,581", "2007-12-31": "$6,395", "2007-09-30": "$5,963", "2007-06-30": "$5,859", "2007-03-31": "$5,460", "2006-12-31": "$5,455", "2006-09-30": "$5,146", "2006-06-30": "$5,255", "2006-03-31": "$5,162", "2005-12-31": "$5,210", "2005-09-30": "$5,230", "2005-06-30": "$5,644", "2005-03-31": "$5,157"}}, "cash-on-hand": {"Evergy Annual Cash on Hand (Millions of US $)": {"2019": "$23", "2018": "$160", "2017": "$3", "2016": "$3", "2015": "$3", "2014": "$5", "2013": "$4", "2012": "$6", "2011": "$4", "2010": "$1", "2009": "$4", "2008": "$23", "2007": "$6", "2006": "$18", "2005": "$41"}, "Evergy Quarterly Cash on Hand (Millions of US $)": {"2020-09-30": "$362", "2020-06-30": "$176", "2020-03-31": "$304", "2019-12-31": "$23", "2019-09-30": "$50", "2019-06-30": "$107", "2019-03-31": "$548", "2018-12-31": "$160", "2018-09-30": "$680", "2018-06-30": "$1,280", "2018-03-31": "$11", "2017-12-31": "$3", "2017-09-30": "$3", "2017-06-30": "$3", "2017-03-31": "$3", "2016-12-31": "$3", "2016-09-30": "$4", "2016-06-30": "$5", "2016-03-31": "$3", "2015-12-31": "$3", "2015-09-30": "$4", "2015-06-30": "$2", "2015-03-31": "$6", "2014-12-31": "$5", "2014-09-30": "$6", "2014-06-30": "$11", "2014-03-31": "$9", "2013-12-31": "$4", "2013-09-30": "$10", "2013-06-30": "$4", "2013-03-31": "$6", "2012-12-31": "$6", "2012-09-30": "$5", "2012-06-30": "$29", "2012-03-31": "$4", "2011-12-31": "$4", "2011-09-30": "$5", "2011-06-30": "$5", "2011-03-31": "$3", "2010-12-31": "$1", "2010-09-30": "$4", "2010-06-30": "$3", "2010-03-31": "$3", "2009-12-31": "$4", "2009-09-30": "$4", "2009-06-30": "$5", "2009-03-31": "$19", "2008-12-31": "$23", "2008-09-30": "$4", "2008-06-30": "$9", "2008-03-31": "$7", "2007-12-31": "$6", "2007-09-30": "$8", "2007-06-30": "$6", "2007-03-31": "$7", "2006-12-31": "$18", "2006-09-30": "$9", "2006-06-30": "$10", "2006-03-31": "$8", "2005-12-31": "$41", "2005-09-30": "$19", "2005-06-30": "$402", "2005-03-31": "$35"}}, "long-term-debt": {"Evergy Annual Long Term Debt (Millions of US $)": {"2019": "$8,766", "2018": "$6,687", "2017": "$3,769", "2016": "$3,500", "2015": "$3,302", "2014": "$3,354", "2013": "$3,164", "2012": "$3,042", "2011": "$2,740", "2010": "$2,769", "2009": "$2,600", "2008": "$2,310", "2007": "$2,014", "2006": "$1,576", "2005": "$1,563"}, "Evergy Quarterly Long Term Debt (Millions of US $)": {"2020-09-30": "$9,276", "2020-06-30": "$9,281", "2020-03-31": "$8,994", "2019-12-31": "$8,766", "2019-09-30": "$8,768", "2019-06-30": "$7,141", "2019-03-31": "$7,145", "2018-12-31": "$6,687", "2018-09-30": "$6,691", "2018-06-30": "$6,692", "2018-03-31": "$3,739", "2017-12-31": "$3,769", "2017-09-30": "$3,768", "2017-06-30": "$3,769", "2017-03-31": "$3,768", "2016-12-31": "$3,500", "2016-09-30": "$3,499", "2016-06-30": "$3,499", "2016-03-31": "$3,150", "2015-12-31": "$3,302", "2015-09-30": "$3,080", "2015-06-30": "$3,230", "2015-03-31": "$3,229", "2014-12-31": "$3,354", "2014-09-30": "$3,382", "2014-06-30": "$3,383", "2014-03-31": "$3,136", "2013-12-31": "$3,164", "2013-09-30": "$3,164", "2013-06-30": "$3,164", "2013-03-31": "$3,264", "2012-12-31": "$3,042", "2012-09-30": "$3,062", "2012-06-30": "$3,042", "2012-03-31": "$2,894", "2011-12-31": "$2,740", "2011-09-30": "$2,742", "2011-06-30": "$2,761", "2011-03-31": "$2,764", "2010-12-31": "$2,769", "2010-09-30": "$2,779", "2010-06-30": "$2,797", "2010-03-31": "$2,800", "2009-12-31": "$2,600", "2009-09-30": "$2,600", "2009-06-30": "$2,600", "2009-03-31": "$2,301", "2008-12-31": "$2,310", "2008-09-30": "$2,014", "2008-06-30": "$2,157", "2008-03-31": "$2,007", "2007-12-31": "$2,014", "2007-09-30": "$1,837", "2007-06-30": "$1,837", "2007-03-31": "$1,563", "2006-12-31": "$1,576", "2006-09-30": "$1,563", "2006-06-30": "$1,563", "2006-03-31": "$1,563", "2005-12-31": "$1,563", "2005-09-30": "$1,563", "2005-06-30": "$1,563", "2005-03-31": "$1,529"}}, "total-liabilities": {"Evergy Annual Total Liabilities (Millions of US $)": {"2019": "$17,431", "2018": "$15,607", "2017": "$7,764", "2016": "$7,654", "2015": "$7,034", "2014": "$6,988", "2013": "$6,529", "2012": "$6,355", "2011": "$5,882", "2010": "$5,669", "2009": "$5,259", "2008": "$5,236", "2007": "$4,542", "2006": "$3,888", "2005": "$3,773"}, "Evergy Quarterly Total Liabilities (Millions of US $)": {"2020-09-30": "$18,097", "2020-06-30": "$17,724", "2020-03-31": "$17,679", "2019-12-31": "$17,431", "2019-09-30": "$17,318", "2019-06-30": "$16,864", "2019-03-31": "$16,669", "2018-12-31": "$15,607", "2018-09-30": "$15,426", "2018-06-30": "$15,764", "2018-03-31": "$7,756", "2017-12-31": "$7,764", "2017-09-30": "$7,746", "2017-06-30": "$7,741", "2017-03-31": "$7,684", "2016-12-31": "$7,654", "2016-09-30": "$7,420", "2016-06-30": "$7,256", "2016-03-31": "$7,118", "2015-12-31": "$7,034", "2015-09-30": "$6,908", "2015-06-30": "$6,964", "2015-03-31": "$7,094", "2014-12-31": "$6,988", "2014-09-30": "$6,796", "2014-06-30": "$6,740", "2014-03-31": "$6,605", "2013-12-31": "$6,529", "2013-09-30": "$6,569", "2013-06-30": "$6,544", "2013-03-31": "$6,467", "2012-12-31": "$6,355", "2012-09-30": "$6,238", "2012-06-30": "$6,249", "2012-03-31": "$6,052", "2011-12-31": "$5,882", "2011-09-30": "$5,772", "2011-06-30": "$5,832", "2011-03-31": "$5,727", "2010-12-31": "$5,669", "2010-09-30": "$5,461", "2010-06-30": "$5,499", "2010-03-31": "$5,514", "2009-12-31": "$5,259", "2009-09-30": "$5,288", "2009-06-30": "$5,365", "2009-03-31": "$5,206", "2008-12-31": "$5,236", "2008-09-30": "$4,761", "2008-06-30": "$4,908", "2008-03-31": "$4,640", "2007-12-31": "$4,542", "2007-09-30": "$4,192", "2007-06-30": "$4,177", "2007-03-31": "$3,872", "2006-12-31": "$3,888", "2006-09-30": "$3,614", "2006-06-30": "$3,793", "2006-03-31": "$3,716", "2005-12-31": "$3,773", "2005-09-30": "$3,744", "2005-06-30": "$4,224", "2005-03-31": "$3,747"}}, "total-share-holder-equity": {"Evergy Annual Share Holder Equity (Millions of US $)": {"2019": "$8,545", "2018": "$9,991", "2017": "$3,860", "2016": "$3,833", "2015": "$3,672", "2014": "$3,301", "2013": "$3,069", "2012": "$2,910", "2011": "$2,801", "2010": "$2,410", "2009": "$2,267", "2008": "$2,208", "2007": "$1,854", "2006": "$1,568", "2005": "$1,437"}, "Evergy Quarterly Share Holder Equity (Millions of US $)": {"2020-09-30": "$8,784", "2020-06-30": "$8,527", "2020-03-31": "$8,505", "2019-12-31": "$8,545", "2019-09-30": "$8,590", "2019-06-30": "$8,855", "2019-03-31": "$9,392", "2018-12-31": "$9,991", "2018-09-30": "$10,649", "2018-06-30": "$10,895", "2018-03-31": "$3,864", "2017-12-31": "$3,860", "2017-09-30": "$3,879", "2017-06-30": "$3,855", "2017-03-31": "$3,831", "2016-12-31": "$3,833", "2016-09-30": "$3,824", "2016-06-30": "$3,715", "2016-03-31": "$3,687", "2015-12-31": "$3,672", "2015-09-30": "$3,676", "2015-06-30": "$3,584", "2015-03-31": "$3,315", "2014-12-31": "$3,301", "2014-09-30": "$3,277", "2014-06-30": "$3,131", "2014-03-31": "$3,106", "2013-12-31": "$3,069", "2013-09-30": "$3,037", "2013-06-30": "$2,940", "2013-03-31": "$2,924", "2012-12-31": "$2,910", "2012-09-30": "$2,899", "2012-06-30": "$2,794", "2012-03-31": "$2,789", "2011-12-31": "$2,801", "2011-09-30": "$2,618", "2011-06-30": "$2,491", "2011-03-31": "$2,436", "2010-12-31": "$2,410", "2010-09-30": "$2,407", "2010-06-30": "$2,320", "2010-03-31": "$2,299", "2009-12-31": "$2,267", "2009-09-30": "$2,284", "2009-06-30": "$2,232", "2009-03-31": "$2,226", "2008-12-31": "$2,208", "2008-09-30": "$2,217", "2008-06-30": "$2,157", "2008-03-31": "$1,941", "2007-12-31": "$1,854", "2007-09-30": "$1,771", "2007-06-30": "$1,682", "2007-03-31": "$1,588", "2006-12-31": "$1,568", "2006-09-30": "$1,532", "2006-06-30": "$1,462", "2006-03-31": "$1,446", "2005-12-31": "$1,437", "2005-09-30": "$1,487", "2005-06-30": "$1,419", "2005-03-31": "$1,410"}}, "profit-margins": {"current": "12.75%"}, "gross margin": {"2020-09-30": "72.11%", "2020-06-30": "71.71%", "2020-03-31": "71.38%", "2019-12-31": "70.52%", "2019-09-30": "70.00%", "2019-06-30": "69.59%", "2019-03-31": "68.71%", "2018-12-31": "68.66%", "2018-09-30": "69.14%", "2018-06-30": "67.31%", "2018-03-31": "68.55%", "2017-12-31": "69.31%", "2017-09-30": "69.26%", "2017-06-30": "70.40%", "2017-03-31": "70.54%", "2016-12-31": "71.08%", "2016-09-30": "71.77%", "2016-06-30": "71.08%", "2016-03-31": "69.69%", "2015-12-31": "67.85%", "2015-09-30": "66.02%", "2015-06-30": "65.09%", "2015-03-31": "64.51%", "2014-12-31": "64.49%", "2014-09-30": "64.93%", "2014-06-30": "65.24%", "2014-03-31": "65.57%", "2013-12-31": "65.67%", "2013-09-30": "60.56%", "2013-06-30": "62.54%", "2013-03-31": "64.67%", "2012-12-31": "66.53%", "2012-09-30": "67.22%", "2012-06-30": "66.00%", "2012-03-31": "65.08%", "2011-12-31": "64.90%", "2011-09-30": "71.48%", "2011-06-30": "71.58%", "2011-03-31": "71.94%", "2010-12-31": "71.64%", "2010-09-30": "71.06%", "2010-06-30": "71.67%", "2010-03-31": "72.11%", "2009-12-31": "71.17%", "2009-09-30": "70.41%", "2009-06-30": "66.97%", "2009-03-31": "62.89%", "2008-12-31": "62.26%", "2008-09-30": "62.49%", "2008-06-30": "64.04%", "2008-03-31": "66.70%", "2007-12-31": "68.54%", "2007-09-30": "69.63%", "2007-06-30": "69.83%", "2007-03-31": "69.74%", "2006-12-31": "69.86%", "2006-09-30": "65.24%", "2006-06-30": "66.71%", "2006-03-31": "66.67%", "2005-12-31": "66.60%"}, "operating margin": {"2020-09-30": "23.36%", "2020-06-30": "23.42%", "2020-03-31": "23.25%", "2019-12-31": "23.05%", "2019-09-30": "22.45%", "2019-06-30": "22.31%", "2019-03-31": "20.85%", "2018-12-31": "21.84%", "2018-09-30": "24.68%", "2018-06-30": "22.14%", "2018-03-31": "25.83%", "2017-12-31": "26.37%", "2017-09-30": "26.79%", "2017-06-30": "27.33%", "2017-03-31": "26.97%", "2016-12-31": "27.44%", "2016-09-30": "26.99%", "2016-06-30": "26.73%", "2016-03-31": "26.13%", "2015-12-31": "25.24%", "2015-09-30": "24.62%", "2015-06-30": "24.28%", "2015-03-31": "23.75%", "2014-12-31": "24.33%", "2014-09-30": "24.63%", "2014-06-30": "24.07%", "2014-03-31": "24.86%", "2013-12-31": "24.46%", "2013-09-30": "25.01%", "2013-06-30": "26.11%", "2013-03-31": "26.20%", "2012-12-31": "24.85%", "2012-09-30": "23.70%", "2012-06-30": "23.48%", "2012-03-31": "22.77%", "2011-12-31": "23.63%", "2011-09-30": "22.78%", "2011-06-30": "21.77%", "2011-03-31": "22.71%", "2010-12-31": "23.01%", "2010-09-30": "23.88%", "2010-06-30": "22.09%", "2010-03-31": "20.77%", "2009-12-31": "19.10%", "2009-09-30": "18.90%", "2009-06-30": "18.12%", "2009-03-31": "15.32%", "2008-12-31": "15.50%", "2008-09-30": "15.28%", "2008-06-30": "15.90%", "2008-03-31": "18.26%", "2007-12-31": "19.58%", "2007-09-30": "20.17%", "2007-06-30": "19.89%", "2007-03-31": "19.87%", "2006-12-31": "19.12%", "2006-09-30": "17.56%", "2006-06-30": "18.78%", "2006-03-31": "18.71%", "2005-12-31": "18.94%"}, "ebitda margin": {"2020-09-30": "42.95%", "2020-06-30": "42.72%", "2020-03-31": "42.33%", "2019-12-31": "41.66%", "2019-09-30": "40.79%", "2019-06-30": "40.27%", "2019-03-31": "38.01%", "2018-12-31": "38.33%", "2018-09-30": "40.67%", "2018-06-30": "38.65%", "2018-03-31": "42.99%", "2017-12-31": "43.56%", "2017-09-30": "43.71%", "2017-06-30": "43.74%", "2017-03-31": "42.63%", "2016-12-31": "42.90%", "2016-09-30": "42.14%", "2016-06-30": "41.92%", "2016-03-31": "41.06%", "2015-12-31": "39.51%", "2015-09-30": "38.25%", "2015-06-30": "37.58%", "2015-03-31": "36.62%", "2014-12-31": "36.89%", "2014-09-30": "37.18%", "2014-06-30": "36.76%", "2014-03-31": "37.61%", "2013-12-31": "37.33%", "2013-09-30": "38.24%", "2013-06-30": "39.17%", "2013-03-31": "39.45%", "2012-12-31": "38.90%", "2012-09-30": "37.99%", "2012-06-30": "38.30%", "2012-03-31": "37.83%", "2011-12-31": "38.65%", "2011-09-30": "37.82%", "2011-06-30": "36.72%", "2011-03-31": "37.92%", "2010-12-31": "38.18%", "2010-09-30": "38.84%", "2010-06-30": "37.63%", "2010-03-31": "36.27%", "2009-12-31": "34.37%", "2009-09-30": "34.08%", "2009-06-30": "32.01%", "2009-03-31": "28.43%", "2008-12-31": "28.06%", "2008-09-30": "27.44%", "2008-06-30": "28.18%", "2008-03-31": "30.69%", "2007-12-31": "32.16%", "2007-09-30": "31.86%", "2007-06-30": "31.93%", "2007-03-31": "32.21%", "2006-12-31": "31.76%", "2006-09-30": "29.39%", "2006-06-30": "30.51%", "2006-03-31": "29.99%", "2005-12-31": "29.80%"}, "pre tax profit margin": {"2020-09-30": "14.68%", "2020-06-30": "14.84%", "2020-03-31": "14.72%", "2019-12-31": "15.03%", "2019-09-30": "14.61%", "2019-06-30": "14.34%", "2019-03-31": "13.08%", "2018-12-31": "14.03%", "2018-09-30": "16.89%", "2018-06-30": "14.40%", "2018-03-31": "17.98%", "2017-12-31": "18.67%", "2017-09-30": "18.74%", "2017-06-30": "19.93%", "2017-03-31": "20.11%", "2016-12-31": "21.04%", "2016-09-30": "21.19%", "2016-06-30": "20.13%", "2016-03-31": "19.69%", "2015-12-31": "18.46%", "2015-09-30": "18.01%", "2015-06-30": "18.34%", "2015-03-31": "17.47%", "2014-12-31": "18.18%", "2014-09-30": "18.28%", "2014-06-30": "17.42%", "2014-03-31": "18.42%", "2013-12-31": "17.88%", "2013-09-30": "18.46%", "2013-06-30": "19.31%", "2013-03-31": "19.08%", "2012-12-31": "18.08%", "2012-09-30": "16.73%", "2012-06-30": "16.46%", "2012-03-31": "15.47%", "2011-12-31": "15.61%", "2011-09-30": "14.66%", "2011-06-30": "13.47%", "2011-03-31": "14.20%", "2010-12-31": "14.35%", "2010-09-30": "15.25%", "2010-06-30": "13.10%", "2010-03-31": "12.12%", "2009-12-31": "10.76%", "2009-09-30": "10.52%", "2009-06-30": "10.74%", "2009-03-31": "8.41%", "2008-12-31": "9.95%", "2008-09-30": "10.84%", "2008-06-30": "11.06%", "2008-03-31": "13.16%", "2007-12-31": "13.38%", "2007-09-30": "13.48%", "2007-06-30": "13.50%", "2007-03-31": "13.94%", "2006-12-31": "13.82%", "2006-09-30": "12.31%", "2006-06-30": "13.34%", "2006-03-31": "13.11%", "2005-12-31": "12.31%"}, "net profit margin": {"2020-09-30": "12.74%", "2020-06-30": "12.63%", "2020-03-31": "12.68%", "2019-12-31": "13.03%", "2019-09-30": "12.00%", "2019-06-30": "11.76%", "2019-03-31": "11.77%", "2018-12-31": "12.56%", "2018-09-30": "15.04%", "2018-06-30": "12.32%", "2018-03-31": "12.51%", "2017-12-31": "12.60%", "2017-09-30": "13.32%", "2017-06-30": "13.35%", "2017-03-31": "13.29%", "2016-12-31": "13.54%", "2016-09-30": "13.31%", "2016-06-30": "12.80%", "2016-03-31": "12.63%", "2015-12-31": "11.91%", "2015-09-30": "11.79%", "2015-06-30": "12.00%", "2015-03-31": "11.47%", "2014-12-31": "11.99%", "2014-09-30": "12.08%", "2014-06-30": "11.85%", "2014-03-31": "12.63%", "2013-12-31": "12.32%", "2013-09-30": "12.68%", "2013-06-30": "12.93%", "2013-03-31": "12.69%", "2012-12-31": "12.02%", "2012-09-30": "11.06%", "2012-06-30": "10.92%", "2012-03-31": "10.35%", "2011-12-31": "10.50%", "2011-09-30": "10.04%", "2011-06-30": "9.25%", "2011-03-31": "9.82%", "2010-12-31": "9.87%", "2010-09-30": "10.20%", "2010-06-30": "9.10%", "2010-03-31": "8.43%", "2009-12-31": "9.36%", "2009-09-30": "10.19%", "2009-06-30": "10.32%", "2009-03-31": "8.68%", "2008-12-31": "9.68%", "2008-09-30": "9.26%", "2008-06-30": "9.56%", "2008-03-31": "11.23%", "2007-12-31": "9.68%", "2007-09-30": "9.90%", "2007-06-30": "10.04%", "2007-03-31": "10.27%", "2006-12-31": "10.27%", "2006-09-30": "9.60%", "2006-06-30": "9.45%", "2006-03-31": "9.20%", "2005-12-31": "8.46%"}, "pe ratio": {"current": "17.48", "2021-02-05": "19.74", "2020-09-30": "18.10", "2020-06-30": "21.22", "2020-03-31": "19.67", "2019-12-31": "22.43", "2019-09-30": "24.60", "2019-06-30": "24.33", "2019-03-31": "23.39", "2018-12-31": "22.39", "2018-09-30": "20.05", "2018-06-30": "22.17", "2018-03-31": "21.31", "2017-12-31": "21.39", "2017-09-30": "18.93", "2017-06-30": "20.49", "2017-03-31": "20.89", "2016-12-31": "21.33", "2016-09-30": "22.40", "2016-06-30": "23.24", "2016-03-31": "21.03", "2015-12-31": "18.66", "2015-09-30": "16.52", "2015-06-30": "13.87", "2015-03-31": "16.13", "2014-12-31": "16.14", "2014-09-30": "13.41", "2014-06-30": "15.41", "2014-03-31": "13.47", "2013-12-31": "12.98", "2013-09-30": "12.02", "2013-06-30": "12.08", "2013-03-31": "12.62", "2012-12-31": "11.60", "2012-09-30": "13.10", "2012-06-30": "12.75", "2012-03-31": "15.47", "2011-12-31": "14.98", "2011-09-30": "14.71", "2011-06-30": "16.24", "2011-03-31": "11.64", "2010-12-31": "10.95", "2010-09-30": "10.08", "2010-06-30": "10.45", "2010-03-31": "11.35", "2009-12-31": "10.01", "2009-09-30": "8.29", "2009-06-30": "7.55", "2009-03-31": "8.29", "2008-12-31": "8.23", "2008-09-30": "9.44", "2008-06-30": "7.84", "2008-03-31": "7.05", "2007-12-31": "9.06", "2007-09-30": "8.49", "2007-06-30": "8.13", "2007-03-31": "8.93", "2006-12-31": "8.43"}, "price sales": {"2021-02-05": "2.55", "2020-09-30": "2.34", "2020-06-30": "2.70", "2020-03-31": "2.51", "2019-12-31": "2.95", "2019-09-30": "2.88", "2019-06-30": "2.68", "2019-03-31": "2.58", "2018-12-31": "2.57", "2018-09-30": "2.65", "2018-06-30": "2.73", "2018-03-31": "2.65", "2017-12-31": "2.69", "2017-09-30": "2.52", "2017-06-30": "2.72", "2017-03-31": "2.77", "2016-12-31": "2.88", "2016-09-30": "2.95", "2016-06-30": "2.95", "2016-03-31": "2.62", "2015-12-31": "2.19", "2015-09-30": "1.92", "2015-06-30": "1.66", "2015-03-31": "1.84", "2014-12-31": "1.92", "2014-09-30": "1.61", "2014-06-30": "1.83", "2014-03-31": "1.70", "2013-12-31": "1.60", "2013-09-30": "1.53", "2013-06-30": "1.57", "2013-03-31": "1.61", "2012-12-31": "1.40", "2012-09-30": "1.43", "2012-06-30": "1.41", "2012-03-31": "1.29", "2011-12-31": "1.27", "2011-09-30": "1.15", "2011-06-30": "1.16", "2011-03-31": "1.14", "2010-12-31": "1.08", "2010-09-30": "1.03", "2010-06-30": "0.96", "2010-03-31": "0.96", "2009-12-31": "0.94", "2009-09-30": "0.84", "2009-06-30": "0.77", "2009-03-31": "0.70", "2008-12-31": "0.79", "2008-09-30": "0.85", "2008-06-30": "0.76", "2008-03-31": "0.79", "2007-12-31": "0.87", "2007-09-30": "0.83", "2007-06-30": "0.82", "2007-03-31": "0.92", "2006-12-31": "0.86"}, "price book": {"current": "1.42", "2021-02-05": "1.42", "2020-09-30": "1.30", "2020-06-30": "1.55", "2020-03-31": "1.43", "2019-12-31": "1.67", "2019-09-30": "1.69", "2019-06-30": "1.52", "2019-03-31": "1.43", "2018-12-31": "1.36", "2018-09-30": "1.27", "2018-06-30": "1.29", "2018-03-31": "1.78", "2017-12-31": "1.79", "2017-09-30": "1.67", "2017-06-30": "1.80", "2017-03-31": "1.85", "2016-12-31": "1.92", "2016-09-30": "1.93", "2016-06-30": "1.97", "2016-03-31": "1.75", "2015-12-31": "1.50", "2015-09-30": "1.36", "2015-06-30": "1.24", "2015-03-31": "1.42", "2014-12-31": "1.51", "2014-09-30": "1.25", "2014-06-30": "1.45", "2014-03-31": "1.34", "2013-12-31": "1.24", "2013-09-30": "1.17", "2013-06-30": "1.24", "2013-03-31": "1.28", "2012-12-31": "1.08", "2012-09-30": "1.11", "2012-06-30": "1.15", "2012-03-31": "1.06", "2011-12-31": "1.06", "2011-09-30": "0.96", "2011-06-30": "1.00", "2011-03-31": "0.98", "2010-12-31": "0.92", "2010-09-30": "0.86", "2010-06-30": "0.79", "2010-03-31": "0.80", "2009-12-31": "0.77", "2009-09-30": "0.67", "2009-06-30": "0.65", "2009-03-31": "0.60", "2008-12-31": "0.69", "2008-09-30": "0.76", "2008-06-30": "0.72", "2008-03-31": "0.76", "2007-12-31": "0.86", "2007-09-30": "0.81", "2007-06-30": "0.82", "2007-03-31": "0.94", "2006-12-31": "0.88", "2006-09-30": "0.81", "2006-06-30": "0.75", "2006-03-31": "0.74"}, "price fcf": {"2021-02-05": "", "2020-09-30": "$1.30", "2020-06-30": "$1.50", "2020-03-31": "$1.89", "2019-12-31": "$2.25", "2019-09-30": "$2.71", "2019-06-30": "$2.46", "2019-03-31": "$1.62", "2018-12-31": "$2.00", "2018-09-30": "$1.62", "2018-06-30": "$0.97", "2018-03-31": "$1.20", "2017-12-31": "$1.04", "2017-09-30": "$0.17", "2017-06-30": "$-0.90", "2017-03-31": "$-1.68", "2016-12-31": "$-1.99", "2016-09-30": "$-1.49", "2016-06-30": "$-0.37", "2016-03-31": "$0.05", "2015-12-31": "$0.11", "2015-09-30": "$0.48", "2015-06-30": "$0.14", "2015-03-31": "$-0.16", "2014-12-31": "$-0.21", "2014-09-30": "$-0.55", "2014-06-30": "$-0.38", "2014-03-31": "$-0.54", "2013-12-31": "$-0.60", "2013-09-30": "$-0.57", "2013-06-30": "$-0.50", "2013-03-31": "$-0.58", "2012-12-31": "$-1.66", "2012-09-30": "$-1.64", "2012-06-30": "$-2.08", "2012-03-31": "$-2.45", "2011-12-31": "$-1.98", "2011-09-30": "$-2.04", "2011-06-30": "$-1.79", "2011-03-31": "$-0.37", "2010-12-31": "$0.61", "2010-09-30": "$0.95", "2010-06-30": "$0.43", "2010-03-31": "$0.19", "2009-12-31": "$-0.70", "2009-09-30": "$-1.96", "2009-06-30": "$-3.09", "2009-03-31": "$-4.83", "2008-12-31": "$-6.15", "2008-09-30": "$-7.48", "2008-06-30": "$-6.93", "2008-03-31": "$-6.73", "2007-12-31": "$-5.48", "2007-09-30": "$-3.17", "2007-06-30": "$-1.78", "2007-03-31": "$-0.59", "2006-12-31": "$-1.00"}, "net worth": {"value": "$12.45B"}, "current ratio": {"current": "0.91", "2020-09-30": "0.91", "2020-06-30": "0.86", "2020-03-31": "0.72", "2019-12-31": "0.63", "2019-09-30": "0.73", "2019-06-30": "0.44", "2019-03-31": "0.58", "2018-12-31": "0.59", "2018-09-30": "0.87", "2018-06-30": "0.95", "2018-03-31": "0.82", "2017-12-31": "0.88", "2017-09-30": "1.07", "2017-06-30": "0.96", "2017-03-31": "0.94", "2016-12-31": "0.73", "2016-09-30": "0.83", "2016-06-30": "0.90", "2016-03-31": "0.63", "2015-12-31": "0.86", "2015-09-30": "0.86", "2015-06-30": "0.89", "2015-03-31": "0.65", "2014-12-31": "0.79", "2014-09-30": "0.94", "2014-06-30": "0.87", "2014-03-31": "0.70", "2013-12-31": "0.74", "2013-09-30": "0.81", "2013-06-30": "0.75", "2013-03-31": "0.86", "2012-12-31": "0.76", "2012-09-30": "0.92", "2012-06-30": "0.84", "2012-03-31": "0.72", "2011-12-31": "0.77", "2011-09-30": "0.68", "2011-06-30": "0.68", "2011-03-31": "0.67", "2010-12-31": "0.77", "2010-09-30": "0.92", "2010-06-30": "0.88", "2010-03-31": "0.86", "2009-12-31": "0.92", "2009-09-30": "1.00", "2009-06-30": "1.01", "2009-03-31": "0.77", "2008-12-31": "0.85", "2008-09-30": "0.72", "2008-06-30": "1.04", "2008-03-31": "0.84", "2007-12-31": "0.90", "2007-09-30": "0.95", "2007-06-30": "0.94", "2007-03-31": "0.80", "2006-12-31": "0.81", "2006-09-30": "0.99", "2006-06-30": "0.88", "2006-03-31": "0.83", "2005-12-31": "0.87", "2005-09-30": "0.75", "2005-06-30": "0.84", "2005-03-31": "0.74"}, "quick ratio": {"2020-09-30": "0.67", "2020-06-30": "0.61", "2020-03-31": "0.52", "2019-12-31": "0.42", "2019-09-30": "0.51", "2019-06-30": "0.30", "2019-03-31": "0.44", "2018-12-31": "0.41", "2018-09-30": "0.68", "2018-06-30": "0.78", "2018-03-31": "0.48", "2017-12-31": "0.53", "2017-09-30": "0.65", "2017-06-30": "0.57", "2017-03-31": "0.54", "2016-12-31": "0.45", "2016-09-30": "0.52", "2016-06-30": "0.54", "2016-03-31": "0.35", "2015-12-31": "0.50", "2015-09-30": "0.55", "2015-06-30": "0.56", "2015-03-31": "0.39", "2014-12-31": "0.50", "2014-09-30": "0.63", "2014-06-30": "0.57", "2014-03-31": "0.45", "2013-12-31": "0.49", "2013-09-30": "0.54", "2013-06-30": "0.48", "2013-03-31": "0.53", "2012-12-31": "0.47", "2012-09-30": "0.58", "2012-06-30": "0.54", "2012-03-31": "0.43", "2011-12-31": "0.49", "2011-09-30": "0.45", "2011-06-30": "0.45", "2011-03-31": "0.41", "2010-12-31": "0.50", "2010-09-30": "0.61", "2010-06-30": "0.59", "2010-03-31": "0.59", "2009-12-31": "0.64", "2009-09-30": "0.70", "2009-06-30": "0.73", "2009-03-31": "0.54", "2008-12-31": "0.62", "2008-09-30": "0.52", "2008-06-30": "0.81", "2008-03-31": "0.60", "2007-12-31": "0.64", "2007-09-30": "0.69", "2007-06-30": "0.69", "2007-03-31": "0.55", "2006-12-31": "0.59", "2006-09-30": "0.73", "2006-06-30": "0.68", "2006-03-31": "0.62", "2005-12-31": "0.68", "2005-09-30": "0.57", "2005-06-30": "0.72", "2005-03-31": "0.53"}, "debt equity ratio": {"current": "1.06", "2020-09-30": "2.06", "2020-06-30": "2.08", "2020-03-31": "2.08", "2019-12-31": "2.04", "2019-09-30": "2.02", "2019-06-30": "1.90", "2019-03-31": "1.78", "2018-12-31": "1.56", "2018-09-30": "1.45", "2018-06-30": "1.45", "2018-03-31": "2.01", "2017-12-31": "2.01", "2017-09-30": "2.00", "2017-06-30": "2.01", "2017-03-31": "2.01", "2016-12-31": "2.00", "2016-09-30": "1.94", "2016-06-30": "1.95", "2016-03-31": "1.93", "2015-12-31": "1.92", "2015-09-30": "1.88", "2015-06-30": "1.94", "2015-03-31": "2.14", "2014-12-31": "2.12", "2014-09-30": "2.07", "2014-06-30": "2.15", "2014-03-31": "2.13", "2013-12-31": "2.13", "2013-09-30": "2.16", "2013-06-30": "2.23", "2013-03-31": "2.21", "2012-12-31": "2.18", "2012-09-30": "2.15", "2012-06-30": "2.24", "2012-03-31": "2.17", "2011-12-31": "2.10", "2011-09-30": "2.21", "2011-06-30": "2.34", "2011-03-31": "2.35", "2010-12-31": "2.35", "2010-09-30": "2.27", "2010-06-30": "2.37", "2010-03-31": "2.40", "2009-12-31": "2.32", "2009-09-30": "2.32", "2009-06-30": "2.40", "2009-03-31": "2.34", "2008-12-31": "2.37", "2008-09-30": "2.15", "2008-06-30": "2.28", "2008-03-31": "2.39", "2007-12-31": "2.45", "2007-09-30": "2.37", "2007-06-30": "2.48", "2007-03-31": "2.44", "2006-12-31": "2.48", "2006-09-30": "2.36", "2006-06-30": "2.59", "2006-03-31": "2.57", "2005-12-31": "2.63", "2005-09-30": "2.52", "2005-06-30": "2.98", "2005-03-31": "2.66"}, "return on equity": {"2020-09-30": "7.35%", "2020-06-30": "7.41%", "2020-03-31": "7.42%", "2019-12-31": "7.59%", "2019-09-30": "6.80%", "2019-06-30": "6.32%", "2019-03-31": "5.63%", "2018-12-31": "6.07%", "2018-09-30": "7.54%", "2018-06-30": "6.31%", "2018-03-31": "8.41%", "2017-12-31": "8.40%", "2017-09-30": "8.94%", "2017-06-30": "8.89%", "2017-03-31": "8.97%", "2016-12-31": "9.22%", "2016-09-30": "8.94%", "2016-06-30": "8.57%", "2016-03-31": "8.43%", "2015-12-31": "8.23%", "2015-09-30": "8.53%", "2015-06-30": "9.05%", "2015-03-31": "9.03%", "2014-12-31": "9.74%", "2014-09-30": "9.85%", "2014-06-30": "9.59%", "2014-03-31": "10.20%", "2013-12-31": "9.76%", "2013-09-30": "10.02%", "2013-06-30": "10.35%", "2013-03-31": "10.27%", "2012-12-31": "9.55%", "2012-09-30": "8.72%", "2012-06-30": "8.76%", "2012-03-31": "8.37%", "2011-12-31": "8.82%", "2011-09-30": "8.64%", "2011-06-30": "8.00%", "2011-03-31": "8.52%", "2010-12-31": "8.61%", "2010-09-30": "8.95%", "2010-06-30": "7.63%", "2010-03-31": "7.05%", "2009-12-31": "7.73%", "2009-09-30": "8.31%", "2009-06-30": "8.69%", "2009-03-31": "7.31%", "2008-12-31": "8.35%", "2008-09-30": "8.28%", "2008-06-30": "8.91%", "2008-03-31": "10.93%", "2007-12-31": "9.69%", "2007-09-30": "10.05%", "2007-06-30": "10.36%", "2007-03-31": "10.93%", "2006-12-31": "10.99%", "2006-09-30": "10.82%", "2006-06-30": "10.49%", "2006-03-31": "10.09%", "2005-12-31": "9.32%"}, "return on assets": {"2020-09-30": "2.40%", "2020-06-30": "2.43%", "2020-03-31": "2.47%", "2019-12-31": "2.59%", "2019-09-30": "2.42%", "2019-06-30": "2.37%", "2019-03-31": "2.21%", "2018-12-31": "2.39%", "2018-09-30": "2.91%", "2018-06-30": "2.31%", "2018-03-31": "2.80%", "2017-12-31": "2.80%", "2017-09-30": "2.98%", "2017-06-30": "2.98%", "2017-03-31": "3.02%", "2016-12-31": "3.12%", "2016-09-30": "3.05%", "2016-06-30": "2.93%", "2016-03-31": "2.89%", "2015-12-31": "2.77%", "2015-09-30": "2.83%", "2015-06-30": "2.95%", "2015-03-31": "2.89%", "2014-12-31": "3.12%", "2014-09-30": "3.16%", "2014-06-30": "3.05%", "2014-03-31": "3.23%", "2013-12-31": "3.07%", "2013-09-30": "3.14%", "2013-06-30": "3.24%", "2013-03-31": "3.21%", "2012-12-31": "3.00%", "2012-09-30": "2.76%", "2012-06-30": "2.76%", "2012-03-31": "2.62%", "2011-12-31": "2.72%", "2011-09-30": "2.61%", "2011-06-30": "2.40%", "2011-03-31": "2.56%", "2010-12-31": "2.57%", "2010-09-30": "2.68%", "2010-06-30": "2.28%", "2010-03-31": "2.10%", "2009-12-31": "2.31%", "2009-09-30": "2.48%", "2009-06-30": "2.62%", "2009-03-31": "2.23%", "2008-12-31": "2.54%", "2008-09-30": "2.50%", "2008-06-30": "2.65%", "2008-03-31": "3.19%", "2007-12-31": "2.82%", "2007-09-30": "2.92%", "2007-06-30": "3.01%", "2007-03-31": "3.15%", "2006-12-31": "3.14%", "2006-09-30": "3.06%", "2006-06-30": "2.93%", "2006-03-31": "2.75%", "2005-12-31": "2.52%"}, "return on investments": {"2020-09-30": "6.55%", "2020-06-30": "6.71%", "2020-03-31": "6.89%", "2019-12-31": "7.07%", "2019-09-30": "7.04%", "2019-06-30": "7.00%", "2019-03-31": "5.99%", "2018-12-31": "6.31%", "2018-09-30": "7.22%", "2018-06-30": "6.31%", "2018-03-31": "8.80%", "2017-12-31": "8.89%", "2017-09-30": "9.16%", "2017-06-30": "9.34%", "2017-03-31": "9.39%", "2016-12-31": "9.79%", "2016-09-30": "9.52%", "2016-06-30": "9.50%", "2016-03-31": "9.31%", "2015-12-31": "9.17%", "2015-09-30": "9.23%", "2015-06-30": "9.25%", "2015-03-31": "9.24%", "2014-12-31": "9.71%", "2014-09-30": "9.86%", "2014-06-30": "9.54%", "2014-03-31": "9.85%", "2013-12-31": "9.38%", "2013-09-30": "9.56%", "2013-06-30": "10.08%", "2013-03-31": "10.21%", "2012-12-31": "9.59%", "2012-09-30": "9.16%", "2012-06-30": "9.24%", "2012-03-31": "9.03%", "2011-12-31": "9.61%", "2011-09-30": "9.30%", "2011-06-30": "8.82%", "2011-03-31": "9.13%", "2010-12-31": "9.19%", "2010-09-30": "9.61%", "2010-06-30": "8.51%", "2010-03-31": "8.01%", "2009-12-31": "7.43%", "2009-09-30": "7.36%", "2009-06-30": "7.49%", "2009-03-31": "6.46%", "2008-12-31": "6.70%", "2008-09-30": "6.82%", "2008-06-30": "7.27%", "2008-03-31": "8.62%", "2007-12-31": "9.56%", "2007-09-30": "10.07%", "2007-06-30": "10.13%", "2007-03-31": "10.47%", "2006-12-31": "10.01%", "2006-09-30": "9.60%", "2006-06-30": "10.06%", "2006-03-31": "9.87%", "2005-12-31": "10.03%"}, "return on tangible equity": {"2020-09-30": "10.09%", "2020-06-30": "10.20%", "2020-03-31": "10.18%", "2019-12-31": "10.31%", "2019-09-30": "9.11%", "2019-06-30": "8.31%", "2019-03-31": "7.30%", "2018-12-31": "7.57%", "2018-09-30": "8.98%", "2018-06-30": "7.04%", "2018-03-31": "8.41%", "2017-12-31": "8.40%", "2017-09-30": "8.94%", "2017-06-30": "8.89%", "2017-03-31": "8.97%", "2016-12-31": "9.22%", "2016-09-30": "8.94%", "2016-06-30": "8.57%", "2016-03-31": "8.43%", "2015-12-31": "8.23%", "2015-09-30": "8.53%", "2015-06-30": "9.05%", "2015-03-31": "9.03%", "2014-12-31": "9.74%", "2014-09-30": "9.85%", "2014-06-30": "9.59%", "2014-03-31": "10.20%", "2013-12-31": "9.76%", "2013-09-30": "10.02%", "2013-06-30": "10.35%", "2013-03-31": "10.27%", "2012-12-31": "9.55%", "2012-09-30": "8.72%", "2012-06-30": "8.76%", "2012-03-31": "8.37%", "2011-12-31": "8.82%", "2011-09-30": "8.64%", "2011-06-30": "8.00%", "2011-03-31": "8.52%", "2010-12-31": "8.61%", "2010-09-30": "8.95%", "2010-06-30": "7.63%", "2010-03-31": "7.04%", "2009-12-31": "7.72%", "2009-09-30": "8.31%", "2009-06-30": "8.69%", "2009-03-31": "7.31%", "2008-12-31": "8.35%", "2008-09-30": "8.28%", "2008-06-30": "8.91%", "2008-03-31": "10.93%", "2007-12-31": "9.69%", "2007-09-30": "10.05%", "2007-06-30": "10.36%", "2007-03-31": "10.93%", "2006-12-31": "10.99%", "2006-09-30": "10.82%", "2006-06-30": "10.49%", "2006-03-31": "10.09%", "2005-12-31": "9.32%"}, "dividend yield history": {"last payout": "$2.14", "last yield": "3.90%"}}