{"ticker": "EVBG", "price": {"title": "Everbridge Historical Annual Stock Price Data", "value": 143.1, "historical": {"2020": {"Average Stock Price": "123.0686", "Year Open": "79.9900", "Year High": "160.7800", "Year Low": "79.9900", "Year Close": "149.0700", "Annual % Change": "90.92%"}, "2019": {"Average Stock Price": "76.6952", "Year Open": "54.8300", "Year High": "103.2300", "Year Low": "52.9200", "Year Close": "78.0800", "Annual % Change": "37.56%"}, "2018": {"Average Stock Price": "45.5522", "Year Open": "29.6000", "Year High": "62.2600", "Year Low": "29.4700", "Year Close": "56.7600", "Annual % Change": "90.98%"}, "2017": {"Average Stock Price": "23.3653", "Year Open": "18.0500", "Year High": "29.7200", "Year Low": "17.0500", "Year Close": "29.7200", "Annual % Change": "61.08%"}, "2016": {"Average Stock Price": "16.3349", "Year Open": "15.2500", "Year High": "20.2500", "Year Low": "13.8800", "Year Close": "18.4500", "Annual % Change": "0.00%"}}}, "market cap": {"value": "$5B"}, "income statement": {"Revenue": {"2019-12-31": "200.88200", "2018-12-31": "147.09400", "2017-12-31": "104.35200", "2016-12-31": "76.84600", "2015-12-31": "58.72000", "2014-12-31": "42.42100", "2013-12-31": "30.04000"}, "Cost Of Goods Sold": {"2019-12-31": "63.53500", "2018-12-31": "46.81000", "2017-12-31": "31.50300", "2016-12-31": "23.76700", "2015-12-31": "19.78900", "2014-12-31": "12.08900", "2013-12-31": "8.69900"}, "Gross Profit": {"2019-12-31": "137.34700", "2018-12-31": "100.28400", "2017-12-31": "72.84900", "2016-12-31": "53.07900", "2015-12-31": "38.93100", "2014-12-31": "30.33200", "2013-12-31": "21.34100"}, "Research And Development Expenses": {"2019-12-31": "50.02400", "2018-12-31": "41.30500", "2017-12-31": "22.24100", "2016-12-31": "14.76500", "2015-12-31": "11.52100", "2014-12-31": "7.36500", "2013-12-31": "5.69700"}, "SG&A Expenses": {"2019-12-31": "134.55100", "2018-12-31": "101.07000", "2017-12-31": "69.89300", "2016-12-31": "49.14000", "2015-12-31": "38.19700", "2014-12-31": "23.25300", "2013-12-31": "16.04700"}, "Other Operating Income Or Expenses": {"2019-12-31": "", "2018-12-31": "", "2017-12-31": "", "2016-12-31": "", "2015-12-31": "", "2014-12-31": "", "2013-12-31": ""}, "Operating Expenses": {"2019-12-31": "248.11000", "2018-12-31": "189.18500", "2017-12-31": "123.63700", "2016-12-31": "87.67200", "2015-12-31": "69.50700", "2014-12-31": "42.70700", "2013-12-31": "30.44300"}, "Operating Income": {"2019-12-31": "-47.22800", "2018-12-31": "-42.09100", "2017-12-31": "-19.28500", "2016-12-31": "-10.82600", "2015-12-31": "-10.78700", "2014-12-31": "-0.28600", "2013-12-31": "-0.40300"}, "Total Non-Operating Income/Expense": {"2019-12-31": "-4.59700", "2018-12-31": "-4.62800", "2017-12-31": "-0.30200", "2016-12-31": "-0.48400", "2015-12-31": "-0.59900", "2014-12-31": "-0.42600", "2013-12-31": "-0.36800"}, "Pre-Tax Income": {"2019-12-31": "-51.82500", "2018-12-31": "-46.71900", "2017-12-31": "-19.58700", "2016-12-31": "-11.31000", "2015-12-31": "-11.38600", "2014-12-31": "-0.71200", "2013-12-31": "-0.77100"}, "Income Taxes": {"2019-12-31": "0.42500", "2018-12-31": "0.79600", "2017-12-31": "0.04700", "2016-12-31": "-0.02400", "2015-12-31": "-0.56200", "2014-12-31": "-0.08900", "2013-12-31": "0.11800"}, "Income After Taxes": {"2019-12-31": "-52.25000", "2018-12-31": "-47.51500", "2017-12-31": "-19.63400", "2016-12-31": "-11.28600", "2015-12-31": "-10.82400", "2014-12-31": "-0.62300", "2013-12-31": "-0.88900"}, "Other Income": {"2019-12-31": "", "2018-12-31": "", "2017-12-31": "", "2016-12-31": "", "2015-12-31": "", "2014-12-31": "", "2013-12-31": ""}, "Income From Continuous Operations": {"2019-12-31": "-52.25000", "2018-12-31": "-47.51500", "2017-12-31": "-19.63400", "2016-12-31": "-11.28600", "2015-12-31": "-10.82400", "2014-12-31": "-0.62300", "2013-12-31": "-0.88900"}, "Income From Discontinued Operations": {"2019-12-31": "", "2018-12-31": "", "2017-12-31": "", "2016-12-31": "", "2015-12-31": "", "2014-12-31": "", "2013-12-31": ""}, "Net Income": {"2019-12-31": "-52.25000", "2018-12-31": "-47.51500", "2017-12-31": "-19.63400", "2016-12-31": "-11.28600", "2015-12-31": "-10.82400", "2014-12-31": "-0.62300", "2013-12-31": "-0.88900"}, "EBITDA": {"2019-12-31": "-19.57500", "2018-12-31": "-22.92600", "2017-12-31": "-3.13100", "2016-12-31": "2.18000", "2015-12-31": "-4.81100", "2014-12-31": "2.22600", "2013-12-31": "2.05200"}, "EBIT": {"2019-12-31": "-47.22800", "2018-12-31": "-42.09100", "2017-12-31": "-19.28500", "2016-12-31": "-10.82600", "2015-12-31": "-10.78700", "2014-12-31": "-0.28600", "2013-12-31": "-0.40300"}, "Basic Shares Outstanding": {"2019-12-31": "33.16200", "2018-12-31": "29.10700", "2017-12-31": "27.86200", "2016-12-31": "16.66000", "2015-12-31": "12.25700", "2014-12-31": "11.78900", "2013-12-31": "11.04000"}, "Shares Outstanding": {"2019-12-31": "33.16200", "2018-12-31": "29.10700", "2017-12-31": "27.86200", "2016-12-31": "16.66000", "2015-12-31": "12.25700", "2014-12-31": "11.78900", "2013-12-31": "11.04000"}, "Basic EPS": {"2019-12-31": "-1.58000", "2018-12-31": "-1.63000", "2017-12-31": "-0.70000", "2016-12-31": "-0.68000", "2015-12-31": "-0.88000", "2014-12-31": "-0.05000", "2013-12-31": "-0.08000"}, "EPS - Earnings Per Share": {"2019-12-31": "-1.58000", "2018-12-31": "-1.63000", "2017-12-31": "-0.70000", "2016-12-31": "-0.68000", "2015-12-31": "-0.88000", "2014-12-31": "-0.05000", "2013-12-31": "-0.08000"}}, "income statement, quarterly": {"Revenue": {"2020-09-30": "71.25600", "2020-06-30": "65.37700", "2020-03-31": "58.90000", "2019-12-31": "57.11100", "2019-09-30": "52.54700", "2019-06-30": "48.40500", "2019-03-31": "42.81900", "2018-12-31": "41.82800", "2018-09-30": "38.92500", "2018-06-30": "35.82200", "2018-03-31": "30.51900", "2017-12-31": "29.17500", "2017-09-30": "27.31200", "2017-06-30": "25.02100", "2017-03-31": "22.84400", "2016-12-31": "21.28000", "2016-09-30": "19.93200", "2016-06-30": "18.56500", "2016-03-31": "17.06900", "2015-12-31": "", "2015-09-30": "15.18700", "2014-12-31": "", "2013-12-31": ""}, "Cost Of Goods Sold": {"2020-09-30": "20.88500", "2020-06-30": "19.42300", "2020-03-31": "20.88900", "2019-12-31": "18.36100", "2019-09-30": "16.45400", "2019-06-30": "14.73900", "2019-03-31": "13.98100", "2018-12-31": "13.32200", "2018-09-30": "12.29600", "2018-06-30": "11.53200", "2018-03-31": "9.66000", "2017-12-31": "8.53400", "2017-09-30": "8.07600", "2017-06-30": "7.23900", "2017-03-31": "7.65400", "2016-12-31": "6.44300", "2016-09-30": "6.17300", "2016-06-30": "5.67600", "2016-03-31": "5.47500", "2015-12-31": "", "2015-09-30": "5.16500", "2014-12-31": "", "2013-12-31": ""}, "Gross Profit": {"2020-09-30": "50.37100", "2020-06-30": "45.95400", "2020-03-31": "38.01100", "2019-12-31": "38.75000", "2019-09-30": "36.09300", "2019-06-30": "33.66600", "2019-03-31": "28.83800", "2018-12-31": "28.50600", "2018-09-30": "26.62900", "2018-06-30": "24.29000", "2018-03-31": "20.85900", "2017-12-31": "20.64100", "2017-09-30": "19.23600", "2017-06-30": "17.78200", "2017-03-31": "15.19000", "2016-12-31": "14.83700", "2016-09-30": "13.75900", "2016-06-30": "12.88900", "2016-03-31": "11.59400", "2015-12-31": "", "2015-09-30": "10.02200", "2014-12-31": "", "2013-12-31": ""}, "Research And Development Expenses": {"2020-09-30": "16.94800", "2020-06-30": "14.93700", "2020-03-31": "14.17200", "2019-12-31": "12.86000", "2019-09-30": "12.87700", "2019-06-30": "12.80200", "2019-03-31": "11.48500", "2018-12-31": "10.75700", "2018-09-30": "10.35000", "2018-06-30": "12.02700", "2018-03-31": "8.17100", "2017-12-31": "6.15900", "2017-09-30": "5.62600", "2017-06-30": "5.17900", "2017-03-31": "5.27700", "2016-12-31": "4.20500", "2016-09-30": "3.91700", "2016-06-30": "3.46300", "2016-03-31": "3.18000", "2015-12-31": "", "2015-09-30": "3.02500", "2014-12-31": "", "2013-12-31": ""}, "SG&A Expenses": {"2020-09-30": "51.16100", "2020-06-30": "45.54000", "2020-03-31": "45.49900", "2019-12-31": "36.10500", "2019-09-30": "35.33800", "2019-06-30": "32.47900", "2019-03-31": "30.62900", "2018-12-31": "26.15800", "2018-09-30": "23.47800", "2018-06-30": "27.81400", "2018-03-31": "23.62000", "2017-12-31": "19.66400", "2017-09-30": "18.00100", "2017-06-30": "16.12200", "2017-03-31": "16.10600", "2016-12-31": "13.22900", "2016-09-30": "12.27100", "2016-06-30": "11.97700", "2016-03-31": "11.66300", "2015-12-31": "", "2015-09-30": "10.62400", "2014-12-31": "", "2013-12-31": ""}, "Other Operating Income Or Expenses": {"2020-09-30": "", "2020-06-30": "", "2020-03-31": "", "2019-12-31": "", "2019-09-30": "", "2019-06-30": "", "2019-03-31": "", "2018-12-31": "", "2018-09-30": "", "2018-06-30": "", "2018-03-31": "", "2017-12-31": "", "2017-09-30": "", "2017-06-30": "", "2017-03-31": "", "2016-12-31": "", "2016-09-30": "", "2016-06-30": "", "2016-03-31": "", "2015-12-31": "", "2015-09-30": "", "2014-12-31": "", "2013-12-31": ""}, "Operating Expenses": {"2020-09-30": "88.99400", "2020-06-30": "79.90000", "2020-03-31": "80.56000", "2019-12-31": "67.32600", "2019-09-30": "64.66900", "2019-06-30": "60.02000", "2019-03-31": "56.09500", "2018-12-31": "50.23700", "2018-09-30": "46.12400", "2018-06-30": "51.37300", "2018-03-31": "41.45100", "2017-12-31": "34.35700", "2017-09-30": "31.70300", "2017-06-30": "28.54000", "2017-03-31": "29.03700", "2016-12-31": "23.87700", "2016-09-30": "22.36100", "2016-06-30": "21.11600", "2016-03-31": "20.31800", "2015-12-31": "", "2015-09-30": "18.81400", "2014-12-31": "", "2013-12-31": ""}, "Operating Income": {"2020-09-30": "-17.73800", "2020-06-30": "-14.52300", "2020-03-31": "-21.66000", "2019-12-31": "-10.21500", "2019-09-30": "-12.12200", "2019-06-30": "-11.61500", "2019-03-31": "-13.27600", "2018-12-31": "-8.40900", "2018-09-30": "-7.19900", "2018-06-30": "-15.55100", "2018-03-31": "-10.93200", "2017-12-31": "-5.18200", "2017-09-30": "-4.39100", "2017-06-30": "-3.51900", "2017-03-31": "-6.19300", "2016-12-31": "-2.59700", "2016-09-30": "-2.42900", "2016-06-30": "-2.55100", "2016-03-31": "-3.24900", "2015-12-31": "", "2015-09-30": "-3.62700", "2014-12-31": "", "2013-12-31": ""}, "Total Non-Operating Income/Expense": {"2020-09-30": "-6.19400", "2020-06-30": "-6.20100", "2020-03-31": "-4.42600", "2019-12-31": "-3.02300", "2019-09-30": "-0.70000", "2019-06-30": "-0.31000", "2019-03-31": "-0.56400", "2018-12-31": "-0.97100", "2018-09-30": "-1.16500", "2018-06-30": "-1.17800", "2018-03-31": "-1.31400", "2017-12-31": "-0.47000", "2017-09-30": "0.08100", "2017-06-30": "0.06900", "2017-03-31": "0.01800", "2016-12-31": "0.02000", "2016-09-30": "-0.16500", "2016-06-30": "-0.20800", "2016-03-31": "-0.13100", "2015-12-31": "", "2015-09-30": "-0.18000", "2014-12-31": "", "2013-12-31": ""}, "Pre-Tax Income": {"2020-09-30": "-23.93200", "2020-06-30": "-20.72400", "2020-03-31": "-26.08600", "2019-12-31": "-13.23800", "2019-09-30": "-12.82200", "2019-06-30": "-11.92500", "2019-03-31": "-13.84000", "2018-12-31": "-9.38000", "2018-09-30": "-8.36400", "2018-06-30": "-16.72900", "2018-03-31": "-12.24600", "2017-12-31": "-5.65200", "2017-09-30": "-4.31000", "2017-06-30": "-3.45000", "2017-03-31": "-6.17500", "2016-12-31": "-2.57700", "2016-09-30": "-2.59400", "2016-06-30": "-2.75900", "2016-03-31": "-3.38000", "2015-12-31": "", "2015-09-30": "-3.80700", "2014-12-31": "", "2013-12-31": ""}, "Income Taxes": {"2020-09-30": "0.27300", "2020-06-30": "-1.50400", "2020-03-31": "-0.70100", "2019-12-31": "-0.10600", "2019-09-30": "0.09900", "2019-06-30": "0.13800", "2019-03-31": "0.29400", "2018-12-31": "0.42500", "2018-09-30": "0.08600", "2018-06-30": "0.18900", "2018-03-31": "0.09600", "2017-12-31": "0.11200", "2017-09-30": "-0.07900", "2017-06-30": "-0.01300", "2017-03-31": "0.02700", "2016-12-31": "0.05100", "2016-09-30": "0.03500", "2016-06-30": "0.04500", "2016-03-31": "-0.15500", "2015-12-31": "", "2015-09-30": "-0.18600", "2014-12-31": "", "2013-12-31": ""}, "Income After Taxes": {"2020-09-30": "-24.20500", "2020-06-30": "-19.22000", "2020-03-31": "-25.38500", "2019-12-31": "-13.13200", "2019-09-30": "-12.92100", "2019-06-30": "-12.06300", "2019-03-31": "-14.13400", "2018-12-31": "-9.80500", "2018-09-30": "-8.45000", "2018-06-30": "-16.91800", "2018-03-31": "-12.34200", "2017-12-31": "-5.76400", "2017-09-30": "-4.23100", "2017-06-30": "-3.43700", "2017-03-31": "-6.20200", "2016-12-31": "-2.62800", "2016-09-30": "-2.62900", "2016-06-30": "-2.80400", "2016-03-31": "-3.22500", "2015-12-31": "", "2015-09-30": "-3.62100", "2014-12-31": "", "2013-12-31": ""}, "Other Income": {"2020-09-30": "", "2020-06-30": "", "2020-03-31": "", "2019-12-31": "", "2019-09-30": "", "2019-06-30": "", "2019-03-31": "", "2018-12-31": "", "2018-09-30": "", "2018-06-30": "", "2018-03-31": "", "2017-12-31": "", "2017-09-30": "", "2017-06-30": "", "2017-03-31": "", "2016-12-31": "", "2016-09-30": "", "2016-06-30": "", "2016-03-31": "", "2015-12-31": "", "2015-09-30": "", "2014-12-31": "", "2013-12-31": ""}, "Income From Continuous Operations": {"2020-09-30": "-24.20500", "2020-06-30": "-19.22000", "2020-03-31": "-25.38500", "2019-12-31": "-13.13200", "2019-09-30": "-12.92100", "2019-06-30": "-12.06300", "2019-03-31": "-14.13400", "2018-12-31": "-9.80500", "2018-09-30": "-8.45000", "2018-06-30": "-16.91800", "2018-03-31": "-12.34200", "2017-12-31": "-5.76400", "2017-09-30": "-4.23100", "2017-06-30": "-3.43700", "2017-03-31": "-6.20200", "2016-12-31": "-2.62800", "2016-09-30": "-2.62900", "2016-06-30": "-2.80400", "2016-03-31": "-3.22500", "2015-12-31": "", "2015-09-30": "-3.62100", "2014-12-31": "", "2013-12-31": ""}, "Income From Discontinued Operations": {"2020-09-30": "", "2020-06-30": "", "2020-03-31": "", "2019-12-31": "", "2019-09-30": "", "2019-06-30": "", "2019-03-31": "", "2018-12-31": "", "2018-09-30": "", "2018-06-30": "", "2018-03-31": "", "2017-12-31": "", "2017-09-30": "", "2017-06-30": "", "2017-03-31": "", "2016-12-31": "", "2016-09-30": "", "2016-06-30": "", "2016-03-31": "", "2015-12-31": "", "2015-09-30": "", "2014-12-31": "", "2013-12-31": ""}, "Net Income": {"2020-09-30": "-24.20500", "2020-06-30": "-19.22000", "2020-03-31": "-25.38500", "2019-12-31": "-13.13200", "2019-09-30": "-12.92100", "2019-06-30": "-12.06300", "2019-03-31": "-14.13400", "2018-12-31": "-9.80500", "2018-09-30": "-8.45000", "2018-06-30": "-16.91800", "2018-03-31": "-12.34200", "2017-12-31": "-5.76400", "2017-09-30": "-4.23100", "2017-06-30": "-3.43700", "2017-03-31": "-6.20200", "2016-12-31": "-2.62800", "2016-09-30": "-2.62900", "2016-06-30": "-2.80400", "2016-03-31": "-3.22500", "2015-12-31": "", "2015-09-30": "-3.62100", "2014-12-31": "", "2013-12-31": ""}, "EBITDA": {"2020-09-30": "-6.18100", "2020-06-30": "-4.39000", "2020-03-31": "-12.08200", "2019-12-31": "-1.24000", "2019-09-30": "-4.75100", "2019-06-30": "-5.61100", "2019-03-31": "-7.97300", "2018-12-31": "-3.34400", "2018-09-30": "-1.94000", "2018-06-30": "-10.58100", "2018-03-31": "-7.06100", "2017-12-31": "-0.81400", "2017-09-30": "-0.64100", "2017-06-30": "0.16300", "2017-03-31": "-1.83900", "2016-12-31": "4.73400", "2016-09-30": "-0.45500", "2016-06-30": "-0.64300", "2016-03-31": "-1.45600", "2015-12-31": "", "2015-09-30": "-3.62700", "2014-12-31": "", "2013-12-31": ""}, "EBIT": {"2020-09-30": "-17.73800", "2020-06-30": "-14.52300", "2020-03-31": "-21.66000", "2019-12-31": "-10.21500", "2019-09-30": "-12.12200", "2019-06-30": "-11.61500", "2019-03-31": "-13.27600", "2018-12-31": "-8.40900", "2018-09-30": "-7.19900", "2018-06-30": "-15.55100", "2018-03-31": "-10.93200", "2017-12-31": "-5.18200", "2017-09-30": "-4.39100", "2017-06-30": "-3.51900", "2017-03-31": "-6.19300", "2016-12-31": "-2.59700", "2016-09-30": "-2.42900", "2016-06-30": "-2.55100", "2016-03-31": "-3.24900", "2015-12-31": "", "2015-09-30": "-3.62700", "2014-12-31": "", "2013-12-31": ""}, "Basic Shares Outstanding": {"2020-09-30": "34.73900", "2020-06-30": "34.40300", "2020-03-31": "34.07500", "2019-12-31": "33.16200", "2019-09-30": "33.52500", "2019-06-30": "33.01600", "2019-03-31": "32.27100", "2018-12-31": "29.10700", "2018-09-30": "29.46000", "2018-06-30": "28.84900", "2018-03-31": "28.43500", "2017-12-31": "27.86200", "2017-09-30": "28.10000", "2017-06-30": "27.87700", "2017-03-31": "27.17100", "2016-12-31": "16.66000", "2016-09-30": "14.77200", "2016-06-30": "12.30100", "2016-03-31": "12.27300", "2015-12-31": "", "2015-09-30": "12.25500", "2014-12-31": "", "2013-12-31": ""}, "Shares Outstanding": {"2020-09-30": "34.73900", "2020-06-30": "34.40300", "2020-03-31": "34.07500", "2019-12-31": "33.16200", "2019-09-30": "33.52500", "2019-06-30": "33.01600", "2019-03-31": "32.27100", "2018-12-31": "29.10700", "2018-09-30": "29.46000", "2018-06-30": "28.84900", "2018-03-31": "28.43500", "2017-12-31": "27.86200", "2017-09-30": "28.10000", "2017-06-30": "27.87700", "2017-03-31": "27.17100", "2016-12-31": "16.66000", "2016-09-30": "14.77200", "2016-06-30": "12.30100", "2016-03-31": "12.27300", "2015-12-31": "", "2015-09-30": "12.25500", "2014-12-31": "", "2013-12-31": ""}, "Basic EPS": {"2020-09-30": "-0.70000", "2020-06-30": "-0.56000", "2020-03-31": "-0.74000", "2019-12-31": "-0.38000", "2019-09-30": "-0.39000", "2019-06-30": "-0.37000", "2019-03-31": "-0.44000", "2018-12-31": "-0.32000", "2018-09-30": "-0.29000", "2018-06-30": "-0.59000", "2018-03-31": "-0.43000", "2017-12-31": "-0.20000", "2017-09-30": "-0.15000", "2017-06-30": "-0.12000", "2017-03-31": "-0.23000", "2016-12-31": "-0.01000", "2016-09-30": "-0.18000", "2016-06-30": "-0.23000", "2016-03-31": "-0.26000", "2015-12-31": "", "2015-09-30": "-0.30000", "2014-12-31": "", "2013-12-31": ""}, "EPS - Earnings Per Share": {"2020-09-30": "-0.70000", "2020-06-30": "-0.56000", "2020-03-31": "-0.74000", "2019-12-31": "-0.38000", "2019-09-30": "-0.39000", "2019-06-30": "-0.37000", "2019-03-31": "-0.44000", "2018-12-31": "-0.32000", "2018-09-30": "-0.29000", "2018-06-30": "-0.59000", "2018-03-31": "-0.43000", "2017-12-31": "-0.20000", "2017-09-30": "-0.15000", "2017-06-30": "-0.12000", "2017-03-31": "-0.23000", "2016-12-31": "-0.01000", "2016-09-30": "-0.18000", "2016-06-30": "-0.23000", "2016-03-31": "-0.26000", "2015-12-31": "0.00000", "2015-09-30": "-0.30000", "2014-12-31": "0.00000", "2013-12-31": "0.00000"}}, "balance sheet": {"Cash On Hand": {"2019-12-31": "536.31200", "2018-12-31": "105.60900", "2017-12-31": "145.95900", "2016-12-31": "60.76500", "2015-12-31": "8.57800", "2014-12-31": "4.41200", "2013-12-31": ""}, "Receivables": {"2019-12-31": "68.64200", "2018-12-31": "41.10700", "2017-12-31": "31.69900", "2016-12-31": "17.81200", "2015-12-31": "15.69900", "2014-12-31": "11.25200", "2013-12-31": ""}, "Inventory": {"2019-12-31": "", "2018-12-31": "", "2017-12-31": "", "2016-12-31": "", "2015-12-31": "", "2014-12-31": "", "2013-12-31": ""}, "Pre-Paid Expenses": {"2019-12-31": "6.67500", "2018-12-31": "4.89000", "2017-12-31": "2.56300", "2016-12-31": "1.77000", "2015-12-31": "1.37100", "2014-12-31": "0.71500", "2013-12-31": ""}, "Other Current Assets": {"2019-12-31": "", "2018-12-31": "", "2017-12-31": "0.81100", "2016-12-31": "2.53600", "2015-12-31": "3.97200", "2014-12-31": "1.05500", "2013-12-31": ""}, "Total Current Assets": {"2019-12-31": "625.13000", "2018-12-31": "162.51500", "2017-12-31": "183.46100", "2016-12-31": "82.88300", "2015-12-31": "29.62000", "2014-12-31": "17.43400", "2013-12-31": ""}, "Property, Plant, And Equipment": {"2019-12-31": "6.28400", "2018-12-31": "4.65000", "2017-12-31": "2.79600", "2016-12-31": "2.92300", "2015-12-31": "3.62000", "2014-12-31": "2.65500", "2013-12-31": ""}, "Long-Term Investments": {"2019-12-31": "", "2018-12-31": "", "2017-12-31": "", "2016-12-31": "", "2015-12-31": "", "2014-12-31": "", "2013-12-31": ""}, "Goodwill And Intangible Assets": {"2019-12-31": "158.52100", "2018-12-31": "71.57900", "2017-12-31": "39.96200", "2016-12-31": "13.61600", "2015-12-31": "11.95800", "2014-12-31": "13.56200", "2013-12-31": "0.00000"}, "Other Long-Term Assets": {"2019-12-31": "5.35900", "2018-12-31": "", "2017-12-31": "0.18900", "2016-12-31": "0.10800", "2015-12-31": "0.13300", "2014-12-31": "0.07600", "2013-12-31": ""}, "Total Long-Term Assets": {"2019-12-31": "212.16600", "2018-12-31": "99.66500", "2017-12-31": "52.95200", "2016-12-31": "25.43900", "2015-12-31": "23.88900", "2014-12-31": "22.63200", "2013-12-31": ""}, "Total Assets": {"2019-12-31": "837.29600", "2018-12-31": "262.18000", "2017-12-31": "236.41300", "2016-12-31": "108.32200", "2015-12-31": "53.50900", "2014-12-31": "40.06600", "2013-12-31": "0.00000"}, "Total Current Liabilities": {"2019-12-31": "169.36600", "2018-12-31": "120.04700", "2017-12-31": "86.96200", "2016-12-31": "63.78300", "2015-12-31": "53.61900", "2014-12-31": "43.37000", "2013-12-31": ""}, "Long Term Debt": {"2019-12-31": "430.28200", "2018-12-31": "94.09700", "2017-12-31": "89.48100", "2016-12-31": "", "2015-12-31": "14.12200", "2014-12-31": "", "2013-12-31": ""}, "Other Non-Current Liabilities": {"2019-12-31": "11.86300", "2018-12-31": "1.94800", "2017-12-31": "0.51500", "2016-12-31": "0.44700", "2015-12-31": "0.16600", "2014-12-31": "0.09900", "2013-12-31": ""}, "Total Long Term Liabilities": {"2019-12-31": "447.61800", "2018-12-31": "99.97500", "2017-12-31": "93.46000", "2016-12-31": "2.18700", "2015-12-31": "15.94100", "2014-12-31": "2.02300", "2013-12-31": ""}, "Total Liabilities": {"2019-12-31": "616.98400", "2018-12-31": "220.02200", "2017-12-31": "180.42200", "2016-12-31": "65.97000", "2015-12-31": "69.56000", "2014-12-31": "45.39300", "2013-12-31": "0.00000"}, "Common Stock Net": {"2019-12-31": "0.03400", "2018-12-31": "0.03000", "2017-12-31": "0.02800", "2016-12-31": "0.02700", "2015-12-31": "0.01200", "2014-12-31": "0.01200", "2013-12-31": "0.00000"}, "Retained Earnings (Accumulated Deficit)": {"2019-12-31": "-199.92000", "2018-12-31": "-147.67000", "2017-12-31": "-109.25200", "2016-12-31": "-89.61800", "2015-12-31": "-78.33200", "2014-12-31": "-67.50800", "2013-12-31": ""}, "Comprehensive Income": {"2019-12-31": "-5.74700", "2018-12-31": "-5.06800", "2017-12-31": "0.22000", "2016-12-31": "-0.30300", "2015-12-31": "-0.01300", "2014-12-31": "-0.04200", "2013-12-31": ""}, "Other Share Holders Equity": {"2019-12-31": "", "2018-12-31": "", "2017-12-31": "", "2016-12-31": "", "2015-12-31": "", "2014-12-31": "", "2013-12-31": "0.00000"}, "Share Holder Equity": {"2019-12-31": "220.31200", "2018-12-31": "42.15800", "2017-12-31": "55.99100", "2016-12-31": "42.35200", "2015-12-31": "-16.05100", "2014-12-31": "-5.32700", "2013-12-31": "0.00000"}, "Total Liabilities And Share Holders Equity": {"2019-12-31": "837.29600", "2018-12-31": "262.18000", "2017-12-31": "236.41300", "2016-12-31": "108.32200", "2015-12-31": "53.50900", "2014-12-31": "40.06600", "2013-12-31": "0.00000"}}, "balance sheet, quarterly": {"Cash On Hand": {"2020-09-30": "473.67500", "2020-06-30": "487.94400", "2020-03-31": "503.14300", "2019-12-31": "536.31200", "2019-09-30": "195.76800", "2019-06-30": "238.72000", "2019-03-31": "258.30400", "2018-12-31": "105.60900", "2018-09-30": "103.15000", "2018-06-30": "106.02200", "2018-03-31": "152.13200", "2017-12-31": "145.95900", "2017-09-30": "47.95400", "2017-06-30": "45.56200", "2017-03-31": "39.67900", "2016-12-31": "60.76500", "2016-09-30": "62.29600", "2016-06-30": "", "2016-03-31": "", "2015-12-31": "", "2015-09-30": "", "2014-12-31": "4.41000", "2013-12-31": ""}, "Receivables": {"2020-09-30": "80.92700", "2020-06-30": "67.77300", "2020-03-31": "70.76000", "2019-12-31": "68.64200", "2019-09-30": "51.82400", "2019-06-30": "42.40000", "2019-03-31": "35.41600", "2018-12-31": "41.10700", "2018-09-30": "37.03300", "2018-06-30": "33.06400", "2018-03-31": "22.39300", "2017-12-31": "31.69900", "2017-09-30": "22.27300", "2017-06-30": "21.87600", "2017-03-31": "14.98800", "2016-12-31": "17.81200", "2016-09-30": "15.99500", "2016-06-30": "", "2016-03-31": "", "2015-12-31": "", "2015-09-30": "", "2014-12-31": "11.25000", "2013-12-31": ""}, "Inventory": {"2020-09-30": "", "2020-06-30": "", "2020-03-31": "", "2019-12-31": "", "2019-09-30": "", "2019-06-30": "", "2019-03-31": "", "2018-12-31": "", "2018-09-30": "", "2018-06-30": "", "2018-03-31": "", "2017-12-31": "", "2017-09-30": "", "2017-06-30": "", "2017-03-31": "", "2016-12-31": "", "2016-09-30": "", "2016-06-30": "", "2016-03-31": "", "2015-12-31": "", "2015-09-30": "", "2014-12-31": "", "2013-12-31": ""}, "Pre-Paid Expenses": {"2020-09-30": "12.04900", "2020-06-30": "10.51900", "2020-03-31": "9.94900", "2019-12-31": "6.67500", "2019-09-30": "10.34700", "2019-06-30": "8.35800", "2019-03-31": "9.12300", "2018-12-31": "4.89000", "2018-09-30": "5.35300", "2018-06-30": "4.94900", "2018-03-31": "4.21400", "2017-12-31": "2.56300", "2017-09-30": "3.56400", "2017-06-30": "3.05600", "2017-03-31": "3.08300", "2016-12-31": "1.77000", "2016-09-30": "2.55900", "2016-06-30": "", "2016-03-31": "", "2015-12-31": "", "2015-09-30": "", "2014-12-31": "", "2013-12-31": ""}, "Other Current Assets": {"2020-09-30": "", "2020-06-30": "", "2020-03-31": "", "2019-12-31": "", "2019-09-30": "", "2019-06-30": "2.73900", "2019-03-31": "2.77100", "2018-12-31": "", "2018-09-30": "3.42600", "2018-06-30": "2.85800", "2018-03-31": "3.07900", "2017-12-31": "0.81100", "2017-09-30": "2.78000", "2017-06-30": "2.77800", "2017-03-31": "2.65000", "2016-12-31": "2.53600", "2016-09-30": "3.22600", "2016-06-30": "", "2016-03-31": "", "2015-12-31": "", "2015-09-30": "", "2014-12-31": "1.77000", "2013-12-31": ""}, "Total Current Assets": {"2020-09-30": "586.93700", "2020-06-30": "584.61700", "2020-03-31": "602.32000", "2019-12-31": "625.13000", "2019-09-30": "268.48700", "2019-06-30": "299.08400", "2019-03-31": "312.43600", "2018-12-31": "162.51500", "2018-09-30": "154.80400", "2018-06-30": "152.31200", "2018-03-31": "186.85600", "2017-12-31": "183.46100", "2017-09-30": "76.57100", "2017-06-30": "73.27200", "2017-03-31": "60.40000", "2016-12-31": "82.88300", "2016-09-30": "84.07600", "2016-06-30": "", "2016-03-31": "", "2015-12-31": "", "2015-09-30": "", "2014-12-31": "17.43000", "2013-12-31": ""}, "Property, Plant, And Equipment": {"2020-09-30": "7.25400", "2020-06-30": "7.21400", "2020-03-31": "7.10700", "2019-12-31": "6.28400", "2019-09-30": "6.02900", "2019-06-30": "6.03400", "2019-03-31": "5.97700", "2018-12-31": "4.65000", "2018-09-30": "2.91800", "2018-06-30": "2.72200", "2018-03-31": "2.48100", "2017-12-31": "2.79600", "2017-09-30": "2.84400", "2017-06-30": "2.92400", "2017-03-31": "2.68700", "2016-12-31": "2.92300", "2016-09-30": "3.12800", "2016-06-30": "", "2016-03-31": "", "2015-12-31": "", "2015-09-30": "", "2014-12-31": "8.28000", "2013-12-31": ""}, "Long-Term Investments": {"2020-09-30": "", "2020-06-30": "", "2020-03-31": "", "2019-12-31": "", "2019-09-30": "", "2019-06-30": "", "2019-03-31": "", "2018-12-31": "", "2018-09-30": "", "2018-06-30": "", "2018-03-31": "", "2017-12-31": "", "2017-09-30": "", "2017-06-30": "", "2017-03-31": "", "2016-12-31": "", "2016-09-30": "", "2016-06-30": "", "2016-03-31": "", "2015-12-31": "", "2015-09-30": "", "2014-12-31": "", "2013-12-31": ""}, "Goodwill And Intangible Assets": {"2020-09-30": "282.47100", "2020-06-30": "242.89900", "2020-03-31": "225.59600", "2019-12-31": "158.52100", "2019-09-30": "161.33000", "2019-06-30": "76.70800", "2019-03-31": "69.97200", "2018-12-31": "71.57900", "2018-09-30": "75.13200", "2018-06-30": "76.89000", "2018-03-31": "39.02900", "2017-12-31": "39.96200", "2017-09-30": "40.84200", "2017-06-30": "41.34000", "2017-03-31": "41.95500", "2016-12-31": "13.61600", "2016-09-30": "10.57700", "2016-06-30": "0.00000", "2016-03-31": "0.00000", "2015-12-31": "", "2015-09-30": "0.00000", "2014-12-31": "13.56000", "2013-12-31": "0.00000"}, "Other Long-Term Assets": {"2020-09-30": "5.99500", "2020-06-30": "5.72600", "2020-03-31": "6.06000", "2019-12-31": "5.35900", "2019-09-30": "3.34700", "2019-06-30": "18.21100", "2019-03-31": "14.22100", "2018-12-31": "", "2018-09-30": "0.25300", "2018-06-30": "0.24200", "2018-03-31": "0.24700", "2017-12-31": "0.18900", "2017-09-30": "0.19000", "2017-06-30": "0.23200", "2017-03-31": "0.12100", "2016-12-31": "0.10800", "2016-09-30": "0.05500", "2016-06-30": "", "2016-03-31": "", "2015-12-31": "", "2015-09-30": "", "2014-12-31": "0.07000", "2013-12-31": ""}, "Total Long-Term Assets": {"2020-09-30": "343.61600", "2020-06-30": "301.87900", "2020-03-31": "284.75900", "2019-12-31": "212.16600", "2019-09-30": "211.22100", "2019-06-30": "125.49500", "2019-03-31": "114.18700", "2018-12-31": "99.66500", "2018-09-30": "99.78400", "2018-06-30": "99.13300", "2018-03-31": "59.99000", "2017-12-31": "52.95200", "2017-09-30": "53.54800", "2017-06-30": "53.78600", "2017-03-31": "53.55900", "2016-12-31": "25.43900", "2016-09-30": "22.71500", "2016-06-30": "", "2016-03-31": "", "2015-12-31": "", "2015-09-30": "", "2014-12-31": "21.91000", "2013-12-31": ""}, "Total Assets": {"2020-09-30": "930.55300", "2020-06-30": "886.49600", "2020-03-31": "887.07900", "2019-12-31": "837.29600", "2019-09-30": "479.70800", "2019-06-30": "424.57900", "2019-03-31": "426.62300", "2018-12-31": "262.18000", "2018-09-30": "254.58800", "2018-06-30": "251.44500", "2018-03-31": "246.84600", "2017-12-31": "236.41300", "2017-09-30": "130.11900", "2017-06-30": "127.05800", "2017-03-31": "113.95900", "2016-12-31": "108.32200", "2016-09-30": "106.79100", "2016-06-30": "0.00000", "2016-03-31": "0.00000", "2015-12-31": "0.00000", "2015-09-30": "0.00000", "2014-12-31": "40.06000", "2013-12-31": "0.00000"}, "Total Current Liabilities": {"2020-09-30": "207.26300", "2020-06-30": "185.53100", "2020-03-31": "192.55800", "2019-12-31": "169.36600", "2019-09-30": "152.52700", "2019-06-30": "124.75100", "2019-03-31": "129.26100", "2018-12-31": "120.04700", "2018-09-30": "105.69900", "2018-06-30": "101.80600", "2018-03-31": "92.27000", "2017-12-31": "86.96200", "2017-09-30": "80.36300", "2017-06-30": "77.66000", "2017-03-31": "73.99700", "2016-12-31": "63.78300", "2016-09-30": "61.04400", "2016-06-30": "", "2016-03-31": "", "2015-12-31": "", "2015-09-30": "", "2014-12-31": "43.37000", "2013-12-31": ""}, "Long Term Debt": {"2020-09-30": "445.91500", "2020-06-30": "441.23100", "2020-03-31": "435.71800", "2019-12-31": "430.28200", "2019-09-30": "97.76400", "2019-06-30": "96.52100", "2019-03-31": "95.29800", "2018-12-31": "94.09700", "2018-09-30": "92.91600", "2018-06-30": "91.75500", "2018-03-31": "90.61500", "2017-12-31": "89.48100", "2017-09-30": "", "2017-06-30": "", "2017-03-31": "", "2016-12-31": "", "2016-09-30": "", "2016-06-30": "", "2016-03-31": "", "2015-12-31": "", "2015-09-30": "", "2014-12-31": "", "2013-12-31": ""}, "Other Non-Current Liabilities": {"2020-09-30": "16.26600", "2020-06-30": "16.52200", "2020-03-31": "16.15000", "2019-12-31": "11.86300", "2019-09-30": "12.75100", "2019-06-30": "13.66900", "2019-03-31": "13.49900", "2018-12-31": "1.94800", "2018-09-30": "0.98900", "2018-06-30": "1.07900", "2018-03-31": "0.46500", "2017-12-31": "0.51500", "2017-09-30": "0.53300", "2017-06-30": "0.55400", "2017-03-31": "0.05400", "2016-12-31": "0.44700", "2016-09-30": "0.10600", "2016-06-30": "", "2016-03-31": "", "2015-12-31": "", "2015-09-30": "", "2014-12-31": "0.09000", "2013-12-31": ""}, "Total Long Term Liabilities": {"2020-09-30": "477.31300", "2020-06-30": "466.81900", "2020-03-31": "461.01300", "2019-12-31": "447.61800", "2019-09-30": "116.08300", "2019-06-30": "114.28800", "2019-03-31": "112.93200", "2018-12-31": "99.97500", "2018-09-30": "101.16600", "2018-06-30": "96.80200", "2018-03-31": "94.07800", "2017-12-31": "93.46000", "2017-09-30": "2.58200", "2017-06-30": "2.65100", "2017-03-31": "1.93700", "2016-12-31": "2.18700", "2016-09-30": "1.71600", "2016-06-30": "", "2016-03-31": "", "2015-12-31": "", "2015-09-30": "", "2014-12-31": "2.01000", "2013-12-31": ""}, "Total Liabilities": {"2020-09-30": "684.57600", "2020-06-30": "652.35000", "2020-03-31": "653.57100", "2019-12-31": "616.98400", "2019-09-30": "268.61000", "2019-06-30": "239.03900", "2019-03-31": "242.19300", "2018-12-31": "220.02200", "2018-09-30": "206.86500", "2018-06-30": "198.60800", "2018-03-31": "186.34800", "2017-12-31": "180.42200", "2017-09-30": "82.94500", "2017-06-30": "80.31100", "2017-03-31": "75.93400", "2016-12-31": "65.97000", "2016-09-30": "62.76000", "2016-06-30": "0.00000", "2016-03-31": "0.00000", "2015-12-31": "", "2015-09-30": "0.00000", "2014-12-31": "45.39000", "2013-12-31": "0.00000"}, "Common Stock Net": {"2020-09-30": "0.03500", "2020-06-30": "0.03400", "2020-03-31": "0.03400", "2019-12-31": "0.03400", "2019-09-30": "0.03400", "2019-06-30": "0.03300", "2019-03-31": "0.03300", "2018-12-31": "0.03000", "2018-09-30": "0.02900", "2018-06-30": "0.02900", "2018-03-31": "0.02900", "2017-12-31": "0.02800", "2017-09-30": "0.02800", "2017-06-30": "0.02800", "2017-03-31": "0.02700", "2016-12-31": "0.02700", "2016-09-30": "0.02700", "2016-06-30": "0.00000", "2016-03-31": "0.00000", "2015-12-31": "", "2015-09-30": "0.00000", "2014-12-31": "0.01000", "2013-12-31": "0.00000"}, "Retained Earnings (Accumulated Deficit)": {"2020-09-30": "-268.73000", "2020-06-30": "-244.52500", "2020-03-31": "-225.30500", "2019-12-31": "-199.92000", "2019-09-30": "-186.78800", "2019-06-30": "-173.86700", "2019-03-31": "-161.80400", "2018-12-31": "-147.67000", "2018-09-30": "-137.86500", "2018-06-30": "-129.41500", "2018-03-31": "-112.49700", "2017-12-31": "-109.25200", "2017-09-30": "-103.48800", "2017-06-30": "-99.25700", "2017-03-31": "-95.82000", "2016-12-31": "-89.61800", "2016-09-30": "-86.99000", "2016-06-30": "", "2016-03-31": "", "2015-12-31": "", "2015-09-30": "", "2014-12-31": "-67.50000", "2013-12-31": ""}, "Comprehensive Income": {"2020-09-30": "-6.46900", "2020-06-30": "-9.92400", "2020-03-31": "-12.26700", "2019-12-31": "-5.74700", "2019-09-30": "-6.82400", "2019-06-30": "-4.77500", "2019-03-31": "-5.04600", "2018-12-31": "-5.06800", "2018-09-30": "-2.35000", "2018-06-30": "-2.43100", "2018-03-31": "-0.04700", "2017-12-31": "0.22000", "2017-09-30": "0.02000", "2017-06-30": "-0.17700", "2017-03-31": "-0.26200", "2016-12-31": "-0.30300", "2016-09-30": "-0.31300", "2016-06-30": "", "2016-03-31": "", "2015-12-31": "", "2015-09-30": "", "2014-12-31": "", "2013-12-31": ""}, "Other Share Holders Equity": {"2020-09-30": "", "2020-06-30": "", "2020-03-31": "", "2019-12-31": "", "2019-09-30": "", "2019-06-30": "", "2019-03-31": "", "2018-12-31": "", "2018-09-30": "", "2018-06-30": "", "2018-03-31": "", "2017-12-31": "", "2017-09-30": "", "2017-06-30": "", "2017-03-31": "", "2016-12-31": "", "2016-09-30": "", "2016-06-30": "0.00000", "2016-03-31": "0.00000", "2015-12-31": "", "2015-09-30": "0.00000", "2014-12-31": "-0.04000", "2013-12-31": "0.00000"}, "Share Holder Equity": {"2020-09-30": "245.97700", "2020-06-30": "234.14600", "2020-03-31": "233.50800", "2019-12-31": "220.31200", "2019-09-30": "211.09800", "2019-06-30": "185.54000", "2019-03-31": "184.43000", "2018-12-31": "42.15800", "2018-09-30": "47.72300", "2018-06-30": "52.83700", "2018-03-31": "60.49800", "2017-12-31": "55.99100", "2017-09-30": "47.17400", "2017-06-30": "46.74700", "2017-03-31": "38.02500", "2016-12-31": "42.35200", "2016-09-30": "44.03100", "2016-06-30": "0.00000", "2016-03-31": "0.00000", "2015-12-31": "", "2015-09-30": "0.00000", "2014-12-31": "-5.32000", "2013-12-31": "0.00000"}, "Total Liabilities And Share Holders Equity": {"2020-09-30": "930.55300", "2020-06-30": "886.49600", "2020-03-31": "887.07900", "2019-12-31": "837.29600", "2019-09-30": "479.70800", "2019-06-30": "424.57900", "2019-03-31": "426.62300", "2018-12-31": "262.18000", "2018-09-30": "254.58800", "2018-06-30": "251.44500", "2018-03-31": "246.84600", "2017-12-31": "236.41300", "2017-09-30": "130.11900", "2017-06-30": "127.05800", "2017-03-31": "113.95900", "2016-12-31": "108.32200", "2016-09-30": "106.79100", "2016-06-30": "0.00000", "2016-03-31": "0.00000", "2015-12-31": "", "2015-09-30": "0.00000", "2014-12-31": "40.06000", "2013-12-31": "0.00000"}}, "cash flow statement": {"Net Income/Loss": {"2019-12-31": "-52.25000", "2018-12-31": "-47.51500", "2017-12-31": "-19.63400", "2016-12-31": "-11.28600", "2015-12-31": "-10.82400", "2014-12-31": "-0.62300", "2013-12-31": "-0.88900"}, "Total Depreciation And Amortization - Cash Flow": {"2019-12-31": "27.65300", "2018-12-31": "19.16500", "2017-12-31": "16.15400", "2016-12-31": "13.00600", "2015-12-31": "5.97600", "2014-12-31": "2.51200", "2013-12-31": "2.45500"}, "Other Non-Cash Items": {"2019-12-31": "40.58500", "2018-12-31": "29.94600", "2017-12-31": "9.09200", "2016-12-31": "3.44600", "2015-12-31": "1.56400", "2014-12-31": "0.26700", "2013-12-31": "0.24800"}, "Total Non-Cash Items": {"2019-12-31": "68.23800", "2018-12-31": "49.11100", "2017-12-31": "25.24600", "2016-12-31": "16.45200", "2015-12-31": "7.54000", "2014-12-31": "2.77900", "2013-12-31": "2.70300"}, "Change In Accounts Receivable": {"2019-12-31": "-25.55800", "2018-12-31": "-2.62300", "2017-12-31": "-13.06700", "2016-12-31": "-2.29500", "2015-12-31": "-4.81300", "2014-12-31": "-1.00800", "2013-12-31": "-2.06600"}, "Change In Inventories": {"2019-12-31": "", "2018-12-31": "", "2017-12-31": "", "2016-12-31": "", "2015-12-31": "", "2014-12-31": "", "2013-12-31": ""}, "Change In Accounts Payable": {"2019-12-31": "5.31200", "2018-12-31": "-1.26300", "2017-12-31": "-0.09000", "2016-12-31": "-0.42300", "2015-12-31": "0.86600", "2014-12-31": "0.41400", "2013-12-31": "-0.24500"}, "Change In Assets/Liabilities": {"2019-12-31": "11.33500", "2018-12-31": "0.60100", "2017-12-31": "8.94400", "2016-12-31": "5.20400", "2015-12-31": "10.67200", "2014-12-31": "4.59500", "2013-12-31": "2.99400"}, "Total Change In Assets/Liabilities": {"2019-12-31": "-5.67100", "2018-12-31": "1.69900", "2017-12-31": "-0.74900", "2016-12-31": "4.33700", "2015-12-31": "7.73500", "2014-12-31": "5.56000", "2013-12-31": "2.18400"}, "Cash Flow From Operating Activities": {"2019-12-31": "10.31700", "2018-12-31": "3.29500", "2017-12-31": "4.86300", "2016-12-31": "9.50300", "2015-12-31": "4.45100", "2014-12-31": "7.71600", "2013-12-31": "3.99800"}, "Net Change In Property, Plant, And Equipment": {"2019-12-31": "-4.12600", "2018-12-31": "-1.72100", "2017-12-31": "-1.66700", "2016-12-31": "-0.97000", "2015-12-31": "-2.50200", "2014-12-31": "-2.15500", "2013-12-31": "-0.68800"}, "Net Change In Intangible Assets": {"2019-12-31": "-7.81900", "2018-12-31": "-8.70000", "2017-12-31": "-6.16000", "2016-12-31": "-5.74400", "2015-12-31": "-4.90200", "2014-12-31": "-1.67700", "2013-12-31": "-0.76200"}, "Net Acquisitions/Divestitures": {"2019-12-31": "-58.41900", "2018-12-31": "-35.85700", "2017-12-31": "-21.23500", "2016-12-31": "-2.30600", "2015-12-31": "", "2014-12-31": "-0.30400", "2013-12-31": ""}, "Net Change In Short-term Investments": {"2019-12-31": "45.79000", "2018-12-31": "-2.13500", "2017-12-31": "-42.70400", "2016-12-31": "", "2015-12-31": "0.00000", "2014-12-31": "", "2013-12-31": ""}, "Net Change In Long-Term Investments": {"2019-12-31": "", "2018-12-31": "", "2017-12-31": "0.79400", "2016-12-31": "", "2015-12-31": "", "2014-12-31": "", "2013-12-31": ""}, "Net Change In Investments - Total": {"2019-12-31": "45.79000", "2018-12-31": "-2.13500", "2017-12-31": "-41.91000", "2016-12-31": "", "2015-12-31": "", "2014-12-31": "", "2013-12-31": ""}, "Investing Activities - Other": {"2019-12-31": "", "2018-12-31": "", "2017-12-31": "", "2016-12-31": "", "2015-12-31": "", "2014-12-31": "", "2013-12-31": "0.11500"}, "Cash Flow From Investing Activities": {"2019-12-31": "-24.57400", "2018-12-31": "-48.41300", "2017-12-31": "-70.97200", "2016-12-31": "-9.02000", "2015-12-31": "-7.40400", "2014-12-31": "-4.13600", "2013-12-31": "-1.33500"}, "Net Long-Term Debt": {"2019-12-31": "397.98900", "2018-12-31": "", "2017-12-31": "115.00000", "2016-12-31": "-7.07600", "2015-12-31": "3.12000", "2014-12-31": "-1.97900", "2013-12-31": "-0.17400"}, "Net Current Debt": {"2019-12-31": "", "2018-12-31": "", "2017-12-31": "", "2016-12-31": "-10.00000", "2015-12-31": "7.00000", "2014-12-31": "-0.36600", "2013-12-31": "-1.20300"}, "Debt Issuance/Retirement Net - Total": {"2019-12-31": "397.98900", "2018-12-31": "", "2017-12-31": "115.00000", "2016-12-31": "-17.07600", "2015-12-31": "10.12000", "2014-12-31": "-2.34500", "2013-12-31": "-1.37700"}, "Net Common Equity Issued/Repurchased": {"2019-12-31": "158.85800", "2018-12-31": "11.69700", "2017-12-31": "13.98100", "2016-12-31": "70.52500", "2015-12-31": "-1.45100", "2014-12-31": "0.22500", "2013-12-31": "0.02500"}, "Net Total Equity Issued/Repurchased": {"2019-12-31": "158.85800", "2018-12-31": "11.69700", "2017-12-31": "13.98100", "2016-12-31": "70.52500", "2015-12-31": "-1.45100", "2014-12-31": "0.22500", "2013-12-31": "0.02500"}, "Total Common And Preferred Stock Dividends Paid": {"2019-12-31": "", "2018-12-31": "", "2017-12-31": "", "2016-12-31": "", "2015-12-31": "", "2014-12-31": "", "2013-12-31": ""}, "Financial Activities - Other": {"2019-12-31": "-62.74600", "2018-12-31": "-8.59800", "2017-12-31": "-20.50600", "2016-12-31": "-1.97900", "2015-12-31": "-1.45000", "2014-12-31": "", "2013-12-31": ""}, "Cash Flow From Financial Activities": {"2019-12-31": "494.10100", "2018-12-31": "3.09900", "2017-12-31": "108.47500", "2016-12-31": "51.47000", "2015-12-31": "7.21900", "2014-12-31": "-2.12000", "2013-12-31": "-1.35200"}, "Net Cash Flow": {"2019-12-31": "479.59400", "2018-12-31": "-42.98300", "2017-12-31": "42.28600", "2016-12-31": "52.18700", "2015-12-31": "4.16600", "2014-12-31": "1.37200", "2013-12-31": "1.32800"}, "Stock-Based Compensation": {"2019-12-31": "33.48900", "2018-12-31": "25.58900", "2017-12-31": "9.21800", "2016-12-31": "3.05600", "2015-12-31": "1.48800", "2014-12-31": "0.37600", "2013-12-31": "0.17600"}, "Common Stock Dividends Paid": {"2019-12-31": "", "2018-12-31": "", "2017-12-31": "", "2016-12-31": "", "2015-12-31": "", "2014-12-31": "", "2013-12-31": ""}}, "cash flow statement, quarterly": {"Net Income/Loss": {"2020-09-30": -24.205, "2020-06-30": -19.22, "2020-03-31": "-25.38500", "2019-12-31": -13.132, "2019-09-30": -12.921, "2019-06-30": -12.063, "2019-03-31": "-14.13400", "2018-12-31": -9.805, "2018-09-30": -8.45, "2018-06-30": -16.918, "2018-03-31": "-12.34200", "2017-12-31": -5.764, "2017-09-30": -4.231, "2017-06-30": -3.437, "2017-03-31": "-6.20200", "2016-12-31": -2.628, "2016-09-30": -2.629, "2016-06-30": -2.804, "2016-03-31": "-3.22500", "2015-12-31": -3.995, "2015-09-30": -6.205, "2014-12-31": 0.26, "2013-12-31": -0.88}, "Total Depreciation And Amortization - Cash Flow": {"2020-09-30": 11.557, "2020-06-30": 10.133, "2020-03-31": "9.57800", "2019-12-31": 8.975, "2019-09-30": 7.371, "2019-06-30": 6.004, "2019-03-31": "5.30300", "2018-12-31": 5.065, "2018-09-30": 5.259, "2018-06-30": 4.97, "2018-03-31": "3.87100", "2017-12-31": 4.368, "2017-09-30": 3.75, "2017-06-30": 3.682, "2017-03-31": "4.35400", "2016-12-31": 7.331, "2016-09-30": 1.974, "2016-06-30": 1.908, "2016-03-31": "1.79300", "2015-12-31": 1.726, "2015-09-30": 1.734, "2014-12-31": 0.06, "2013-12-31": 2.45}, "Other Non-Cash Items": {"2020-09-30": 21.151, "2020-06-30": 15.485, "2020-03-31": "15.42500", "2019-12-31": 12.229, "2019-09-30": 9.912, "2019-06-30": 9.458, "2019-03-31": "8.98600", "2018-12-31": 6.691, "2018-09-30": 4.738, "2018-06-30": 11.03, "2018-03-31": "7.48700", "2017-12-31": 3.663, "2017-09-30": 2.983, "2017-06-30": 1.411, "2017-03-31": "1.03500", "2016-12-31": 1.307, "2016-09-30": 0.814, "2016-06-30": 0.576, "2016-03-31": "0.74900", "2015-12-31": -1.344, "2015-09-30": 1.344, "2014-12-31": 0, "2013-12-31": 0}, "Total Non-Cash Items": {"2020-09-30": 32.708, "2020-06-30": 25.618, "2020-03-31": "25.00300", "2019-12-31": 21.204, "2019-09-30": 17.283, "2019-06-30": 15.462, "2019-03-31": "14.28900", "2018-12-31": 11.756, "2018-09-30": 9.997, "2018-06-30": 16, "2018-03-31": "11.35800", "2017-12-31": 8.031, "2017-09-30": 6.733, "2017-06-30": 5.093, "2017-03-31": "5.38900", "2016-12-31": 8.638, "2016-09-30": 2.788, "2016-06-30": 2.484, "2016-03-31": "2.54200", "2015-12-31": 0.382, "2015-09-30": 3.078, "2014-12-31": 0.06, "2013-12-31": 2.45}, "Change In Accounts Receivable": {"2020-09-30": -11.27, "2020-06-30": 2.896, "2020-03-31": "0.44500", "2019-12-31": -17.153, "2019-09-30": -7.018, "2019-06-30": -6.93, "2019-03-31": "5.54300", "2018-12-31": -4.147, "2018-09-30": -4.103, "2018-06-30": -3.968, "2018-03-31": "9.59500", "2017-12-31": -9.476, "2017-09-30": -0.618, "2017-06-30": -7.25, "2017-03-31": "4.27700", "2016-12-31": -1.904, "2016-09-30": 1.21, "2016-06-30": -3.018, "2016-03-31": "1.41700", "2015-12-31": 1.098, "2015-09-30": -1.098, "2014-12-31": 0, "2013-12-31": 0}, "Change In Inventories": {"2020-09-30": 0, "2020-06-30": 0, "2020-03-31": "", "2019-12-31": 0, "2019-09-30": 0, "2019-06-30": 0, "2019-03-31": "", "2018-12-31": 0, "2018-09-30": 0, "2018-06-30": 0, "2018-03-31": "", "2017-12-31": 0, "2017-09-30": 0, "2017-06-30": 0, "2017-03-31": "", "2016-12-31": 0, "2016-09-30": 0, "2016-06-30": 0, "2016-03-31": "", "2015-12-31": 0, "2015-09-30": 0, "2014-12-31": 0, "2013-12-31": 0}, "Change In Accounts Payable": {"2020-09-30": 0.122, "2020-06-30": 3.236, "2020-03-31": "-1.07200", "2019-12-31": -2.006, "2019-09-30": 3.649, "2019-06-30": -0.443, "2019-03-31": "4.11200", "2018-12-31": -1.15, "2018-09-30": -0.206, "2018-06-30": -0.609, "2018-03-31": "0.70200", "2017-12-31": -0.91, "2017-09-30": 1.25, "2017-06-30": -0.426, "2017-03-31": "-0.00400", "2016-12-31": -0.674, "2016-09-30": 0.317, "2016-06-30": -0.655, "2016-03-31": "0.58900", "2015-12-31": -1.043, "2015-09-30": 1.043, "2014-12-31": 0, "2013-12-31": 0}, "Change In Assets/Liabilities": {"2020-09-30": -2.773, "2020-06-30": -10.52, "2020-03-31": "-3.14300", "2019-12-31": 10.988, "2019-09-30": 6.089, "2019-06-30": -4.479, "2019-03-31": "-1.26300", "2018-12-31": 3.921, "2018-09-30": 2.821, "2018-06-30": 1.45, "2018-03-31": "-7.59100", "2017-12-31": 7.348, "2017-09-30": 2.188, "2017-06-30": 2.391, "2017-03-31": "-2.98300", "2016-12-31": -0.452, "2016-09-30": 4.567, "2016-06-30": 2.282, "2016-03-31": "-1.19300", "2015-12-31": -5.263, "2015-09-30": 5.263, "2014-12-31": 0, "2013-12-31": 0}, "Total Change In Assets/Liabilities": {"2020-09-30": -9.03, "2020-06-30": -10.268, "2020-03-31": "1.18300", "2019-12-31": -6.609, "2019-09-30": 7.981, "2019-06-30": -15.575, "2019-03-31": "8.53200", "2018-12-31": 2.12, "2018-09-30": -0.871, "2018-06-30": -8.042, "2018-03-31": "8.49200", "2017-12-31": -1.783, "2017-09-30": 4.236, "2017-06-30": -5.474, "2017-03-31": "2.27200", "2016-12-31": -3.042, "2016-09-30": 8.067, "2016-06-30": -2.767, "2016-03-31": "2.07900", "2015-12-31": 2.396, "2015-09-30": -0.226, "2014-12-31": 3.38, "2013-12-31": 2.18}, "Cash Flow From Operating Activities": {"2020-09-30": -0.527, "2020-06-30": -3.87, "2020-03-31": "0.80100", "2019-12-31": 1.463, "2019-09-30": 12.343, "2019-06-30": -12.176, "2019-03-31": "8.68700", "2018-12-31": 4.071, "2018-09-30": 0.676, "2018-06-30": -8.96, "2018-03-31": "7.50800", "2017-12-31": 0.484, "2017-09-30": 6.738, "2017-06-30": -3.818, "2017-03-31": "1.45900", "2016-12-31": 2.968, "2016-09-30": 8.226, "2016-06-30": -3.087, "2016-03-31": "1.39600", "2015-12-31": 0.357, "2015-09-30": -3.617, "2014-12-31": 3.72, "2013-12-31": 3.99}, "Net Change In Property, Plant, And Equipment": {"2020-09-30": -0.947, "2020-06-30": -0.651, "2020-03-31": "-0.52400", "2019-12-31": -0.852, "2019-09-30": -0.542, "2019-06-30": 0.041, "2019-03-31": "-2.77300", "2018-12-31": -0.866, "2018-09-30": -0.441, "2018-06-30": -0.161, "2018-03-31": "-0.25300", "2017-12-31": -0.33, "2017-09-30": -0.832, "2017-06-30": -0.282, "2017-03-31": "-0.22300", "2016-12-31": -0.231, "2016-09-30": -0.393, "2016-06-30": -0.143, "2016-03-31": "-0.20300", "2015-12-31": -0.17, "2015-09-30": -0.18, "2014-12-31": -1.47, "2013-12-31": -0.68}, "Net Change In Intangible Assets": {"2020-09-30": -2.623, "2020-06-30": -2.669, "2020-03-31": "-2.00400", "2019-12-31": -1.952, "2019-09-30": -1.918, "2019-06-30": -1.931, "2019-03-31": "-2.01800", "2018-12-31": -1.794, "2018-09-30": -2.7, "2018-06-30": -2.071, "2018-03-31": "-2.13500", "2017-12-31": -1.574, "2017-09-30": -1.542, "2017-06-30": -1.557, "2017-03-31": "-1.48700", "2016-12-31": -1.45, "2016-09-30": -1.254, "2016-06-30": -1.428, "2016-03-31": "-1.61200", "2015-12-31": 3.647, "2015-09-30": -3.647, "2014-12-31": 0, "2013-12-31": 0}, "Net Acquisitions/Divestitures": {"2020-09-30": -10.492, "2020-06-30": -9.324, "2020-03-31": "-34.94100", "2019-12-31": 0, "2019-09-30": -51.655, "2019-06-30": -6.764, "2019-03-31": "", "2018-12-31": 0, "2018-09-30": 0, "2018-06-30": -35.857, "2018-03-31": "", "2017-12-31": 0, "2017-09-30": 0.294, "2017-06-30": -0.294, "2017-03-31": "-21.23500", "2016-12-31": -2.306, "2016-09-30": 0, "2016-06-30": 0, "2016-03-31": "", "2015-12-31": 0, "2015-09-30": 0.3, "2014-12-31": -0.3, "2013-12-31": 0}, "Net Change In Short-term Investments": {"2020-09-30": 0, "2020-06-30": 0, "2020-03-31": "0.00000", "2019-12-31": 0, "2019-09-30": 3.5, "2019-06-30": 19.515, "2019-03-31": "22.77500", "2018-12-31": -18.495, "2018-09-30": -23.353, "2018-06-30": 45.145, "2018-03-31": "-5.43200", "2017-12-31": -18.749, "2017-09-30": -11.528, "2017-06-30": -12.427, "2017-03-31": "0.00000", "2016-12-31": 0, "2016-09-30": 0, "2016-06-30": 0, "2016-03-31": "", "2015-12-31": 0, "2015-09-30": 0, "2014-12-31": 0, "2013-12-31": 0}, "Net Change In Long-Term Investments": {"2020-09-30": 0, "2020-06-30": 0, "2020-03-31": "", "2019-12-31": 0, "2019-09-30": 0, "2019-06-30": 0, "2019-03-31": "", "2018-12-31": 0, "2018-09-30": 0, "2018-06-30": 0.308, "2018-03-31": "-0.30800", "2017-12-31": 0, "2017-09-30": 0.399, "2017-06-30": 0.395, "2017-03-31": "", "2016-12-31": 0, "2016-09-30": 0, "2016-06-30": 0, "2016-03-31": "", "2015-12-31": 0, "2015-09-30": 0, "2014-12-31": 0, "2013-12-31": 0}, "Net Change In Investments - Total": {"2020-09-30": 0, "2020-06-30": 0, "2020-03-31": "", "2019-12-31": 0, "2019-09-30": 3.5, "2019-06-30": 19.515, "2019-03-31": "22.77500", "2018-12-31": -18.495, "2018-09-30": -23.353, "2018-06-30": 45.453, "2018-03-31": "-5.74000", "2017-12-31": -18.749, "2017-09-30": -11.129, "2017-06-30": -12.032, "2017-03-31": "", "2016-12-31": 0, "2016-09-30": 0, "2016-06-30": 0, "2016-03-31": "", "2015-12-31": 0, "2015-09-30": 0, "2014-12-31": 0, "2013-12-31": 0}, "Investing Activities - Other": {"2020-09-30": 0, "2020-06-30": 0, "2020-03-31": "", "2019-12-31": 0, "2019-09-30": 0, "2019-06-30": 0, "2019-03-31": "", "2018-12-31": 0, "2018-09-30": 0, "2018-06-30": 0, "2018-03-31": "", "2017-12-31": 0, "2017-09-30": 0, "2017-06-30": 0, "2017-03-31": "", "2016-12-31": 0, "2016-09-30": 0, "2016-06-30": 0, "2016-03-31": "", "2015-12-31": -4.823, "2015-09-30": 1.593, "2014-12-31": -1.03, "2013-12-31": -0.64}, "Cash Flow From Investing Activities": {"2020-09-30": -14.062, "2020-06-30": -12.644, "2020-03-31": "-37.46900", "2019-12-31": -2.804, "2019-09-30": -50.615, "2019-06-30": 10.861, "2019-03-31": "17.98400", "2018-12-31": -21.155, "2018-09-30": -26.494, "2018-06-30": 7.364, "2018-03-31": "-8.12800", "2017-12-31": -20.653, "2017-09-30": -13.209, "2017-06-30": -14.165, "2017-03-31": "-22.94500", "2016-12-31": -3.987, "2016-09-30": -1.647, "2016-06-30": -1.571, "2016-03-31": "-1.81500", "2015-12-31": -1.346, "2015-09-30": -1.924, "2014-12-31": -2.8, "2013-12-31": -1.33}, "Net Long-Term Debt": {"2020-09-30": 0, "2020-06-30": 0, "2020-03-31": "", "2019-12-31": 397.989, "2019-09-30": 0, "2019-06-30": 0, "2019-03-31": "", "2018-12-31": 0, "2018-09-30": 0, "2018-06-30": 0, "2018-03-31": "", "2017-12-31": 115, "2017-09-30": 0, "2017-06-30": 0, "2017-03-31": "", "2016-12-31": 0, "2016-09-30": -5, "2016-06-30": -0.026, "2016-03-31": "-2.05000", "2015-12-31": -4.926, "2015-09-30": 4.926, "2014-12-31": 0, "2013-12-31": 0}, "Net Current Debt": {"2020-09-30": 0, "2020-06-30": 0, "2020-03-31": "", "2019-12-31": 0, "2019-09-30": 0, "2019-06-30": 0, "2019-03-31": "", "2018-12-31": 0, "2018-09-30": 0, "2018-06-30": 0, "2018-03-31": "", "2017-12-31": 0, "2017-09-30": 0, "2017-06-30": 0, "2017-03-31": "", "2016-12-31": 0, "2016-09-30": -10.5, "2016-06-30": 0.5, "2016-03-31": "", "2015-12-31": 7, "2015-09-30": 0.36, "2014-12-31": 0.84, "2013-12-31": -1.2}, "Debt Issuance/Retirement Net - Total": {"2020-09-30": 0, "2020-06-30": 0, "2020-03-31": "", "2019-12-31": 397.989, "2019-09-30": 0, "2019-06-30": 0, "2019-03-31": "", "2018-12-31": 0, "2018-09-30": 0, "2018-06-30": 0, "2018-03-31": "", "2017-12-31": 115, "2017-09-30": 0, "2017-06-30": 0, "2017-03-31": "", "2016-12-31": 0, "2016-09-30": -15.5, "2016-06-30": 0.474, "2016-03-31": "-2.05000", "2015-12-31": -1.806, "2015-09-30": 6.896, "2014-12-31": -1.8, "2013-12-31": -0.17}, "Net Common Equity Issued/Repurchased": {"2020-09-30": 3.858, "2020-06-30": 1.596, "2020-03-31": "4.69900", "2019-12-31": 1.589, "2019-09-30": 3.389, "2019-06-30": 4.736, "2019-03-31": "149.14400", "2018-12-31": 1.118, "2018-09-30": 3.863, "2018-06-30": 4.369, "2018-03-31": "2.34700", "2017-12-31": -0.09, "2017-09-30": 1.658, "2017-06-30": 11.547, "2017-03-31": "0.86600", "2016-12-31": 0.002, "2016-09-30": 70.338, "2016-06-30": 0.127, "2016-03-31": "0.05800", "2015-12-31": 1.466, "2015-09-30": -1.466, "2014-12-31": 0, "2013-12-31": 0}, "Net Total Equity Issued/Repurchased": {"2020-09-30": 3.858, "2020-06-30": 1.596, "2020-03-31": "4.69900", "2019-12-31": 1.589, "2019-09-30": 3.389, "2019-06-30": 4.736, "2019-03-31": "149.14400", "2018-12-31": 1.118, "2018-09-30": 3.863, "2018-06-30": 4.369, "2018-03-31": "2.34700", "2017-12-31": -0.09, "2017-09-30": 1.658, "2017-06-30": 11.547, "2017-03-31": "0.86600", "2016-12-31": 0.002, "2016-09-30": 70.338, "2016-06-30": 0.127, "2016-03-31": "0.05800", "2015-12-31": 0.016, "2015-09-30": -1.686, "2014-12-31": 0.2, "2013-12-31": 0.02}, "Total Common And Preferred Stock Dividends Paid": {"2020-09-30": 0, "2020-06-30": 0, "2020-03-31": "", "2019-12-31": 0, "2019-09-30": 0, "2019-06-30": 0, "2019-03-31": "", "2018-12-31": 0, "2018-09-30": 0, "2018-06-30": 0, "2018-03-31": "", "2017-12-31": 0, "2017-09-30": 0, "2017-06-30": 0, "2017-03-31": "", "2016-12-31": 0, "2016-09-30": 0, "2016-06-30": 0, "2016-03-31": "", "2015-12-31": 0, "2015-09-30": 0, "2014-12-31": 0, "2013-12-31": 0}, "Financial Activities - Other": {"2020-09-30": -3.342, "2020-06-30": -0.527, "2020-03-31": "-0.53100", "2019-12-31": -57.667, "2019-09-30": -4.082, "2019-06-30": -0.491, "2019-03-31": "-0.50600", "2018-12-31": -0.042, "2018-09-30": -4.269, "2018-06-30": -3.181, "2018-03-31": "-1.10600", "2017-12-31": -15.844, "2017-09-30": -3.933, "2017-06-30": -0.431, "2017-03-31": "-0.29800", "2016-12-31": -0.588, "2016-09-30": -0.29, "2016-06-30": -0.002, "2016-03-31": "-1.09900", "2015-12-31": -0.248, "2015-09-30": -1.202, "2014-12-31": 0, "2013-12-31": 0}, "Cash Flow From Financial Activities": {"2020-09-30": 0.516, "2020-06-30": 1.069, "2020-03-31": "4.16800", "2019-12-31": 341.911, "2019-09-30": -0.693, "2019-06-30": 4.245, "2019-03-31": "148.63800", "2018-12-31": 1.076, "2018-09-30": -0.406, "2018-06-30": 1.188, "2018-03-31": "1.24100", "2017-12-31": 99.066, "2017-09-30": -2.275, "2017-06-30": 11.116, "2017-03-31": "0.56800", "2016-12-31": -0.586, "2016-09-30": 54.548, "2016-06-30": 0.599, "2016-03-31": "-3.09100", "2015-12-31": 4.952, "2015-09-30": 4.378, "2014-12-31": -0.77, "2013-12-31": -1.35}, "Net Cash Flow": {"2020-09-30": -14.065, "2020-06-30": -15.198, "2020-03-31": "-33.16600", "2019-12-31": 340.547, "2019-09-30": -39.14, "2019-06-30": 2.906, "2019-03-31": "175.28100", "2018-12-31": -16.226, "2018-09-30": -26.305, "2018-06-30": -1.034, "2018-03-31": "0.58200", "2017-12-31": 79.126, "2017-09-30": -8.908, "2017-06-30": -6.846, "2017-03-31": "-21.08600", "2016-12-31": -1.531, "2016-09-30": 61.248, "2016-06-30": -4.047, "2016-03-31": "-3.48300", "2015-12-31": 3.892, "2015-09-30": -1.102, "2014-12-31": 0.05, "2013-12-31": 1.32}, "Stock-Based Compensation": {"2020-09-30": 13.351, "2020-06-30": 11.278, "2020-03-31": "10.31000", "2019-12-31": 9.395, "2019-09-30": 8.301, "2019-06-30": 8.008, "2019-03-31": "7.78500", "2018-12-31": 5.582, "2018-09-30": 3.495, "2018-06-30": 9.926, "2018-03-31": "6.58600", "2017-12-31": 4.38, "2017-09-30": 2.794, "2017-06-30": 1.089, "2017-03-31": "0.95500", "2016-12-31": 0.929, "2016-09-30": 0.749, "2016-06-30": 0.721, "2016-03-31": "0.65700", "2015-12-31": -0.9, "2015-09-30": 0.9, "2014-12-31": 0, "2013-12-31": 0}, "Common Stock Dividends Paid": {"2020-09-30": 0, "2020-06-30": 0, "2020-03-31": "", "2019-12-31": 0, "2019-09-30": 0, "2019-06-30": 0, "2019-03-31": "", "2018-12-31": 0, "2018-09-30": 0, "2018-06-30": 0, "2018-03-31": "", "2017-12-31": 0, "2017-09-30": 0, "2017-06-30": 0, "2017-03-31": "", "2016-12-31": 0, "2016-09-30": 0, "2016-06-30": 0, "2016-03-31": "", "2015-12-31": 0, "2015-09-30": 0, "2014-12-31": 0, "2013-12-31": 0}}, "financial ratios": {"Current Ratio": {"2019-12-31": "3.69100", "2018-12-31": "1.35380", "2017-12-31": "2.10970", "2016-12-31": "1.29950", "2015-12-31": "0.55240", "2014-12-31": "0.40200", "2013-12-31": ""}, "Long-term Debt / Capital": {"2019-12-31": "0.66140", "2018-12-31": "0.69060", "2017-12-31": "0.61510", "2016-12-31": "", "2015-12-31": "-7.32090", "2014-12-31": "", "2013-12-31": ""}, "Debt/Equity Ratio": {"2019-12-31": "1.95310", "2018-12-31": "2.24210", "2017-12-31": "1.59810", "2016-12-31": "", "2015-12-31": "-1.05730", "2014-12-31": "-1.28830", "2013-12-31": ""}, "Gross Margin": {"2019-12-31": "68.37200", "2018-12-31": "68.17680", "2017-12-31": "69.81080", "2016-12-31": "69.07190", "2015-12-31": "66.29940", "2014-12-31": "71.50230", "2013-12-31": "71.04190"}, "Operating Margin": {"2019-12-31": "-23.51030", "2018-12-31": "-28.61500", "2017-12-31": "-18.48070", "2016-12-31": "-14.08790", "2015-12-31": "-18.37020", "2014-12-31": "-0.67420", "2013-12-31": "-1.34150"}, "EBIT Margin": {"2019-12-31": "-23.51030", "2018-12-31": "-28.61500", "2017-12-31": "-18.48070", "2016-12-31": "-14.08790", "2015-12-31": "-18.37020", "2014-12-31": "-0.67420", "2013-12-31": "-1.34150"}, "EBITDA Margin": {"2019-12-31": "-9.74450", "2018-12-31": "-15.58600", "2017-12-31": "-3.00040", "2016-12-31": "2.83680", "2015-12-31": "-8.19310", "2014-12-31": "5.24740", "2013-12-31": "6.83090"}, "Pre-Tax Profit Margin": {"2019-12-31": "-25.79870", "2018-12-31": "-31.76130", "2017-12-31": "-18.77010", "2016-12-31": "-14.71780", "2015-12-31": "-19.39030", "2014-12-31": "-1.67840", "2013-12-31": "-2.56660"}, "Net Profit Margin": {"2019-12-31": "-26.01030", "2018-12-31": "-32.30250", "2017-12-31": "-18.81520", "2016-12-31": "-14.68650", "2015-12-31": "-18.43320", "2014-12-31": "-1.46860", "2013-12-31": "-2.95940"}, "Asset Turnover": {"2019-12-31": "0.23990", "2018-12-31": "0.56100", "2017-12-31": "0.44140", "2016-12-31": "0.70940", "2015-12-31": "1.09740", "2014-12-31": "1.05880", "2013-12-31": ""}, "Inventory Turnover Ratio": {"2019-12-31": "", "2018-12-31": "", "2017-12-31": "", "2016-12-31": "", "2015-12-31": "", "2014-12-31": "", "2013-12-31": ""}, "Receiveable Turnover": {"2019-12-31": "2.92650", "2018-12-31": "3.57830", "2017-12-31": "3.29200", "2016-12-31": "4.31430", "2015-12-31": "3.74040", "2014-12-31": "3.77010", "2013-12-31": ""}, "Days Sales In Receivables": {"2019-12-31": "124.72160", "2018-12-31": "102.00320", "2017-12-31": "110.87600", "2016-12-31": "84.60270", "2015-12-31": "97.58410", "2014-12-31": "96.81480", "2013-12-31": ""}, "ROE - Return On Equity": {"2019-12-31": "-23.71640", "2018-12-31": "-112.70700", "2017-12-31": "-35.06640", "2016-12-31": "-26.64810", "2015-12-31": "67.40140", "2014-12-31": "11.67760", "2013-12-31": ""}, "Return On Tangible Equity": {"2019-12-31": "-84.55920", "2018-12-31": "161.50020", "2017-12-31": "-122.49050", "2016-12-31": "-39.27480", "2015-12-31": "38.64470", "2014-12-31": "3.29820", "2013-12-31": ""}, "ROA - Return On Assets": {"2019-12-31": "-6.24030", "2018-12-31": "-18.12310", "2017-12-31": "-8.30500", "2016-12-31": "-10.41890", "2015-12-31": "-20.22840", "2014-12-31": "-1.55490", "2013-12-31": ""}, "ROI - Return On Investment": {"2019-12-31": "-8.03110", "2018-12-31": "-34.87210", "2017-12-31": "-13.49680", "2016-12-31": "-26.64810", "2015-12-31": "561.11940", "2014-12-31": "11.69510", "2013-12-31": ""}, "Book Value Per Share": {"2019-12-31": "6.50870", "2018-12-31": "1.41950", "2017-12-31": "1.97640", "2016-12-31": "1.55990", "2015-12-31": "-1.30800", "2014-12-31": "-0.42960", "2013-12-31": ""}, "Operating Cash Flow Per Share": {"2019-12-31": 0.1979, "2018-12-31": -0.0613, "2017-12-31": -0.3959, "2016-12-31": 0.2073, "2015-12-31": -0.2914, "2014-12-31": 0.2924, "2013-12-31": 0.3621}, "Free Cash Flow Per Share": {"2019-12-31": 0.1326, "2018-12-31": -0.0606, "2017-12-31": -0.3975, "2016-12-31": 0.3532, "2015-12-31": -0.3127, "2014-12-31": 0.1719, "2013-12-31": 0.2998}}, "financial ratios, quarterly": {"Current Ratio": {"2020-09-30": "2.83180", "2020-06-30": "3.15100", "2020-03-31": "3.12800", "2019-12-31": "3.69100", "2019-09-30": "1.76030", "2019-06-30": "2.39740", "2019-03-31": "2.41710", "2018-12-31": "1.35380", "2018-09-30": "1.46460", "2018-06-30": "1.49610", "2018-03-31": "2.02510", "2017-12-31": "2.10970", "2017-09-30": "0.95280", "2017-06-30": "0.94350", "2017-03-31": "0.81620", "2016-12-31": "1.29950", "2016-09-30": "1.37730", "2016-06-30": "", "2016-03-31": "", "2015-12-31": "", "2015-09-30": "", "2014-12-31": "", "2013-12-31": ""}, "Long-term Debt / Capital": {"2020-09-30": "0.64450", "2020-06-30": "0.65330", "2020-03-31": "0.65110", "2019-12-31": "0.66140", "2019-09-30": "0.31650", "2019-06-30": "0.34220", "2019-03-31": "0.34070", "2018-12-31": "0.69060", "2018-09-30": "0.66070", "2018-06-30": "0.63460", "2018-03-31": "0.59970", "2017-12-31": "0.61510", "2017-09-30": "", "2017-06-30": "", "2017-03-31": "", "2016-12-31": "", "2016-09-30": "", "2016-06-30": "", "2016-03-31": "", "2015-12-31": "", "2015-09-30": "", "2014-12-31": "", "2013-12-31": ""}, "Debt/Equity Ratio": {"2020-09-30": "1.81280", "2020-06-30": "1.88440", "2020-03-31": "1.86600", "2019-12-31": "1.95310", "2019-09-30": "0.46310", "2019-06-30": "0.52020", "2019-03-31": "0.51870", "2018-12-31": "2.24210", "2018-09-30": "1.95600", "2018-06-30": "1.74490", "2018-03-31": "1.49780", "2017-12-31": "1.59810", "2017-09-30": "", "2017-06-30": "", "2017-03-31": "", "2016-12-31": "", "2016-09-30": "", "2016-06-30": "", "2016-03-31": "", "2015-12-31": "", "2015-09-30": "", "2014-12-31": "", "2013-12-31": ""}, "Gross Margin": {"2020-09-30": "70.69020", "2020-06-30": "70.29080", "2020-03-31": "64.53480", "2019-12-31": "67.85030", "2019-09-30": "68.68710", "2019-06-30": "69.55070", "2019-03-31": "67.34860", "2018-12-31": "68.15050", "2018-09-30": "68.41110", "2018-06-30": "67.80750", "2018-03-31": "68.34760", "2017-12-31": "70.74900", "2017-09-30": "70.43060", "2017-06-30": "71.06830", "2017-03-31": "66.49450", "2016-12-31": "69.72280", "2016-09-30": "69.02970", "2016-06-30": "69.42630", "2016-03-31": "67.92430", "2015-12-31": "", "2015-09-30": "65.99070", "2014-12-31": "", "2013-12-31": ""}, "Operating Margin": {"2020-09-30": "-24.89340", "2020-06-30": "-22.21420", "2020-03-31": "-36.77420", "2019-12-31": "-17.88620", "2019-09-30": "-23.06890", "2019-06-30": "-23.99550", "2019-03-31": "-31.00490", "2018-12-31": "-20.10380", "2018-09-30": "-18.49450", "2018-06-30": "-43.41190", "2018-03-31": "-35.82030", "2017-12-31": "-17.76180", "2017-09-30": "-16.07720", "2017-06-30": "-14.06420", "2017-03-31": "-27.11000", "2016-12-31": "-12.20390", "2016-09-30": "-12.18640", "2016-06-30": "-13.74090", "2016-03-31": "-19.03450", "2015-12-31": "", "2015-09-30": "-23.88230", "2014-12-31": "", "2013-12-31": ""}, "EBIT Margin": {"2020-09-30": "-24.89340", "2020-06-30": "-22.21420", "2020-03-31": "-36.77420", "2019-12-31": "-17.88620", "2019-09-30": "-23.06890", "2019-06-30": "-23.99550", "2019-03-31": "-31.00490", "2018-12-31": "-20.10380", "2018-09-30": "-18.49450", "2018-06-30": "-43.41190", "2018-03-31": "-35.82030", "2017-12-31": "-17.76180", "2017-09-30": "-16.07720", "2017-06-30": "-14.06420", "2017-03-31": "-27.11000", "2016-12-31": "-12.20390", "2016-09-30": "-12.18640", "2016-06-30": "-13.74090", "2016-03-31": "-19.03450", "2015-12-31": "", "2015-09-30": "-23.88230", "2014-12-31": "", "2013-12-31": ""}, "EBITDA Margin": {"2020-09-30": "", "2020-06-30": "", "2020-03-31": "", "2019-12-31": "", "2019-09-30": "", "2019-06-30": "", "2019-03-31": "", "2018-12-31": "", "2018-09-30": "", "2018-06-30": "", "2018-03-31": "", "2017-12-31": "", "2017-09-30": "", "2017-06-30": "", "2017-03-31": "", "2016-12-31": "", "2016-09-30": "", "2016-06-30": "", "2016-03-31": "", "2015-12-31": "", "2015-09-30": "", "2014-12-31": "", "2013-12-31": ""}, "Pre-Tax Profit Margin": {"2020-09-30": "-33.58600", "2020-06-30": "-31.69920", "2020-03-31": "-44.28860", "2019-12-31": "-23.17940", "2019-09-30": "-24.40100", "2019-06-30": "-24.63590", "2019-03-31": "-32.32210", "2018-12-31": "-22.42520", "2018-09-30": "-21.48750", "2018-06-30": "-46.70040", "2018-03-31": "-40.12580", "2017-12-31": "-19.37280", "2017-09-30": "-15.78060", "2017-06-30": "-13.78840", "2017-03-31": "-27.03120", "2016-12-31": "-12.11000", "2016-09-30": "-13.01430", "2016-06-30": "-14.86130", "2016-03-31": "-19.80200", "2015-12-31": "", "2015-09-30": "-25.06750", "2014-12-31": "", "2013-12-31": ""}, "Net Profit Margin": {"2020-09-30": "-33.96910", "2020-06-30": "-29.39870", "2020-03-31": "-43.09850", "2019-12-31": "-22.99380", "2019-09-30": "-24.58940", "2019-06-30": "-24.92100", "2019-03-31": "-33.00870", "2018-12-31": "-23.44120", "2018-09-30": "-21.70840", "2018-06-30": "-47.22800", "2018-03-31": "-40.44040", "2017-12-31": "-19.75670", "2017-09-30": "-15.49140", "2017-06-30": "-13.73650", "2017-03-31": "-27.14940", "2016-12-31": "-12.34960", "2016-09-30": "-13.18990", "2016-06-30": "-15.10370", "2016-03-31": "-18.89390", "2015-12-31": "", "2015-09-30": "-23.84280", "2014-12-31": "", "2013-12-31": ""}, "Asset Turnover": {"2020-09-30": "0.07660", "2020-06-30": "0.07370", "2020-03-31": "0.06640", "2019-12-31": "0.06820", "2019-09-30": "0.10950", "2019-06-30": "0.11400", "2019-03-31": "0.10040", "2018-12-31": "0.15950", "2018-09-30": "0.15290", "2018-06-30": "0.14250", "2018-03-31": "0.12360", "2017-12-31": "0.12340", "2017-09-30": "0.20990", "2017-06-30": "0.19690", "2017-03-31": "0.20050", "2016-12-31": "0.19650", "2016-09-30": "0.18660", "2016-06-30": "", "2016-03-31": "", "2015-12-31": "", "2015-09-30": "", "2014-12-31": "", "2013-12-31": ""}, "Inventory Turnover Ratio": {"2020-09-30": "", "2020-06-30": "", "2020-03-31": "", "2019-12-31": "", "2019-09-30": "", "2019-06-30": "", "2019-03-31": "", "2018-12-31": "", "2018-09-30": "", "2018-06-30": "", "2018-03-31": "", "2017-12-31": "", "2017-09-30": "", "2017-06-30": "", "2017-03-31": "", "2016-12-31": "", "2016-09-30": "", "2016-06-30": "", "2016-03-31": "", "2015-12-31": "", "2015-09-30": "", "2014-12-31": "", "2013-12-31": ""}, "Receiveable Turnover": {"2020-09-30": "0.88050", "2020-06-30": "0.96460", "2020-03-31": "0.83240", "2019-12-31": "0.83200", "2019-09-30": "1.01400", "2019-06-30": "1.14160", "2019-03-31": "1.20900", "2018-12-31": "1.01750", "2018-09-30": "1.05110", "2018-06-30": "1.08340", "2018-03-31": "1.36290", "2017-12-31": "0.92040", "2017-09-30": "1.22620", "2017-06-30": "1.14380", "2017-03-31": "1.52420", "2016-12-31": "1.19470", "2016-09-30": "1.24610", "2016-06-30": "", "2016-03-31": "", "2015-12-31": "", "2015-09-30": "", "2014-12-31": "", "2013-12-31": ""}, "Days Sales In Receivables": {"2020-09-30": "102.21500", "2020-06-30": "93.29840", "2020-03-31": "108.12220", "2019-12-31": "108.17140", "2019-09-30": "88.76170", "2019-06-30": "78.83480", "2019-03-31": "74.43990", "2018-12-31": "88.44870", "2018-09-30": "85.62540", "2018-06-30": "83.07070", "2018-03-31": "66.03660", "2017-12-31": "97.78610", "2017-09-30": "73.39520", "2017-06-30": "78.68750", "2017-03-31": "59.04920", "2016-12-31": "75.33270", "2016-09-30": "72.22310", "2016-06-30": "", "2016-03-31": "", "2015-12-31": "", "2015-09-30": "", "2014-12-31": "", "2013-12-31": ""}, "ROE - Return On Equity": {"2020-09-30": "-9.84040", "2020-06-30": "-8.20860", "2020-03-31": "-10.87120", "2019-12-31": "-5.96060", "2019-09-30": "-6.12090", "2019-06-30": "-6.50160", "2019-03-31": "-7.66360", "2018-12-31": "-23.25780", "2018-09-30": "-17.70640", "2018-06-30": "-32.01920", "2018-03-31": "-20.40070", "2017-12-31": "-10.29450", "2017-09-30": "-8.96890", "2017-06-30": "-7.35230", "2017-03-31": "-16.31030", "2016-12-31": "-6.20510", "2016-09-30": "-5.97080", "2016-06-30": "", "2016-03-31": "", "2015-12-31": "", "2015-09-30": "", "2014-12-31": "", "2013-12-31": ""}, "Return On Tangible Equity": {"2020-09-30": "66.32590", "2020-06-30": "219.58170", "2020-03-31": "-320.84230", "2019-12-31": "-21.25230", "2019-09-30": "-25.96250", "2019-06-30": "-11.08410", "2019-03-31": "-12.34860", "2018-12-31": "33.32650", "2018-09-30": "30.82930", "2018-06-30": "70.33640", "2018-03-31": "-57.48760", "2017-12-31": "-35.95980", "2017-09-30": "-66.81930", "2017-06-30": "-63.56570", "2017-03-31": "157.81180", "2016-12-31": "-9.14530", "2016-09-30": "-7.85860", "2016-06-30": "", "2016-03-31": "", "2015-12-31": "", "2015-09-30": "", "2014-12-31": "", "2013-12-31": ""}, "ROA - Return On Assets": {"2020-09-30": "-2.60110", "2020-06-30": "-2.16810", "2020-03-31": "-2.86160", "2019-12-31": "-1.56840", "2019-09-30": "-2.69350", "2019-06-30": "-2.84120", "2019-03-31": "-3.31300", "2018-12-31": "-3.73980", "2018-09-30": "-3.31910", "2018-06-30": "-6.72830", "2018-03-31": "-4.99990", "2017-12-31": "-2.43810", "2017-09-30": "-3.25160", "2017-06-30": "-2.70510", "2017-03-31": "-5.44230", "2016-12-31": "-2.42610", "2016-09-30": "-2.46180", "2016-06-30": "", "2016-03-31": "", "2015-12-31": "", "2015-09-30": "", "2014-12-31": "", "2013-12-31": ""}, "ROI - Return On Investment": {"2020-09-30": "-3.49840", "2020-06-30": "-2.84580", "2020-03-31": "-3.79320", "2019-12-31": "-2.01850", "2019-09-30": "-4.18340", "2019-06-30": "-4.27670", "2019-03-31": "-5.05280", "2018-12-31": "-7.19610", "2018-09-30": "-6.00830", "2018-06-30": "-11.70050", "2018-03-31": "-8.16740", "2017-12-31": "-3.96230", "2017-09-30": "-8.96890", "2017-06-30": "-7.35230", "2017-03-31": "-16.31030", "2016-12-31": "-6.20510", "2016-09-30": "-5.97080", "2016-06-30": "", "2016-03-31": "", "2015-12-31": "", "2015-09-30": "", "2014-12-31": "", "2013-12-31": ""}, "Book Value Per Share": {"2020-09-30": "7.03860", "2020-06-30": "6.79390", "2020-03-31": "6.79830", "2019-12-31": "6.50870", "2019-09-30": "6.24940", "2019-06-30": "5.59700", "2019-03-31": "5.60880", "2018-12-31": "1.41950", "2018-09-30": "1.61090", "2018-06-30": "1.80580", "2018-03-31": "2.10630", "2017-12-31": "1.97640", "2017-09-30": "1.67270", "2017-06-30": "1.67010", "2017-03-31": "1.39610", "2016-12-31": "1.55990", "2016-09-30": "1.62190", "2016-06-30": "", "2016-03-31": "", "2015-12-31": "", "2015-09-30": "", "2014-12-31": "", "2013-12-31": ""}, "Operating Cash Flow Per Share": {"2020-09-30": -0.0143, "2020-06-30": -0.1127, "2020-03-31": "0.02350", "2019-12-31": 0.047, "2019-09-30": 0.3698, "2019-06-30": -0.3749, "2019-03-31": "0.26920", "2018-12-31": 0.1395, "2018-09-30": 0.024, "2018-06-30": -0.3143, "2018-03-31": "0.26400", "2017-12-31": 0.0187, "2017-09-30": 0.2404, "2017-06-30": -0.1383, "2017-03-31": "0.05370", "2016-12-31": 0.128, "2016-09-30": 0.5799, "2016-06-30": -0.2512, "2016-03-31": "0.11370", "2015-12-31": -0.334, "2015-09-30": 0.334, "2014-12-31": 0, "2013-12-31": 0}, "Free Cash Flow Per Share": {"2020-09-30": -0.0412, "2020-06-30": -0.1315, "2020-03-31": "0.00810", "2019-12-31": 0.0203, "2019-09-30": 0.3548, "2019-06-30": -0.3717, "2019-03-31": "0.18330", "2018-12-31": 0.1095, "2018-09-30": 0.0093, "2018-06-30": -0.3198, "2018-03-31": "0.25510", "2017-12-31": 0.0064, "2017-09-30": 0.211, "2017-06-30": -0.1482, "2017-03-31": "0.04550", "2016-12-31": 0.1198, "2016-09-30": 0.558, "2016-06-30": -0.2628, "2016-03-31": "0.09720", "2015-12-31": -0.1439, "2015-09-30": 0.1439, "2014-12-31": 0, "2013-12-31": 0}}, "revenue": {"Everbridge Annual Revenue (Millions of US $)": {"2019": "$201", "2018": "$147", "2017": "$104", "2016": "$77", "2015": "$59", "2014": "$42", "2013": "$30"}, "Everbridge Quarterly Revenue (Millions of US $)": {"2020-09-30": "$71", "2020-06-30": "$65", "2020-03-31": "$59", "2019-12-31": "$57", "2019-09-30": "$53", "2019-06-30": "$48", "2019-03-31": "$43", "2018-12-31": "$42", "2018-09-30": "$39", "2018-06-30": "$36", "2018-03-31": "$31", "2017-12-31": "$29", "2017-09-30": "$27", "2017-06-30": "$25", "2017-03-31": "$23", "2016-12-31": "$21", "2016-09-30": "$20", "2016-06-30": "$19", "2016-03-31": "$17", "2015-12-31": "", "2015-09-30": "$15", "2014-12-31": "", "2013-12-31": ""}}, "gross-profit": {"Everbridge Annual Gross Profit (Millions of US $)": {"2019": "$137", "2018": "$100", "2017": "$73", "2016": "$53", "2015": "$39", "2014": "$30", "2013": "$21"}, "Everbridge Quarterly Gross Profit (Millions of US $)": {"2020-09-30": "$50", "2020-06-30": "$46", "2020-03-31": "$38", "2019-12-31": "$39", "2019-09-30": "$36", "2019-06-30": "$34", "2019-03-31": "$29", "2018-12-31": "$29", "2018-09-30": "$27", "2018-06-30": "$24", "2018-03-31": "$21", "2017-12-31": "$21", "2017-09-30": "$19", "2017-06-30": "$18", "2017-03-31": "$15", "2016-12-31": "$15", "2016-09-30": "$14", "2016-06-30": "$13", "2016-03-31": "$12", "2015-12-31": "", "2015-09-30": "$10", "2014-12-31": "", "2013-12-31": ""}}, "operating-income": {"Everbridge Annual Operating Income (Millions of US $)": {"2019": "$-47", "2018": "$-42", "2017": "$-19", "2016": "$-11", "2015": "$-11", "2014": "$-0", "2013": "$-0"}, "Everbridge Quarterly Operating Income (Millions of US $)": {"2020-09-30": "$-18", "2020-06-30": "$-15", "2020-03-31": "$-22", "2019-12-31": "$-10", "2019-09-30": "$-12", "2019-06-30": "$-12", "2019-03-31": "$-13", "2018-12-31": "$-8", "2018-09-30": "$-7", "2018-06-30": "$-16", "2018-03-31": "$-11", "2017-12-31": "$-5", "2017-09-30": "$-4", "2017-06-30": "$-4", "2017-03-31": "$-6", "2016-12-31": "$-3", "2016-09-30": "$-2", "2016-06-30": "$-3", "2016-03-31": "$-3", "2015-12-31": "", "2015-09-30": "$-4", "2014-12-31": "", "2013-12-31": ""}}, "ebitda": {"Everbridge Annual EBITDA (Millions of US $)": {"2019": "$-20", "2018": "$-23", "2017": "$-3", "2016": "$2", "2015": "$-5", "2014": "$2", "2013": "$2"}, "Everbridge Quarterly EBITDA (Millions of US $)": {"2020-09-30": "$-6", "2020-06-30": "$-4", "2020-03-31": "$-12", "2019-12-31": "$-1", "2019-09-30": "$-5", "2019-06-30": "$-6", "2019-03-31": "$-8", "2018-12-31": "$-3", "2018-09-30": "$-2", "2018-06-30": "$-11", "2018-03-31": "$-7", "2017-12-31": "$-1", "2017-09-30": "$-1", "2017-06-30": "$0", "2017-03-31": "$-2", "2016-12-31": "$5", "2016-09-30": "$-0", "2016-06-30": "$-1", "2016-03-31": "$-1", "2015-12-31": "", "2015-09-30": "$-4", "2014-12-31": "", "2013-12-31": ""}}, "net-income": {"Everbridge Annual Net Income (Millions of US $)": {"2019": "$-52", "2018": "$-48", "2017": "$-20", "2016": "$-11", "2015": "$-11", "2014": "$-1", "2013": "$-1"}, "Everbridge Quarterly Net Income (Millions of US $)": {"2020-09-30": "$-24", "2020-06-30": "$-19", "2020-03-31": "$-25", "2019-12-31": "$-13", "2019-09-30": "$-13", "2019-06-30": "$-12", "2019-03-31": "$-14", "2018-12-31": "$-10", "2018-09-30": "$-8", "2018-06-30": "$-17", "2018-03-31": "$-12", "2017-12-31": "$-6", "2017-09-30": "$-4", "2017-06-30": "$-3", "2017-03-31": "$-6", "2016-12-31": "$-3", "2016-09-30": "$-3", "2016-06-30": "$-3", "2016-03-31": "$-3", "2015-12-31": "", "2015-09-30": "$-4", "2014-12-31": "", "2013-12-31": ""}}, "eps-earnings-per-share-diluted": {"Everbridge Annual EPS": {"2019": "$-1.58", "2018": "$-1.63", "2017": "$-0.70", "2016": "$-0.68", "2015": "$-0.88", "2014": "$-0.05", "2013": "$-0.08"}, "Everbridge Quarterly EPS": {"2020-09-30": "$-0.70", "2020-06-30": "$-0.56", "2020-03-31": "$-0.74", "2019-12-31": "$-0.38", "2019-09-30": "$-0.39", "2019-06-30": "$-0.37", "2019-03-31": "$-0.44", "2018-12-31": "$-0.32", "2018-09-30": "$-0.29", "2018-06-30": "$-0.59", "2018-03-31": "$-0.43", "2017-12-31": "$-0.20", "2017-09-30": "$-0.15", "2017-06-30": "$-0.12", "2017-03-31": "$-0.23", "2016-12-31": "$-0.01", "2016-09-30": "$-0.18", "2016-06-30": "$-0.23", "2016-03-31": "$-0.26", "2015-12-31": "$0.00", "2015-09-30": "$-0.30", "2014-12-31": "$0.00", "2013-12-31": "$0.00"}}, "shares-outstanding": {"Everbridge Annual Shares Outstanding (Millions of Shares)": {"2019": "33", "2018": "29", "2017": "28", "2016": "17", "2015": "12", "2014": "12", "2013": "11"}, "Everbridge Quarterly Shares Outstanding (Millions of Shares)": {"2020-09-30": "35", "2020-06-30": "34", "2020-03-31": "34", "2019-12-31": "33", "2019-09-30": "34", "2019-06-30": "33", "2019-03-31": "32", "2018-12-31": "29", "2018-09-30": "29", "2018-06-30": "29", "2018-03-31": "28", "2017-12-31": "28", "2017-09-30": "28", "2017-06-30": "28", "2017-03-31": "27", "2016-12-31": "17", "2016-09-30": "15", "2016-06-30": "12", "2016-03-31": "12", "2015-12-31": "", "2015-09-30": "12", "2014-12-31": "", "2013-12-31": ""}}, "total-assets": {"Everbridge Annual Total Assets (Millions of US $)": {"2019": "$837", "2018": "$262", "2017": "$236", "2016": "$108", "2015": "$54", "2014": "$40", "2013": "$0"}, "Everbridge Quarterly Total Assets (Millions of US $)": {"2020-09-30": "$931", "2020-06-30": "$886", "2020-03-31": "$887", "2019-12-31": "$837", "2019-09-30": "$480", "2019-06-30": "$425", "2019-03-31": "$427", "2018-12-31": "$262", "2018-09-30": "$255", "2018-06-30": "$251", "2018-03-31": "$247", "2017-12-31": "$236", "2017-09-30": "$130", "2017-06-30": "$127", "2017-03-31": "$114", "2016-12-31": "$108", "2016-09-30": "$107", "2016-06-30": "$0", "2016-03-31": "$0", "2015-12-31": "$0", "2015-09-30": "$0", "2014-12-31": "$40", "2013-12-31": "$0"}}, "cash-on-hand": {"Everbridge Annual Cash on Hand (Millions of US $)": {"2019": "$536", "2018": "$106", "2017": "$146", "2016": "$61", "2015": "$9", "2014": "$4", "2013": "$"}, "Everbridge Quarterly Cash on Hand (Millions of US $)": {"2020-09-30": "$474", "2020-06-30": "$488", "2020-03-31": "$503", "2019-12-31": "$536", "2019-09-30": "$196", "2019-06-30": "$239", "2019-03-31": "$258", "2018-12-31": "$106", "2018-09-30": "$103", "2018-06-30": "$106", "2018-03-31": "$152", "2017-12-31": "$146", "2017-09-30": "$48", "2017-06-30": "$46", "2017-03-31": "$40", "2016-12-31": "$61", "2016-09-30": "$62", "2016-06-30": "", "2016-03-31": "", "2015-12-31": "", "2015-09-30": "", "2014-12-31": "$4", "2013-12-31": ""}}, "long-term-debt": {"Everbridge Annual Long Term Debt (Millions of US $)": {"2019": "$430", "2018": "$94", "2017": "$89", "2016": "$", "2015": "$14", "2014": "$", "2013": "$"}, "Everbridge Quarterly Long Term Debt (Millions of US $)": {"2020-09-30": "$446", "2020-06-30": "$441", "2020-03-31": "$436", "2019-12-31": "$430", "2019-09-30": "$98", "2019-06-30": "$97", "2019-03-31": "$95", "2018-12-31": "$94", "2018-09-30": "$93", "2018-06-30": "$92", "2018-03-31": "$91", "2017-12-31": "$89", "2017-09-30": "", "2017-06-30": "", "2017-03-31": "", "2016-12-31": "", "2016-09-30": "", "2016-06-30": "", "2016-03-31": "", "2015-12-31": "", "2015-09-30": "", "2014-12-31": "", "2013-12-31": ""}}, "total-liabilities": {"Everbridge Annual Total Liabilities (Millions of US $)": {"2019": "$617", "2018": "$220", "2017": "$180", "2016": "$66", "2015": "$70", "2014": "$45", "2013": "$0"}, "Everbridge Quarterly Total Liabilities (Millions of US $)": {"2020-09-30": "$685", "2020-06-30": "$652", "2020-03-31": "$654", "2019-12-31": "$617", "2019-09-30": "$269", "2019-06-30": "$239", "2019-03-31": "$242", "2018-12-31": "$220", "2018-09-30": "$207", "2018-06-30": "$199", "2018-03-31": "$186", "2017-12-31": "$180", "2017-09-30": "$83", "2017-06-30": "$80", "2017-03-31": "$76", "2016-12-31": "$66", "2016-09-30": "$63", "2016-06-30": "$0", "2016-03-31": "$0", "2015-12-31": "", "2015-09-30": "$0", "2014-12-31": "$45", "2013-12-31": "$0"}}, "total-share-holder-equity": {"Everbridge Annual Share Holder Equity (Millions of US $)": {"2019": "$220", "2018": "$42", "2017": "$56", "2016": "$42", "2015": "$-16", "2014": "$-5", "2013": "$0"}, "Everbridge Quarterly Share Holder Equity (Millions of US $)": {"2020-09-30": "$246", "2020-06-30": "$234", "2020-03-31": "$234", "2019-12-31": "$220", "2019-09-30": "$211", "2019-06-30": "$186", "2019-03-31": "$184", "2018-12-31": "$42", "2018-09-30": "$48", "2018-06-30": "$53", "2018-03-31": "$60", "2017-12-31": "$56", "2017-09-30": "$47", "2017-06-30": "$47", "2017-03-31": "$38", "2016-12-31": "$42", "2016-09-30": "$44", "2016-06-30": "$0", "2016-03-31": "$0", "2015-12-31": "", "2015-09-30": "$0", "2014-12-31": "$-5", "2013-12-31": "$0"}}, "profit-margins": {"current": "-32.43%"}, "gross margin": {"2020-09-30": "68.65%", "2020-06-30": "67.95%", "2020-03-31": "67.74%", "2019-12-31": "68.66%", "2019-09-30": "68.82%", "2019-06-30": "69.19%", "2019-03-31": "68.13%", "2018-12-31": "68.24%", "2018-09-30": "68.89%", "2018-06-30": "69.11%", "2018-03-31": "70.54%", "2017-12-31": "70.19%", "2017-09-30": "69.79%", "2017-06-30": "69.66%", "2017-03-31": "68.67%", "2016-12-31": "70.13%", "2016-06-30": "68.63%"}, "operating margin": {"2020-09-30": "-25.79%", "2020-06-30": "-25.21%", "2020-03-31": "-25.81%", "2019-12-31": "-23.38%", "2019-09-30": "-24.19%", "2019-06-30": "-23.26%", "2019-03-31": "-27.50%", "2018-12-31": "-28.38%", "2018-09-30": "-28.89%", "2018-06-30": "-29.27%", "2018-03-31": "-21.43%", "2017-12-31": "-18.27%", "2017-09-30": "-17.71%", "2017-06-30": "-16.85%", "2017-03-31": "-16.87%", "2016-12-31": "-14.29%", "2016-06-30": "-19.61%"}, "ebitda margin": {"2020-09-30": "-9.13%", "2020-06-30": "-9.40%", "2020-03-31": "-11.06%", "2019-12-31": "-9.95%", "2019-09-30": "-11.83%", "2019-06-30": "-11.05%", "2019-03-31": "-15.00%", "2018-12-31": "-15.54%", "2018-09-30": "-15.56%", "2018-06-30": "-16.26%", "2018-03-31": "-8.04%", "2017-12-31": "-3.85%", "2017-09-30": "2.08%", "2017-06-30": "3.37%", "2017-03-31": "2.41%", "2016-12-31": "3.90%", "2016-06-30": "-11.76%"}, "pre tax profit margin": {"2020-09-30": "-33.33%", "2020-06-30": "-31.20%", "2020-03-31": "-29.49%", "2019-12-31": "-25.87%", "2019-09-30": "-25.81%", "2019-06-30": "-25.00%", "2019-03-31": "-30.00%", "2018-12-31": "-31.08%", "2018-09-30": "-31.85%", "2018-06-30": "-31.71%", "2018-03-31": "-22.32%", "2017-12-31": "-18.27%", "2017-09-30": "-16.67%", "2017-06-30": "-16.85%", "2017-03-31": "-18.07%", "2016-12-31": "-15.58%", "2016-06-30": "-19.61%"}, "net profit margin": {"2020-09-30": "-32.14%", "2020-06-30": "-29.91%", "2020-03-31": "-29.03%", "2019-12-31": "-25.87%", "2019-09-30": "-26.34%", "2019-06-30": "-25.58%", "2019-03-31": "-30.63%", "2018-12-31": "-31.76%", "2018-09-30": "-31.85%", "2018-06-30": "-31.71%", "2018-03-31": "-22.32%", "2017-12-31": "-18.27%", "2017-09-30": "-16.67%", "2017-06-30": "-16.85%", "2017-03-31": "-18.07%", "2016-12-31": "-15.58%", "2016-06-30": "-19.61%"}, "pe ratio": {"current": "0.00", "2021-02-05": "0.00", "2020-09-30": "0.00", "2020-06-30": "0.00", "2020-03-31": "0.00", "2019-12-31": "0.00", "2019-09-30": "0.00", "2019-06-30": "0.00", "2019-03-31": "0.00", "2018-12-31": "0.00", "2018-09-30": "0.00", "2018-06-30": "0.00", "2018-03-31": "0.00", "2017-12-31": "0.00", "2017-09-30": "0.00", "2017-06-30": "0.00"}, "price sales": {"2021-02-05": "19.33", "2020-09-30": "16.99", "2020-06-30": "20.00", "2020-03-31": "16.40", "2019-12-31": "12.84", "2019-09-30": "10.64", "2019-06-30": "16.11", "2019-03-31": "14.08", "2018-12-31": "11.19", "2018-09-30": "12.31", "2018-06-30": "10.94", "2018-03-31": "9.17", "2017-12-31": "7.91", "2017-09-30": "6.63", "2017-06-30": "5.58"}, "price book": {"current": "20.12", "2021-02-05": "20.33", "2020-09-30": "17.86", "2020-06-30": "20.37", "2020-03-31": "15.65", "2019-12-31": "12.00", "2019-09-30": "9.87", "2019-06-30": "15.98", "2019-03-31": "13.37", "2018-12-31": "39.99", "2018-09-30": "35.78", "2018-06-30": "26.26", "2018-03-31": "17.38", "2017-12-31": "15.04", "2017-09-30": "15.79", "2017-06-30": "14.59", "2017-03-31": "14.71", "2016-12-31": "11.83", "2016-09-30": "10.40"}, "price fcf": {"2021-02-05": "", "2020-09-30": "$-0.14", "2020-06-30": "$0.25", "2020-03-31": "$0.01", "2019-12-31": "$0.19", "2019-09-30": "$0.28", "2019-06-30": "$-0.07", "2019-03-31": "$-0.02", "2018-12-31": "$0.05", "2018-09-30": "$-0.05", "2018-06-30": "$0.15", "2018-03-31": "$0.32", "2017-12-31": "$0.11", "2017-09-30": "$0.23", "2017-06-30": "$0.41"}, "net worth": {"value": "$5B"}, "current ratio": {"current": "2.83", "2020-09-30": "2.83", "2020-06-30": "3.15", "2020-03-31": "3.13", "2019-12-31": "3.69", "2019-09-30": "1.76", "2019-06-30": "2.40", "2019-03-31": "2.42", "2018-12-31": "1.35", "2018-09-30": "1.47", "2018-06-30": "1.50", "2018-03-31": "2.03", "2017-12-31": "2.11", "2017-09-30": "0.95", "2017-06-30": "0.94", "2017-03-31": "0.82", "2016-12-31": "1.30", "2016-09-30": "1.38", "2016-06-30": "0.00", "2016-03-31": "0.00", "2015-12-31": "0.00", "2015-09-30": "0.00", "2014-12-31": "0.40", "2013-12-31": "0.00"}, "quick ratio": {"2020-09-30": "0.00", "2020-06-30": "0.00", "2020-03-31": "0.00", "2019-12-31": "0.00", "2019-09-30": "0.00", "2019-06-30": "0.00", "2019-03-31": "0.00", "2018-12-31": "0.00", "2018-09-30": "0.00", "2018-06-30": "0.00", "2018-03-31": "0.00", "2017-12-31": "0.00", "2017-09-30": "0.00", "2017-06-30": "0.00", "2017-03-31": "0.00", "2016-12-31": "0.00", "2016-09-30": "0.00", "2016-06-30": "0.00", "2016-03-31": "0.00", "2015-12-31": "0.00", "2015-09-30": "0.00", "2014-12-31": "0.00", "2013-12-31": "0.00"}, "debt equity ratio": {"current": "1.81", "2020-09-30": "2.78", "2020-06-30": "2.79", "2020-03-31": "2.80", "2019-12-31": "2.80", "2019-09-30": "1.27", "2019-06-30": "1.29", "2019-03-31": "1.31", "2018-12-31": "5.22", "2018-09-30": "4.34", "2018-06-30": "3.76", "2018-03-31": "3.08", "2017-12-31": "3.22", "2017-09-30": "1.76", "2017-06-30": "1.72", "2017-03-31": "2.00", "2016-12-31": "1.56", "2016-09-30": "1.43", "2016-06-30": "0.00", "2016-03-31": "0.00", "2015-12-31": "0.00", "2015-09-30": "0.00", "2014-12-31": "-8.53", "2013-12-31": "0.00"}, "return on equity": {"2020-09-30": "-34.69%", "2020-06-30": "-31.15%", "2020-03-31": "-29.61%", "2019-12-31": "-25.97%", "2019-09-30": "-31.46%", "2019-06-30": "-38.26%", "2019-03-31": "-59.94%", "2018-12-31": "-92.61%", "2018-09-30": "-79.26%", "2018-06-30": "-72.22%", "2018-03-31": "-47.62%", "2017-12-31": "-40.43%", "2017-09-30": "-36.78%", "2017-06-30": "-35.09%", "2017-03-31": "-48.39%", "2016-12-31": "-55.81%", "2016-06-30": "inf%"}, "return on assets": {"2020-09-30": "-9.15%", "2020-06-30": "-9.06%", "2020-03-31": "-9.59%", "2019-12-31": "-9.59%", "2019-09-30": "-12.30%", "2019-06-30": "-12.86%", "2019-03-31": "-16.40%", "2018-12-31": "-18.52%", "2018-09-30": "-17.39%", "2018-06-30": "-18.06%", "2018-03-31": "-13.51%", "2017-12-31": "-12.52%", "2017-09-30": "-13.36%", "2017-06-30": "-13.16%", "2017-03-31": "-18.24%", "2016-12-31": "-22.33%", "2016-06-30": "inf%"}, "return on investments": {"2020-09-30": "-9.68%", "2020-06-30": "-10.24%", "2020-03-31": "-11.72%", "2019-12-31": "-12.35%", "2019-09-30": "-17.87%", "2019-06-30": "-19.07%", "2019-03-31": "-25.07%", "2018-12-31": "-29.32%", "2018-09-30": "-26.80%", "2018-06-30": "-32.65%", "2018-03-31": "-32.43%", "2017-12-31": "-52.41%", "2017-09-30": "inf%", "2017-06-30": "inf%", "2017-03-31": "inf%", "2016-12-31": "inf%", "2016-06-30": "inf%"}, "return on tangible equity": {"2020-09-30": "-1296.00%", "2020-06-30": "-252.25%", "2020-03-31": "-110.04%", "2019-12-31": "-62.09%", "2019-09-30": "-80.33%", "2019-06-30": "-105.39%", "2019-03-31": "-576.47%", "2018-12-31": "318.64%", "2018-09-30": "1228.57%", "2018-06-30": "-821.05%", "2018-03-31": "-208.33%", "2017-12-31": "-330.43%", "2017-09-30": "-177.78%", "2017-06-30": "-95.24%", "2017-03-31": "-103.45%", "2016-12-31": "-77.42%", "2016-06-30": "inf%"}, "dividend yield history": {"last payout": "$0.00", "last yield": "0.00%"}}