{"ticker": "EVR", "price": {"title": "Evercore Inc Historical Annual Stock Price Data", "value": 114.81, "historical": {"2020": {"Average Stock Price": "67.8232", "Year Open": "75.7200", "Year High": "111.5700", "Year Low": "35.7500", "Year Close": "109.6400", "Annual % Change": "46.66%"}, "2019": {"Average Stock Price": "83.9090", "Year Open": "73.8400", "Year High": "98.0200", "Year Low": "73.3300", "Year Close": "74.7600", "Annual % Change": "4.47%"}, "2018": {"Average Stock Price": "96.8401", "Year Open": "90.6000", "Year High": "114.9500", "Year Low": "64.9000", "Year Close": "71.5600", "Annual % Change": "-20.49%"}, "2017": {"Average Stock Price": "77.2369", "Year Open": "69.6500", "Year High": "92.2000", "Year Low": "67.8000", "Year Close": "90.0000", "Annual % Change": "31.00%"}, "2016": {"Average Stock Price": "52.3527", "Year Open": "52.8800", "Year High": "71.5500", "Year Low": "40.6100", "Year Close": "68.7000", "Annual % Change": "27.06%"}, "2015": {"Average Stock Price": "52.6841", "Year Open": "52.4900", "Year High": "59.1500", "Year Low": "46.8800", "Year Close": "54.0700", "Annual % Change": "3.25%"}, "2014": {"Average Stock Price": "53.4326", "Year Open": "58.0200", "Year High": "63.1400", "Year Low": "45.2900", "Year Close": "52.3700", "Annual % Change": "-12.40%"}, "2013": {"Average Stock Price": "44.2288", "Year Open": "31.4100", "Year High": "60.5300", "Year Low": "31.4100", "Year Close": "59.7800", "Annual % Change": "98.01%"}, "2012": {"Average Stock Price": "26.2745", "Year Open": "27.3800", "Year High": "30.1900", "Year Low": "20.8300", "Year Close": "30.1900", "Annual % Change": "13.41%"}, "2011": {"Average Stock Price": "30.1617", "Year Open": "35.5600", "Year High": "37.0100", "Year Low": "20.9300", "Year Close": "26.6200", "Annual % Change": "-21.71%"}, "2010": {"Average Stock Price": "29.7507", "Year Open": "31.5500", "Year High": "38.2300", "Year Low": "21.8700", "Year Close": "34.0000", "Annual % Change": "11.84%"}, "2009": {"Average Stock Price": "21.2600", "Year Open": "12.2200", "Year High": "35.0000", "Year Low": "10.3100", "Year Close": "30.4000", "Annual % Change": "143.39%"}, "2008": {"Average Stock Price": "14.3229", "Year Open": "20.3800", "Year High": "21.2500", "Year Low": "7.0000", "Year Close": "12.4900", "Annual % Change": "-42.04%"}, "2007": {"Average Stock Price": "27.7663", "Year Open": "36.5100", "Year High": "37.8500", "Year Low": "18.5600", "Year Close": "21.5500", "Annual % Change": "-41.52%"}, "2006": {"Average Stock Price": "33.1204", "Year Open": "25.6000", "Year High": "39.4000", "Year Low": "25.6000", "Year Close": "36.8500", "Annual % Change": "0.00%"}}}, "market cap": {"value": "$4.66B"}, "income statement": {"Revenue": {"2020-12-31": "2285.31900", "2019-12-31": "2028.83700", "2018-12-31": "2082.47600", "2017-12-31": "1724.34500", "2016-12-31": "1456.79000", "2015-12-31": "1240.24800", "2014-12-31": "931.40200", "2013-12-31": "779.43300", "2012-12-31": "657.67400", "2011-12-31": "543.65500", "2010-12-31": "398.74600", "2009-12-31": "336.68600", "2008-12-31": "225.30400", "2007-12-31": "340.05000", "2006-12-31": "216.49700", "2005-12-31": "125.63500"}, "Cost Of Goods Sold": {"2020-12-31": "13.59200", "2019-12-31": "12.96700", "2018-12-31": "11.47000", "2017-12-31": "14.77800", "2016-12-31": "17.54400", "2015-12-31": "", "2014-12-31": "", "2013-12-31": "", "2012-12-31": "", "2011-12-31": "", "2010-12-31": "", "2009-12-31": "", "2008-12-31": "", "2007-12-31": "", "2006-12-31": "", "2005-12-31": ""}, "Gross Profit": {"2020-12-31": "2271.72700", "2019-12-31": "2015.87000", "2018-12-31": "2071.00600", "2017-12-31": "1709.56700", "2016-12-31": "1439.24600", "2015-12-31": "1240.24800", "2014-12-31": "931.40200", "2013-12-31": "779.43300", "2012-12-31": "657.67400", "2011-12-31": "543.65500", "2010-12-31": "398.74600", "2009-12-31": "336.68600", "2008-12-31": "225.30400", "2007-12-31": "340.05000", "2006-12-31": "216.49700", "2005-12-31": "125.63500"}, "Research And Development Expenses": {"2020-12-31": "", "2019-12-31": "", "2018-12-31": "", "2017-12-31": "", "2016-12-31": "", "2015-12-31": "", "2014-12-31": "", "2013-12-31": "", "2012-12-31": "", "2011-12-31": "", "2010-12-31": "", "2009-12-31": "", "2008-12-31": "", "2007-12-31": "", "2006-12-31": "", "2005-12-31": ""}, "SG&A Expenses": {"2020-12-31": "1607.49000", "2019-12-31": "1473.82300", "2018-12-31": "1448.61000", "2017-12-31": "1185.38900", "2016-12-31": "1100.03700", "2015-12-31": "978.45500", "2014-12-31": "694.98000", "2013-12-31": "602.26200", "2012-12-31": "540.51200", "2011-12-31": "446.16800", "2010-12-31": "315.99200", "2009-12-31": "255.10900", "2008-12-31": "188.63000", "2007-12-31": "352.62800", "2006-12-31": "106.89200", "2005-12-31": "56.45400"}, "Other Operating Income Or Expenses": {"2020-12-31": "-42.93800", "2019-12-31": "-42.02000", "2018-12-31": "-30.46100", "2017-12-31": "-23.44200", "2016-12-31": "-28.29800", "2015-12-31": "-42.18700", "2014-12-31": "-22.94700", "2013-12-31": "-18.22600", "2012-12-31": "-17.99000", "2011-12-31": "-17.17900", "2010-12-31": "-9.73300", "2009-12-31": "-8.61900", "2008-12-31": "-5.49200", "2007-12-31": "-6.48500", "2006-12-31": "-3.07300", "2005-12-31": "-1.87100"}, "Operating Expenses": {"2020-12-31": "1690.26500", "2019-12-31": "1559.83300", "2018-12-31": "1517.59500", "2017-12-31": "1248.42800", "2016-12-31": "1170.67900", "2015-12-31": "1048.56900", "2014-12-31": "734.19010", "2013-12-31": "635.02500", "2012-12-31": "575.33600", "2011-12-31": "481.09300", "2010-12-31": "335.64600", "2009-12-31": "268.12800", "2008-12-31": "198.31100", "2007-12-31": "376.53400", "2006-12-31": "113.86500", "2005-12-31": "59.10300"}, "Operating Income": {"2020-12-31": "595.05410", "2019-12-31": "469.00390", "2018-12-31": "564.88110", "2017-12-31": "475.91690", "2016-12-31": "286.11100", "2015-12-31": "191.67910", "2014-12-31": "197.21190", "2013-12-31": "144.40800", "2012-12-31": "82.33800", "2011-12-31": "62.56200", "2010-12-31": "63.10000", "2009-12-31": "68.55800", "2008-12-31": "26.99300", "2007-12-31": "-36.48400", "2006-12-31": "102.63200", "2005-12-31": "66.53200"}, "Total Non-Operating Income/Expense": {"2020-12-31": "-54.22300", "2019-12-31": "-20.29700", "2018-12-31": "-13.51000", "2017-12-31": "-38.26800", "2016-12-31": "-18.29600", "2015-12-31": "-56.95900", "2014-12-31": "-21.08500", "2013-12-31": "-5.90700", "2012-12-31": "-11.95100", "2011-12-31": "-25.83100", "2010-12-31": "-26.79700", "2009-12-31": "-46.51600", "2008-12-31": "-36.37700", "2007-12-31": "-18.45100", "2006-12-31": "-8.50000", "2005-12-31": ""}, "Pre-Tax Income": {"2020-12-31": "540.83100", "2019-12-31": "448.70700", "2018-12-31": "551.37100", "2017-12-31": "437.64900", "2016-12-31": "267.81500", "2015-12-31": "134.72000", "2014-12-31": "176.12700", "2013-12-31": "138.50100", "2012-12-31": "70.38700", "2011-12-31": "36.73100", "2010-12-31": "36.30300", "2009-12-31": "22.04200", "2008-12-31": "-9.38400", "2007-12-31": "-54.93500", "2006-12-31": "94.13200", "2005-12-31": "66.53200"}, "Income Taxes": {"2020-12-31": "128.15100", "2019-12-31": "95.04600", "2018-12-31": "108.52000", "2017-12-31": "258.44200", "2016-12-31": "119.30300", "2015-12-31": "77.03000", "2014-12-31": "68.75600", "2013-12-31": "63.68900", "2012-12-31": "30.90800", "2011-12-31": "22.72400", "2010-12-31": "16.17700", "2009-12-31": "19.67900", "2008-12-31": "0.17900", "2007-12-31": "12.40100", "2006-12-31": "8.39800", "2005-12-31": "3.37200"}, "Income After Taxes": {"2020-12-31": "412.68000", "2019-12-31": "353.66100", "2018-12-31": "442.85100", "2017-12-31": "179.20700", "2016-12-31": "148.51200", "2015-12-31": "57.69000", "2014-12-31": "107.37100", "2013-12-31": "74.81200", "2012-12-31": "39.47900", "2011-12-31": "14.00700", "2010-12-31": "20.12600", "2009-12-31": "2.36300", "2008-12-31": "-9.56300", "2007-12-31": "-67.33600", "2006-12-31": "85.73400", "2005-12-31": "63.16000"}, "Other Income": {"2020-12-31": "", "2019-12-31": "", "2018-12-31": "", "2017-12-31": "", "2016-12-31": "", "2015-12-31": "", "2014-12-31": "", "2013-12-31": "", "2012-12-31": "", "2011-12-31": "", "2010-12-31": "", "2009-12-31": "", "2008-12-31": "", "2007-12-31": "", "2006-12-31": "", "2005-12-31": ""}, "Income From Continuous Operations": {"2020-12-31": "412.68000", "2019-12-31": "353.66100", "2018-12-31": "442.85100", "2017-12-31": "179.20700", "2016-12-31": "148.51200", "2015-12-31": "57.69000", "2014-12-31": "107.37100", "2013-12-31": "74.81200", "2012-12-31": "39.47900", "2011-12-31": "14.00700", "2010-12-31": "20.12600", "2009-12-31": "2.36300", "2008-12-31": "-9.56300", "2007-12-31": "-34.49500", "2006-12-31": "69.73700", "2005-12-31": "63.15200"}, "Income From Discontinued Operations": {"2020-12-31": "", "2019-12-31": "", "2018-12-31": "", "2017-12-31": "", "2016-12-31": "", "2015-12-31": "", "2014-12-31": "", "2013-12-31": "-2.79000", "2012-12-31": "", "2011-12-31": "-3.47600", "2010-12-31": "-2.32100", "2009-12-31": "-0.42400", "2008-12-31": "", "2007-12-31": "", "2006-12-31": "", "2005-12-31": ""}, "Net Income": {"2020-12-31": "350.57400", "2019-12-31": "297.43600", "2018-12-31": "377.24000", "2017-12-31": "125.45400", "2016-12-31": "107.52800", "2015-12-31": "42.86300", "2014-12-31": "86.87400", "2013-12-31": "53.19400", "2012-12-31": "28.80500", "2011-12-31": "6.86800", "2010-12-31": "8.88000", "2009-12-31": "-1.57000", "2008-12-31": "-4.71300", "2007-12-31": "-34.49500", "2006-12-31": "69.73700", "2005-12-31": "63.15200"}, "EBITDA": {"2020-12-31": "595.05410", "2019-12-31": "504.73390", "2018-12-31": "594.25510", "2017-12-31": "501.94890", "2016-12-31": "311.33400", "2015-12-31": "221.31510", "2014-12-31": "215.98490", "2013-12-31": "161.10700", "2012-12-31": "101.12200", "2011-12-31": "82.96300", "2010-12-31": "74.64100", "2009-12-31": "74.43000", "2008-12-31": "31.61200", "2007-12-31": "-19.06300", "2006-12-31": "107.13900", "2005-12-31": "67.31000"}, "EBIT": {"2020-12-31": "595.05410", "2019-12-31": "469.00390", "2018-12-31": "564.88110", "2017-12-31": "475.91690", "2016-12-31": "286.11100", "2015-12-31": "191.67910", "2014-12-31": "197.21190", "2013-12-31": "144.40800", "2012-12-31": "82.33800", "2011-12-31": "62.56200", "2010-12-31": "63.10000", "2009-12-31": "68.55800", "2008-12-31": "26.99300", "2007-12-31": "-36.48400", "2006-12-31": "102.63200", "2005-12-31": "66.53200"}, "Basic Shares Outstanding": {"2020-12-31": "40.55300", "2019-12-31": "39.99400", "2018-12-31": "40.59500", "2017-12-31": "39.64100", "2016-12-31": "39.22000", "2015-12-31": "37.16100", "2014-12-31": "35.82700", "2013-12-31": "32.20800", "2012-12-31": "29.27500", "2011-12-31": "26.01900", "2010-12-31": "19.65500", "2009-12-31": "15.54500", "2008-12-31": "13.07200", "2007-12-31": "10.21900", "2006-12-31": "4.95600", "2005-12-31": ""}, "Shares Outstanding": {"2020-12-31": "42.62300", "2019-12-31": "43.19400", "2018-12-31": "45.27900", "2017-12-31": "44.82600", "2016-12-31": "44.19300", "2015-12-31": "43.69900", "2014-12-31": "41.84300", "2013-12-31": "38.48100", "2012-12-31": "32.54800", "2011-12-31": "29.39700", "2010-12-31": "22.96800", "2009-12-31": "15.54500", "2008-12-31": "13.07200", "2007-12-31": "10.21900", "2006-12-31": "4.95600", "2005-12-31": ""}, "Basic EPS": {"2020-12-31": "8.64000", "2019-12-31": "7.44000", "2018-12-31": "9.29000", "2017-12-31": "3.16000", "2016-12-31": "2.74000", "2015-12-31": "1.15000", "2014-12-31": "2.42000", "2013-12-31": "1.65000", "2012-12-31": "0.98000", "2011-12-31": "0.26000", "2010-12-31": "0.45000", "2009-12-31": "-0.10000", "2008-12-31": "-0.36000", "2007-12-31": "-3.38000", "2006-12-31": "0.76000", "2005-12-31": ""}, "EPS - Earnings Per Share": {"2020-12-31": "8.22000", "2019-12-31": "6.89000", "2018-12-31": "8.33000", "2017-12-31": "2.80000", "2016-12-31": "2.43000", "2015-12-31": "0.98000", "2014-12-31": "2.08000", "2013-12-31": "1.38000", "2012-12-31": "0.89000", "2011-12-31": "0.23000", "2010-12-31": "0.39000", "2009-12-31": "-0.10000", "2008-12-31": "-0.36000", "2007-12-31": "-3.38000", "2006-12-31": "0.76000", "2005-12-31": "0.00000"}}, "income statement, quarterly": {"Revenue": {"2020-12-31": "932.35000", "2020-09-30": "407.51800", "2020-06-30": "512.40400", "2020-03-31": "433.04700", "2019-12-31": "666.34500", "2019-09-30": "407.86400", "2019-06-30": "535.20900", "2019-03-31": "419.41900", "2018-12-31": "775.55700", "2018-09-30": "385.46200", "2018-06-30": "453.54500", "2018-03-31": "467.91200", "2017-12-31": "545.03590", "2017-09-30": "412.01400", "2017-06-30": "375.27200", "2017-03-31": "392.02300", "2016-12-31": "450.06400", "2016-09-30": "391.10100", "2016-06-30": "355.19300", "2016-03-31": "260.43200", "2015-12-31": "411.44510", "2015-09-30": "313.47000", "2015-06-30": "272.90700", "2015-03-31": "242.42600", "2014-12-31": "326.11500", "2014-09-30": "231.12500", "2014-06-30": "221.67400", "2014-03-31": "152.48800", "2013-12-31": "222.39100", "2013-09-30": "191.14700", "2013-06-30": "209.97100", "2013-03-31": "155.92400", "2012-12-31": "218.02000", "2012-09-30": "157.04400", "2012-06-30": "176.05500", "2012-03-31": "106.55500", "2011-12-31": "116.75600", "2011-09-30": "167.75400", "2011-06-30": "146.95300", "2011-03-31": "112.19200", "2010-12-31": "104.64700", "2010-09-30": "129.57100", "2010-06-30": "70.90300", "2010-03-31": "93.62500", "2009-12-31": "113.52300", "2009-09-30": "87.69400", "2009-06-30": "77.25200", "2009-03-31": "58.21700", "2008-12-31": "41.87600", "2008-09-30": "65.71800", "2008-06-30": "67.23000", "2008-03-31": "50.48000", "2007-12-31": "100.60000", "2007-09-30": "78.11300", "2007-06-30": "69.49300", "2007-03-31": "91.84400", "2006-12-31": "82.32700", "2006-09-30": "45.05400", "2006-06-30": "43.49000", "2006-03-31": "45.62600", "2005-09-30": "46.43900", "2005-06-30": "14.27400"}, "Cost Of Goods Sold": {"2020-12-31": "3.36200", "2020-09-30": "2.84000", "2020-06-30": "3.20400", "2020-03-31": "4.18600", "2019-12-31": "3.48400", "2019-09-30": "3.26500", "2019-06-30": "3.19900", "2019-03-31": "3.01900", "2018-12-31": "3.65200", "2018-09-30": "3.06800", "2018-06-30": "1.56000", "2018-03-31": "3.19000", "2017-12-31": "3.80600", "2017-09-30": "3.45500", "2017-06-30": "3.65800", "2017-03-31": "3.85900", "2016-12-31": "", "2016-09-30": "", "2016-06-30": "", "2016-03-31": "", "2015-12-31": "", "2015-09-30": "", "2015-06-30": "", "2015-03-31": "", "2014-12-31": "", "2014-09-30": "", "2014-06-30": "", "2014-03-31": "", "2013-12-31": "", "2013-09-30": "", "2013-06-30": "", "2013-03-31": "", "2012-12-31": "", "2012-09-30": "", "2012-06-30": "", "2012-03-31": "", "2011-12-31": "", "2011-09-30": "", "2011-06-30": "", "2011-03-31": "", "2010-12-31": "", "2010-09-30": "", "2010-06-30": "", "2010-03-31": "", "2009-12-31": "", "2009-09-30": "", "2009-06-30": "", "2009-03-31": "", "2008-12-31": "", "2008-09-30": "", "2008-06-30": "", "2008-03-31": "", "2007-12-31": "", "2007-09-30": "", "2007-06-30": "", "2007-03-31": "", "2006-12-31": "", "2006-09-30": "", "2006-06-30": "", "2006-03-31": "", "2005-09-30": "", "2005-06-30": ""}, "Gross Profit": {"2020-12-31": "928.98800", "2020-09-30": "404.67800", "2020-06-30": "509.20000", "2020-03-31": "428.86100", "2019-12-31": "662.86100", "2019-09-30": "404.59900", "2019-06-30": "532.01000", "2019-03-31": "416.40000", "2018-12-31": "771.90500", "2018-09-30": "382.39400", "2018-06-30": "451.98500", "2018-03-31": "464.72200", "2017-12-31": "541.22990", "2017-09-30": "408.55900", "2017-06-30": "371.61400", "2017-03-31": "388.16400", "2016-12-31": "450.06400", "2016-09-30": "391.10100", "2016-06-30": "355.19300", "2016-03-31": "260.43200", "2015-12-31": "411.44510", "2015-09-30": "313.47000", "2015-06-30": "272.90700", "2015-03-31": "242.42600", "2014-12-31": "326.11500", "2014-09-30": "231.12500", "2014-06-30": "221.67400", "2014-03-31": "152.48800", "2013-12-31": "222.39100", "2013-09-30": "191.14700", "2013-06-30": "209.97100", "2013-03-31": "155.92400", "2012-12-31": "218.02000", "2012-09-30": "157.04400", "2012-06-30": "176.05500", "2012-03-31": "106.55500", "2011-12-31": "116.75600", "2011-09-30": "167.75400", "2011-06-30": "146.95300", "2011-03-31": "112.19200", "2010-12-31": "104.64700", "2010-09-30": "129.57100", "2010-06-30": "70.90300", "2010-03-31": "93.62500", "2009-12-31": "113.52300", "2009-09-30": "87.69400", "2009-06-30": "77.25200", "2009-03-31": "58.21700", "2008-12-31": "41.87600", "2008-09-30": "65.71800", "2008-06-30": "67.23000", "2008-03-31": "50.48000", "2007-12-31": "100.60000", "2007-09-30": "78.11300", "2007-06-30": "69.49300", "2007-03-31": "91.84400", "2006-12-31": "82.32700", "2006-09-30": "45.05400", "2006-06-30": "43.49000", "2006-03-31": "45.62600", "2005-09-30": "46.43900", "2005-06-30": "14.27400"}, "Research And Development Expenses": {"2020-12-31": "", "2020-09-30": "", "2020-06-30": "", "2020-03-31": "", "2019-12-31": "", "2019-09-30": "", "2019-06-30": "", "2019-03-31": "", "2018-12-31": "", "2018-09-30": "", "2018-06-30": "", "2018-03-31": "", "2017-12-31": "", "2017-09-30": "", "2017-06-30": "", "2017-03-31": "", "2016-12-31": "", "2016-09-30": "", "2016-06-30": "", "2016-03-31": "", "2015-12-31": "", "2015-09-30": "", "2015-06-30": "", "2015-03-31": "", "2014-12-31": "", "2014-09-30": "", "2014-06-30": "", "2014-03-31": "", "2013-12-31": "", "2013-09-30": "", "2013-06-30": "", "2013-03-31": "", "2012-12-31": "", "2012-09-30": "", "2012-06-30": "", "2012-03-31": "", "2011-12-31": "", "2011-09-30": "", "2011-06-30": "", "2011-03-31": "", "2010-12-31": "", "2010-09-30": "", "2010-06-30": "", "2010-03-31": "", "2009-12-31": "", "2009-09-30": "", "2009-06-30": "", "2009-03-31": "", "2008-12-31": "", "2008-09-30": "", "2008-06-30": "", "2008-03-31": "", "2007-12-31": "", "2007-09-30": "", "2007-06-30": "", "2007-03-31": "", "2006-12-31": "", "2006-09-30": "", "2006-06-30": "", "2006-03-31": "", "2005-09-30": "", "2005-06-30": ""}, "SG&A Expenses": {"2020-12-31": "571.61400", "2020-09-30": "312.22900", "2020-06-30": "388.31100", "2020-03-31": "335.33600", "2019-12-31": "468.60620", "2019-09-30": "309.96000", "2019-06-30": "383.77400", "2019-03-31": "311.48300", "2018-12-31": "499.75100", "2018-09-30": "287.98700", "2018-06-30": "328.88400", "2018-03-31": "331.98790", "2017-12-31": "335.68210", "2017-09-30": "301.86500", "2017-06-30": "287.17300", "2017-03-31": "260.66900", "2016-12-31": "321.02110", "2016-09-30": "282.35100", "2016-06-30": "271.44200", "2016-03-31": "225.22300", "2015-12-31": "306.44000", "2015-09-30": "244.36400", "2015-06-30": "221.13000", "2015-03-31": "206.52100", "2014-12-31": "238.37200", "2014-09-30": "170.97200", "2014-06-30": "165.49200", "2014-03-31": "120.14400", "2013-12-31": "164.92500", "2013-09-30": "147.67100", "2013-06-30": "160.47800", "2013-03-31": "129.18800", "2012-12-31": "161.86400", "2012-09-30": "130.71500", "2012-06-30": "142.38400", "2012-03-31": "105.54900", "2011-12-31": "99.86400", "2011-09-30": "136.43500", "2011-06-30": "121.11600", "2011-03-31": "88.75300", "2010-12-31": "82.46800", "2010-09-30": "99.22700", "2010-06-30": "62.48500", "2010-03-31": "71.81200", "2009-12-31": "78.39400", "2009-09-30": "67.68200", "2009-06-30": "63.86100", "2009-03-31": "45.17200", "2008-12-31": "45.65900", "2008-09-30": "51.06500", "2008-06-30": "48.47800", "2008-03-31": "43.42800", "2007-12-31": "73.93100", "2007-09-30": "56.44800", "2007-06-30": "163.53700", "2007-03-31": "58.71200", "2006-12-31": "51.56900", "2006-09-30": "21.54900", "2006-06-30": "16.24200", "2006-03-31": "17.53200", "2005-09-30": "18.00000", "2005-06-30": "11.58300"}, "Other Operating Income Or Expenses": {"2020-12-31": "-12.39900", "2020-09-30": "-9.71200", "2020-06-30": "-13.20000", "2020-03-31": "-7.62700", "2019-12-31": "-15.83500", "2019-09-30": "-8.80100", "2019-06-30": "-8.54400", "2019-03-31": "-8.84000", "2018-12-31": "-9.80400", "2018-09-30": "-6.88200", "2018-06-30": "-6.50500", "2018-03-31": "-7.27000", "2017-12-31": "-5.21800", "2017-09-30": "-7.19100", "2017-06-30": "-5.44200", "2017-03-31": "-5.59100", "2016-12-31": "4.62900", "2016-09-30": "-12.63200", "2016-06-30": "-10.31200", "2016-03-31": "-9.98300", "2015-12-31": "-9.72900", "2015-09-30": "-15.75300", "2015-06-30": "-8.76400", "2015-03-31": "-7.94100", "2014-12-31": "-8.51600", "2014-09-30": "-5.48100", "2014-06-30": "-4.61600", "2014-03-31": "-4.33400", "2013-12-31": "-5.89400", "2013-09-30": "-4.20700", "2013-06-30": "-4.54700", "2013-03-31": "-3.57800", "2012-12-31": "-5.29100", "2012-09-30": "-4.24100", "2012-06-30": "-4.50100", "2012-03-31": "-3.95700", "2011-12-31": "-4.64100", "2011-09-30": "-4.61400", "2011-06-30": "-4.83300", "2011-03-31": "-3.09100", "2010-12-31": "-1.72900", "2010-09-30": "-3.03100", "2010-06-30": "-2.37800", "2010-03-31": "-2.59500", "2009-12-31": "-2.37600", "2009-09-30": "-2.07300", "2009-06-30": "-2.41800", "2009-03-31": "-1.75200", "2008-12-31": "-1.47700", "2008-09-30": "-1.15500", "2008-06-30": "-1.40600", "2008-03-31": "-1.45400", "2007-12-31": "-1.48400", "2007-09-30": "-1.07700", "2007-06-30": "-1.91700", "2007-03-31": "-2.00700", "2006-12-31": "0.35900", "2006-09-30": "-1.11900", "2006-06-30": "-1.40100", "2006-03-31": "-0.91200", "2005-09-30": "-0.56500", "2005-06-30": "-0.26000"}, "Operating Expenses": {"2020-12-31": "593.56000", "2020-09-30": "330.99500", "2020-06-30": "411.69000", "2020-03-31": "354.02000", "2019-12-31": "495.82520", "2019-09-30": "330.44500", "2019-06-30": "403.18300", "2019-03-31": "330.38000", "2018-12-31": "520.05210", "2018-09-30": "304.75200", "2018-06-30": "343.69500", "2018-03-31": "349.09590", "2017-12-31": "351.25810", "2017-09-30": "318.93200", "2017-06-30": "302.32000", "2017-03-31": "275.91800", "2016-12-31": "339.82100", "2016-09-30": "300.89000", "2016-06-30": "288.38000", "2016-03-31": "241.58800", "2015-12-31": "322.98390", "2015-09-30": "268.51500", "2015-06-30": "236.20700", "2015-03-31": "220.86300", "2014-12-31": "252.28510", "2014-09-30": "179.96100", "2014-06-30": "173.64500", "2014-03-31": "128.29900", "2013-12-31": "174.62600", "2013-09-30": "155.46000", "2013-06-30": "168.61600", "2013-03-31": "136.32300", "2012-12-31": "171.11900", "2012-09-30": "138.78400", "2012-06-30": "150.56500", "2012-03-31": "114.86800", "2011-12-31": "111.36900", "2011-09-30": "145.93500", "2011-06-30": "128.98800", "2011-03-31": "94.80100", "2010-12-31": "87.44100", "2010-09-30": "105.63700", "2010-06-30": "66.81100", "2010-03-31": "75.75700", "2009-12-31": "81.81700", "2009-09-30": "70.91000", "2009-06-30": "67.42000", "2009-03-31": "47.98100", "2008-12-31": "48.16100", "2008-09-30": "53.24800", "2008-06-30": "50.93900", "2008-03-31": "45.96300", "2007-12-31": "79.54100", "2007-09-30": "62.03500", "2007-06-30": "169.55800", "2007-03-31": "65.40000", "2006-12-31": "53.35100", "2006-09-30": "23.88200", "2006-06-30": "17.92600", "2006-03-31": "18.70600", "2005-09-30": "18.75100", "2005-06-30": "12.01400"}, "Operating Income": {"2020-12-31": "338.79000", "2020-09-30": "76.52300", "2020-06-30": "100.71400", "2020-03-31": "79.02700", "2019-12-31": "170.51980", "2019-09-30": "77.41900", "2019-06-30": "132.02600", "2019-03-31": "89.03900", "2018-12-31": "255.50490", "2018-09-30": "80.71000", "2018-06-30": "109.85000", "2018-03-31": "118.81600", "2017-12-31": "193.77780", "2017-09-30": "93.08200", "2017-06-30": "72.95200", "2017-03-31": "116.10500", "2016-12-31": "110.24290", "2016-09-30": "90.21100", "2016-06-30": "66.81300", "2016-03-31": "18.84400", "2015-12-31": "88.46120", "2015-09-30": "44.95500", "2015-06-30": "36.70000", "2015-03-31": "21.56300", "2014-12-31": "73.82990", "2014-09-30": "51.16400", "2014-06-30": "48.02900", "2014-03-31": "24.18900", "2013-12-31": "47.76500", "2013-09-30": "35.68700", "2013-06-30": "41.35500", "2013-03-31": "19.60100", "2012-12-31": "46.90100", "2012-09-30": "18.26000", "2012-06-30": "25.49000", "2012-03-31": "-8.31300", "2011-12-31": "5.38700", "2011-09-30": "21.81900", "2011-06-30": "17.96500", "2011-03-31": "17.39100", "2010-12-31": "17.20600", "2010-09-30": "23.93400", "2010-06-30": "4.09200", "2010-03-31": "17.86800", "2009-12-31": "31.70600", "2009-09-30": "16.78400", "2009-06-30": "9.83200", "2009-03-31": "10.23600", "2008-12-31": "-6.28500", "2008-09-30": "12.47000", "2008-06-30": "16.29100", "2008-03-31": "4.51700", "2007-12-31": "21.05900", "2007-09-30": "16.07800", "2007-06-30": "-100.06500", "2007-03-31": "26.44400", "2006-12-31": "28.97600", "2006-09-30": "21.17200", "2006-06-30": "25.56400", "2006-03-31": "26.92000", "2005-09-30": "27.68800", "2005-06-30": "2.26000"}, "Total Non-Operating Income/Expense": {"2020-12-31": "-6.22900", "2020-09-30": "-9.72600", "2020-06-30": "-11.67200", "2020-03-31": "-26.59600", "2019-12-31": "-10.02700", "2019-09-30": "-4.51300", "2019-06-30": "-2.73900", "2019-03-31": "-3.01800", "2018-12-31": "-2.84700", "2018-09-30": "-3.87200", "2018-06-30": "-2.64900", "2018-03-31": "-4.14200", "2017-12-31": "-6.30100", "2017-09-30": "-4.18500", "2017-06-30": "-24.61600", "2017-03-31": "-3.16600", "2016-12-31": "-10.37200", "2016-09-30": "-3.94800", "2016-06-30": "-2.54400", "2016-03-31": "-1.43200", "2015-12-31": "-11.78200", "2015-09-30": "-32.12800", "2015-06-30": "-3.59100", "2015-03-31": "-9.45800", "2014-12-31": "-4.17900", "2014-09-30": "-10.71600", "2014-06-30": "-2.95600", "2014-03-31": "-3.23400", "2013-12-31": "2.10400", "2013-09-30": "-3.25700", "2013-06-30": "-2.15900", "2013-03-31": "-2.59500", "2012-12-31": "-3.33000", "2012-09-30": "-3.60000", "2012-06-30": "-3.57600", "2012-03-31": "-1.44500", "2011-12-31": "-6.14100", "2011-09-30": "-8.18200", "2011-06-30": "-6.28100", "2011-03-31": "-5.22700", "2010-12-31": "-5.84500", "2010-09-30": "-6.36900", "2010-06-30": "-7.34300", "2010-03-31": "-7.24000", "2009-12-31": "-10.46800", "2009-09-30": "-4.49800", "2009-06-30": "-22.76900", "2009-03-31": "-8.78100", "2008-12-31": "-10.23600", "2008-09-30": "-10.60000", "2008-06-30": "-8.42200", "2008-03-31": "-7.11900", "2007-12-31": "-6.80800", "2007-09-30": "-5.71400", "2007-06-30": "-3.58100", "2007-03-31": "-2.34800", "2006-12-31": "-5.18100", "2006-09-30": "-3.31900", "2006-06-30": "", "2006-03-31": "", "2005-09-30": "", "2005-06-30": ""}, "Pre-Tax Income": {"2020-12-31": "332.56100", "2020-09-30": "66.79700", "2020-06-30": "89.04200", "2020-03-31": "52.43100", "2019-12-31": "160.49300", "2019-09-30": "72.90600", "2019-06-30": "129.28700", "2019-03-31": "86.02100", "2018-12-31": "252.65800", "2018-09-30": "76.83800", "2018-06-30": "107.20100", "2018-03-31": "114.67400", "2017-12-31": "187.47700", "2017-09-30": "88.89700", "2017-06-30": "48.33600", "2017-03-31": "112.93900", "2016-12-31": "99.87100", "2016-09-30": "86.26300", "2016-06-30": "64.26900", "2016-03-31": "17.41200", "2015-12-31": "76.67900", "2015-09-30": "12.82700", "2015-06-30": "33.10900", "2015-03-31": "12.10500", "2014-12-31": "69.65100", "2014-09-30": "40.44800", "2014-06-30": "45.07300", "2014-03-31": "20.95500", "2013-12-31": "49.86900", "2013-09-30": "32.43000", "2013-06-30": "39.19600", "2013-03-31": "17.00600", "2012-12-31": "43.57100", "2012-09-30": "14.66000", "2012-06-30": "21.91400", "2012-03-31": "-9.75800", "2011-12-31": "-0.75400", "2011-09-30": "13.63700", "2011-06-30": "11.68400", "2011-03-31": "12.16400", "2010-12-31": "11.36100", "2010-09-30": "17.56500", "2010-06-30": "-3.25100", "2010-03-31": "10.62800", "2009-12-31": "21.23800", "2009-09-30": "12.28600", "2009-06-30": "-12.93700", "2009-03-31": "1.45500", "2008-12-31": "-16.52100", "2008-09-30": "1.87000", "2008-06-30": "7.86900", "2008-03-31": "-2.60200", "2007-12-31": "14.25100", "2007-09-30": "10.36400", "2007-06-30": "-103.64600", "2007-03-31": "24.09600", "2006-12-31": "23.79500", "2006-09-30": "17.85300", "2006-06-30": "25.56400", "2006-03-31": "26.92000", "2005-09-30": "27.68800", "2005-06-30": "2.26000"}, "Income Taxes": {"2020-12-31": "77.10900", "2020-09-30": "15.67700", "2020-06-30": "21.81400", "2020-03-31": "13.55100", "2019-12-31": "34.79300", "2019-09-30": "20.40200", "2019-06-30": "32.03000", "2019-03-31": "7.82100", "2018-12-31": "60.50200", "2018-09-30": "17.53900", "2018-06-30": "25.54100", "2018-03-31": "4.93800", "2017-12-31": "188.87600", "2017-09-30": "28.81500", "2017-06-30": "22.45900", "2017-03-31": "18.29200", "2016-12-31": "39.91300", "2016-09-30": "38.98000", "2016-06-30": "30.67600", "2016-03-31": "9.73400", "2015-12-31": "46.70300", "2015-09-30": "7.39200", "2015-06-30": "16.72300", "2015-03-31": "6.21200", "2014-12-31": "30.54200", "2014-09-30": "15.26400", "2014-06-30": "15.38700", "2014-03-31": "7.56300", "2013-12-31": "26.47400", "2013-09-30": "12.35000", "2013-06-30": "17.13000", "2013-03-31": "7.73500", "2012-12-31": "18.58600", "2012-09-30": "7.18700", "2012-06-30": "9.77300", "2012-03-31": "-4.63800", "2011-12-31": "1.08000", "2011-09-30": "11.14400", "2011-06-30": "6.06400", "2011-03-31": "4.43600", "2010-12-31": "4.66900", "2010-09-30": "8.54700", "2010-06-30": "-1.69800", "2010-03-31": "4.65900", "2009-12-31": "12.64600", "2009-09-30": "4.60200", "2009-06-30": "1.37300", "2009-03-31": "1.05800", "2008-12-31": "-3.46300", "2008-09-30": "1.47500", "2008-06-30": "2.46100", "2008-03-31": "-0.29400", "2007-12-31": "3.60500", "2007-09-30": "3.21700", "2007-06-30": "0.64300", "2007-03-31": "4.93600", "2006-12-31": "5.73300", "2006-09-30": "0.78100", "2006-06-30": "0.90500", "2006-03-31": "0.97900", "2005-09-30": "0.77600", "2005-06-30": "0.37700"}, "Income After Taxes": {"2020-12-31": "255.45200", "2020-09-30": "51.12000", "2020-06-30": "67.22800", "2020-03-31": "38.88000", "2019-12-31": "125.70000", "2019-09-30": "52.50400", "2019-06-30": "97.25700", "2019-03-31": "78.20000", "2018-12-31": "192.15600", "2018-09-30": "59.29900", "2018-06-30": "81.66000", "2018-03-31": "109.73600", "2017-12-31": "-1.39900", "2017-09-30": "60.08200", "2017-06-30": "25.87700", "2017-03-31": "94.64700", "2016-12-31": "59.95800", "2016-09-30": "47.28300", "2016-06-30": "33.59300", "2016-03-31": "7.67800", "2015-12-31": "29.97600", "2015-09-30": "5.43500", "2015-06-30": "16.38600", "2015-03-31": "5.89300", "2014-12-31": "39.10900", "2014-09-30": "25.18400", "2014-06-30": "29.68600", "2014-03-31": "13.39200", "2013-12-31": "23.39500", "2013-09-30": "20.08000", "2013-06-30": "22.06600", "2013-03-31": "9.27100", "2012-12-31": "24.98500", "2012-09-30": "7.47300", "2012-06-30": "12.14100", "2012-03-31": "-5.12000", "2011-12-31": "-1.83400", "2011-09-30": "2.49300", "2011-06-30": "5.62000", "2011-03-31": "7.72800", "2010-12-31": "6.69200", "2010-09-30": "9.01800", "2010-06-30": "-1.55300", "2010-03-31": "5.96900", "2009-12-31": "8.59200", "2009-09-30": "7.68400", "2009-06-30": "-14.31000", "2009-03-31": "0.39700", "2008-12-31": "-13.05800", "2008-09-30": "0.39500", "2008-06-30": "5.40800", "2008-03-31": "-2.30800", "2007-12-31": "10.64600", "2007-09-30": "7.14700", "2007-06-30": "-104.28900", "2007-03-31": "19.16000", "2006-12-31": "18.06200", "2006-09-30": "17.07200", "2006-06-30": "24.65900", "2006-03-31": "25.94100", "2005-09-30": "26.91200", "2005-06-30": "1.88300"}, "Other Income": {"2020-12-31": "", "2020-09-30": "", "2020-06-30": "", "2020-03-31": "", "2019-12-31": "", "2019-09-30": "", "2019-06-30": "", "2019-03-31": "", "2018-12-31": "", "2018-09-30": "", "2018-06-30": "", "2018-03-31": "", "2017-12-31": "", "2017-09-30": "", "2017-06-30": "", "2017-03-31": "", "2016-12-31": "", "2016-09-30": "", "2016-06-30": "", "2016-03-31": "", "2015-12-31": "", "2015-09-30": "", "2015-06-30": "", "2015-03-31": "", "2014-12-31": "", "2014-09-30": "", "2014-06-30": "", "2014-03-31": "", "2013-12-31": "", "2013-09-30": "", "2013-06-30": "", "2013-03-31": "", "2012-12-31": "", "2012-09-30": "", "2012-06-30": "", "2012-03-31": "", "2011-12-31": "", "2011-09-30": "", "2011-06-30": "", "2011-03-31": "", "2010-12-31": "", "2010-09-30": "", "2010-06-30": "", "2010-03-31": "", "2009-12-31": "", "2009-09-30": "", "2009-06-30": "", "2009-03-31": "", "2008-12-31": "", "2008-09-30": "", "2008-06-30": "", "2008-03-31": "", "2007-12-31": "", "2007-09-30": "", "2007-06-30": "", "2007-03-31": "", "2006-12-31": "", "2006-09-30": "", "2006-06-30": "", "2006-03-31": "", "2005-09-30": "", "2005-06-30": ""}, "Income From Continuous Operations": {"2020-12-31": "255.45200", "2020-09-30": "51.12000", "2020-06-30": "67.22800", "2020-03-31": "38.88000", "2019-12-31": "125.70000", "2019-09-30": "52.50400", "2019-06-30": "97.25700", "2019-03-31": "78.20000", "2018-12-31": "192.15600", "2018-09-30": "59.29900", "2018-06-30": "81.66000", "2018-03-31": "109.73600", "2017-12-31": "-1.39900", "2017-09-30": "60.08200", "2017-06-30": "25.87700", "2017-03-31": "94.64700", "2016-12-31": "59.95800", "2016-09-30": "47.28300", "2016-06-30": "33.59300", "2016-03-31": "7.67800", "2015-12-31": "29.97600", "2015-09-30": "5.43500", "2015-06-30": "16.38600", "2015-03-31": "5.89300", "2014-12-31": "39.10900", "2014-09-30": "25.18400", "2014-06-30": "29.68600", "2014-03-31": "13.39200", "2013-12-31": "23.39500", "2013-09-30": "20.08000", "2013-06-30": "22.06600", "2013-03-31": "9.27100", "2012-12-31": "24.98500", "2012-09-30": "7.47300", "2012-06-30": "12.14100", "2012-03-31": "-5.12000", "2011-12-31": "-1.83400", "2011-09-30": "2.49300", "2011-06-30": "5.62000", "2011-03-31": "7.72800", "2010-12-31": "6.69200", "2010-09-30": "9.01800", "2010-06-30": "-1.55300", "2010-03-31": "5.96900", "2009-12-31": "8.59200", "2009-09-30": "7.68400", "2009-06-30": "-14.31000", "2009-03-31": "0.39700", "2008-12-31": "-13.05800", "2008-09-30": "0.39500", "2008-06-30": "5.40800", "2008-03-31": "-2.30800", "2007-12-31": "3.14000", "2007-09-30": "2.31900", "2007-06-30": "-44.17400", "2007-03-31": "4.22000", "2006-12-31": "3.48000", "2006-09-30": "15.65600", "2006-06-30": "24.65300", "2006-03-31": "25.94800", "2005-09-30": "26.91900", "2005-06-30": "1.87500"}, "Income From Discontinued Operations": {"2020-12-31": "", "2020-09-30": "", "2020-06-30": "", "2020-03-31": "", "2019-12-31": "", "2019-09-30": "", "2019-06-30": "", "2019-03-31": "", "2018-12-31": "", "2018-09-30": "", "2018-06-30": "", "2018-03-31": "", "2017-12-31": "", "2017-09-30": "", "2017-06-30": "", "2017-03-31": "", "2016-12-31": "", "2016-09-30": "", "2016-06-30": "", "2016-03-31": "", "2015-12-31": "", "2015-09-30": "", "2015-06-30": "", "2015-03-31": "", "2014-12-31": "", "2014-09-30": "", "2014-06-30": "", "2014-03-31": "", "2013-12-31": "-0.01600", "2013-09-30": "-1.82600", "2013-06-30": "-0.05500", "2013-03-31": "-0.89300", "2012-12-31": "", "2012-09-30": "0.00000", "2012-06-30": "", "2012-03-31": "", "2011-12-31": "-2.16100", "2011-09-30": "-1.20000", "2011-06-30": "-0.08500", "2011-03-31": "-0.03000", "2010-12-31": "", "2010-09-30": "", "2010-06-30": "", "2010-03-31": "", "2009-12-31": "", "2009-09-30": "", "2009-06-30": "", "2009-03-31": "", "2008-12-31": "", "2008-09-30": "", "2008-06-30": "", "2008-03-31": "", "2007-12-31": "", "2007-09-30": "", "2007-06-30": "", "2007-03-31": "", "2006-12-31": "", "2006-09-30": "", "2006-06-30": "", "2006-03-31": "", "2005-09-30": "", "2005-06-30": ""}, "Net Income": {"2020-12-31": "220.37700", "2020-09-30": "42.61000", "2020-06-30": "56.41200", "2020-03-31": "31.17500", "2019-12-31": "105.18400", "2019-09-30": "43.27800", "2019-06-30": "81.74200", "2019-03-31": "67.23200", "2018-12-31": "163.30500", "2018-09-30": "49.46100", "2018-06-30": "68.93100", "2018-03-31": "95.54300", "2017-12-31": "-19.41200", "2017-09-30": "45.91100", "2017-06-30": "18.18400", "2017-03-31": "80.77100", "2016-12-31": "43.42800", "2016-09-30": "34.69500", "2016-06-30": "24.08700", "2016-03-31": "5.31800", "2015-12-31": "20.60200", "2015-09-30": "7.19700", "2015-06-30": "10.76400", "2015-03-31": "4.30000", "2014-12-31": "27.73200", "2014-09-30": "24.30900", "2014-06-30": "24.26500", "2014-03-31": "10.56800", "2013-12-31": "16.90000", "2013-09-30": "13.94100", "2013-06-30": "16.40500", "2013-03-31": "5.94800", "2012-12-31": "19.00100", "2012-09-30": "5.28000", "2012-06-30": "7.91300", "2012-03-31": "-3.38900", "2011-12-31": "-0.67700", "2011-09-30": "1.73800", "2011-06-30": "2.24000", "2011-03-31": "3.56700", "2010-12-31": "3.26600", "2010-09-30": "3.50900", "2010-06-30": "0.09600", "2010-03-31": "2.00900", "2009-12-31": "1.64900", "2009-09-30": "2.63300", "2009-06-30": "-6.04300", "2009-03-31": "0.19100", "2008-12-31": "-5.33600", "2008-09-30": "-0.46800", "2008-06-30": "2.05600", "2008-03-31": "-0.96500", "2007-12-31": "3.14000", "2007-09-30": "2.31900", "2007-06-30": "-44.17400", "2007-03-31": "4.22000", "2006-12-31": "3.48000", "2006-09-30": "15.65600", "2006-06-30": "24.65300", "2006-03-31": "25.94800", "2005-09-30": "26.91900", "2005-06-30": "1.87500"}, "EBITDA": {"2020-12-31": "", "2020-09-30": "82.97400", "2020-06-30": "108.17700", "2020-03-31": "87.55300", "2019-12-31": "179.81180", "2019-09-30": "86.95900", "2019-06-30": "140.78900", "2019-03-31": "97.17400", "2018-12-31": "263.44700", "2018-09-30": "88.61900", "2018-06-30": "116.66100", "2018-03-31": "125.52800", "2017-12-31": "201.35680", "2017-09-30": "99.56600", "2017-06-30": "79.06100", "2017-03-31": "121.96500", "2016-12-31": "116.43290", "2016-09-30": "96.17700", "2016-06-30": "73.49800", "2016-03-31": "25.22600", "2015-12-31": "95.27620", "2015-09-30": "53.93000", "2015-06-30": "43.54900", "2015-03-31": "28.56000", "2014-12-31": "79.88690", "2014-09-30": "55.54100", "2014-06-30": "52.06300", "2014-03-31": "28.49400", "2013-12-31": "52.22700", "2013-09-30": "39.79800", "2013-06-30": "45.47500", "2013-03-31": "23.60700", "2012-12-31": "51.48300", "2012-09-30": "22.58100", "2012-06-30": "29.59500", "2012-03-31": "-2.53700", "2011-12-31": "12.65900", "2011-09-30": "28.11000", "2011-06-30": "21.42900", "2011-03-31": "20.76500", "2010-12-31": "20.98400", "2010-09-30": "27.68100", "2010-06-30": "6.40400", "2010-03-31": "19.57200", "2009-12-31": "33.22000", "2009-09-30": "18.25000", "2009-06-30": "11.33900", "2009-03-31": "11.62100", "2008-12-31": "-4.93700", "2008-09-30": "13.60500", "2008-06-30": "17.34600", "2008-03-31": "5.59800", "2007-12-31": "25.18500", "2007-09-30": "20.58800", "2007-06-30": "-95.96100", "2007-03-31": "31.12500", "2006-12-31": "31.11700", "2006-09-30": "22.59200", "2006-06-30": "26.04500", "2006-03-31": "27.38500", "2005-09-30": "27.87400", "2005-06-30": "2.26000"}, "EBIT": {"2020-12-31": "338.79000", "2020-09-30": "76.52300", "2020-06-30": "100.71400", "2020-03-31": "79.02700", "2019-12-31": "170.51990", "2019-09-30": "77.41900", "2019-06-30": "132.02600", "2019-03-31": "89.03900", "2018-12-31": "255.50500", "2018-09-30": "80.71000", "2018-06-30": "109.85000", "2018-03-31": "118.81600", "2017-12-31": "193.77790", "2017-09-30": "93.08200", "2017-06-30": "72.95200", "2017-03-31": "116.10500", "2016-12-31": "110.24290", "2016-09-30": "90.21100", "2016-06-30": "66.81300", "2016-03-31": "18.84400", "2015-12-31": "88.46100", "2015-09-30": "44.95500", "2015-06-30": "36.70000", "2015-03-31": "21.56300", "2014-12-31": "73.82990", "2014-09-30": "51.16400", "2014-06-30": "48.02900", "2014-03-31": "24.18900", "2013-12-31": "47.76500", "2013-09-30": "35.68700", "2013-06-30": "41.35500", "2013-03-31": "19.60100", "2012-12-31": "46.90100", "2012-09-30": "18.26000", "2012-06-30": "25.49000", "2012-03-31": "-8.31300", "2011-12-31": "5.38700", "2011-09-30": "21.81900", "2011-06-30": "17.96500", "2011-03-31": "17.39100", "2010-12-31": "17.20600", "2010-09-30": "23.93400", "2010-06-30": "4.09200", "2010-03-31": "17.86800", "2009-12-31": "31.70600", "2009-09-30": "16.78400", "2009-06-30": "9.83200", "2009-03-31": "10.23600", "2008-12-31": "-6.28500", "2008-09-30": "12.47000", "2008-06-30": "16.29100", "2008-03-31": "4.51700", "2007-12-31": "21.05900", "2007-09-30": "16.07800", "2007-06-30": "-100.06500", "2007-03-31": "26.44400", "2006-12-31": "28.97600", "2006-09-30": "21.17200", "2006-06-30": "25.56400", "2006-03-31": "26.92000", "2005-09-30": "27.68800", "2005-06-30": "2.26000"}, "Basic Shares Outstanding": {"2020-12-31": "40.84500", "2020-09-30": "40.69400", "2020-06-30": "40.63500", "2020-03-31": "39.99200", "2019-12-31": "39.99400", "2019-09-30": "39.70400", "2019-06-30": "40.54600", "2019-03-31": "40.49700", "2018-12-31": "40.59500", "2018-09-30": "40.96600", "2018-06-30": "40.88900", "2018-03-31": "40.42600", "2017-12-31": "39.64100", "2017-09-30": "39.04500", "2017-06-30": "40.10900", "2017-03-31": "40.48000", "2016-12-31": "39.22000", "2016-09-30": "38.91200", "2016-06-30": "39.24900", "2016-03-31": "39.62000", "2015-12-31": "37.16100", "2015-09-30": "36.77300", "2015-06-30": "36.44500", "2015-03-31": "36.72500", "2014-12-31": "35.82700", "2014-09-30": "36.52700", "2014-06-30": "35.74400", "2014-03-31": "34.66700", "2013-12-31": "32.20800", "2013-09-30": "32.04900", "2013-06-30": "31.81100", "2013-03-31": "31.86100", "2012-12-31": "29.27500", "2012-09-30": "28.84100", "2012-06-30": "29.21300", "2012-03-31": "29.10100", "2011-12-31": "26.01900", "2011-09-30": "28.96700", "2011-06-30": "23.72400", "2011-03-31": "22.67700", "2010-12-31": "19.65500", "2010-09-30": "18.97300", "2010-06-30": "19.01600", "2010-03-31": "18.67500", "2009-12-31": "15.54500", "2009-09-30": "16.34000", "2009-06-30": "13.92500", "2009-03-31": "13.70100", "2008-12-31": "13.07200", "2008-09-30": "13.08500", "2008-06-30": "12.89500", "2008-03-31": "12.75700", "2007-12-31": "10.21900", "2007-09-30": "12.35200", "2007-06-30": "9.43200", "2007-03-31": "6.58900", "2006-12-31": "4.95600", "2006-09-30": "4.79500", "2006-06-30": "", "2006-03-31": "", "2005-09-30": "", "2005-06-30": ""}, "Shares Outstanding": {"2020-12-31": "43.89200", "2020-09-30": "42.34300", "2020-06-30": "41.89400", "2020-03-31": "42.31700", "2019-12-31": "43.19400", "2019-09-30": "42.78900", "2019-06-30": "43.37600", "2019-03-31": "44.15500", "2018-12-31": "45.27900", "2018-09-30": "45.85800", "2018-06-30": "45.29900", "2018-03-31": "45.46300", "2017-12-31": "44.82600", "2017-09-30": "44.03600", "2017-06-30": "44.70600", "2017-03-31": "45.93600", "2016-12-31": "44.19300", "2016-09-30": "43.73400", "2016-06-30": "43.60300", "2016-03-31": "44.92000", "2015-12-31": "43.69900", "2015-09-30": "44.33400", "2015-06-30": "42.16500", "2015-03-31": "42.78800", "2014-12-31": "41.84300", "2014-09-30": "41.87300", "2014-06-30": "41.86000", "2014-03-31": "41.69800", "2013-12-31": "38.48100", "2013-09-30": "38.40900", "2013-06-30": "37.50100", "2013-03-31": "37.73300", "2012-12-31": "32.54800", "2012-09-30": "31.44000", "2012-06-30": "31.66400", "2012-03-31": "29.10100", "2011-12-31": "29.39700", "2011-09-30": "31.23500", "2011-06-30": "27.36400", "2011-03-31": "26.39800", "2010-12-31": "22.96800", "2010-09-30": "21.09100", "2010-06-30": "22.36300", "2010-03-31": "22.32800", "2009-12-31": "15.54500", "2009-09-30": "18.35300", "2009-06-30": "13.92500", "2009-03-31": "13.99200", "2008-12-31": "13.07200", "2008-09-30": "13.08500", "2008-06-30": "13.17100", "2008-03-31": "12.75700", "2007-12-31": "10.21900", "2007-09-30": "12.40600", "2007-06-30": "9.43200", "2007-03-31": "6.58900", "2006-12-31": "4.95600", "2006-09-30": "4.79500", "2006-06-30": "", "2006-03-31": "", "2005-09-30": "", "2005-06-30": ""}, "Basic EPS": {"2020-12-31": "5.40000", "2020-09-30": "1.05000", "2020-06-30": "1.39000", "2020-03-31": "0.78000", "2019-12-31": "2.67000", "2019-09-30": "1.09000", "2019-06-30": "2.02000", "2019-03-31": "1.66000", "2018-12-31": "4.03000", "2018-09-30": "1.21000", "2018-06-30": "1.69000", "2018-03-31": "2.36000", "2017-12-31": "-0.47000", "2017-09-30": "1.18000", "2017-06-30": "0.45000", "2017-03-31": "2.00000", "2016-12-31": "1.11000", "2016-09-30": "0.89000", "2016-06-30": "0.61000", "2016-03-31": "0.13000", "2015-12-31": "0.53000", "2015-09-30": "0.20000", "2015-06-30": "0.30000", "2015-03-31": "0.12000", "2014-12-31": "0.77000", "2014-09-30": "0.67000", "2014-06-30": "0.68000", "2014-03-31": "0.30000", "2013-12-31": "0.51000", "2013-09-30": "0.43000", "2013-06-30": "0.52000", "2013-03-31": "0.19000", "2012-12-31": "0.65000", "2012-09-30": "0.18000", "2012-06-30": "0.27000", "2012-03-31": "-0.12000", "2011-12-31": "-0.05000", "2011-09-30": "0.06000", "2011-06-30": "0.09000", "2011-03-31": "0.16000", "2010-12-31": "0.15000", "2010-09-30": "0.18000", "2010-06-30": "0.01000", "2010-03-31": "0.11000", "2009-12-31": "0.16000", "2009-09-30": "0.16000", "2009-06-30": "-0.43000", "2009-03-31": "0.01000", "2008-12-31": "-0.40000", "2008-09-30": "-0.04000", "2008-06-30": "0.16000", "2008-03-31": "-0.08000", "2007-12-31": "0.47000", "2007-09-30": "0.19000", "2007-06-30": "-4.68000", "2007-03-31": "0.64000", "2006-12-31": "0.70000", "2006-09-30": "0.06000", "2006-06-30": "", "2006-03-31": "", "2005-09-30": "", "2005-06-30": ""}, "EPS - Earnings Per Share": {"2020-12-31": "5.02000", "2020-09-30": "1.01000", "2020-06-30": "1.35000", "2020-03-31": "0.74000", "2019-12-31": "2.48000", "2019-09-30": "1.01000", "2019-06-30": "1.88000", "2019-03-31": "1.52000", "2018-12-31": "3.63000", "2018-09-30": "1.08000", "2018-06-30": "1.52000", "2018-03-31": "2.10000", "2017-12-31": "-0.41000", "2017-09-30": "1.04000", "2017-06-30": "0.41000", "2017-03-31": "1.76000", "2016-12-31": "0.97000", "2016-09-30": "0.79000", "2016-06-30": "0.55000", "2016-03-31": "0.12000", "2015-12-31": "0.46000", "2015-09-30": "0.16000", "2015-06-30": "0.26000", "2015-03-31": "0.10000", "2014-12-31": "0.67000", "2014-09-30": "0.58000", "2014-06-30": "0.58000", "2014-03-31": "0.25000", "2013-12-31": "0.42000", "2013-09-30": "0.36000", "2013-06-30": "0.44000", "2013-03-31": "0.16000", "2012-12-31": "0.59000", "2012-09-30": "0.17000", "2012-06-30": "0.25000", "2012-03-31": "-0.12000", "2011-12-31": "-0.05000", "2011-09-30": "0.06000", "2011-06-30": "0.08000", "2011-03-31": "0.14000", "2010-12-31": "0.13000", "2010-09-30": "0.17000", "2010-06-30": "0.00000", "2010-03-31": "0.09000", "2009-12-31": "0.18000", "2009-09-30": "0.14000", "2009-06-30": "-0.43000", "2009-03-31": "0.01000", "2008-12-31": "-0.40000", "2008-09-30": "-0.04000", "2008-06-30": "0.16000", "2008-03-31": "-0.08000", "2007-12-31": "0.47000", "2007-09-30": "0.19000", "2007-06-30": "-4.68000", "2007-03-31": "0.64000", "2006-12-31": "0.70000", "2006-09-30": "0.06000", "2006-06-30": "0.00000", "2006-03-31": "0.00000", "2005-09-30": "0.00000", "2005-06-30": "0.00000"}}, "balance sheet": {"Cash On Hand": {"2020-12-31": "", "2019-12-31": "659.80490", "2018-12-31": "815.63500", "2017-12-31": "639.60600", "2016-12-31": "589.64400", "2015-12-31": "492.69700", "2014-12-31": "458.51700", "2013-12-31": "373.89800", "2012-12-31": "380.02500", "2011-12-31": "312.22900", "2010-12-31": "319.95500", "2009-12-31": "513.41800", "2008-12-31": "460.17900", "2007-12-31": "479.17700", "2006-12-31": "149.53300", "2005-12-31": "37.85500"}, "Receivables": {"2020-12-31": "", "2019-12-31": "318.77100", "2018-12-31": "332.91100", "2017-12-31": "202.02300", "2016-12-31": "245.55600", "2015-12-31": "196.68600", "2014-12-31": "153.60700", "2013-12-31": "92.58000", "2012-12-31": "94.26400", "2011-12-31": "59.85300", "2010-12-31": "53.09000", "2009-12-31": "29.79500", "2008-12-31": "26.03600", "2007-12-31": "52.72300", "2006-12-31": "57.87900", "2005-12-31": "15.91500"}, "Inventory": {"2020-12-31": "", "2019-12-31": "623.94600", "2018-12-31": "304.62700", "2017-12-31": "", "2016-12-31": "66.48700", "2015-12-31": "43.78700", "2014-12-31": "37.98500", "2013-12-31": "43.40700", "2012-12-31": "36.54500", "2011-12-31": "81.28800", "2010-12-31": "92.83000", "2009-12-31": "", "2008-12-31": "", "2007-12-31": "", "2006-12-31": "10.21400", "2005-12-31": ""}, "Pre-Paid Expenses": {"2020-12-31": "", "2019-12-31": "", "2018-12-31": "", "2017-12-31": "", "2016-12-31": "", "2015-12-31": "", "2014-12-31": "", "2013-12-31": "", "2012-12-31": "", "2011-12-31": "", "2010-12-31": "", "2009-12-31": "", "2008-12-31": "", "2007-12-31": "", "2006-12-31": "", "2005-12-31": "0.60400"}, "Other Current Assets": {"2020-12-31": "", "2019-12-31": "87.90000", "2018-12-31": "28.44400", "2017-12-31": "158.57600", "2016-12-31": "23.94600", "2015-12-31": "16.29400", "2014-12-31": "19.75100", "2013-12-31": "16.70300", "2012-12-31": "6.69900", "2011-12-31": "23.86900", "2010-12-31": "9.98200", "2009-12-31": "149.67900", "2008-12-31": "117.13300", "2007-12-31": "21.63900", "2006-12-31": "4.13100", "2005-12-31": "0.35300"}, "Total Current Assets": {"2020-12-31": "", "2019-12-31": "1690.42200", "2018-12-31": "1481.61700", "2017-12-31": "1000.20500", "2016-12-31": "925.63300", "2015-12-31": "749.46400", "2014-12-31": "682.95600", "2013-12-31": "537.85900", "2012-12-31": "526.74700", "2011-12-31": "485.86000", "2010-12-31": "480.94900", "2009-12-31": "696.73300", "2008-12-31": "605.47800", "2007-12-31": "554.99400", "2006-12-31": "221.75700", "2005-12-31": "55.33400"}, "Property, Plant, And Equipment": {"2020-12-31": "", "2019-12-31": "126.79900", "2018-12-31": "81.06900", "2017-12-31": "68.59300", "2016-12-31": "51.65100", "2015-12-31": "47.98000", "2014-12-31": "42.52700", "2013-12-31": "27.83200", "2012-12-31": "29.77700", "2011-12-31": "21.43700", "2010-12-31": "14.92300", "2009-12-31": "8.21700", "2008-12-31": "8.14500", "2007-12-31": "10.10500", "2006-12-31": "4.37300", "2005-12-31": "2.26300"}, "Long-Term Investments": {"2020-12-31": "", "2019-12-31": "89.49000", "2018-12-31": "90.64400", "2017-12-31": "98.31300", "2016-12-31": "116.63300", "2015-12-31": "126.65100", "2014-12-31": "126.58700", "2013-12-31": "114.08400", "2012-12-31": "110.89700", "2011-12-31": "108.93000", "2010-12-31": "60.61700", "2009-12-31": "18.58100", "2008-12-31": "24.83900", "2007-12-31": "16.28300", "2006-12-31": "10.01100", "2005-12-31": "16.75500"}, "Goodwill And Intangible Assets": {"2020-12-31": "", "2019-12-31": "133.06100", "2018-12-31": "141.76500", "2017-12-31": "153.80800", "2016-12-31": "190.33100", "2015-12-31": "207.47100", "2014-12-31": "287.77600", "2013-12-31": "216.00500", "2012-12-31": "224.08100", "2011-12-31": "218.75800", "2010-12-31": "188.26300", "2009-12-31": "57.34100", "2008-12-31": "38.16300", "2007-12-31": "51.03700", "2006-12-31": "61.04600", "2005-12-31": ""}, "Other Long-Term Assets": {"2020-12-31": "", "2019-12-31": "90.26200", "2018-12-31": "89.48000", "2017-12-31": "65.07300", "2016-12-31": "72.67400", "2015-12-31": "49.49000", "2014-12-31": "40.80900", "2013-12-31": "33.39000", "2012-12-31": "24.26700", "2011-12-31": "21.91800", "2010-12-31": "19.17200", "2009-12-31": "16.89800", "2008-12-31": "1.24900", "2007-12-31": "1.80000", "2006-12-31": "2.54200", "2005-12-31": "1.76100"}, "Total Long-Term Assets": {"2020-12-31": "", "2019-12-31": "708.20300", "2018-12-31": "644.05000", "2017-12-31": "584.68100", "2016-12-31": "736.71300", "2015-12-31": "729.70700", "2014-12-31": "763.60000", "2013-12-31": "642.92410", "2012-12-31": "618.47100", "2011-12-31": "557.73200", "2010-12-31": "417.13600", "2009-12-31": "194.42700", "2008-12-31": "133.46200", "2007-12-31": "134.10200", "2006-12-31": "79.74600", "2005-12-31": "26.12200"}, "Total Assets": {"2020-12-31": "0.00000", "2019-12-31": "2598.61300", "2018-12-31": "2125.66700", "2017-12-31": "1584.88600", "2016-12-31": "1662.34600", "2015-12-31": "1479.17100", "2014-12-31": "1446.55600", "2013-12-31": "1180.78300", "2012-12-31": "1145.21800", "2011-12-31": "1043.59200", "2010-12-31": "898.08500", "2009-12-31": "891.16000", "2008-12-31": "738.94000", "2007-12-31": "689.09600", "2006-12-31": "301.50300", "2005-12-31": "81.45600"}, "Total Current Liabilities": {"2020-12-31": "", "2019-12-31": "668.65300", "2018-12-31": "749.69100", "2017-12-31": "464.05200", "2016-12-31": "463.42100", "2015-12-31": "408.04900", "2014-12-31": "385.08000", "2013-12-31": "284.15900", "2012-12-31": "320.90600", "2011-12-31": "302.89700", "2010-12-31": "286.97300", "2009-12-31": "416.29100", "2008-12-31": "365.37500", "2007-12-31": "419.57600", "2006-12-31": "151.19400", "2005-12-31": "29.42000"}, "Long Term Debt": {"2020-12-31": "", "2019-12-31": "375.06200", "2018-12-31": "168.61200", "2017-12-31": "175.14600", "2016-12-31": "184.64700", "2015-12-31": "141.80000", "2014-12-31": "127.77600", "2013-12-31": "103.22600", "2012-12-31": "101.37500", "2011-12-31": "99.66400", "2010-12-31": "98.08200", "2009-12-31": "96.61800", "2008-12-31": "95.26300", "2007-12-31": "", "2006-12-31": "", "2005-12-31": "0.23200"}, "Other Non-Current Liabilities": {"2020-12-31": "", "2019-12-31": "211.39700", "2018-12-31": "199.42500", "2017-12-31": "149.32000", "2016-12-31": "230.94700", "2015-12-31": "222.10600", "2014-12-31": "217.45300", "2013-12-31": "193.43500", "2012-12-31": "182.46100", "2011-12-31": "152.93800", "2010-12-31": "120.38300", "2009-12-31": "82.49500", "2008-12-31": "46.71700", "2007-12-31": "46.82000", "2006-12-31": "0.80700", "2005-12-31": ""}, "Total Long Term Liabilities": {"2020-12-31": "", "2019-12-31": "803.71000", "2018-12-31": "368.03700", "2017-12-31": "324.46600", "2016-12-31": "415.59400", "2015-12-31": "363.90600", "2014-12-31": "349.24300", "2013-12-31": "333.46600", "2012-12-31": "333.56300", "2011-12-31": "274.86900", "2010-12-31": "243.87100", "2009-12-31": "179.11300", "2008-12-31": "141.98000", "2007-12-31": "96.54400", "2006-12-31": "37.83200", "2005-12-31": "0.53100"}, "Total Liabilities": {"2020-12-31": "", "2019-12-31": "1472.36300", "2018-12-31": "1117.72800", "2017-12-31": "788.51800", "2016-12-31": "879.01500", "2015-12-31": "771.95500", "2014-12-31": "734.32300", "2013-12-31": "617.62500", "2012-12-31": "654.46900", "2011-12-31": "577.76600", "2010-12-31": "530.84400", "2009-12-31": "595.40400", "2008-12-31": "507.35500", "2007-12-31": "516.12000", "2006-12-31": "189.02600", "2005-12-31": "29.95100"}, "Common Stock Net": {"2020-12-31": "", "2019-12-31": "0.68700", "2018-12-31": "0.65900", "2017-12-31": "0.62100", "2016-12-31": "0.58200", "2015-12-31": "0.55200", "2014-12-31": "0.46400", "2013-12-31": "0.40800", "2012-12-31": "0.35000", "2011-12-31": "0.31000", "2010-12-31": "0.21500", "2009-12-31": "0.17200", "2008-12-31": "0.12600", "2007-12-31": "0.11300", "2006-12-31": "0.06400", "2005-12-31": ""}, "Retained Earnings (Accumulated Deficit)": {"2020-12-31": "", "2019-12-31": "558.26900", "2018-12-31": "364.88200", "2017-12-31": "79.46100", "2016-12-31": "20.34300", "2015-12-31": "-27.79100", "2014-12-31": "-17.81400", "2013-12-31": "-59.89600", "2012-12-31": "-77.07900", "2011-12-31": "-76.70300", "2010-12-31": "-61.50400", "2009-12-31": "-56.75600", "2008-12-31": "-46.56400", "2007-12-31": "-35.61200", "2006-12-31": "3.78600", "2005-12-31": ""}, "Comprehensive Income": {"2020-12-31": "", "2019-12-31": "-27.59600", "2018-12-31": "-30.43400", "2017-12-31": "-31.41100", "2016-12-31": "-50.09600", "2015-12-31": "-34.53900", "2014-12-31": "-20.38700", "2013-12-31": "-10.78400", "2012-12-31": "-9.08600", "2011-12-31": "-12.05800", "2010-12-31": "-4.19300", "2009-12-31": "-3.76000", "2008-12-31": "-5.13900", "2007-12-31": "0.59700", "2006-12-31": "0.06300", "2005-12-31": "0.20400"}, "Other Share Holders Equity": {"2020-12-31": "", "2019-12-31": "", "2018-12-31": "", "2017-12-31": "", "2016-12-31": "", "2015-12-31": "", "2014-12-31": "", "2013-12-31": "", "2012-12-31": "", "2011-12-31": "", "2010-12-31": "", "2009-12-31": "", "2008-12-31": "", "2007-12-31": "", "2006-12-31": "", "2005-12-31": "51.30100"}, "Share Holder Equity": {"2020-12-31": "", "2019-12-31": "1126.25000", "2018-12-31": "1007.93900", "2017-12-31": "796.36800", "2016-12-31": "783.33100", "2015-12-31": "707.21600", "2014-12-31": "712.23300", "2013-12-31": "563.15800", "2012-12-31": "490.74900", "2011-12-31": "465.82600", "2010-12-31": "367.24100", "2009-12-31": "295.75600", "2008-12-31": "231.58500", "2007-12-31": "172.97600", "2006-12-31": "112.47700", "2005-12-31": "51.50500"}, "Total Liabilities And Share Holders Equity": {"2020-12-31": "", "2019-12-31": "2598.61300", "2018-12-31": "2125.66700", "2017-12-31": "1584.88600", "2016-12-31": "1662.34600", "2015-12-31": "1479.17100", "2014-12-31": "1446.55600", "2013-12-31": "1180.78300", "2012-12-31": "1145.21800", "2011-12-31": "1043.59200", "2010-12-31": "898.08500", "2009-12-31": "891.16000", "2008-12-31": "738.94000", "2007-12-31": "689.09600", "2006-12-31": "301.50300", "2005-12-31": "81.45600"}}, "balance sheet, quarterly": {"Cash On Hand": {"2020-12-31": "", "2020-09-30": "1171.33600", "2020-06-30": "1037.07300", "2020-03-31": "605.02000", "2019-12-31": "659.80490", "2019-09-30": "329.78400", "2019-06-30": "400.09400", "2019-03-31": "363.89100", "2018-12-31": "815.63500", "2018-09-30": "451.26100", "2018-06-30": "433.31500", "2018-03-31": "440.20300", "2017-12-31": "639.60600", "2017-09-30": "473.75500", "2017-06-30": "446.74300", "2017-03-31": "386.60300", "2016-12-31": "589.64400", "2016-09-30": "476.75800", "2016-06-30": "281.55600", "2016-03-31": "327.09000", "2015-12-31": "492.69700", "2015-09-30": "330.15100", "2015-06-30": "329.81900", "2015-03-31": "320.48200", "2014-12-31": "458.51700", "2014-09-30": "338.43800", "2014-06-30": "269.86900", "2014-03-31": "202.80700", "2013-12-31": "373.89800", "2013-09-30": "335.73900", "2013-06-30": "230.20100", "2013-03-31": "210.31900", "2012-12-31": "380.02500", "2012-09-30": "302.52300", "2012-06-30": "272.01500", "2012-03-31": "224.93800", "2011-12-31": "312.22900", "2011-09-30": "402.35700", "2011-06-30": "388.35800", "2011-03-31": "327.33400", "2010-12-31": "319.95500", "2010-09-30": "565.81700", "2010-06-30": "414.60400", "2010-03-31": "462.13800", "2009-12-31": "513.41800", "2009-09-30": "445.93400", "2009-06-30": "439.11300", "2009-03-31": "448.95800", "2008-12-31": "460.17900", "2008-09-30": "649.97800", "2008-06-30": "560.59400", "2008-03-31": "479.88000", "2007-12-31": "479.17700", "2007-09-30": "552.18400", "2007-06-30": "290.54200", "2007-03-31": "173.35700", "2006-12-31": "149.53300", "2006-09-30": "410.00700", "2006-06-30": "16.35700", "2006-03-31": "", "2005-09-30": "", "2005-06-30": ""}, "Receivables": {"2020-12-31": "", "2020-09-30": "308.25700", "2020-06-30": "333.18600", "2020-03-31": "272.14200", "2019-12-31": "318.77100", "2019-09-30": "326.32700", "2019-06-30": "336.58700", "2019-03-31": "379.20800", "2018-12-31": "332.91100", "2018-09-30": "256.12800", "2018-06-30": "295.09600", "2018-03-31": "243.86900", "2017-12-31": "202.02300", "2017-09-30": "223.81900", "2017-06-30": "196.67300", "2017-03-31": "219.07600", "2016-12-31": "245.55600", "2016-09-30": "165.66600", "2016-06-30": "207.03600", "2016-03-31": "165.92800", "2015-12-31": "196.68600", "2015-09-30": "181.50500", "2015-06-30": "141.84500", "2015-03-31": "145.53900", "2014-12-31": "153.60700", "2014-09-30": "115.60400", "2014-06-30": "109.78000", "2014-03-31": "100.58300", "2013-12-31": "92.58000", "2013-09-30": "66.97900", "2013-06-30": "123.35400", "2013-03-31": "88.23100", "2012-12-31": "94.26400", "2012-09-30": "78.20500", "2012-06-30": "60.66200", "2012-03-31": "63.52800", "2011-12-31": "59.85300", "2011-09-30": "73.09800", "2011-06-30": "89.23900", "2011-03-31": "66.38500", "2010-12-31": "53.09000", "2010-09-30": "41.40900", "2010-06-30": "37.64000", "2010-03-31": "38.64500", "2009-12-31": "29.79500", "2009-09-30": "48.26200", "2009-06-30": "24.19400", "2009-03-31": "40.59400", "2008-12-31": "26.03600", "2008-09-30": "25.18600", "2008-06-30": "29.08100", "2008-03-31": "25.28300", "2007-12-31": "52.72300", "2007-09-30": "20.71100", "2007-06-30": "29.68100", "2007-03-31": "49.02800", "2006-12-31": "57.87900", "2006-09-30": "15.13300", "2006-06-30": "21.93900", "2006-03-31": "", "2005-09-30": "", "2005-06-30": ""}, "Inventory": {"2020-12-31": "", "2020-09-30": "100.84600", "2020-06-30": "99.72700", "2020-03-31": "261.66000", "2019-12-31": "623.94600", "2019-09-30": "620.10000", "2019-06-30": "217.04900", "2019-03-31": "213.48300", "2018-12-31": "304.62700", "2018-09-30": "311.12800", "2018-06-30": "249.92900", "2018-03-31": "96.35000", "2017-12-31": "", "2017-09-30": "115.75200", "2017-06-30": "59.39400", "2017-03-31": "62.82900", "2016-12-31": "66.48700", "2016-09-30": "66.47800", "2016-06-30": "", "2016-03-31": "", "2015-12-31": "43.78700", "2015-09-30": "42.40300", "2015-06-30": "32.16400", "2015-03-31": "32.42200", "2014-12-31": "37.98500", "2014-09-30": "30.75100", "2014-06-30": "36.29800", "2014-03-31": "42.60100", "2013-12-31": "43.40700", "2013-09-30": "41.04300", "2013-06-30": "36.39200", "2013-03-31": "34.40700", "2012-12-31": "36.54500", "2012-09-30": "42.83800", "2012-06-30": "47.07600", "2012-03-31": "47.22100", "2011-12-31": "81.28800", "2011-09-30": "62.75800", "2011-06-30": "73.45600", "2011-03-31": "70.55200", "2010-12-31": "92.83000", "2010-09-30": "73.83000", "2010-06-30": "77.78000", "2010-03-31": "120.14000", "2009-12-31": "", "2009-09-30": "104.34700", "2009-06-30": "104.18200", "2009-03-31": "101.13700", "2008-12-31": "", "2008-09-30": "3.20100", "2008-06-30": "4.85900", "2008-03-31": "7.04900", "2007-12-31": "", "2007-09-30": "5.06200", "2007-06-30": "5.69200", "2007-03-31": "5.28600", "2006-12-31": "10.21400", "2006-09-30": "4.70800", "2006-06-30": "4.08300", "2006-03-31": "", "2005-09-30": "", "2005-06-30": ""}, "Pre-Paid Expenses": {"2020-12-31": "", "2020-09-30": "", "2020-06-30": "", "2020-03-31": "", "2019-12-31": "", "2019-09-30": "", "2019-06-30": "", "2019-03-31": "", "2018-12-31": "", "2018-09-30": "", "2018-06-30": "", "2018-03-31": "", "2017-12-31": "", "2017-09-30": "", "2017-06-30": "", "2017-03-31": "", "2016-12-31": "", "2016-09-30": "", "2016-06-30": "", "2016-03-31": "", "2015-12-31": "", "2015-09-30": "", "2015-06-30": "", "2015-03-31": "", "2014-12-31": "", "2014-09-30": "", "2014-06-30": "", "2014-03-31": "", "2013-12-31": "", "2013-09-30": "", "2013-06-30": "", "2013-03-31": "", "2012-12-31": "", "2012-09-30": "", "2012-06-30": "", "2012-03-31": "", "2011-12-31": "", "2011-09-30": "", "2011-06-30": "", "2011-03-31": "", "2010-12-31": "", "2010-09-30": "", "2010-06-30": "", "2010-03-31": "", "2009-12-31": "", "2009-09-30": "", "2009-06-30": "", "2009-03-31": "", "2008-12-31": "", "2008-09-30": "", "2008-06-30": "", "2008-03-31": "", "2007-12-31": "", "2007-09-30": "4.06700", "2007-06-30": "4.71800", "2007-03-31": "3.25300", "2006-12-31": "", "2006-09-30": "2.32600", "2006-06-30": "1.96500", "2006-03-31": "", "2005-09-30": "", "2005-06-30": ""}, "Other Current Assets": {"2020-12-31": "", "2020-09-30": "61.74900", "2020-06-30": "45.82100", "2020-03-31": "86.73500", "2019-12-31": "87.90000", "2019-09-30": "51.18700", "2019-06-30": "109.83400", "2019-03-31": "31.75400", "2018-12-31": "28.44400", "2018-09-30": "68.29600", "2018-06-30": "18.58500", "2018-03-31": "28.54500", "2017-12-31": "158.57600", "2017-09-30": "50.11500", "2017-06-30": "52.57200", "2017-03-31": "22.31600", "2016-12-31": "23.94600", "2016-09-30": "18.91000", "2016-06-30": "91.05500", "2016-03-31": "61.12900", "2015-12-31": "16.29400", "2015-09-30": "29.07300", "2015-06-30": "31.91800", "2015-03-31": "27.58200", "2014-12-31": "19.75100", "2014-09-30": "48.03300", "2014-06-30": "44.41900", "2014-03-31": "34.72200", "2013-12-31": "16.70300", "2013-09-30": "22.88000", "2013-06-30": "7.65900", "2013-03-31": "8.55900", "2012-12-31": "6.69900", "2012-09-30": "17.73300", "2012-06-30": "25.52800", "2012-03-31": "32.29700", "2011-12-31": "23.86900", "2011-09-30": "22.72600", "2011-06-30": "16.54000", "2011-03-31": "12.34400", "2010-12-31": "9.98200", "2010-09-30": "13.24000", "2010-06-30": "17.70000", "2010-03-31": "11.53300", "2009-12-31": "149.67900", "2009-09-30": "6.63300", "2009-06-30": "8.05800", "2009-03-31": "9.52900", "2008-12-31": "117.13300", "2008-09-30": "10.50000", "2008-06-30": "9.78700", "2008-03-31": "15.93300", "2007-12-31": "21.63900", "2007-09-30": "3.86300", "2007-06-30": "3.62800", "2007-03-31": "2.85400", "2006-12-31": "4.13100", "2006-09-30": "", "2006-06-30": "", "2006-03-31": "", "2005-09-30": "", "2005-06-30": ""}, "Total Current Assets": {"2020-12-31": "", "2020-09-30": "1642.18800", "2020-06-30": "1515.80700", "2020-03-31": "1225.55700", "2019-12-31": "1690.42200", "2019-09-30": "1327.39800", "2019-06-30": "1063.56400", "2019-03-31": "988.33600", "2018-12-31": "1481.61700", "2018-09-30": "1086.81300", "2018-06-30": "996.92500", "2018-03-31": "808.96700", "2017-12-31": "1000.20500", "2017-09-30": "863.44100", "2017-06-30": "755.38200", "2017-03-31": "690.82400", "2016-12-31": "925.63300", "2016-09-30": "727.81200", "2016-06-30": "579.64700", "2016-03-31": "554.14700", "2015-12-31": "749.46400", "2015-09-30": "596.66100", "2015-06-30": "549.21000", "2015-03-31": "539.42400", "2014-12-31": "682.95600", "2014-09-30": "546.05600", "2014-06-30": "473.55400", "2014-03-31": "393.79800", "2013-12-31": "537.85900", "2013-09-30": "477.55400", "2013-06-30": "408.37500", "2013-03-31": "352.43500", "2012-12-31": "526.74700", "2012-09-30": "450.22900", "2012-06-30": "414.08300", "2012-03-31": "376.78600", "2011-12-31": "485.86000", "2011-09-30": "565.63300", "2011-06-30": "572.68500", "2011-03-31": "481.70700", "2010-12-31": "480.94900", "2010-09-30": "698.36200", "2010-06-30": "551.38100", "2010-03-31": "636.09800", "2009-12-31": "696.73300", "2009-09-30": "608.05500", "2009-06-30": "577.75900", "2009-03-31": "602.43000", "2008-12-31": "605.47800", "2008-09-30": "691.26800", "2008-06-30": "606.72100", "2008-03-31": "530.53400", "2007-12-31": "554.99400", "2007-09-30": "585.88700", "2007-06-30": "334.26100", "2007-03-31": "233.77800", "2006-12-31": "221.75700", "2006-09-30": "432.17400", "2006-06-30": "44.55000", "2006-03-31": "", "2005-09-30": "", "2005-06-30": ""}, "Property, Plant, And Equipment": {"2020-12-31": "", "2020-09-30": "149.78100", "2020-06-30": "139.41500", "2020-03-31": "132.23300", "2019-12-31": "126.79900", "2019-09-30": "112.92900", "2019-06-30": "103.51000", "2019-03-31": "92.90000", "2018-12-31": "81.06900", "2018-09-30": "68.82500", "2018-06-30": "66.83000", "2018-03-31": "68.43300", "2017-12-31": "68.59300", "2017-09-30": "67.59900", "2017-06-30": "62.65600", "2017-03-31": "56.05900", "2016-12-31": "51.65100", "2016-09-30": "46.03600", "2016-06-30": "45.04900", "2016-03-31": "47.54000", "2015-12-31": "47.98000", "2015-09-30": "47.81300", "2015-06-30": "45.16300", "2015-03-31": "41.42500", "2014-12-31": "42.52700", "2014-09-30": "32.28700", "2014-06-30": "30.81700", "2014-03-31": "27.50900", "2013-12-31": "27.83200", "2013-09-30": "27.63800", "2013-06-30": "27.85500", "2013-03-31": "28.28200", "2012-12-31": "29.77700", "2012-09-30": "28.94900", "2012-06-30": "28.23500", "2012-03-31": "27.22300", "2011-12-31": "21.43700", "2011-09-30": "14.97400", "2011-06-30": "14.60500", "2011-03-31": "14.58600", "2010-12-31": "14.92300", "2010-09-30": "10.35900", "2010-06-30": "7.57500", "2010-03-31": "7.78000", "2009-12-31": "8.21700", "2009-09-30": "7.70300", "2009-06-30": "7.94100", "2009-03-31": "7.98500", "2008-12-31": "8.14500", "2008-09-30": "8.25600", "2008-06-30": "8.60300", "2008-03-31": "9.69800", "2007-12-31": "10.10500", "2007-09-30": "9.24000", "2007-06-30": "8.02100", "2007-03-31": "4.29400", "2006-12-31": "4.37300", "2006-09-30": "4.08600", "2006-06-30": "2.90000", "2006-03-31": "", "2005-09-30": "", "2005-06-30": ""}, "Long-Term Investments": {"2020-12-31": "", "2020-09-30": "82.26200", "2020-06-30": "81.01100", "2020-03-31": "88.22500", "2019-12-31": "89.49000", "2019-09-30": "87.85400", "2019-06-30": "89.52000", "2019-03-31": "92.30600", "2018-12-31": "90.64400", "2018-09-30": "89.00800", "2018-06-30": "89.58200", "2018-03-31": "98.14200", "2017-12-31": "98.31300", "2017-09-30": "99.20700", "2017-06-30": "97.12300", "2017-03-31": "115.63000", "2016-12-31": "116.63300", "2016-09-30": "122.16000", "2016-06-30": "122.79000", "2016-03-31": "125.10500", "2015-12-31": "126.65100", "2015-09-30": "111.28400", "2015-06-30": "113.06100", "2015-03-31": "111.46100", "2014-12-31": "126.58700", "2014-09-30": "125.83100", "2014-06-30": "125.92700", "2014-03-31": "106.81400", "2013-12-31": "114.08400", "2013-09-30": "110.08000", "2013-06-30": "108.52300", "2013-03-31": "107.50500", "2012-12-31": "110.89700", "2012-09-30": "110.16800", "2012-06-30": "109.03300", "2012-03-31": "111.83900", "2011-12-31": "108.93000", "2011-09-30": "64.19300", "2011-06-30": "67.02400", "2011-03-31": "62.21800", "2010-12-31": "60.61700", "2010-09-30": "35.57100", "2010-06-30": "33.27500", "2010-03-31": "35.67800", "2009-12-31": "18.58100", "2009-09-30": "17.08500", "2009-06-30": "18.40400", "2009-03-31": "24.09000", "2008-12-31": "24.83900", "2008-09-30": "28.81300", "2008-06-30": "21.13900", "2008-03-31": "19.68400", "2007-12-31": "16.28300", "2007-09-30": "19.78100", "2007-06-30": "20.20500", "2007-03-31": "16.73200", "2006-12-31": "10.01100", "2006-09-30": "13.27100", "2006-06-30": "26.01300", "2006-03-31": "", "2005-09-30": "", "2005-06-30": ""}, "Goodwill And Intangible Assets": {"2020-12-31": "", "2020-09-30": "127.07500", "2020-06-30": "125.19400", "2020-03-31": "125.20500", "2019-12-31": "133.06100", "2019-09-30": "132.98000", "2019-06-30": "137.37900", "2019-03-31": "140.76400", "2018-12-31": "141.76500", "2018-09-30": "146.04500", "2018-06-30": "147.64800", "2018-03-31": "154.20300", "2017-12-31": "153.80800", "2017-09-30": "155.85600", "2017-06-30": "156.33500", "2017-03-31": "191.68100", "2016-12-31": "190.33100", "2016-09-30": "195.73800", "2016-06-30": "199.30300", "2016-03-31": "200.24300", "2015-12-31": "207.47100", "2015-09-30": "251.78900", "2015-06-30": "279.46900", "2015-03-31": "281.25100", "2014-12-31": "287.77600", "2014-09-30": "218.21000", "2014-06-30": "216.62700", "2014-03-31": "215.21300", "2013-12-31": "216.00500", "2013-09-30": "217.41100", "2013-06-30": "221.79700", "2013-03-31": "224.26200", "2012-12-31": "224.08100", "2012-09-30": "214.71800", "2012-06-30": "214.98300", "2012-03-31": "218.72900", "2011-12-31": "218.75800", "2011-09-30": "223.59900", "2011-06-30": "185.56200", "2011-03-31": "187.60400", "2010-12-31": "188.26300", "2010-09-30": "191.27000", "2010-06-30": "185.23000", "2010-03-31": "62.12800", "2009-12-31": "57.34100", "2009-09-30": "56.83000", "2009-06-30": "58.60600", "2009-03-31": "36.32000", "2008-12-31": "38.16300", "2008-09-30": "49.62200", "2008-06-30": "50.08600", "2008-03-31": "50.56100", "2007-12-31": "51.03700", "2007-09-30": "53.32100", "2007-06-30": "56.97200", "2007-03-31": "57.11500", "2006-12-31": "61.04600", "2006-09-30": "33.68800", "2006-06-30": "", "2006-03-31": "", "2005-09-30": "", "2005-06-30": ""}, "Other Long-Term Assets": {"2020-12-31": "", "2020-09-30": "86.88300", "2020-06-30": "91.70900", "2020-03-31": "101.32300", "2019-12-31": "90.26200", "2019-09-30": "90.95000", "2019-06-30": "95.39500", "2019-03-31": "90.74500", "2018-12-31": "89.48000", "2018-09-30": "87.88900", "2018-06-30": "83.70100", "2018-03-31": "68.83600", "2017-12-31": "65.07300", "2017-09-30": "65.04900", "2017-06-30": "64.88700", "2017-03-31": "68.55000", "2016-12-31": "72.67400", "2016-09-30": "62.43600", "2016-06-30": "55.89000", "2016-03-31": "58.53300", "2015-12-31": "49.49000", "2015-09-30": "41.54600", "2015-06-30": "50.47700", "2015-03-31": "51.94400", "2014-12-31": "40.80900", "2014-09-30": "36.35700", "2014-06-30": "38.62400", "2014-03-31": "38.10600", "2013-12-31": "33.39000", "2013-09-30": "28.48000", "2013-06-30": "25.57300", "2013-03-31": "25.56300", "2012-12-31": "24.26700", "2012-09-30": "22.36300", "2012-06-30": "19.02900", "2012-03-31": "21.73500", "2011-12-31": "21.91800", "2011-09-30": "19.28000", "2011-06-30": "19.37200", "2011-03-31": "18.97200", "2010-12-31": "19.17200", "2010-09-30": "18.73900", "2010-06-30": "18.09500", "2010-03-31": "16.90800", "2009-12-31": "16.89800", "2009-09-30": "17.05200", "2009-06-30": "16.67200", "2009-03-31": "6.24500", "2008-12-31": "1.24900", "2008-09-30": "1.62300", "2008-06-30": "2.48400", "2008-03-31": "2.14900", "2007-12-31": "1.80000", "2007-09-30": "1.64600", "2007-06-30": "2.48300", "2007-03-31": "2.47100", "2006-12-31": "2.54200", "2006-09-30": "0.48600", "2006-06-30": "0.54700", "2006-03-31": "", "2005-09-30": "", "2005-06-30": ""}, "Total Long-Term Assets": {"2020-12-31": "", "2020-09-30": "725.21500", "2020-06-30": "716.28000", "2020-03-31": "726.16300", "2019-12-31": "708.20300", "2019-09-30": "700.62200", "2019-06-30": "697.94400", "2019-03-31": "669.57200", "2018-12-31": "644.05000", "2018-09-30": "618.79390", "2018-06-30": "615.59900", "2018-03-31": "608.68600", "2017-12-31": "584.68100", "2017-09-30": "697.59400", "2017-06-30": "695.90400", "2017-03-31": "741.93800", "2016-12-31": "736.71300", "2016-09-30": "733.81800", "2016-06-30": "727.00310", "2016-03-31": "730.53000", "2015-12-31": "729.70700", "2015-09-30": "733.72800", "2015-06-30": "750.33700", "2015-03-31": "749.78490", "2014-12-31": "763.60000", "2014-09-30": "677.69500", "2014-06-30": "674.34300", "2014-03-31": "651.11900", "2013-12-31": "642.92410", "2013-09-30": "625.78700", "2013-06-30": "624.58800", "2013-03-31": "624.05400", "2012-12-31": "618.47100", "2012-09-30": "578.53500", "2012-06-30": "559.77500", "2012-03-31": "565.33100", "2011-12-31": "557.73200", "2011-09-30": "504.19200", "2011-06-30": "469.11300", "2011-03-31": "419.04000", "2010-12-31": "417.13600", "2010-09-30": "382.10600", "2010-06-30": "339.18900", "2010-03-31": "214.86400", "2009-12-31": "194.42700", "2009-09-30": "199.61200", "2009-06-30": "165.94100", "2009-03-31": "140.00500", "2008-12-31": "133.46200", "2008-09-30": "146.43700", "2008-06-30": "140.61800", "2008-03-31": "137.34600", "2007-12-31": "134.10200", "2007-09-30": "135.28900", "2007-06-30": "136.73100", "2007-03-31": "83.75800", "2006-12-31": "79.74600", "2006-09-30": "53.17000", "2006-06-30": "39.35200", "2006-03-31": "", "2005-09-30": "", "2005-06-30": ""}, "Total Assets": {"2020-12-31": "0.00000", "2020-09-30": "2645.45800", "2020-06-30": "2499.58900", "2020-03-31": "2221.55200", "2019-12-31": "2598.61300", "2019-09-30": "2211.10300", "2019-06-30": "1939.74900", "2019-03-31": "1844.93700", "2018-12-31": "2125.66700", "2018-09-30": "1705.60700", "2018-06-30": "1612.52400", "2018-03-31": "1417.65300", "2017-12-31": "1584.88600", "2017-09-30": "1561.03500", "2017-06-30": "1451.28600", "2017-03-31": "1432.76200", "2016-12-31": "1662.34600", "2016-09-30": "1461.63000", "2016-06-30": "1306.65000", "2016-03-31": "1284.67700", "2015-12-31": "1479.17100", "2015-09-30": "1330.38900", "2015-06-30": "1299.54700", "2015-03-31": "1289.20900", "2014-12-31": "1446.55600", "2014-09-30": "1223.75100", "2014-06-30": "1147.89700", "2014-03-31": "1044.91700", "2013-12-31": "1180.78300", "2013-09-30": "1103.34100", "2013-06-30": "1032.96300", "2013-03-31": "976.48900", "2012-12-31": "1145.21800", "2012-09-30": "1028.76400", "2012-06-30": "973.85800", "2012-03-31": "942.11700", "2011-12-31": "1043.59200", "2011-09-30": "1069.82500", "2011-06-30": "1041.79800", "2011-03-31": "900.74700", "2010-12-31": "898.08500", "2010-09-30": "1080.46800", "2010-06-30": "890.57000", "2010-03-31": "850.96200", "2009-12-31": "891.16000", "2009-09-30": "807.66700", "2009-06-30": "743.70000", "2009-03-31": "742.43500", "2008-12-31": "738.94000", "2008-09-30": "837.70500", "2008-06-30": "747.33900", "2008-03-31": "667.88000", "2007-12-31": "689.09600", "2007-09-30": "721.17600", "2007-06-30": "470.99200", "2007-03-31": "317.53600", "2006-12-31": "301.50300", "2006-09-30": "485.34400", "2006-06-30": "83.90200", "2006-03-31": "0.00000", "2005-09-30": "0.00000", "2005-06-30": "0.00000"}, "Total Current Liabilities": {"2020-12-31": "", "2020-09-30": "617.83900", "2020-06-30": "564.71500", "2020-03-31": "389.96900", "2019-12-31": "668.65300", "2019-09-30": "433.00900", "2019-06-30": "411.97100", "2019-03-31": "297.59200", "2018-12-31": "749.69100", "2018-09-30": "462.74400", "2018-06-30": "429.37600", "2018-03-31": "324.30700", "2017-12-31": "464.05200", "2017-09-30": "422.78400", "2017-06-30": "351.67900", "2017-03-31": "254.15700", "2016-12-31": "463.42100", "2016-09-30": "347.42200", "2016-06-30": "244.80000", "2016-03-31": "225.09000", "2015-12-31": "408.04900", "2015-09-30": "278.66600", "2015-06-30": "263.15300", "2015-03-31": "268.73100", "2014-12-31": "385.08000", "2014-09-30": "276.13900", "2014-06-30": "214.53600", "2014-03-31": "143.15300", "2013-12-31": "284.15900", "2013-09-30": "252.20500", "2013-06-30": "221.81700", "2013-03-31": "144.97200", "2012-12-31": "320.90600", "2012-09-30": "265.91400", "2012-06-30": "225.29500", "2012-03-31": "189.05100", "2011-12-31": "302.89700", "2011-09-30": "328.94000", "2011-06-30": "284.37300", "2011-03-31": "283.70200", "2010-12-31": "286.97300", "2010-09-30": "508.18200", "2010-06-30": "358.89400", "2010-03-31": "352.82000", "2009-12-31": "416.29100", "2009-09-30": "348.55200", "2009-06-30": "332.33800", "2009-03-31": "368.84900", "2008-12-31": "365.37500", "2008-09-30": "437.54400", "2008-06-30": "465.01100", "2008-03-31": "387.97300", "2007-12-31": "419.57600", "2007-09-30": "462.34800", "2007-06-30": "216.20600", "2007-03-31": "156.86100", "2006-12-31": "151.19400", "2006-09-30": "375.71000", "2006-06-30": "55.23900", "2006-03-31": "", "2005-09-30": "", "2005-06-30": ""}, "Long Term Debt": {"2020-12-31": "", "2020-09-30": "336.56200", "2020-06-30": "335.20800", "2020-03-31": "335.17300", "2019-12-31": "375.06200", "2019-09-30": "372.52600", "2019-06-30": "168.74800", "2019-03-31": "168.67900", "2018-12-31": "168.61200", "2018-09-30": "168.54300", "2018-06-30": "168.47700", "2018-03-31": "168.51000", "2017-12-31": "175.14600", "2017-09-30": "175.08100", "2017-06-30": "175.01900", "2017-03-31": "178.70800", "2016-12-31": "184.64700", "2016-09-30": "184.58500", "2016-06-30": "184.52600", "2016-03-31": "190.46700", "2015-12-31": "141.80000", "2015-09-30": "129.37900", "2015-06-30": "128.83500", "2015-03-31": "128.29900", "2014-12-31": "127.77600", "2014-09-30": "104.75500", "2014-06-30": "104.20700", "2014-03-31": "103.71000", "2013-12-31": "103.22600", "2013-09-30": "102.74800", "2013-06-30": "102.28200", "2013-03-31": "101.82300", "2012-12-31": "101.37500", "2012-09-30": "100.93300", "2012-06-30": "100.50300", "2012-03-31": "100.07800", "2011-12-31": "99.66400", "2011-09-30": "99.25600", "2011-06-30": "98.85800", "2011-03-31": "98.46500", "2010-12-31": "98.08200", "2010-09-30": "97.70400", "2010-06-30": "97.33600", "2010-03-31": "96.97200", "2009-12-31": "96.61800", "2009-09-30": "96.26800", "2009-06-30": "95.92700", "2009-03-31": "95.59100", "2008-12-31": "95.26300", "2008-09-30": "94.83200", "2008-06-30": "", "2008-03-31": "", "2007-12-31": "", "2007-09-30": "", "2007-06-30": "", "2007-03-31": "0.07000", "2006-12-31": "", "2006-09-30": "0.11900", "2006-06-30": "0.15000", "2006-03-31": "", "2005-09-30": "", "2005-06-30": ""}, "Other Non-Current Liabilities": {"2020-12-31": "", "2020-09-30": "181.31800", "2020-06-30": "172.30900", "2020-03-31": "168.93500", "2019-12-31": "211.39700", "2019-09-30": "209.60700", "2019-06-30": "199.64200", "2019-03-31": "186.41400", "2018-12-31": "199.42500", "2018-09-30": "174.92300", "2018-06-30": "163.67100", "2018-03-31": "150.50300", "2017-12-31": "149.32000", "2017-09-30": "235.18500", "2017-06-30": "225.48400", "2017-03-31": "215.41600", "2016-12-31": "230.94700", "2016-09-30": "229.65200", "2016-06-30": "234.22900", "2016-03-31": "230.49000", "2015-12-31": "222.10600", "2015-09-30": "232.95600", "2015-06-30": "220.07700", "2015-03-31": "216.50000", "2014-12-31": "217.45300", "2014-09-30": "224.06800", "2014-06-30": "213.79800", "2014-03-31": "210.96100", "2013-12-31": "193.43500", "2013-09-30": "194.92700", "2013-06-30": "188.20600", "2013-03-31": "187.28600", "2012-12-31": "182.46100", "2012-09-30": "167.85000", "2012-06-30": "158.49800", "2012-03-31": "159.18600", "2011-12-31": "152.93800", "2011-09-30": "159.27300", "2011-06-30": "158.87700", "2011-03-31": "121.74800", "2010-12-31": "120.38300", "2010-09-30": "118.06800", "2010-06-30": "88.69600", "2010-03-31": "87.20500", "2009-12-31": "82.49500", "2009-09-30": "80.22200", "2009-06-30": "51.81900", "2009-03-31": "46.86500", "2008-12-31": "46.71700", "2008-09-30": "46.10200", "2008-06-30": "46.12800", "2008-03-31": "45.89500", "2007-12-31": "46.82000", "2007-09-30": "43.26400", "2007-06-30": "42.31700", "2007-03-31": "1.49900", "2006-12-31": "0.80700", "2006-09-30": "", "2006-06-30": "", "2006-03-31": "", "2005-09-30": "", "2005-06-30": ""}, "Total Long Term Liabilities": {"2020-12-31": "", "2020-09-30": "820.60500", "2020-06-30": "802.72400", "2020-03-31": "793.71800", "2019-12-31": "803.71000", "2019-09-30": "774.80600", "2019-06-30": "552.94300", "2019-03-31": "541.38700", "2018-12-31": "368.03700", "2018-09-30": "343.46600", "2018-06-30": "332.14800", "2018-03-31": "319.01300", "2017-12-31": "324.46600", "2017-09-30": "410.26600", "2017-06-30": "400.50300", "2017-03-31": "394.12400", "2016-12-31": "415.59400", "2016-09-30": "414.23700", "2016-06-30": "418.75500", "2016-03-31": "420.95700", "2015-12-31": "363.90600", "2015-09-30": "364.97000", "2015-06-30": "352.31600", "2015-03-31": "348.81300", "2014-12-31": "349.24300", "2014-09-30": "344.19200", "2014-06-30": "322.28800", "2014-03-31": "353.53100", "2013-12-31": "333.46600", "2013-09-30": "347.58800", "2013-06-30": "339.33600", "2013-03-31": "338.28900", "2012-12-31": "333.56300", "2012-09-30": "292.81700", "2012-06-30": "281.16500", "2012-03-31": "281.12900", "2011-12-31": "274.86900", "2011-09-30": "280.34700", "2011-06-30": "283.18300", "2011-03-31": "245.64000", "2010-12-31": "243.87100", "2010-09-30": "241.15700", "2010-06-30": "211.39600", "2010-03-31": "200.27800", "2009-12-31": "179.11300", "2009-09-30": "176.49000", "2009-06-30": "147.74600", "2009-03-31": "142.45600", "2008-12-31": "141.98000", "2008-09-30": "181.65000", "2008-06-30": "90.68300", "2008-03-31": "92.21200", "2007-12-31": "96.54400", "2007-09-30": "92.55900", "2007-06-30": "96.18700", "2007-03-31": "42.04100", "2006-12-31": "37.83200", "2006-09-30": "22.46300", "2006-06-30": "0.42300", "2006-03-31": "", "2005-09-30": "", "2005-06-30": ""}, "Total Liabilities": {"2020-12-31": "", "2020-09-30": "1438.44400", "2020-06-30": "1367.43900", "2020-03-31": "1183.68700", "2019-12-31": "1472.36300", "2019-09-30": "1207.81500", "2019-06-30": "964.91400", "2019-03-31": "838.97900", "2018-12-31": "1117.72800", "2018-09-30": "806.21000", "2018-06-30": "761.52400", "2018-03-31": "643.32000", "2017-12-31": "788.51800", "2017-09-30": "833.05000", "2017-06-30": "752.18200", "2017-03-31": "648.28100", "2016-12-31": "879.01500", "2016-09-30": "761.65900", "2016-06-30": "663.55500", "2016-03-31": "646.04700", "2015-12-31": "771.95500", "2015-09-30": "643.63600", "2015-06-30": "615.46900", "2015-03-31": "617.54400", "2014-12-31": "734.32300", "2014-09-30": "620.33100", "2014-06-30": "536.82400", "2014-03-31": "496.68400", "2013-12-31": "617.62500", "2013-09-30": "599.79300", "2013-06-30": "561.15300", "2013-03-31": "483.26100", "2012-12-31": "654.46900", "2012-09-30": "558.73100", "2012-06-30": "506.46000", "2012-03-31": "470.18000", "2011-12-31": "577.76600", "2011-09-30": "609.28700", "2011-06-30": "567.55600", "2011-03-31": "529.34200", "2010-12-31": "530.84400", "2010-09-30": "749.33900", "2010-06-30": "570.29000", "2010-03-31": "553.09800", "2009-12-31": "595.40400", "2009-09-30": "525.04200", "2009-06-30": "480.08400", "2009-03-31": "511.30500", "2008-12-31": "507.35500", "2008-09-30": "619.19400", "2008-06-30": "555.69400", "2008-03-31": "480.18500", "2007-12-31": "516.12000", "2007-09-30": "554.90700", "2007-06-30": "312.39300", "2007-03-31": "198.90200", "2006-12-31": "189.02600", "2006-09-30": "398.17300", "2006-06-30": "55.66200", "2006-03-31": "", "2005-09-30": "", "2005-06-30": ""}, "Common Stock Net": {"2020-12-31": "", "2020-09-30": "0.72000", "2020-06-30": "0.72000", "2020-03-31": "0.71900", "2019-12-31": "0.68700", "2019-09-30": "0.68600", "2019-06-30": "0.68500", "2019-03-31": "0.68400", "2018-12-31": "0.65900", "2018-09-30": "0.65700", "2018-06-30": "0.65600", "2018-03-31": "0.65400", "2017-12-31": "0.62100", "2017-09-30": "0.61600", "2017-06-30": "0.61400", "2017-03-31": "0.61400", "2016-12-31": "0.58200", "2016-09-30": "0.57900", "2016-06-30": "0.57700", "2016-03-31": "0.57600", "2015-12-31": "0.55200", "2015-09-30": "0.49500", "2015-06-30": "0.48800", "2015-03-31": "0.48600", "2014-12-31": "0.46400", "2014-09-30": "0.46000", "2014-06-30": "0.44800", "2014-03-31": "0.43700", "2013-12-31": "0.40800", "2013-09-30": "0.39300", "2013-06-30": "0.38200", "2013-03-31": "0.38000", "2012-12-31": "0.35000", "2012-09-30": "0.34500", "2012-06-30": "0.32800", "2012-03-31": "0.32600", "2011-12-31": "0.31000", "2011-09-30": "0.30100", "2011-06-30": "0.28400", "2011-03-31": "0.22800", "2010-12-31": "0.21500", "2010-09-30": "0.21000", "2010-06-30": "0.18400", "2010-03-31": "0.18200", "2009-12-31": "0.17200", "2009-09-30": "0.17100", "2009-06-30": "0.13100", "2009-03-31": "0.12900", "2008-12-31": "0.12600", "2008-09-30": "0.12100", "2008-06-30": "0.11800", "2008-03-31": "0.11800", "2007-12-31": "0.11300", "2007-09-30": "0.11200", "2007-06-30": "0.11200", "2007-03-31": "0.06400", "2006-12-31": "0.06400", "2006-09-30": "0.04600", "2006-06-30": "", "2006-03-31": "", "2005-09-30": "", "2005-06-30": ""}, "Retained Earnings (Accumulated Deficit)": {"2020-12-31": "", "2020-09-30": "606.54200", "2020-06-30": "590.86600", "2020-03-31": "561.01700", "2019-12-31": "558.26900", "2019-09-30": "479.55800", "2019-06-30": "463.00200", "2019-03-31": "408.28100", "2018-12-31": "364.88200", "2018-09-30": "224.62700", "2018-06-30": "198.81500", "2018-03-31": "153.60500", "2017-12-31": "79.46100", "2017-09-30": "117.43300", "2017-06-30": "85.07500", "2017-03-31": "82.70500", "2016-12-31": "20.34300", "2016-09-30": "-7.16500", "2016-06-30": "-26.65100", "2016-03-31": "-36.73900", "2015-12-31": "-27.79100", "2015-09-30": "-34.35400", "2015-06-30": "-28.74800", "2015-03-31": "-27.08300", "2014-12-31": "-17.81400", "2014-09-30": "-33.14600", "2014-06-30": "-46.03700", "2014-03-31": "-59.73400", "2013-12-31": "-59.89600", "2013-09-30": "-66.34500", "2013-06-30": "-71.84600", "2013-03-31": "-79.75500", "2012-12-31": "-77.07900", "2012-09-30": "-88.13700", "2012-06-30": "-86.20400", "2012-03-31": "-87.15200", "2011-12-31": "-76.70300", "2011-09-30": "-69.35300", "2011-06-30": "-64.90700", "2011-03-31": "-62.56900", "2010-12-31": "-61.50400", "2010-09-30": "-60.50900", "2010-06-30": "-60.94500", "2010-03-31": "-57.88600", "2009-12-31": "-56.75600", "2009-09-30": "-55.45100", "2009-06-30": "-55.73700", "2009-03-31": "-48.01300", "2008-12-31": "-46.56400", "2008-09-30": "-39.60600", "2008-06-30": "-37.56300", "2008-03-31": "-38.07300", "2007-12-31": "-35.61200", "2007-09-30": "-36.98700", "2007-06-30": "-37.97400", "2007-03-31": "7.30900", "2006-12-31": "3.78600", "2006-09-30": "0.29800", "2006-06-30": "", "2006-03-31": "", "2005-09-30": "", "2005-06-30": ""}, "Comprehensive Income": {"2020-12-31": "", "2020-09-30": "-31.40300", "2020-06-30": "-37.16700", "2020-03-31": "-37.92800", "2019-12-31": "-27.59600", "2019-09-30": "-34.78900", "2019-06-30": "-31.98800", "2019-03-31": "-28.50700", "2018-12-31": "-30.43400", "2018-09-30": "-29.04000", "2018-06-30": "-31.48600", "2018-03-31": "-26.04900", "2017-12-31": "-31.41100", "2017-09-30": "-44.96600", "2017-06-30": "-48.86200", "2017-03-31": "-49.91800", "2016-12-31": "-50.09600", "2016-09-30": "-45.15100", "2016-06-30": "-42.04600", "2016-03-31": "-36.35900", "2015-12-31": "-34.53900", "2015-09-30": "-28.17000", "2015-06-30": "-22.60100", "2015-03-31": "-24.15000", "2014-12-31": "-20.38700", "2014-09-30": "-13.49300", "2014-06-30": "-7.82000", "2014-03-31": "-9.80300", "2013-12-31": "-10.78400", "2013-09-30": "-10.19800", "2013-06-30": "-10.91500", "2013-03-31": "-9.10400", "2012-12-31": "-9.08600", "2012-09-30": "-9.60400", "2012-06-30": "-11.99100", "2012-03-31": "-8.30700", "2011-12-31": "-12.05800", "2011-09-30": "-10.98000", "2011-06-30": "-2.62600", "2011-03-31": "-3.22600", "2010-12-31": "-4.19300", "2010-09-30": "-4.58700", "2010-06-30": "-5.67400", "2010-03-31": "-3.13100", "2009-12-31": "-3.76000", "2009-09-30": "-3.47600", "2009-06-30": "-3.24200", "2009-03-31": "-6.04100", "2008-12-31": "-5.13900", "2008-09-30": "-0.32400", "2008-06-30": "0.85800", "2008-03-31": "0.81700", "2007-12-31": "0.59700", "2007-09-30": "1.36100", "2007-06-30": "0.25100", "2007-03-31": "0.13900", "2006-12-31": "0.06300", "2006-09-30": "0.05200", "2006-06-30": "0.12100", "2006-03-31": "", "2005-09-30": "", "2005-06-30": ""}, "Other Share Holders Equity": {"2020-12-31": "", "2020-09-30": "", "2020-06-30": "", "2020-03-31": "", "2019-12-31": "", "2019-09-30": "", "2019-06-30": "", "2019-03-31": "", "2018-12-31": "", "2018-09-30": "", "2018-06-30": "", "2018-03-31": "", "2017-12-31": "", "2017-09-30": "", "2017-06-30": "", "2017-03-31": "", "2016-12-31": "", "2016-09-30": "", "2016-06-30": "", "2016-03-31": "", "2015-12-31": "", "2015-09-30": "", "2015-06-30": "", "2015-03-31": "", "2014-12-31": "", "2014-09-30": "", "2014-06-30": "", "2014-03-31": "", "2013-12-31": "", "2013-09-30": "", "2013-06-30": "", "2013-03-31": "", "2012-12-31": "", "2012-09-30": "", "2012-06-30": "", "2012-03-31": "", "2011-12-31": "", "2011-09-30": "", "2011-06-30": "", "2011-03-31": "", "2010-12-31": "", "2010-09-30": "", "2010-06-30": "", "2010-03-31": "", "2009-12-31": "", "2009-09-30": "", "2009-06-30": "", "2009-03-31": "", "2008-12-31": "", "2008-09-30": "", "2008-06-30": "", "2008-03-31": "", "2007-12-31": "", "2007-09-30": "33.99800", "2007-06-30": "28.73200", "2007-03-31": "", "2006-12-31": "", "2006-09-30": "", "2006-06-30": "28.11900", "2006-03-31": "", "2005-09-30": "", "2005-06-30": ""}, "Share Holder Equity": {"2020-12-31": "", "2020-09-30": "1207.01400", "2020-06-30": "1132.15000", "2020-03-31": "1037.86500", "2019-12-31": "1126.25000", "2019-09-30": "1003.28800", "2019-06-30": "974.83500", "2019-03-31": "1005.95800", "2018-12-31": "1007.93900", "2018-09-30": "899.39700", "2018-06-30": "851.00000", "2018-03-31": "774.33300", "2017-12-31": "796.36800", "2017-09-30": "727.98500", "2017-06-30": "699.10400", "2017-03-31": "784.48100", "2016-12-31": "783.33100", "2016-09-30": "699.97100", "2016-06-30": "643.09500", "2016-03-31": "638.63000", "2015-12-31": "707.21600", "2015-09-30": "686.75300", "2015-06-30": "684.07800", "2015-03-31": "671.66500", "2014-12-31": "712.23300", "2014-09-30": "603.42000", "2014-06-30": "611.07300", "2014-03-31": "548.23300", "2013-12-31": "563.15800", "2013-09-30": "503.54800", "2013-06-30": "471.81000", "2013-03-31": "493.22800", "2012-12-31": "490.74900", "2012-09-30": "470.03300", "2012-06-30": "467.39800", "2012-03-31": "471.93700", "2011-12-31": "465.82600", "2011-09-30": "460.53800", "2011-06-30": "474.24200", "2011-03-31": "371.40500", "2010-12-31": "367.24100", "2010-09-30": "331.12900", "2010-06-30": "320.28000", "2010-03-31": "297.86400", "2009-12-31": "295.75600", "2009-09-30": "282.62500", "2009-06-30": "263.61600", "2009-03-31": "231.13000", "2008-12-31": "231.58500", "2008-09-30": "218.51100", "2008-06-30": "191.64500", "2008-03-31": "187.69500", "2007-12-31": "172.97600", "2007-09-30": "166.26900", "2007-06-30": "158.59900", "2007-03-31": "118.63400", "2006-12-31": "112.47700", "2006-09-30": "87.17100", "2006-06-30": "28.24000", "2006-03-31": "", "2005-09-30": "", "2005-06-30": ""}, "Total Liabilities And Share Holders Equity": {"2020-12-31": "", "2020-09-30": "2645.45800", "2020-06-30": "2499.58900", "2020-03-31": "2221.55200", "2019-12-31": "2598.61300", "2019-09-30": "2211.10300", "2019-06-30": "1939.74900", "2019-03-31": "1844.93700", "2018-12-31": "2125.66700", "2018-09-30": "1705.60700", "2018-06-30": "1612.52400", "2018-03-31": "1417.65300", "2017-12-31": "1584.88600", "2017-09-30": "1561.03500", "2017-06-30": "1451.28600", "2017-03-31": "1432.76200", "2016-12-31": "1662.34600", "2016-09-30": "1461.63000", "2016-06-30": "1306.65000", "2016-03-31": "1284.67700", "2015-12-31": "1479.17100", "2015-09-30": "1330.38900", "2015-06-30": "1299.54700", "2015-03-31": "1289.20900", "2014-12-31": "1446.55600", "2014-09-30": "1223.75100", "2014-06-30": "1147.89700", "2014-03-31": "1044.91700", "2013-12-31": "1180.78300", "2013-09-30": "1103.34100", "2013-06-30": "1032.96300", "2013-03-31": "976.48900", "2012-12-31": "1145.21800", "2012-09-30": "1028.76400", "2012-06-30": "973.85800", "2012-03-31": "942.11700", "2011-12-31": "1043.59200", "2011-09-30": "1069.82500", "2011-06-30": "1041.79800", "2011-03-31": "900.74700", "2010-12-31": "898.08500", "2010-09-30": "1080.46800", "2010-06-30": "890.57000", "2010-03-31": "850.96200", "2009-12-31": "891.16000", "2009-09-30": "807.66700", "2009-06-30": "743.70000", "2009-03-31": "742.43500", "2008-12-31": "738.94000", "2008-09-30": "837.70500", "2008-06-30": "747.33900", "2008-03-31": "667.88000", "2007-12-31": "689.09600", "2007-09-30": "721.17600", "2007-06-30": "470.99200", "2007-03-31": "317.53600", "2006-12-31": "301.50300", "2006-09-30": "485.34400", "2006-06-30": "83.90200", "2006-03-31": "", "2005-09-30": "", "2005-06-30": ""}}, "cash flow statement": {"Net Income/Loss": {"2020-12-31": "0.00000", "2019-12-31": "353.66100", "2018-12-31": "442.85100", "2017-12-31": "179.20700", "2016-12-31": "148.51200", "2015-12-31": "57.69000", "2014-12-31": "107.37100", "2013-12-31": "72.02200", "2012-12-31": "39.47900", "2011-12-31": "10.53100", "2010-12-31": "17.80500", "2009-12-31": "0.24600", "2008-12-31": "-9.56300", "2007-12-31": "-67.33600", "2006-12-31": "69.73700", "2005-12-31": "63.15200"}, "Total Depreciation And Amortization - Cash Flow": {"2020-12-31": "", "2019-12-31": "35.73000", "2018-12-31": "29.37400", "2017-12-31": "26.03200", "2016-12-31": "25.22300", "2015-12-31": "29.63600", "2014-12-31": "18.77300", "2013-12-31": "16.69900", "2012-12-31": "18.78400", "2011-12-31": "20.40100", "2010-12-31": "11.54100", "2009-12-31": "5.87200", "2008-12-31": "4.61900", "2007-12-31": "17.42100", "2006-12-31": "4.50700", "2005-12-31": "0.77800"}, "Other Non-Cash Items": {"2020-12-31": "", "2019-12-31": "379.12200", "2018-12-31": "304.96100", "2017-12-31": "333.05200", "2016-12-31": "282.42500", "2015-12-31": "242.05500", "2014-12-31": "129.08400", "2013-12-31": "133.23400", "2012-12-31": "107.55200", "2011-12-31": "101.84900", "2010-12-31": "54.92300", "2009-12-31": "72.92400", "2008-12-31": "38.97000", "2007-12-31": "133.19700", "2006-12-31": "12.28700", "2005-12-31": "1.26800"}, "Total Non-Cash Items": {"2020-12-31": "", "2019-12-31": "414.85200", "2018-12-31": "334.33500", "2017-12-31": "359.08400", "2016-12-31": "307.64800", "2015-12-31": "271.69100", "2014-12-31": "147.85700", "2013-12-31": "149.93300", "2012-12-31": "126.33600", "2011-12-31": "122.25000", "2010-12-31": "66.46400", "2009-12-31": "78.79600", "2008-12-31": "43.58900", "2007-12-31": "150.61800", "2006-12-31": "16.79400", "2005-12-31": "2.04600"}, "Change In Accounts Receivable": {"2020-12-31": "", "2019-12-31": "6.69100", "2018-12-31": "-137.80500", "2017-12-31": "44.93200", "2016-12-31": "-58.58800", "2015-12-31": "-50.37900", "2014-12-31": "-57.81200", "2013-12-31": "-3.08200", "2012-12-31": "-34.48400", "2011-12-31": "-1.52600", "2010-12-31": "-17.05200", "2009-12-31": "-1.16400", "2008-12-31": "25.67200", "2007-12-31": "5.35300", "2006-12-31": "-37.37200", "2005-12-31": "-1.95000"}, "Change In Inventories": {"2020-12-31": "", "2019-12-31": "-0.51800", "2018-12-31": "-0.52400", "2017-12-31": "0.84100", "2016-12-31": "0.90900", "2015-12-31": "0.49700", "2014-12-31": "0.59200", "2013-12-31": "0.15800", "2012-12-31": "0.59500", "2011-12-31": "0.68100", "2010-12-31": "-0.58000", "2009-12-31": "-0.45500", "2008-12-31": "0.29400", "2007-12-31": "0.43100", "2006-12-31": "-9.93100", "2005-12-31": ""}, "Change In Accounts Payable": {"2020-12-31": "", "2019-12-31": "-1.34400", "2018-12-31": "9.88300", "2017-12-31": "4.36600", "2016-12-31": "-11.61100", "2015-12-31": "14.12200", "2014-12-31": "3.63000", "2013-12-31": "4.70900", "2012-12-31": "-1.96300", "2011-12-31": "-5.56800", "2010-12-31": "-1.54700", "2009-12-31": "-1.17900", "2008-12-31": "-6.73900", "2007-12-31": "0.70100", "2006-12-31": "-10.79400", "2005-12-31": "4.93100"}, "Change In Assets/Liabilities": {"2020-12-31": "", "2019-12-31": "-238.42400", "2018-12-31": "184.73500", "2017-12-31": "-70.34500", "2016-12-31": "25.91900", "2015-12-31": "45.38000", "2014-12-31": "16.98400", "2013-12-31": "-9.43500", "2012-12-31": "16.50100", "2011-12-31": "23.24500", "2010-12-31": "-20.47500", "2009-12-31": "14.19000", "2008-12-31": "-31.92600", "2007-12-31": "58.22900", "2006-12-31": "19.86700", "2005-12-31": "-1.69100"}, "Total Change In Assets/Liabilities": {"2020-12-31": "", "2019-12-31": "-263.81600", "2018-12-31": "72.38800", "2017-12-31": "-31.05500", "2016-12-31": "-34.27400", "2015-12-31": "38.29000", "2014-12-31": "-39.25600", "2013-12-31": "-23.24100", "2012-12-31": "-5.65700", "2011-12-31": "15.05500", "2010-12-31": "-39.27400", "2009-12-31": "9.05900", "2008-12-31": "-15.75600", "2007-12-31": "62.83600", "2006-12-31": "-32.81400", "2005-12-31": "1.48400"}, "Cash Flow From Operating Activities": {"2020-12-31": "", "2019-12-31": "504.69700", "2018-12-31": "849.57400", "2017-12-31": "507.23600", "2016-12-31": "421.88600", "2015-12-31": "367.67100", "2014-12-31": "215.97200", "2013-12-31": "198.71400", "2012-12-31": "160.15800", "2011-12-31": "147.83600", "2010-12-31": "44.99500", "2009-12-31": "88.10100", "2008-12-31": "18.27000", "2007-12-31": "146.11800", "2006-12-31": "53.71700", "2005-12-31": "66.68200"}, "Net Change In Property, Plant, And Equipment": {"2020-12-31": "", "2019-12-31": "-70.81600", "2018-12-31": "-33.32400", "2017-12-31": "-31.30000", "2016-12-31": "-18.43900", "2015-12-31": "-16.18900", "2014-12-31": "-13.52100", "2013-12-31": "-4.48700", "2012-12-31": "-13.94100", "2011-12-31": "-8.66200", "2010-12-31": "-8.56700", "2009-12-31": "-2.26000", "2008-12-31": "-1.15900", "2007-12-31": "-6.72700", "2006-12-31": "-2.18400", "2005-12-31": "-1.02400"}, "Net Change In Intangible Assets": {"2020-12-31": "", "2019-12-31": "", "2018-12-31": "", "2017-12-31": "", "2016-12-31": "", "2015-12-31": "", "2014-12-31": "", "2013-12-31": "", "2012-12-31": "", "2011-12-31": "", "2010-12-31": "", "2009-12-31": "", "2008-12-31": "", "2007-12-31": "", "2006-12-31": "", "2005-12-31": ""}, "Net Acquisitions/Divestitures": {"2020-12-31": "", "2019-12-31": "", "2018-12-31": "", "2017-12-31": "34.35400", "2016-12-31": "-2.87700", "2015-12-31": "-5.64700", "2014-12-31": "42.86900", "2013-12-31": "0.21800", "2012-12-31": "-6.74300", "2011-12-31": "-30.39700", "2010-12-31": "-70.48100", "2009-12-31": "-9.38200", "2008-12-31": "", "2007-12-31": "-0.32400", "2006-12-31": "5.34200", "2005-12-31": ""}, "Net Change In Short-term Investments": {"2020-12-31": "", "2019-12-31": "-300.70500", "2018-12-31": "-181.29000", "2017-12-31": "-58.77000", "2016-12-31": "-23.02100", "2015-12-31": "-6.78300", "2014-12-31": "5.95900", "2013-12-31": "-2.88300", "2012-12-31": "44.45900", "2011-12-31": "9.07900", "2010-12-31": "50.01800", "2009-12-31": "-31.78300", "2008-12-31": "-100.15900", "2007-12-31": "", "2006-12-31": "", "2005-12-31": ""}, "Net Change In Long-Term Investments": {"2020-12-31": "", "2019-12-31": "-3.84300", "2018-12-31": "-0.09500", "2017-12-31": "-0.99700", "2016-12-31": "-2.04700", "2015-12-31": "-0.81900", "2014-12-31": "-10.94400", "2013-12-31": "-3.01200", "2012-12-31": "-2.16100", "2011-12-31": "-48.57500", "2010-12-31": "-16.64500", "2009-12-31": "-4.10800", "2008-12-31": "-14.52500", "2007-12-31": "-1.94700", "2006-12-31": "-8.67800", "2005-12-31": "-0.78300"}, "Net Change In Investments - Total": {"2020-12-31": "", "2019-12-31": "-304.54800", "2018-12-31": "-181.38500", "2017-12-31": "-59.76700", "2016-12-31": "-25.06800", "2015-12-31": "-7.60200", "2014-12-31": "-4.98500", "2013-12-31": "-5.89500", "2012-12-31": "42.29800", "2011-12-31": "-39.49600", "2010-12-31": "33.37300", "2009-12-31": "-35.89100", "2008-12-31": "-114.68400", "2007-12-31": "-1.94700", "2006-12-31": "-8.67800", "2005-12-31": "-0.78300"}, "Investing Activities - Other": {"2020-12-31": "", "2019-12-31": "1.89300", "2018-12-31": "2.14300", "2017-12-31": "2.07200", "2016-12-31": "0.18300", "2015-12-31": "3.32100", "2014-12-31": "0.67200", "2013-12-31": "1.30000", "2012-12-31": "3.30300", "2011-12-31": "1.21100", "2010-12-31": "1.80900", "2009-12-31": "4.85300", "2008-12-31": "3.60800", "2007-12-31": "1.49000", "2006-12-31": "5.43200", "2005-12-31": "-0.67900"}, "Cash Flow From Investing Activities": {"2020-12-31": "", "2019-12-31": "-373.47100", "2018-12-31": "-212.56600", "2017-12-31": "-54.64100", "2016-12-31": "-46.20100", "2015-12-31": "-26.11700", "2014-12-31": "25.03500", "2013-12-31": "-8.86400", "2012-12-31": "24.91700", "2011-12-31": "-77.34400", "2010-12-31": "-43.86600", "2009-12-31": "-42.68000", "2008-12-31": "-112.23500", "2007-12-31": "-7.50800", "2006-12-31": "-0.08800", "2005-12-31": "-2.48600"}, "Net Long-Term Debt": {"2020-12-31": "", "2019-12-31": "205.71800", "2018-12-31": "-6.79900", "2017-12-31": "-9.75100", "2016-12-31": "44.00000", "2015-12-31": "", "2014-12-31": "", "2013-12-31": "", "2012-12-31": "-1.04700", "2011-12-31": "-8.33500", "2010-12-31": "-0.00900", "2009-12-31": "-0.03200", "2008-12-31": "119.88700", "2007-12-31": "-0.13100", "2006-12-31": "-0.20500", "2005-12-31": "-0.14700"}, "Net Current Debt": {"2020-12-31": "", "2019-12-31": "", "2018-12-31": "", "2017-12-31": "", "2016-12-31": "", "2015-12-31": "", "2014-12-31": "", "2013-12-31": "", "2012-12-31": "", "2011-12-31": "", "2010-12-31": "", "2009-12-31": "", "2008-12-31": "", "2007-12-31": "", "2006-12-31": "-6.05000", "2005-12-31": ""}, "Debt Issuance/Retirement Net - Total": {"2020-12-31": "", "2019-12-31": "205.71800", "2018-12-31": "-6.79900", "2017-12-31": "-9.75100", "2016-12-31": "44.00000", "2015-12-31": "", "2014-12-31": "", "2013-12-31": "", "2012-12-31": "-1.04700", "2011-12-31": "-8.33500", "2010-12-31": "-0.00900", "2009-12-31": "-0.03200", "2008-12-31": "119.88700", "2007-12-31": "-0.13100", "2006-12-31": "-6.25500", "2005-12-31": "-0.14700"}, "Net Common Equity Issued/Repurchased": {"2020-12-31": "", "2019-12-31": "-333.29600", "2018-12-31": "-315.23300", "2017-12-31": "-304.31300", "2016-12-31": "-173.95800", "2015-12-31": "-154.31700", "2014-12-31": "-156.24200", "2013-12-31": "", "2012-12-31": "-66.98300", "2011-12-31": "27.89800", "2010-12-31": "-36.95600", "2009-12-31": "-4.70600", "2008-12-31": "-7.08200", "2007-12-31": "41.10600", "2006-12-31": "88.59000", "2005-12-31": ""}, "Net Total Equity Issued/Repurchased": {"2020-12-31": "", "2019-12-31": "-333.29600", "2018-12-31": "-315.23300", "2017-12-31": "-304.31300", "2016-12-31": "-173.95800", "2015-12-31": "-154.31700", "2014-12-31": "-156.24200", "2013-12-31": "", "2012-12-31": "-66.98300", "2011-12-31": "27.89800", "2010-12-31": "-36.95600", "2009-12-31": "-4.70600", "2008-12-31": "-7.08200", "2007-12-31": "41.10600", "2006-12-31": "88.59000", "2005-12-31": ""}, "Total Common And Preferred Stock Dividends Paid": {"2020-12-31": "", "2019-12-31": "-96.80300", "2018-12-31": "-77.30200", "2017-12-31": "-56.52100", "2016-12-31": "-51.55800", "2015-12-31": "-46.13200", "2014-12-31": "-38.75400", "2013-12-31": "-30.09000", "2012-12-31": "-24.29600", "2011-12-31": "-19.34600", "2010-12-31": "-12.35800", "2009-12-31": "-8.21700", "2008-12-31": "-6.23900", "2007-12-31": "-4.65100", "2006-12-31": "", "2005-12-31": ""}, "Financial Activities - Other": {"2020-12-31": "", "2019-12-31": "-65.62800", "2018-12-31": "-53.59300", "2017-12-31": "-48.64500", "2016-12-31": "-56.44200", "2015-12-31": "-34.17400", "2014-12-31": "15.40100", "2013-12-31": "-119.70600", "2012-12-31": "-17.68600", "2011-12-31": "-25.29800", "2010-12-31": "-17.50000", "2009-12-31": "-1.92500", "2008-12-31": "-16.53700", "2007-12-31": "-46.84300", "2006-12-31": "-108.44200", "2005-12-31": "-63.57300"}, "Cash Flow From Financial Activities": {"2020-12-31": "", "2019-12-31": "-290.00900", "2018-12-31": "-452.92700", "2017-12-31": "-419.23000", "2016-12-31": "-237.95800", "2015-12-31": "-234.62300", "2014-12-31": "-179.59500", "2013-12-31": "-149.79600", "2012-12-31": "-110.01200", "2011-12-31": "-25.08100", "2010-12-31": "-66.82300", "2009-12-31": "-14.88000", "2008-12-31": "90.02900", "2007-12-31": "-10.51900", "2006-12-31": "-26.10700", "2005-12-31": "-63.72000"}, "Net Cash Flow": {"2020-12-31": "", "2019-12-31": "-156.21000", "2018-12-31": "182.71100", "2017-12-31": "41.74800", "2016-12-31": "112.38000", "2015-12-31": "96.60400", "2014-12-31": "53.70700", "2013-12-31": "39.02200", "2012-12-31": "76.52600", "2011-12-31": "41.56800", "2010-12-31": "-65.34500", "2009-12-31": "30.78000", "2008-12-31": "-17.57300", "2007-12-31": "128.05500", "2006-12-31": "27.56500", "2005-12-31": "0.47600"}, "Stock-Based Compensation": {"2020-12-31": "", "2019-12-31": "360.34100", "2018-12-31": "293.50700", "2017-12-31": "230.26800", "2016-12-31": "258.29500", "2015-12-31": "207.53300", "2014-12-31": "111.77100", "2013-12-31": "121.60800", "2012-12-31": "115.63200", "2011-12-31": "94.25300", "2010-12-31": "55.91400", "2009-12-31": "59.51800", "2008-12-31": "29.38000", "2007-12-31": "140.83700", "2006-12-31": "", "2005-12-31": ""}, "Common Stock Dividends Paid": {"2020-12-31": "", "2019-12-31": "-96.80300", "2018-12-31": "-77.30200", "2017-12-31": "-56.52100", "2016-12-31": "-51.55800", "2015-12-31": "-46.13200", "2014-12-31": "-38.75400", "2013-12-31": "-30.09000", "2012-12-31": "-24.29600", "2011-12-31": "-19.34600", "2010-12-31": "-12.35800", "2009-12-31": "-8.21700", "2008-12-31": "-6.23900", "2007-12-31": "-4.65100", "2006-12-31": "", "2005-12-31": ""}}, "cash flow statement, quarterly": {"Net Income/Loss": {"2020-12-31": -157.228, "2020-09-30": 51.12, "2020-06-30": 67.228, "2020-03-31": "38.88000", "2019-12-31": 125.7, "2019-09-30": 52.504, "2019-06-30": 97.257, "2019-03-31": "78.20000", "2018-12-31": 192.156, "2018-09-30": 59.299, "2018-06-30": 81.66, "2018-03-31": "109.73600", "2017-12-31": -1.399, "2017-09-30": 60.082, "2017-06-30": 25.877, "2017-03-31": "94.64700", "2016-12-31": 59.958, "2016-09-30": 47.283, "2016-06-30": 33.593, "2016-03-31": "7.67800", "2015-12-31": 29.976, "2015-09-30": 5.435, "2015-06-30": 16.386, "2015-03-31": "5.89300", "2014-12-31": 39.109, "2014-09-30": 25.184, "2014-06-30": 29.686, "2014-03-31": "13.39200", "2013-12-31": 23.379, "2013-09-30": 18.254, "2013-06-30": 22.011, "2013-03-31": "8.37800", "2012-12-31": 24.985, "2012-09-30": 7.473, "2012-06-30": 12.141, "2012-03-31": "-5.12000", "2011-12-31": -3.338, "2011-09-30": 1.293, "2011-06-30": 5.259, "2011-03-31": "7.31700", "2010-12-31": 4.371, "2010-09-30": 9.018, "2010-06-30": -1.553, "2010-03-31": "5.96900", "2009-12-31": 6.475, "2009-09-30": 7.684, "2009-06-30": -14.31, "2009-03-31": "0.39700", "2008-12-31": -13.058, "2008-09-30": 0.395, "2008-06-30": 5.408, "2008-03-31": "-2.30800", "2007-12-31": -29.703, "2007-09-30": 2.32, "2007-06-30": -44.173, "2007-03-31": "4.22000", "2006-12-31": 3.488, "2006-09-30": 15.648, "2006-06-30": 24.653, "2006-03-31": "25.94800", "2005-09-30": 26.919, "2005-06-30": 13.051}, "Total Depreciation And Amortization - Cash Flow": {"2020-12-31": -22.44, "2020-09-30": 6.451, "2020-06-30": 7.463, "2020-03-31": "8.52600", "2019-12-31": 9.292, "2019-09-30": 9.54, "2019-06-30": 8.763, "2019-03-31": "8.13500", "2018-12-31": 7.942, "2018-09-30": 7.909, "2018-06-30": 6.811, "2018-03-31": "6.71200", "2017-12-31": 7.579, "2017-09-30": 6.484, "2017-06-30": 6.109, "2017-03-31": "5.86000", "2016-12-31": 6.19, "2016-09-30": 5.966, "2016-06-30": 6.685, "2016-03-31": "6.38200", "2015-12-31": 6.815, "2015-09-30": 8.975, "2015-06-30": 6.849, "2015-03-31": "6.99700", "2014-12-31": 6.057, "2014-09-30": 4.377, "2014-06-30": 4.034, "2014-03-31": "4.30500", "2013-12-31": 4.462, "2013-09-30": 4.111, "2013-06-30": 4.12, "2013-03-31": "4.00600", "2012-12-31": 4.582, "2012-09-30": 4.321, "2012-06-30": 4.105, "2012-03-31": "5.77600", "2011-12-31": 7.272, "2011-09-30": 6.291, "2011-06-30": 3.464, "2011-03-31": "3.37400", "2010-12-31": 3.778, "2010-09-30": 3.747, "2010-06-30": 2.312, "2010-03-31": "1.70400", "2009-12-31": 1.514, "2009-09-30": 1.466, "2009-06-30": 1.507, "2009-03-31": "1.38500", "2008-12-31": 1.348, "2008-09-30": 1.135, "2008-06-30": 1.055, "2008-03-31": "1.08100", "2007-12-31": 4.126, "2007-09-30": 4.51, "2007-06-30": 4.104, "2007-03-31": "4.68100", "2006-12-31": 2.141, "2006-09-30": 1.42, "2006-06-30": 0.481, "2006-03-31": "0.46500", "2005-09-30": 0.186, "2005-06-30": 0.322}, "Other Non-Cash Items": {"2020-12-31": -309.794, "2020-09-30": 92.01, "2020-06-30": 104.754, "2020-03-31": "113.03000", "2019-12-31": 96.83, "2019-09-30": 95.95, "2019-06-30": 93.274, "2019-03-31": "93.06800", "2018-12-31": 92.441, "2018-09-30": 65.635, "2018-06-30": 79.266, "2018-03-31": "67.61900", "2017-12-31": 145.651, "2017-09-30": 68.109, "2017-06-30": 93.202, "2017-03-31": "26.09000", "2016-12-31": 97.473, "2016-09-30": 56.559, "2016-06-30": 57.817, "2016-03-31": "70.57600", "2015-12-31": 53.872, "2015-09-30": 66.915, "2015-06-30": 51.078, "2015-03-31": "70.19000", "2014-12-31": 23.945, "2014-09-30": 31.792, "2014-06-30": 30.488, "2014-03-31": "42.85900", "2013-12-31": 37.645, "2013-09-30": 33.952, "2013-06-30": 30.844, "2013-03-31": "30.79300", "2012-12-31": 22.756, "2012-09-30": 24.641, "2012-06-30": 29.586, "2012-03-31": "30.56900", "2011-12-31": 29.912, "2011-09-30": 25.553, "2011-06-30": 26.257, "2011-03-31": "20.12700", "2010-12-31": 14.939, "2010-09-30": 13.006, "2010-06-30": 9.728, "2010-03-31": "17.25000", "2009-12-31": 30.351, "2009-09-30": 11.083, "2009-06-30": 25.592, "2009-03-31": "5.89800", "2008-12-31": 8.351, "2008-09-30": 10.046, "2008-06-30": 6.355, "2008-03-31": "14.21800", "2007-12-31": 47.965, "2007-09-30": 10.161, "2007-06-30": 58.977, "2007-03-31": "16.09400", "2006-12-31": 13.716, "2006-09-30": 3.133, "2006-06-30": 0.457, "2006-03-31": "-5.01900", "2005-09-30": -4.322, "2005-06-30": 2.566}, "Total Non-Cash Items": {"2020-12-31": -332.234, "2020-09-30": 98.461, "2020-06-30": 112.217, "2020-03-31": "121.55600", "2019-12-31": 106.122, "2019-09-30": 105.49, "2019-06-30": 102.037, "2019-03-31": "101.20300", "2018-12-31": 100.383, "2018-09-30": 73.544, "2018-06-30": 86.077, "2018-03-31": "74.33100", "2017-12-31": 153.23, "2017-09-30": 74.593, "2017-06-30": 99.311, "2017-03-31": "31.95000", "2016-12-31": 103.663, "2016-09-30": 62.525, "2016-06-30": 64.502, "2016-03-31": "76.95800", "2015-12-31": 60.687, "2015-09-30": 75.89, "2015-06-30": 57.927, "2015-03-31": "77.18700", "2014-12-31": 30.002, "2014-09-30": 36.169, "2014-06-30": 34.522, "2014-03-31": "47.16400", "2013-12-31": 42.107, "2013-09-30": 38.063, "2013-06-30": 34.964, "2013-03-31": "34.79900", "2012-12-31": 27.338, "2012-09-30": 28.962, "2012-06-30": 33.691, "2012-03-31": "36.34500", "2011-12-31": 37.184, "2011-09-30": 31.844, "2011-06-30": 29.721, "2011-03-31": "23.50100", "2010-12-31": 18.717, "2010-09-30": 16.753, "2010-06-30": 12.04, "2010-03-31": "18.95400", "2009-12-31": 31.865, "2009-09-30": 12.549, "2009-06-30": 27.099, "2009-03-31": "7.28300", "2008-12-31": 9.699, "2008-09-30": 11.181, "2008-06-30": 7.41, "2008-03-31": "15.29900", "2007-12-31": 52.091, "2007-09-30": 14.671, "2007-06-30": 63.081, "2007-03-31": "20.77500", "2006-12-31": 15.857, "2006-09-30": 4.553, "2006-06-30": 0.938, "2006-03-31": "-4.55400", "2005-09-30": -4.136, "2005-06-30": 2.888}, "Change In Accounts Receivable": {"2020-12-31": -0.534, "2020-09-30": 26.924, "2020-06-30": -66.055, "2020-03-31": "39.66500", "2019-12-31": 5.105, "2019-09-30": 7.253, "2019-06-30": 39.873, "2019-03-31": "-45.54000", "2018-12-31": -79.586, "2018-09-30": 37.87, "2018-06-30": -55.078, "2018-03-31": "-41.01100", "2017-12-31": 23.611, "2017-09-30": -26.248, "2017-06-30": 20.171, "2017-03-31": "27.39800", "2016-12-31": -83.702, "2016-09-30": 39.877, "2016-06-30": -44.849, "2016-03-31": "30.08600", "2015-12-31": -18.104, "2015-09-30": -42.088, "2015-06-30": 4.116, "2015-03-31": "5.69700", "2014-12-31": -30.256, "2014-09-30": -10.165, "2014-06-30": -9.52, "2014-03-31": "-7.87100", "2013-12-31": -26.236, "2013-09-30": 56.984, "2013-06-30": -39.587, "2013-03-31": "5.75700", "2012-12-31": -16.743, "2012-09-30": -16.491, "2012-06-30": 1.918, "2012-03-31": "-3.16800", "2011-12-31": 12.705, "2011-09-30": 20.235, "2011-06-30": -21.379, "2011-03-31": "-13.08700", "2010-12-31": -11.51, "2010-09-30": -4.248, "2010-06-30": 7.957, "2010-03-31": "-9.25100", "2009-12-31": 18.489, "2009-09-30": -24.447, "2009-06-30": 19.501, "2009-03-31": "-14.70700", "2008-12-31": -1.811, "2008-09-30": 3.763, "2008-06-30": -3.719, "2008-03-31": "27.43900", "2007-12-31": -32.139, "2007-09-30": 9.167, "2007-06-30": 19.565, "2007-03-31": "8.76000", "2006-12-31": -43.873, "2006-09-30": 12.454, "2006-06-30": -1.654, "2006-03-31": "-4.29900", "2005-09-30": -1.513, "2005-06-30": 4.932}, "Change In Inventories": {"2020-12-31": -2.253, "2020-09-30": -0.345, "2020-06-30": 1.966, "2020-03-31": "0.63200", "2019-12-31": -0.025, "2019-09-30": 0.043, "2019-06-30": -0.46, "2019-03-31": "-0.07600", "2018-12-31": -0.778, "2018-09-30": 0.207, "2018-06-30": 0.152, "2018-03-31": "-0.10500", "2017-12-31": 0.155, "2017-09-30": 0.34, "2017-06-30": 0.207, "2017-03-31": "0.13900", "2016-12-31": 0.262, "2016-09-30": 0.37, "2016-06-30": 0.167, "2016-03-31": "0.11000", "2015-12-31": 0.27, "2015-09-30": 0.01, "2015-06-30": 0.176, "2015-03-31": "0.04100", "2014-12-31": 0.192, "2014-09-30": 0.215, "2014-06-30": 0.116, "2014-03-31": "0.06900", "2013-12-31": 0.013, "2013-09-30": 0.041, "2013-06-30": 0.265, "2013-03-31": "-0.16100", "2012-12-31": 0.055, "2012-09-30": 0.194, "2012-06-30": 0.127, "2012-03-31": "0.21900", "2011-12-31": 0.089, "2011-09-30": 0.104, "2011-06-30": 0.253, "2011-03-31": "0.23500", "2010-12-31": -0.768, "2010-09-30": 0.145, "2010-06-30": 0.184, "2010-03-31": "-0.14100", "2009-12-31": -0.167, "2009-09-30": 0.104, "2009-06-30": -0.215, "2009-03-31": "-0.17700", "2008-12-31": -0.009, "2008-09-30": 0.312, "2008-06-30": 0.077, "2008-03-31": "-0.08600", "2007-12-31": 0.352, "2007-09-30": -0.031, "2007-06-30": -0.174, "2007-03-31": "0.28400", "2006-12-31": -9.999, "2006-09-30": 0.068, "2006-06-30": 0, "2006-03-31": "", "2005-09-30": 0, "2005-06-30": 0}, "Change In Accounts Payable": {"2020-12-31": 9.911, "2020-09-30": -15.502, "2020-06-30": 7.509, "2020-03-31": "-1.91800", "2019-12-31": -2.256, "2019-09-30": -12.669, "2019-06-30": 1.697, "2019-03-31": "11.88400", "2018-12-31": 1.503, "2018-09-30": -11.541, "2018-06-30": 3.813, "2018-03-31": "16.10800", "2017-12-31": 3.991, "2017-09-30": -9.198, "2017-06-30": 3.174, "2017-03-31": "6.39900", "2016-12-31": 0.168, "2016-09-30": -8.624, "2016-06-30": 4.909, "2016-03-31": "-8.06400", "2015-12-31": 2.809, "2015-09-30": 0.214, "2015-06-30": 0.719, "2015-03-31": "10.38000", "2014-12-31": -1.01, "2014-09-30": 0.748, "2014-06-30": 10.91, "2014-03-31": "-7.01800", "2013-12-31": 2.448, "2013-09-30": -4.918, "2013-06-30": 6.298, "2013-03-31": "0.88100", "2012-12-31": 1.61, "2012-09-30": -0.909, "2012-06-30": -2.507, "2012-03-31": "-0.15700", "2011-12-31": -5.389, "2011-09-30": -2.128, "2011-06-30": -0.732, "2011-03-31": "2.68100", "2010-12-31": -8.054, "2010-09-30": 3.121, "2010-06-30": -0.105, "2010-03-31": "3.49100", "2009-12-31": -3.606, "2009-09-30": 1.656, "2009-06-30": 1.285, "2009-03-31": "-0.51400", "2008-12-31": -1.604, "2008-09-30": 1.039, "2008-06-30": -2.478, "2008-03-31": "-3.69600", "2007-12-31": 1.901, "2007-09-30": 1.142, "2007-06-30": -11.717, "2007-03-31": "9.37500", "2006-12-31": -1.223, "2006-09-30": -9.7, "2006-06-30": 3.638, "2006-03-31": "-3.50900", "2005-09-30": 3.76, "2005-06-30": 0.84}, "Change In Assets/Liabilities": {"2020-12-31": 198.018, "2020-09-30": 5.272, "2020-06-30": 167.002, "2020-03-31": "-370.29200", "2019-12-31": 176.449, "2019-09-30": 76.579, "2019-06-30": 34.361, "2019-03-31": "-525.81300", "2018-12-31": 297.884, "2018-09-30": -23.098, "2018-06-30": 97.705, "2018-03-31": "-187.75600", "2017-12-31": -6.287, "2017-09-30": 71.145, "2017-06-30": 87.863, "2017-03-31": "-223.06600", "2016-12-31": 92.68, "2016-09-30": 77.868, "2016-06-30": 66.309, "2016-03-31": "-210.93800", "2015-12-31": 122.19, "2015-09-30": 55.826, "2015-06-30": 44.84, "2015-03-31": "-177.47600", "2014-12-31": 87.189, "2014-09-30": 53.444, "2014-06-30": 36.003, "2014-03-31": "-159.65200", "2013-12-31": 41.352, "2013-09-30": 16.572, "2013-06-30": 52.97, "2013-03-31": "-120.32900", "2012-12-31": 61.292, "2012-09-30": 24.055, "2012-06-30": 47.07, "2012-03-31": "-115.91600", "2011-12-31": -3.978, "2011-09-30": 50.849, "2011-06-30": 32.1, "2011-03-31": "-55.72600", "2010-12-31": 14.933, "2010-09-30": 17.437, "2010-06-30": 15.934, "2010-03-31": "-68.77900", "2009-12-31": 25.31, "2009-09-30": 23.572, "2009-06-30": 9.742, "2009-03-31": "-44.43400", "2008-12-31": 17.98, "2008-09-30": 15.048, "2008-06-30": 32.271, "2008-03-31": "-97.22500", "2007-12-31": 28.437, "2007-09-30": 25.279, "2007-06-30": 15.191, "2007-03-31": "-10.67800", "2006-12-31": 29.143, "2006-09-30": 0.211, "2006-06-30": -2.528, "2006-03-31": "-6.95900", "2005-09-30": 1.668, "2005-06-30": -4.625}, "Total Change In Assets/Liabilities": {"2020-12-31": 206.267, "2020-09-30": 14.844, "2020-06-30": 113.631, "2020-03-31": "-334.74200", "2019-12-31": 181.92, "2019-09-30": 68.04, "2019-06-30": 78.3751, "2019-03-31": "-592.15110", "2018-12-31": 246.389, "2018-09-30": 3.296, "2018-06-30": 47.455, "2018-03-31": "-224.75200", "2017-12-31": 29.092, "2017-09-30": 35.834, "2017-06-30": 111.822, "2017-03-31": "-207.80300", "2016-12-31": 7.864, "2016-09-30": 127.038, "2016-06-30": 27.985, "2016-03-31": "-197.16100", "2015-12-31": 134.166, "2015-09-30": 15.183, "2015-06-30": 50.806, "2015-03-31": "-161.86500", "2014-12-31": 57.61, "2014-09-30": 40.572, "2014-06-30": 39.555, "2014-03-31": "-176.99300", "2013-12-31": 14.426, "2013-09-30": 68.118, "2013-06-30": 22.26, "2013-03-31": "-128.04500", "2012-12-31": 60.794, "2012-09-30": 7.933, "2012-06-30": 46.282, "2012-03-31": "-120.66600", "2011-12-31": 3.935, "2011-09-30": 69.184, "2011-06-30": 10.585, "2011-03-31": "-68.64900", "2010-12-31": -5.262, "2010-09-30": 16.698, "2010-06-30": 23.257, "2010-03-31": "-73.96700", "2009-12-31": 34.078, "2009-09-30": 2.96, "2009-06-30": 31.374, "2009-03-31": "-59.35300", "2008-12-31": 12.169, "2008-09-30": 16.344, "2008-06-30": 29.143, "2008-03-31": "-73.41200", "2007-12-31": -2.193, "2007-09-30": 34.989, "2007-06-30": 18.796, "2007-03-31": "11.24400", "2006-12-31": -20.205, "2006-09-30": 3.466, "2006-06-30": -0.788, "2006-03-31": "-15.28700", "2005-09-30": 2.584, "2005-06-30": 1.617}, "Cash Flow From Operating Activities": {"2020-12-31": -283.195, "2020-09-30": 164.425, "2020-06-30": 293.076, "2020-03-31": "-174.30600", "2019-12-31": 413.742, "2019-09-30": 226.034, "2019-06-30": 277.669, "2019-03-31": "-412.74800", "2018-12-31": 538.928, "2018-09-30": 136.139, "2018-06-30": 215.192, "2018-03-31": "-40.68500", "2017-12-31": 180.923, "2017-09-30": 170.509, "2017-06-30": 237.01, "2017-03-31": "-81.20600", "2016-12-31": 171.485, "2016-09-30": 236.846, "2016-06-30": 126.08, "2016-03-31": "-112.52500", "2015-12-31": 224.829, "2015-09-30": 96.508, "2015-06-30": 125.119, "2015-03-31": "-78.78500", "2014-12-31": 126.721, "2014-09-30": 101.925, "2014-06-30": 103.763, "2014-03-31": "-116.43700", "2013-12-31": 79.912, "2013-09-30": 124.435, "2013-06-30": 79.235, "2013-03-31": "-84.86800", "2012-12-31": 113.117, "2012-09-30": 44.368, "2012-06-30": 92.114, "2012-03-31": "-89.44100", "2011-12-31": 37.781, "2011-09-30": 102.321, "2011-06-30": 45.565, "2011-03-31": "-37.83100", "2010-12-31": 17.826, "2010-09-30": 42.469, "2010-06-30": 33.744, "2010-03-31": "-49.04400", "2009-12-31": 72.418, "2009-09-30": 23.193, "2009-06-30": 44.163, "2009-03-31": "-51.67300", "2008-12-31": 8.81, "2008-09-30": 27.92, "2008-06-30": 41.961, "2008-03-31": "-60.42100", "2007-12-31": 20.195, "2007-09-30": 51.98, "2007-06-30": 37.704, "2007-03-31": "36.23900", "2006-12-31": -0.86, "2006-09-30": 23.667, "2006-06-30": 24.803, "2006-03-31": "6.10700", "2005-09-30": 25.367, "2005-06-30": 17.556}, "Net Change In Property, Plant, And Equipment": {"2020-12-31": 41.58, "2020-09-30": -11.915, "2020-06-30": -17.004, "2020-03-31": "-12.66100", "2019-12-31": -24.661, "2019-09-30": -19.873, "2019-06-30": -10.638, "2019-03-31": "-15.64400", "2018-12-31": -21.443, "2018-09-30": -4.703, "2018-06-30": -3.027, "2018-03-31": "-4.15100", "2017-12-31": -6.158, "2017-09-30": -8.338, "2017-06-30": -10.387, "2017-03-31": "-6.41700", "2016-12-31": -9.928, "2016-09-30": -2.873, "2016-06-30": -3.373, "2016-03-31": "-2.26500", "2015-12-31": -3.334, "2015-09-30": -5.16, "2015-06-30": -5.738, "2015-03-31": "-1.95700", "2014-12-31": -3.298, "2014-09-30": -4.252, "2014-06-30": -4.47, "2014-03-31": "-1.50100", "2013-12-31": -2.499, "2013-09-30": -0.448, "2013-06-30": -1.069, "2013-03-31": "-0.47100", "2012-12-31": -2.067, "2012-09-30": -2.366, "2012-06-30": -2.563, "2012-03-31": "-6.94500", "2011-12-31": -6.074, "2011-09-30": -1.002, "2011-06-30": -0.962, "2011-03-31": "-0.62400", "2010-12-31": -5.668, "2010-09-30": -2.226, "2010-06-30": -0.221, "2010-03-31": "-0.45200", "2009-12-31": -1.048, "2009-09-30": -0.341, "2009-06-30": -0.516, "2009-03-31": "-0.35500", "2008-12-31": -0.527, "2008-09-30": -0.228, "2008-06-30": -0.205, "2008-03-31": "-0.19900", "2007-12-31": -1.827, "2007-09-30": -2.069, "2007-06-30": -2.458, "2007-03-31": "-0.37300", "2006-12-31": -0.37, "2006-09-30": -0.632, "2006-06-30": -1.03, "2006-03-31": "-0.15200", "2005-09-30": -0.261, "2005-06-30": -0.337}, "Net Change In Intangible Assets": {"2020-12-31": 0, "2020-09-30": 0, "2020-06-30": 0, "2020-03-31": "", "2019-12-31": 0, "2019-09-30": 0, "2019-06-30": 0, "2019-03-31": "", "2018-12-31": 0, "2018-09-30": 0, "2018-06-30": 0, "2018-03-31": "", "2017-12-31": 0, "2017-09-30": 0, "2017-06-30": 0, "2017-03-31": "", "2016-12-31": 0, "2016-09-30": 0, "2016-06-30": 0, "2016-03-31": "", "2015-12-31": 0, "2015-09-30": 0, "2015-06-30": 0, "2015-03-31": "", "2014-12-31": 0, "2014-09-30": 0, "2014-06-30": 0, "2014-03-31": "", "2013-12-31": 0, "2013-09-30": 0, "2013-06-30": 0, "2013-03-31": "", "2012-12-31": 0, "2012-09-30": 0, "2012-06-30": 0, "2012-03-31": "", "2011-12-31": 0, "2011-09-30": 0, "2011-06-30": 0, "2011-03-31": "", "2010-12-31": 0, "2010-09-30": 0, "2010-06-30": 0, "2010-03-31": "", "2009-12-31": 0, "2009-09-30": 0, "2009-06-30": 0, "2009-03-31": "", "2008-12-31": 0, "2008-09-30": 0, "2008-06-30": 0, "2008-03-31": "", "2007-12-31": 0, "2007-09-30": 0, "2007-06-30": 0, "2007-03-31": "", "2006-12-31": 0, "2006-09-30": 0, "2006-06-30": 0, "2006-03-31": "", "2005-09-30": 0, "2005-06-30": 0}, "Net Acquisitions/Divestitures": {"2020-12-31": -1.83, "2020-09-30": 1.83, "2020-06-30": 0, "2020-03-31": "", "2019-12-31": 0, "2019-09-30": 0, "2019-06-30": 0, "2019-03-31": "", "2018-12-31": 0, "2018-09-30": 0, "2018-06-30": 0, "2018-03-31": "", "2017-12-31": 34.354, "2017-09-30": 0, "2017-06-30": 0, "2017-03-31": "", "2016-12-31": 0, "2016-09-30": -2.877, "2016-06-30": 0, "2016-03-31": "", "2015-12-31": -2.394, "2015-09-30": -3.253, "2015-06-30": 0, "2015-03-31": "", "2014-12-31": 42.869, "2014-09-30": 0, "2014-06-30": 0, "2014-03-31": "", "2013-12-31": 0.152, "2013-09-30": -0.104, "2013-06-30": 0, "2013-03-31": "0.17000", "2012-12-31": -6.743, "2012-09-30": 0, "2012-06-30": 0, "2012-03-31": "", "2011-12-31": 0, "2011-09-30": -30.347, "2011-06-30": 0, "2011-03-31": "-0.05000", "2010-12-31": 0, "2010-09-30": -1.9, "2010-06-30": -67.581, "2010-03-31": "-1.00000", "2009-12-31": 0, "2009-09-30": 0, "2009-06-30": -9.382, "2009-03-31": "", "2008-12-31": 0, "2008-09-30": 0, "2008-06-30": 0, "2008-03-31": "", "2007-12-31": 0, "2007-09-30": 0, "2007-06-30": 0, "2007-03-31": "-0.32400", "2006-12-31": 1.37, "2006-09-30": 3.972, "2006-06-30": 0, "2006-03-31": "", "2005-09-30": 0, "2005-06-30": 0}, "Net Change In Short-term Investments": {"2020-12-31": -520.487, "2020-09-30": 7.44, "2020-06-30": 175.564, "2020-03-31": "337.48300", "2019-12-31": 5.005, "2019-09-30": -402.714, "2019-06-30": -1.109, "2019-03-31": "98.11300", "2018-12-31": -2.185, "2018-09-30": -58.38, "2018-06-30": -152.759, "2018-03-31": "32.03400", "2017-12-31": -11.442, "2017-09-30": -55.716, "2017-06-30": 3.826, "2017-03-31": "4.56200", "2016-12-31": 0.348, "2016-09-30": 2.191, "2016-06-30": -22.226, "2016-03-31": "-3.33400", "2015-12-31": -1.219, "2015-09-30": -10.229, "2015-06-30": 0.17, "2015-03-31": "4.49500", "2014-12-31": -9.491, "2014-09-30": 6.354, "2014-06-30": 6.659, "2014-03-31": "2.43700", "2013-12-31": -0.481, "2013-09-30": -4.409, "2013-06-30": -0.955, "2013-03-31": "2.96200", "2012-12-31": 6.435, "2012-09-30": 4.847, "2012-06-30": -1.913, "2012-03-31": "35.09000", "2011-12-31": -18.015, "2011-09-30": 6.925, "2011-06-30": -1.641, "2011-03-31": "21.81000", "2010-12-31": -19.932, "2010-09-30": 4.628, "2010-06-30": 43.252, "2010-03-31": "22.07000", "2009-12-31": -36.542, "2009-09-30": 2.92, "2009-06-30": 0.14, "2009-03-31": "1.69900", "2008-12-31": -100.159, "2008-09-30": 0, "2008-06-30": 0, "2008-03-31": "", "2007-12-31": 0, "2007-09-30": 0, "2007-06-30": 0, "2007-03-31": "", "2006-12-31": 0, "2006-09-30": 0, "2006-06-30": 0, "2006-03-31": "", "2005-09-30": 0, "2005-06-30": 0}, "Net Change In Long-Term Investments": {"2020-12-31": 0.143, "2020-09-30": -0.143, "2020-06-30": 0, "2020-03-31": "", "2019-12-31": -0.021, "2019-09-30": -1.003, "2019-06-30": -0.379, "2019-03-31": "-2.44000", "2018-12-31": -0.05, "2018-09-30": 0, "2018-06-30": -0.045, "2018-03-31": "", "2017-12-31": -0.14, "2017-09-30": -0.808, "2017-06-30": -0.048, "2017-03-31": "-0.00100", "2016-12-31": -0.518, "2016-09-30": 0, "2016-06-30": -1.445, "2016-03-31": "-0.08400", "2015-12-31": -0.584, "2015-09-30": -0.011, "2015-06-30": -0.17, "2015-03-31": "-0.05400", "2014-12-31": -0.161, "2014-09-30": -2.676, "2014-06-30": -8.017, "2014-03-31": "-0.09000", "2013-12-31": -0.685, "2013-09-30": -1.053, "2013-06-30": -0.382, "2013-03-31": "-0.89200", "2012-12-31": -0.947, "2012-09-30": -0.344, "2012-06-30": -0.722, "2012-03-31": "-0.14800", "2011-12-31": -47.905, "2011-09-30": -0.334, "2011-06-30": -0.272, "2011-03-31": "-0.06400", "2010-12-31": -13.167, "2010-09-30": -1.652, "2010-06-30": -0.048, "2010-03-31": "-1.77800", "2009-12-31": -2.51, "2009-09-30": 0, "2009-06-30": 0, "2009-03-31": "-1.59800", "2008-12-31": -1.896, "2008-09-30": -9.321, "2008-06-30": -0.054, "2008-03-31": "-3.25400", "2007-12-31": 0, "2007-09-30": 0, "2007-06-30": 0, "2007-03-31": "-1.94700", "2006-12-31": 1.052, "2006-09-30": -0.867, "2006-06-30": -1.408, "2006-03-31": "-7.45500", "2005-09-30": 0.101, "2005-06-30": -3.531}, "Net Change In Investments - Total": {"2020-12-31": -520.344, "2020-09-30": 7.297, "2020-06-30": 175.564, "2020-03-31": "337.48300", "2019-12-31": 4.984, "2019-09-30": -403.717, "2019-06-30": -1.488, "2019-03-31": "95.67300", "2018-12-31": -2.235, "2018-09-30": -58.38, "2018-06-30": -152.804, "2018-03-31": "32.03400", "2017-12-31": -11.582, "2017-09-30": -56.524, "2017-06-30": 3.778, "2017-03-31": "4.56100", "2016-12-31": -0.17, "2016-09-30": 2.191, "2016-06-30": -23.671, "2016-03-31": "-3.41800", "2015-12-31": -1.803, "2015-09-30": -10.24, "2015-06-30": 0, "2015-03-31": "4.44100", "2014-12-31": -9.652, "2014-09-30": 3.678, "2014-06-30": -1.358, "2014-03-31": "2.34700", "2013-12-31": -1.166, "2013-09-30": -5.462, "2013-06-30": -1.337, "2013-03-31": "2.07000", "2012-12-31": 5.488, "2012-09-30": 4.503, "2012-06-30": -2.635, "2012-03-31": "34.94200", "2011-12-31": -65.92, "2011-09-30": 6.591, "2011-06-30": -1.913, "2011-03-31": "21.74600", "2010-12-31": -33.099, "2010-09-30": 2.976, "2010-06-30": 43.204, "2010-03-31": "20.29200", "2009-12-31": -39.052, "2009-09-30": 2.92, "2009-06-30": 0.14, "2009-03-31": "0.10100", "2008-12-31": -102.055, "2008-09-30": -9.321, "2008-06-30": -0.054, "2008-03-31": "-3.25400", "2007-12-31": 0, "2007-09-30": 0, "2007-06-30": 0, "2007-03-31": "-1.94700", "2006-12-31": 1.052, "2006-09-30": -0.867, "2006-06-30": -1.408, "2006-03-31": "-7.45500", "2005-09-30": 0.101, "2005-06-30": -3.531}, "Investing Activities - Other": {"2020-12-31": -0.65, "2020-09-30": 0.416, "2020-06-30": 0.234, "2020-03-31": "", "2019-12-31": 0.195, "2019-09-30": 1.334, "2019-06-30": 0, "2019-03-31": "0.36400", "2018-12-31": 0, "2018-09-30": 0.565, "2018-06-30": 1.308, "2018-03-31": "0.27000", "2017-12-31": 0.932, "2017-09-30": 0.626, "2017-06-30": 0.136, "2017-03-31": "0.37800", "2016-12-31": 5.461, "2016-09-30": -5.385, "2016-06-30": 0.104, "2016-03-31": "0.00300", "2015-12-31": 0.069, "2015-09-30": 0.159, "2015-06-30": 0.142, "2015-03-31": "2.95100", "2014-12-31": 0.456, "2014-09-30": 0.108, "2014-06-30": 0, "2014-03-31": "0.10800", "2013-12-31": 0.125, "2013-09-30": 1.021, "2013-06-30": 0.14, "2013-03-31": "0.01400", "2012-12-31": 0.004, "2012-09-30": 0, "2012-06-30": 2.393, "2012-03-31": "0.90600", "2011-12-31": -0.219, "2011-09-30": 0, "2011-06-30": 0.61, "2011-03-31": "0.82000", "2010-12-31": 2.713, "2010-09-30": 0, "2010-06-30": -0.892, "2010-03-31": "-0.01200", "2009-12-31": 4.853, "2009-09-30": 0, "2009-06-30": 0, "2009-03-31": "", "2008-12-31": 1.326, "2008-09-30": 2.282, "2008-06-30": 0, "2008-03-31": "", "2007-12-31": 1.49, "2007-09-30": 0, "2007-06-30": 0, "2007-03-31": "", "2006-12-31": 5.486, "2006-09-30": -0.054, "2006-06-30": 0, "2006-03-31": "", "2005-09-30": 0, "2005-06-30": 0.021}, "Cash Flow From Investing Activities": {"2020-12-31": -481.244, "2020-09-30": -2.372, "2020-06-30": 158.794, "2020-03-31": "324.82200", "2019-12-31": -19.482, "2019-09-30": -422.256, "2019-06-30": -12.126, "2019-03-31": "80.39300", "2018-12-31": -23.678, "2018-09-30": -62.518, "2018-06-30": -154.523, "2018-03-31": "28.15300", "2017-12-31": 17.546, "2017-09-30": -64.236, "2017-06-30": -6.473, "2017-03-31": "-1.47800", "2016-12-31": -4.637, "2016-09-30": -8.944, "2016-06-30": -26.94, "2016-03-31": "-5.68000", "2015-12-31": -7.462, "2015-09-30": -18.494, "2015-06-30": -5.596, "2015-03-31": "5.43500", "2014-12-31": 30.375, "2014-09-30": -0.466, "2014-06-30": -5.828, "2014-03-31": "0.95400", "2013-12-31": -3.388, "2013-09-30": -4.993, "2013-06-30": -2.266, "2013-03-31": "1.78300", "2012-12-31": -3.318, "2012-09-30": 2.137, "2012-06-30": -2.805, "2012-03-31": "28.90300", "2011-12-31": -72.213, "2011-09-30": -24.758, "2011-06-30": -2.265, "2011-03-31": "21.89200", "2010-12-31": -36.054, "2010-09-30": -1.15, "2010-06-30": -25.49, "2010-03-31": "18.82800", "2009-12-31": -35.247, "2009-09-30": 2.579, "2009-06-30": -9.758, "2009-03-31": "-0.25400", "2008-12-31": -101.256, "2008-09-30": -7.267, "2008-06-30": -0.259, "2008-03-31": "-3.45300", "2007-12-31": -0.337, "2007-09-30": -2.069, "2007-06-30": -2.458, "2007-03-31": "-2.64400", "2006-12-31": 7.538, "2006-09-30": 2.419, "2006-06-30": -2.438, "2006-03-31": "-7.60700", "2005-09-30": -0.16, "2005-06-30": -3.847}, "Net Long-Term Debt": {"2020-12-31": 0, "2020-09-30": 0, "2020-06-30": 0, "2020-03-31": "", "2019-12-31": 0, "2019-09-30": 205.718, "2019-06-30": 0, "2019-03-31": "", "2018-12-31": 0, "2018-09-30": 0, "2018-06-30": -0.099, "2018-03-31": "-6.70000", "2017-12-31": 0, "2017-09-30": 0, "2017-06-30": -3.751, "2017-03-31": "-6.00000", "2016-12-31": 0, "2016-09-30": 0, "2016-06-30": -6, "2016-03-31": "50.00000", "2015-12-31": 0, "2015-09-30": 0, "2015-06-30": 0, "2015-03-31": "", "2014-12-31": 0, "2014-09-30": 0, "2014-06-30": 0, "2014-03-31": "", "2013-12-31": 0, "2013-09-30": 0, "2013-06-30": 0, "2013-03-31": "", "2012-12-31": -1.047, "2012-09-30": 0, "2012-06-30": 0, "2012-03-31": "", "2011-12-31": 0, "2011-09-30": -8.316, "2011-06-30": -0.001, "2011-03-31": "-0.01800", "2010-12-31": 0.026, "2010-09-30": -0.012, "2010-06-30": -0.012, "2010-03-31": "-0.01100", "2009-12-31": -0.015, "2009-09-30": -0.007, "2009-06-30": 0.001, "2009-03-31": "-0.01100", "2008-12-31": -0.038, "2008-09-30": 119.974, "2008-06-30": -0.024, "2008-03-31": "-0.02500", "2007-12-31": -0.024, "2007-09-30": -0.028, "2007-06-30": -0.032, "2007-03-31": "-0.04700", "2006-12-31": -0.054, "2006-09-30": -0.052, "2006-06-30": -0.045, "2006-03-31": "-0.05400", "2005-09-30": -0.043, "2005-06-30": -0.07}, "Net Current Debt": {"2020-12-31": 0, "2020-09-30": 0, "2020-06-30": 0, "2020-03-31": "", "2019-12-31": 0, "2019-09-30": 0, "2019-06-30": -30, "2019-03-31": "30.00000", "2018-12-31": 0, "2018-09-30": 0, "2018-06-30": 0, "2018-03-31": "", "2017-12-31": 0, "2017-09-30": 0, "2017-06-30": 0, "2017-03-31": "", "2016-12-31": 0, "2016-09-30": 0, "2016-06-30": -50, "2016-03-31": "50.00000", "2015-12-31": 0, "2015-09-30": 0, "2015-06-30": -45, "2015-03-31": "45.00000", "2014-12-31": 0, "2014-09-30": 0, "2014-06-30": 0, "2014-03-31": "", "2013-12-31": 0, "2013-09-30": 0, "2013-06-30": 0, "2013-03-31": "", "2012-12-31": 0, "2012-09-30": 0, "2012-06-30": 0, "2012-03-31": "", "2011-12-31": 0, "2011-09-30": 0, "2011-06-30": 0, "2011-03-31": "", "2010-12-31": 0, "2010-09-30": 0, "2010-06-30": 0, "2010-03-31": "", "2009-12-31": 0, "2009-09-30": 0, "2009-06-30": 0, "2009-03-31": "", "2008-12-31": 0, "2008-09-30": 0, "2008-06-30": 0, "2008-03-31": "", "2007-12-31": 0, "2007-09-30": 0, "2007-06-30": 0, "2007-03-31": "", "2006-12-31": 0, "2006-09-30": -36.05, "2006-06-30": 5, "2006-03-31": "25.00000", "2005-09-30": 0, "2005-06-30": 0}, "Debt Issuance/Retirement Net - Total": {"2020-12-31": 0, "2020-09-30": 0, "2020-06-30": 0, "2020-03-31": "", "2019-12-31": 0, "2019-09-30": 205.718, "2019-06-30": -30, "2019-03-31": "30.00000", "2018-12-31": 0, "2018-09-30": 0, "2018-06-30": -0.099, "2018-03-31": "-6.70000", "2017-12-31": 0, "2017-09-30": 0, "2017-06-30": -3.751, "2017-03-31": "-6.00000", "2016-12-31": 0, "2016-09-30": 0, "2016-06-30": -56, "2016-03-31": "100.00000", "2015-12-31": 0, "2015-09-30": 0, "2015-06-30": -45, "2015-03-31": "45.00000", "2014-12-31": 0, "2014-09-30": 0, "2014-06-30": 0, "2014-03-31": "", "2013-12-31": 0, "2013-09-30": 0, "2013-06-30": 0, "2013-03-31": "", "2012-12-31": -1.047, "2012-09-30": 0, "2012-06-30": 0, "2012-03-31": "", "2011-12-31": 0, "2011-09-30": -8.316, "2011-06-30": -0.001, "2011-03-31": "-0.01800", "2010-12-31": 0.026, "2010-09-30": -0.012, "2010-06-30": -0.012, "2010-03-31": "-0.01100", "2009-12-31": -0.015, "2009-09-30": -0.007, "2009-06-30": 0.001, "2009-03-31": "-0.01100", "2008-12-31": -0.038, "2008-09-30": 119.974, "2008-06-30": -0.024, "2008-03-31": "-0.02500", "2007-12-31": -0.024, "2007-09-30": -0.028, "2007-06-30": -0.032, "2007-03-31": "-0.04700", "2006-12-31": -0.054, "2006-09-30": -36.102, "2006-06-30": 4.955, "2006-03-31": "24.94600", "2005-09-30": -0.043, "2005-06-30": -0.07}, "Net Common Equity Issued/Repurchased": {"2020-12-31": 144.338, "2020-09-30": -0.926, "2020-06-30": -2.398, "2020-03-31": "-141.01400", "2019-12-31": -29.218, "2019-09-30": -39.035, "2019-06-30": -157.35, "2019-03-31": "-107.69300", "2018-12-31": -315.233, "2018-09-30": 185.373, "2018-06-30": -29.776, "2018-03-31": "-155.59700", "2017-12-31": -304.313, "2017-09-30": 240.377, "2017-06-30": -146.923, "2017-03-31": "-93.45400", "2016-12-31": -5.698, "2016-09-30": -1.999, "2016-06-30": -51.008, "2016-03-31": "-115.25300", "2015-12-31": -1.529, "2015-09-30": -29.149, "2015-06-30": -35.588, "2015-03-31": "-88.05100", "2014-12-31": -18.799, "2014-09-30": -42.984, "2014-06-30": -31.096, "2014-03-31": "-63.36300", "2013-12-31": 99.73, "2013-09-30": -11.855, "2013-06-30": -58.188, "2013-03-31": "-29.68700", "2012-12-31": -1.824, "2012-09-30": -24.609, "2012-06-30": -25.482, "2012-03-31": "-15.06800", "2011-12-31": -10.011, "2011-09-30": -16.734, "2011-06-30": 68.224, "2011-03-31": "-13.58100", "2010-12-31": -0.66, "2010-09-30": -10.405, "2010-06-30": -15.509, "2010-03-31": "-10.38200", "2009-12-31": -0.307, "2009-09-30": -1.376, "2009-06-30": -1.112, "2009-03-31": "-1.91100", "2008-12-31": -0.802, "2008-09-30": -1.651, "2008-06-30": -3.994, "2008-03-31": "-0.63500", "2007-12-31": -0.968, "2007-09-30": -0.022, "2007-06-30": 42.096, "2007-03-31": "", "2006-12-31": -0.125, "2006-09-30": 88.715, "2006-06-30": 0, "2006-03-31": "", "2005-09-30": 0, "2005-06-30": 0}, "Net Total Equity Issued/Repurchased": {"2020-12-31": 144.338, "2020-09-30": -0.926, "2020-06-30": -2.398, "2020-03-31": "-141.01400", "2019-12-31": -29.218, "2019-09-30": -39.035, "2019-06-30": -157.35, "2019-03-31": "-107.69300", "2018-12-31": -315.233, "2018-09-30": 185.373, "2018-06-30": -29.776, "2018-03-31": "-155.59700", "2017-12-31": -304.313, "2017-09-30": 240.377, "2017-06-30": -146.923, "2017-03-31": "-93.45400", "2016-12-31": -5.698, "2016-09-30": -1.999, "2016-06-30": -51.008, "2016-03-31": "-115.25300", "2015-12-31": -1.529, "2015-09-30": -29.149, "2015-06-30": -35.588, "2015-03-31": "-88.05100", "2014-12-31": -18.799, "2014-09-30": -42.984, "2014-06-30": -31.096, "2014-03-31": "-63.36300", "2013-12-31": 99.73, "2013-09-30": -11.855, "2013-06-30": -58.188, "2013-03-31": "-29.68700", "2012-12-31": -1.824, "2012-09-30": -24.609, "2012-06-30": -25.482, "2012-03-31": "-15.06800", "2011-12-31": -10.011, "2011-09-30": -16.734, "2011-06-30": 68.224, "2011-03-31": "-13.58100", "2010-12-31": -0.66, "2010-09-30": -10.405, "2010-06-30": -15.509, "2010-03-31": "-10.38200", "2009-12-31": -0.307, "2009-09-30": -1.376, "2009-06-30": -1.112, "2009-03-31": "-1.91100", "2008-12-31": -0.802, "2008-09-30": -1.651, "2008-06-30": -3.994, "2008-03-31": "-0.63500", "2007-12-31": -0.968, "2007-09-30": -0.022, "2007-06-30": 42.096, "2007-03-31": "", "2006-12-31": -0.125, "2006-09-30": 88.715, "2006-06-30": 0, "2006-03-31": "", "2005-09-30": 0, "2005-06-30": 0}, "Total Common And Preferred Stock Dividends Paid": {"2020-12-31": 81.297, "2020-09-30": -23.768, "2020-06-30": -23.748, "2020-03-31": "-33.78100", "2019-12-31": -22.928, "2019-09-30": -23.078, "2019-06-30": -23.326, "2019-03-31": "-27.47100", "2018-12-31": -19.854, "2018-09-30": -20.429, "2018-06-30": -20.481, "2018-03-31": "-16.53800", "2017-12-31": -15.798, "2017-09-30": -11.213, "2017-06-30": -13.475, "2017-03-31": "-16.03500", "2016-12-31": -13.865, "2016-09-30": -13.296, "2016-06-30": -12.069, "2016-03-31": "-12.32800", "2015-12-31": -12.338, "2015-09-30": -11.091, "2015-06-30": -10.803, "2015-03-31": "-11.90000", "2014-12-31": -10.843, "2014-09-30": -10.033, "2014-06-30": -9.033, "2014-03-31": "-8.84500", "2013-12-31": -8.876, "2013-09-30": -7.093, "2013-06-30": -7.006, "2013-03-31": "-7.11500", "2012-12-31": -6.593, "2012-09-30": -6.025, "2012-06-30": -5.797, "2012-03-31": "-5.88100", "2011-12-31": -5.755, "2011-09-30": -5.36, "2011-06-30": -4.116, "2011-03-31": "-4.11500", "2010-12-31": -3.91, "2010-09-30": -2.783, "2010-06-30": -2.864, "2010-03-31": "-2.80100", "2009-12-31": -2.727, "2009-09-30": -2.169, "2009-06-30": -1.681, "2009-03-31": "-1.64000", "2008-12-31": -1.622, "2008-09-30": -1.575, "2008-06-30": -1.546, "2008-03-31": "-1.49600", "2007-12-31": -1.763, "2007-09-30": -1.333, "2007-06-30": -1.11, "2007-03-31": "-0.44500", "2006-12-31": 0, "2006-09-30": 0, "2006-06-30": 0, "2006-03-31": "", "2005-09-30": 0, "2005-06-30": 0}, "Financial Activities - Other": {"2020-12-31": 22.722, "2020-09-30": -9.253, "2020-06-30": -2.431, "2020-03-31": "-11.03800", "2019-12-31": -19.249, "2019-09-30": -14.683, "2019-06-30": -13.712, "2019-03-31": "-17.98400", "2018-12-31": 188.575, "2018-09-30": -222.414, "2018-06-30": -6.621, "2018-03-31": "-13.13300", "2017-12-31": 278.561, "2017-09-30": -311.372, "2017-06-30": -7.293, "2017-03-31": "-8.54100", "2016-12-31": -24.674, "2016-09-30": -8.326, "2016-06-30": -14.754, "2016-03-31": "-8.68800", "2015-12-31": -29.393, "2015-09-30": -3.674, "2015-06-30": -5.27, "2015-03-31": "4.16300", "2014-12-31": -8.971, "2014-09-30": 1.277, "2014-06-30": 9.383, "2014-03-31": "13.71200", "2013-12-31": -113.274, "2013-09-30": -4.236, "2013-06-30": -0.389, "2013-03-31": "-1.80700", "2012-12-31": -3.785, "2012-09-30": -6.321, "2012-06-30": -6.065, "2012-03-31": "-1.51500", "2011-12-31": -9.638, "2011-09-30": -5.055, "2011-06-30": -6.203, "2011-03-31": "-4.40200", "2010-12-31": -5.169, "2010-09-30": -5.629, "2010-06-30": -1.306, "2010-03-31": "-5.39600", "2009-12-31": -11.823, "2009-09-30": -3.731, "2009-06-30": 14.985, "2009-03-31": "-1.35600", "2008-12-31": -2.619, "2008-09-30": -5.016, "2008-06-30": -5.447, "2008-03-31": "-3.45500", "2007-12-31": -7.125, "2007-09-30": -9.381, "2007-06-30": -19.272, "2007-03-31": "-11.06500", "2006-12-31": 0, "2006-09-30": -34.659, "2006-06-30": -24.767, "2006-03-31": "-49.01600", "2005-09-30": -13.599, "2005-06-30": -42.654}, "Cash Flow From Financial Activities": {"2020-12-31": 248.357, "2020-09-30": -33.947, "2020-06-30": -28.577, "2020-03-31": "-185.83300", "2019-12-31": -71.395, "2019-09-30": 128.922, "2019-06-30": -224.388, "2019-03-31": "-123.14800", "2018-12-31": -146.512, "2018-09-30": -57.47, "2018-06-30": -56.977, "2018-03-31": "-191.96800", "2017-12-31": -41.55, "2017-09-30": -82.208, "2017-06-30": -171.442, "2017-03-31": "-124.03000", "2016-12-31": -44.237, "2016-09-30": -23.621, "2016-06-30": -133.831, "2016-03-31": "-36.26900", "2015-12-31": -43.26, "2015-09-30": -43.914, "2015-06-30": -96.661, "2015-03-31": "-50.78800", "2014-12-31": -38.613, "2014-09-30": -51.74, "2014-06-30": -30.746, "2014-03-31": "-58.49600", "2013-12-31": -22.42, "2013-09-30": -23.184, "2013-06-30": -65.583, "2013-03-31": "-38.60900", "2012-12-31": -13.249, "2012-09-30": -36.955, "2012-06-30": -37.344, "2012-03-31": "-22.46400", "2011-12-31": -25.404, "2011-09-30": -35.465, "2011-06-30": 57.904, "2011-03-31": "-22.11600", "2010-12-31": -9.713, "2010-09-30": -18.829, "2010-06-30": -19.691, "2010-03-31": "-18.59000", "2009-12-31": -14.872, "2009-09-30": -7.283, "2009-06-30": 12.193, "2009-03-31": "-4.91800", "2008-12-31": -5.081, "2008-09-30": 111.732, "2008-06-30": -11.011, "2008-03-31": "-5.61100", "2007-12-31": -9.88, "2007-09-30": -10.764, "2007-06-30": 21.682, "2007-03-31": "-11.55700", "2006-12-31": -0.179, "2006-09-30": 17.954, "2006-06-30": -19.812, "2006-03-31": "-24.07000", "2005-09-30": -13.642, "2005-06-30": -42.724}, "Net Cash Flow": {"2020-12-31": -514.78, "2020-09-30": 133.646, "2020-06-30": 424.88, "2020-03-31": "-43.74600", "2019-12-31": 330.307, "2019-09-30": -71.036, "2019-06-30": 36.154, "2019-03-31": "-451.63500", "2018-12-31": 365.657, "2018-09-30": 19.438, "2018-06-30": -1.357, "2018-03-31": "-201.02700", "2017-12-31": 159.761, "2017-09-30": 29.66, "2017-06-30": 59.538, "2017-03-31": "-207.21100", "2016-12-31": 115.115, "2016-09-30": 198.759, "2016-06-30": -44.253, "2016-03-31": "-157.24100", "2015-12-31": 170.619, "2015-09-30": 28.066, "2015-06-30": 24.298, "2015-03-31": "-126.37900", "2014-12-31": 113.091, "2014-09-30": 45.973, "2014-06-30": 69.032, "2014-03-31": "-174.38900", "2013-12-31": 54.655, "2013-09-30": 96.363, "2013-06-30": 10.401, "2013-03-31": "-122.39700", "2012-12-31": 97.09, "2012-09-30": 11.673, "2012-06-30": 49.466, "2012-03-31": "-81.70300", "2011-12-31": -61.021, "2011-09-30": 39.477, "2011-06-30": 100.874, "2011-03-31": "-37.76200", "2010-12-31": -27.204, "2010-09-30": 23.716, "2010-06-30": -11.972, "2010-03-31": "-49.88500", "2009-12-31": 23.059, "2009-09-30": 16.767, "2009-06-30": 49.359, "2009-03-31": "-58.40500", "2008-12-31": -108.453, "2008-09-30": 129.253, "2008-06-30": 30.533, "2008-03-31": "-68.90600", "2007-12-31": 8.526, "2007-09-30": 40.362, "2007-06-30": 56.969, "2007-03-31": "22.19800", "2006-12-31": 6.49, "2006-09-30": 44.092, "2006-06-30": 2.553, "2006-03-31": "-25.57000", "2005-09-30": 11.565, "2005-06-30": -29.015}, "Stock-Based Compensation": {"2020-12-31": -271.145, "2020-09-30": 94.177, "2020-06-30": 99.058, "2020-03-31": "77.91000", "2019-12-31": 81.919, "2019-09-30": 86.136, "2019-06-30": 95.335, "2019-03-31": "96.95100", "2018-12-31": 84.649, "2018-09-30": 67.633, "2018-06-30": 73.599, "2018-03-31": "67.62600", "2017-12-31": 67.174, "2017-09-30": 63.857, "2017-06-30": 70.554, "2017-03-31": "28.68300", "2016-12-31": 80.483, "2016-09-30": 53.464, "2016-06-30": 57.478, "2016-03-31": "66.87000", "2015-12-31": 52.359, "2015-09-30": 49.035, "2015-06-30": 49.284, "2015-03-31": "56.85500", "2014-12-31": 28.914, "2014-09-30": 25.217, "2014-06-30": 29.77, "2014-03-31": "27.87000", "2013-12-31": 29.295, "2013-09-30": 28.511, "2013-06-30": 31.492, "2013-03-31": "32.31000", "2012-12-31": 28.682, "2012-09-30": 28.768, "2012-06-30": 28.515, "2012-03-31": "29.66700", "2011-12-31": 26.268, "2011-09-30": 19.364, "2011-06-30": 29.84, "2011-03-31": "18.78100", "2010-12-31": 14.257, "2010-09-30": 13.249, "2010-06-30": 13.571, "2010-03-31": "14.83700", "2009-12-31": 18.554, "2009-09-30": 11.178, "2009-06-30": 23.159, "2009-03-31": "6.62700", "2008-12-31": 8.326, "2008-09-30": 7.888, "2008-06-30": 7.024, "2008-03-31": "6.14200", "2007-12-31": 6.273, "2007-09-30": 5.267, "2007-06-30": 126.739, "2007-03-31": "2.55800", "2006-12-31": 0, "2006-09-30": 0, "2006-06-30": 0, "2006-03-31": "", "2005-09-30": 0, "2005-06-30": 0}, "Common Stock Dividends Paid": {"2020-12-31": 81.297, "2020-09-30": -23.768, "2020-06-30": -23.748, "2020-03-31": "-33.78100", "2019-12-31": -22.928, "2019-09-30": -23.078, "2019-06-30": -23.326, "2019-03-31": "-27.47100", "2018-12-31": -19.854, "2018-09-30": -20.429, "2018-06-30": -20.481, "2018-03-31": "-16.53800", "2017-12-31": -15.798, "2017-09-30": -11.213, "2017-06-30": -13.475, "2017-03-31": "-16.03500", "2016-12-31": -13.865, "2016-09-30": -13.296, "2016-06-30": -12.069, "2016-03-31": "-12.32800", "2015-12-31": -12.338, "2015-09-30": -11.091, "2015-06-30": -10.803, "2015-03-31": "-11.90000", "2014-12-31": -10.843, "2014-09-30": -10.033, "2014-06-30": -9.033, "2014-03-31": "-8.84500", "2013-12-31": -8.876, "2013-09-30": -7.093, "2013-06-30": -7.006, "2013-03-31": "-7.11500", "2012-12-31": -6.593, "2012-09-30": -6.025, "2012-06-30": -5.797, "2012-03-31": "-5.88100", "2011-12-31": -5.755, "2011-09-30": -5.36, "2011-06-30": -4.116, "2011-03-31": "-4.11500", "2010-12-31": -3.91, "2010-09-30": -2.783, "2010-06-30": -2.864, "2010-03-31": "-2.80100", "2009-12-31": -2.727, "2009-09-30": -2.169, "2009-06-30": -1.681, "2009-03-31": "-1.64000", "2008-12-31": -1.622, "2008-09-30": -1.575, "2008-06-30": -1.546, "2008-03-31": "-1.49600", "2007-12-31": -1.763, "2007-09-30": -1.333, "2007-06-30": -1.11, "2007-03-31": "-0.44500", "2006-12-31": 0, "2006-09-30": 0, "2006-06-30": 0, "2006-03-31": "", "2005-09-30": 0, "2005-06-30": 0}}, "financial ratios": {"Current Ratio": {"2019-12-31": "2.52810", "2018-12-31": "1.97630", "2017-12-31": "2.15540", "2016-12-31": "1.99740", "2015-12-31": "1.83670", "2014-12-31": "1.77350", "2013-12-31": "1.89280", "2012-12-31": "1.64140", "2011-12-31": "1.60400", "2010-12-31": "1.67590", "2009-12-31": "1.67370", "2008-12-31": "1.65710", "2007-12-31": "1.32280", "2006-12-31": "1.46670", "2005-12-31": "1.88080"}, "Long-term Debt / Capital": {"2019-12-31": "0.24980", "2018-12-31": "0.14330", "2017-12-31": "0.18030", "2016-12-31": "0.19080", "2015-12-31": "0.16700", "2014-12-31": "0.15210", "2013-12-31": "0.15490", "2012-12-31": "0.17120", "2011-12-31": "0.17620", "2010-12-31": "0.21080", "2009-12-31": "0.24620", "2008-12-31": "0.29150", "2007-12-31": "", "2006-12-31": "", "2005-12-31": "0.00450"}, "Debt/Equity Ratio": {"2019-12-31": "0.35610", "2018-12-31": "0.19220", "2017-12-31": "0.25760", "2016-12-31": "0.27550", "2015-12-31": "0.26270", "2014-12-31": "0.32890", "2013-12-31": "0.31750", "2012-12-31": "0.45270", "2011-12-31": "0.49210", "2010-12-31": "0.75360", "2009-12-31": "1.36430", "2008-12-31": "1.64090", "2007-12-31": "1.65260", "2006-12-31": "0.74800", "2005-12-31": "0.00830"}, "Gross Margin": {"2019-12-31": "99.36090", "2018-12-31": "99.44920", "2017-12-31": "99.14300", "2016-12-31": "98.79570", "2015-12-31": "100.00000", "2014-12-31": "100.00000", "2013-12-31": "100.00000", "2012-12-31": "100.00000", "2011-12-31": "100.00000", "2010-12-31": "100.00000", "2009-12-31": "100.00000", "2008-12-31": "100.00000", "2007-12-31": "100.00000", "2006-12-31": "100.00000", "2005-12-31": "100.00000"}, "Operating Margin": {"2019-12-31": "23.11690", "2018-12-31": "27.12550", "2017-12-31": "27.59990", "2016-12-31": "19.63980", "2015-12-31": "15.45490", "2014-12-31": "21.17370", "2013-12-31": "18.52730", "2012-12-31": "12.51960", "2011-12-31": "11.50770", "2010-12-31": "15.82460", "2009-12-31": "20.36260", "2008-12-31": "11.98070", "2007-12-31": "-10.72900", "2006-12-31": "47.40570", "2005-12-31": "52.95660"}, "EBIT Margin": {"2019-12-31": "23.11690", "2018-12-31": "27.12550", "2017-12-31": "27.59990", "2016-12-31": "19.63980", "2015-12-31": "15.45490", "2014-12-31": "21.17370", "2013-12-31": "18.52730", "2012-12-31": "12.51960", "2011-12-31": "11.50770", "2010-12-31": "15.82460", "2009-12-31": "20.36260", "2008-12-31": "11.98070", "2007-12-31": "-10.72900", "2006-12-31": "47.40570", "2005-12-31": "52.95660"}, "EBITDA Margin": {"2019-12-31": "24.87800", "2018-12-31": "28.53600", "2017-12-31": "29.10950", "2016-12-31": "21.37120", "2015-12-31": "17.84440", "2014-12-31": "23.18920", "2013-12-31": "20.66980", "2012-12-31": "15.37570", "2011-12-31": "15.26020", "2010-12-31": "18.71890", "2009-12-31": "22.10670", "2008-12-31": "14.03080", "2007-12-31": "-5.60590", "2006-12-31": "49.48750", "2005-12-31": "53.57580"}, "Pre-Tax Profit Margin": {"2019-12-31": "22.11650", "2018-12-31": "26.47670", "2017-12-31": "25.38060", "2016-12-31": "18.38390", "2015-12-31": "10.86230", "2014-12-31": "18.90990", "2013-12-31": "17.76950", "2012-12-31": "10.70240", "2011-12-31": "6.75630", "2010-12-31": "9.10430", "2009-12-31": "6.54680", "2008-12-31": "-4.16500", "2007-12-31": "-16.15500", "2006-12-31": "43.47960", "2005-12-31": "52.95660"}, "Net Profit Margin": {"2019-12-31": "14.66040", "2018-12-31": "18.11500", "2017-12-31": "7.27550", "2016-12-31": "7.38120", "2015-12-31": "3.45600", "2014-12-31": "9.32720", "2013-12-31": "6.82470", "2012-12-31": "4.37980", "2011-12-31": "1.26330", "2010-12-31": "2.22700", "2009-12-31": "-0.46630", "2008-12-31": "-2.09180", "2007-12-31": "-10.14410", "2006-12-31": "32.21150", "2005-12-31": "50.26630"}, "Asset Turnover": {"2019-12-31": "0.78070", "2018-12-31": "0.97970", "2017-12-31": "1.08800", "2016-12-31": "0.87630", "2015-12-31": "0.83850", "2014-12-31": "0.64390", "2013-12-31": "0.66010", "2012-12-31": "0.57430", "2011-12-31": "0.52090", "2010-12-31": "0.44400", "2009-12-31": "0.37780", "2008-12-31": "0.30490", "2007-12-31": "0.49350", "2006-12-31": "0.71810", "2005-12-31": "1.54240"}, "Inventory Turnover Ratio": {"2019-12-31": "", "2018-12-31": "", "2017-12-31": "", "2016-12-31": "", "2015-12-31": "", "2014-12-31": "", "2013-12-31": "", "2012-12-31": "", "2011-12-31": "", "2010-12-31": "", "2009-12-31": "", "2008-12-31": "", "2007-12-31": "", "2006-12-31": "", "2005-12-31": ""}, "Receiveable Turnover": {"2019-12-31": "6.36460", "2018-12-31": "6.25540", "2017-12-31": "8.53540", "2016-12-31": "5.93260", "2015-12-31": "6.30570", "2014-12-31": "6.06350", "2013-12-31": "8.41900", "2012-12-31": "6.97690", "2011-12-31": "9.08320", "2010-12-31": "7.51080", "2009-12-31": "11.30010", "2008-12-31": "8.65360", "2007-12-31": "6.44970", "2006-12-31": "3.74050", "2005-12-31": "7.89410"}, "Days Sales In Receivables": {"2019-12-31": "57.34880", "2018-12-31": "58.35000", "2017-12-31": "42.76310", "2016-12-31": "61.52430", "2015-12-31": "57.88390", "2014-12-31": "60.19590", "2013-12-31": "43.35420", "2012-12-31": "52.31520", "2011-12-31": "40.18420", "2010-12-31": "48.59700", "2009-12-31": "32.30060", "2008-12-31": "42.17920", "2007-12-31": "56.59140", "2006-12-31": "97.58030", "2005-12-31": "46.23690"}, "ROE - Return On Equity": {"2019-12-31": "31.40160", "2018-12-31": "43.93630", "2017-12-31": "22.50300", "2016-12-31": "18.95900", "2015-12-31": "8.15730", "2014-12-31": "15.07530", "2013-12-31": "13.28440", "2012-12-31": "8.04460", "2011-12-31": "3.00690", "2010-12-31": "5.48030", "2009-12-31": "0.79900", "2008-12-31": "-4.12940", "2007-12-31": "-19.94210", "2006-12-31": "62.00110", "2005-12-31": "122.61330"}, "Return On Tangible Equity": {"2019-12-31": "35.60860", "2018-12-31": "51.12730", "2017-12-31": "27.88950", "2016-12-31": "25.04420", "2015-12-31": "11.54390", "2014-12-31": "25.29610", "2013-12-31": "21.55020", "2012-12-31": "14.80460", "2011-12-31": "5.66930", "2010-12-31": "11.24500", "2009-12-31": "0.99110", "2008-12-31": "-4.94410", "2007-12-31": "-28.28870", "2006-12-31": "135.59330", "2005-12-31": "122.61330"}, "ROA - Return On Assets": {"2019-12-31": "13.60960", "2018-12-31": "20.83350", "2017-12-31": "11.30730", "2016-12-31": "8.93390", "2015-12-31": "3.90020", "2014-12-31": "7.42250", "2013-12-31": "6.33580", "2012-12-31": "3.44730", "2011-12-31": "1.34220", "2010-12-31": "2.24100", "2009-12-31": "0.26520", "2008-12-31": "-1.29420", "2007-12-31": "-5.00580", "2006-12-31": "23.12980", "2005-12-31": "77.52900"}, "ROI - Return On Investment": {"2019-12-31": "23.55680", "2018-12-31": "37.63980", "2017-12-31": "18.44620", "2016-12-31": "15.34250", "2015-12-31": "6.79490", "2014-12-31": "12.78210", "2013-12-31": "11.22660", "2012-12-31": "6.66740", "2011-12-31": "2.47700", "2010-12-31": "4.32520", "2009-12-31": "0.60220", "2008-12-31": "-2.92580", "2007-12-31": "-19.94210", "2006-12-31": "62.00110", "2005-12-31": "122.06350"}, "Book Value Per Share": {"2019-12-31": "28.74840", "2018-12-31": "25.35750", "2017-12-31": "20.36640", "2016-12-31": "19.98750", "2015-12-31": "17.84860", "2014-12-31": "19.64510", "2013-12-31": "17.02930", "2012-12-31": "16.59220", "2011-12-31": "16.67170", "2010-12-31": "18.37670", "2009-12-31": "18.09230", "2008-12-31": "19.21380", "2007-12-31": "15.40430", "2006-12-31": "17.68490", "2005-12-31": ""}, "Operating Cash Flow Per Share": {"2019-12-31": -7.0787, "2018-12-31": 7.4474, "2017-12-31": 1.7693, "2016-12-31": 1.1327, "2015-12-31": 3.2522, "2014-12-31": -0.0025, "2013-12-31": 0.2433, "2012-12-31": -0.1082, "2011-12-31": 3.0699, "2010-12-31": -3.7085, "2009-12-31": 4.2699, "2008-12-31": -12.9011, "2007-12-31": 3.4599, "2006-12-31": 10.8388, "2005-12-31": 0}, "Free Cash Flow Per Share": {"2019-12-31": -7.9822, "2018-12-31": 7.4097, "2017-12-31": 1.4882, "2016-12-31": 1.0859, "2015-12-31": 3.205, "2014-12-31": -0.209, "2013-12-31": 0.5549, "2012-12-31": -0.2419, "2011-12-31": 3.1483, "2010-12-31": -3.9361, "2009-12-31": 4.2131, "2008-12-31": -12.3314, "2007-12-31": 3.2423, "2006-12-31": 10.3981, "2005-12-31": 0}}, "financial ratios, quarterly": {"Current Ratio": {"2020-09-30": "2.65800", "2020-06-30": "2.68420", "2020-03-31": "3.14270", "2019-12-31": "2.52810", "2019-09-30": "3.06550", "2019-06-30": "2.58160", "2019-03-31": "3.32110", "2018-12-31": "1.97630", "2018-09-30": "2.34860", "2018-06-30": "2.32180", "2018-03-31": "2.49440", "2017-12-31": "2.15540", "2017-09-30": "2.04230", "2017-06-30": "2.14790", "2017-03-31": "2.71810", "2016-12-31": "1.99740", "2016-09-30": "2.09490", "2016-06-30": "2.36780", "2016-03-31": "2.46190", "2015-12-31": "1.83670", "2015-09-30": "2.14110", "2015-06-30": "2.08700", "2015-03-31": "2.00730", "2014-12-31": "1.77350", "2014-09-30": "1.97750", "2014-06-30": "2.20730", "2014-03-31": "2.75090", "2013-12-31": "1.89280", "2013-09-30": "1.89350", "2013-06-30": "1.84100", "2013-03-31": "2.43110", "2012-12-31": "1.64140", "2012-09-30": "1.69310", "2012-06-30": "1.83800", "2012-03-31": "1.99300", "2011-12-31": "1.60400", "2011-09-30": "1.71960", "2011-06-30": "2.01390", "2011-03-31": "1.69790", "2010-12-31": "1.67590", "2010-09-30": "1.37420", "2010-06-30": "1.53630", "2010-03-31": "1.80290", "2009-12-31": "1.67370", "2009-09-30": "1.74450", "2009-06-30": "1.73850", "2009-03-31": "1.63330", "2008-12-31": "1.65710", "2008-09-30": "1.57990", "2008-06-30": "1.30470", "2008-03-31": "1.36750", "2007-12-31": "1.32280", "2007-09-30": "1.26720", "2007-06-30": "1.54600", "2007-03-31": "1.49040", "2006-12-31": "1.46670", "2006-09-30": "1.15030", "2006-06-30": "0.80650", "2006-03-31": "", "2005-09-30": "", "2005-06-30": ""}, "Long-term Debt / Capital": {"2020-09-30": "0.21800", "2020-06-30": "0.22840", "2020-03-31": "0.24410", "2019-12-31": "0.24980", "2019-09-30": "0.27080", "2019-06-30": "0.14760", "2019-03-31": "0.14360", "2018-12-31": "0.14330", "2018-09-30": "0.15780", "2018-06-30": "0.16530", "2018-03-31": "0.17870", "2017-12-31": "0.18030", "2017-09-30": "0.19390", "2017-06-30": "0.20020", "2017-03-31": "0.18550", "2016-12-31": "0.19080", "2016-09-30": "0.20870", "2016-06-30": "0.22300", "2016-03-31": "0.22970", "2015-12-31": "0.16700", "2015-09-30": "0.15850", "2015-06-30": "0.15850", "2015-03-31": "0.16040", "2014-12-31": "0.15210", "2014-09-30": "0.14790", "2014-06-30": "0.14570", "2014-03-31": "0.15910", "2013-12-31": "0.15490", "2013-09-30": "0.16950", "2013-06-30": "0.17820", "2013-03-31": "0.17110", "2012-12-31": "0.17120", "2012-09-30": "0.17680", "2012-06-30": "0.17700", "2012-03-31": "0.17500", "2011-12-31": "0.17620", "2011-09-30": "0.17730", "2011-06-30": "0.17250", "2011-03-31": "0.20960", "2010-12-31": "0.21080", "2010-09-30": "0.22780", "2010-06-30": "0.23310", "2010-03-31": "0.24560", "2009-12-31": "0.24620", "2009-09-30": "0.25410", "2009-06-30": "0.26680", "2009-03-31": "0.29260", "2008-12-31": "0.29150", "2008-09-30": "0.30260", "2008-06-30": "", "2008-03-31": "", "2007-12-31": "", "2007-09-30": "", "2007-06-30": "", "2007-03-31": "0.00060", "2006-12-31": "", "2006-09-30": "0.00140", "2006-06-30": "0.00530", "2006-03-31": "", "2005-09-30": "", "2005-06-30": ""}, "Debt/Equity Ratio": {"2020-09-30": "0.32850", "2020-06-30": "0.34840", "2020-03-31": "0.37910", "2019-12-31": "0.35610", "2019-09-30": "0.39630", "2019-06-30": "0.19960", "2019-03-31": "0.22290", "2018-12-31": "0.19220", "2018-09-30": "0.21640", "2018-06-30": "0.23250", "2018-03-31": "0.25960", "2017-12-31": "0.25760", "2017-09-30": "0.28710", "2017-06-30": "0.30260", "2017-03-31": "0.27290", "2016-12-31": "0.27550", "2016-09-30": "0.30760", "2016-06-30": "0.34030", "2016-03-31": "0.43220", "2015-12-31": "0.26270", "2015-09-30": "0.26410", "2015-06-30": "0.30500", "2015-03-31": "0.39910", "2014-12-31": "0.32890", "2014-09-30": "0.33850", "2014-06-30": "0.29630", "2014-03-31": "0.33300", "2013-12-31": "0.31750", "2013-09-30": "0.38700", "2013-06-30": "0.39260", "2013-03-31": "0.35510", "2012-12-31": "0.45270", "2012-09-30": "0.51350", "2012-06-30": "0.47510", "2012-03-31": "0.47470", "2011-12-31": "0.49210", "2011-09-30": "0.55990", "2011-06-30": "0.59660", "2011-03-31": "0.86800", "2010-12-31": "0.75360", "2010-09-30": "1.49480", "2010-06-30": "1.14630", "2010-03-31": "1.35090", "2009-12-31": "1.36430", "2009-09-30": "1.26940", "2009-06-30": "1.39740", "2009-03-31": "1.84930", "2008-12-31": "1.64090", "2008-09-30": "2.10930", "2008-06-30": "2.11820", "2008-03-31": "1.89340", "2007-12-31": "1.65260", "2007-09-30": "2.22770", "2007-06-30": "0.93980", "2007-03-31": "0.82480", "2006-12-31": "0.74800", "2006-09-30": "4.01450", "2006-06-30": "1.07390", "2006-03-31": "", "2005-09-30": "", "2005-06-30": ""}, "Gross Margin": {"2020-09-30": "99.30310", "2020-06-30": "99.37470", "2020-03-31": "99.03340", "2019-12-31": "99.47710", "2019-09-30": "99.19950", "2019-06-30": "99.40230", "2019-03-31": "99.28020", "2018-12-31": "99.52910", "2018-09-30": "99.20410", "2018-06-30": "99.65600", "2018-03-31": "99.31820", "2017-12-31": "99.30170", "2017-09-30": "99.16140", "2017-06-30": "99.02530", "2017-03-31": "99.01560", "2016-12-31": "96.10190", "2016-09-30": "100.00000", "2016-06-30": "100.00000", "2016-03-31": "100.00000", "2015-12-31": "100.00000", "2015-09-30": "100.00000", "2015-06-30": "100.00000", "2015-03-31": "100.00000", "2014-12-31": "100.00000", "2014-09-30": "100.00000", "2014-06-30": "100.00000", "2014-03-31": "100.00000", "2013-12-31": "100.00000", "2013-09-30": "100.00000", "2013-06-30": "100.00000", "2013-03-31": "100.00000", "2012-12-31": "100.00000", "2012-09-30": "100.00000", "2012-06-30": "100.00000", "2012-03-31": "100.00000", "2011-12-31": "100.00000", "2011-09-30": "100.00000", "2011-06-30": "100.00000", "2011-03-31": "100.00000", "2010-12-31": "100.00000", "2010-09-30": "100.00000", "2010-06-30": "100.00000", "2010-03-31": "100.00000", "2009-12-31": "100.00000", "2009-09-30": "100.00000", "2009-06-30": "100.00000", "2009-03-31": "100.00000", "2008-12-31": "100.00000", "2008-09-30": "100.00000", "2008-06-30": "100.00000", "2008-03-31": "100.00000", "2007-12-31": "100.00000", "2007-09-30": "100.00000", "2007-06-30": "100.00000", "2007-03-31": "100.00000", "2006-12-31": "100.00000", "2006-09-30": "100.00000", "2006-06-30": "100.00000", "2006-03-31": "100.00000", "2005-09-30": "100.00000", "2005-06-30": "100.00000"}, "Operating Margin": {"2020-09-30": "18.77780", "2020-06-30": "19.65520", "2020-03-31": "18.24910", "2019-12-31": "25.59030", "2019-09-30": "18.98160", "2019-06-30": "24.66810", "2019-03-31": "21.22910", "2018-12-31": "32.94470", "2018-09-30": "20.93850", "2018-06-30": "24.22030", "2018-03-31": "25.39280", "2017-12-31": "35.55320", "2017-09-30": "22.59190", "2017-06-30": "19.43980", "2017-03-31": "29.61690", "2016-12-31": "24.49490", "2016-09-30": "23.06590", "2016-06-30": "18.81030", "2016-03-31": "7.23570", "2015-12-31": "21.50010", "2015-09-30": "14.34110", "2015-06-30": "13.44780", "2015-03-31": "8.89470", "2014-12-31": "22.63920", "2014-09-30": "22.13690", "2014-06-30": "21.66650", "2014-03-31": "15.86290", "2013-12-31": "21.47790", "2013-09-30": "18.66990", "2013-06-30": "19.69560", "2013-03-31": "12.57090", "2012-12-31": "21.51230", "2012-09-30": "11.62730", "2012-06-30": "14.47840", "2012-03-31": "-7.80160", "2011-12-31": "4.61390", "2011-09-30": "13.00660", "2011-06-30": "12.22500", "2011-03-31": "15.50110", "2010-12-31": "16.44190", "2010-09-30": "18.47170", "2010-06-30": "5.77130", "2010-03-31": "19.08460", "2009-12-31": "27.92920", "2009-09-30": "19.13930", "2009-06-30": "12.72720", "2009-03-31": "17.58250", "2008-12-31": "-15.00860", "2008-09-30": "18.97500", "2008-06-30": "24.23180", "2008-03-31": "8.94810", "2007-12-31": "20.93340", "2007-09-30": "20.58300", "2007-06-30": "-143.99290", "2007-03-31": "28.79230", "2006-12-31": "35.19620", "2006-09-30": "46.99250", "2006-06-30": "58.78130", "2006-03-31": "59.00150", "2005-09-30": "59.62230", "2005-06-30": "15.83300"}, "EBIT Margin": {"2020-09-30": "18.77780", "2020-06-30": "19.65520", "2020-03-31": "18.24910", "2019-12-31": "25.59030", "2019-09-30": "18.98160", "2019-06-30": "24.66810", "2019-03-31": "21.22910", "2018-12-31": "32.94470", "2018-09-30": "20.93850", "2018-06-30": "24.22030", "2018-03-31": "25.39280", "2017-12-31": "35.55320", "2017-09-30": "22.59190", "2017-06-30": "19.43980", "2017-03-31": "29.61690", "2016-12-31": "24.49500", "2016-09-30": "23.06590", "2016-06-30": "18.81030", "2016-03-31": "7.23570", "2015-12-31": "21.50010", "2015-09-30": "14.34110", "2015-06-30": "13.44780", "2015-03-31": "8.89470", "2014-12-31": "22.63920", "2014-09-30": "22.13690", "2014-06-30": "21.66650", "2014-03-31": "15.86290", "2013-12-31": "21.47790", "2013-09-30": "18.66990", "2013-06-30": "19.69560", "2013-03-31": "12.57090", "2012-12-31": "21.51230", "2012-09-30": "11.62730", "2012-06-30": "14.47840", "2012-03-31": "-7.80160", "2011-12-31": "4.61390", "2011-09-30": "13.00660", "2011-06-30": "12.22500", "2011-03-31": "15.50110", "2010-12-31": "16.44200", "2010-09-30": "18.47170", "2010-06-30": "5.77130", "2010-03-31": "19.08460", "2009-12-31": "27.92920", "2009-09-30": "19.13930", "2009-06-30": "12.72720", "2009-03-31": "17.58250", "2008-12-31": "-15.00860", "2008-09-30": "18.97500", "2008-06-30": "24.23180", "2008-03-31": "8.94810", "2007-12-31": "20.93340", "2007-09-30": "20.58300", "2007-06-30": "-143.99290", "2007-03-31": "28.79230", "2006-12-31": "35.19620", "2006-09-30": "46.99250", "2006-06-30": "58.78130", "2006-03-31": "59.00150", "2005-09-30": "59.62230", "2005-06-30": "15.83300"}, "EBITDA Margin": {"2020-09-30": "", "2020-06-30": "", "2020-03-31": "", "2019-12-31": "", "2019-09-30": "", "2019-06-30": "", "2019-03-31": "", "2018-12-31": "", "2018-09-30": "", "2018-06-30": "", "2018-03-31": "", "2017-12-31": "", "2017-09-30": "", "2017-06-30": "", "2017-03-31": "", "2016-12-31": "", "2016-09-30": "", "2016-06-30": "", "2016-03-31": "", "2015-12-31": "", "2015-09-30": "", "2015-06-30": "", "2015-03-31": "", "2014-12-31": "", "2014-09-30": "", "2014-06-30": "", "2014-03-31": "", "2013-12-31": "", "2013-09-30": "", "2013-06-30": "", "2013-03-31": "", "2012-12-31": "", "2012-09-30": "", "2012-06-30": "", "2012-03-31": "", "2011-12-31": "", "2011-09-30": "", "2011-06-30": "", "2011-03-31": "", "2010-12-31": "", "2010-09-30": "", "2010-06-30": "", "2010-03-31": "", "2009-12-31": "", "2009-09-30": "", "2009-06-30": "", "2009-03-31": "", "2008-12-31": "", "2008-09-30": "", "2008-06-30": "", "2008-03-31": "", "2007-12-31": "", "2007-09-30": "", "2007-06-30": "", "2007-03-31": "", "2006-12-31": "", "2006-09-30": "", "2006-06-30": "", "2006-03-31": "", "2005-09-30": "", "2005-06-30": ""}, "Pre-Tax Profit Margin": {"2020-09-30": "16.39120", "2020-06-30": "17.37730", "2020-03-31": "12.10750", "2019-12-31": "24.08560", "2019-09-30": "17.87510", "2019-06-30": "24.15640", "2019-03-31": "20.50960", "2018-12-31": "32.57760", "2018-09-30": "19.93400", "2018-06-30": "23.63620", "2018-03-31": "24.50760", "2017-12-31": "34.39720", "2017-09-30": "21.57620", "2017-06-30": "12.88030", "2017-03-31": "28.80930", "2016-12-31": "22.19040", "2016-09-30": "22.05650", "2016-06-30": "18.09410", "2016-03-31": "6.68580", "2015-12-31": "18.63650", "2015-09-30": "4.09190", "2015-06-30": "12.13200", "2015-03-31": "4.99330", "2014-12-31": "21.35780", "2014-09-30": "17.50050", "2014-06-30": "20.33300", "2014-03-31": "13.74210", "2013-12-31": "22.42400", "2013-09-30": "16.96600", "2013-06-30": "18.66730", "2013-03-31": "10.90660", "2012-12-31": "19.98490", "2012-09-30": "9.33500", "2012-06-30": "12.44730", "2012-03-31": "-9.15770", "2011-12-31": "-0.64580", "2011-09-30": "8.12920", "2011-06-30": "7.95080", "2011-03-31": "10.84210", "2010-12-31": "10.85650", "2010-09-30": "13.55630", "2010-06-30": "-4.58510", "2010-03-31": "11.35170", "2009-12-31": "18.70810", "2009-09-30": "14.01010", "2009-06-30": "-16.74650", "2009-03-31": "2.49930", "2008-12-31": "-39.45220", "2008-09-30": "2.84550", "2008-06-30": "11.70460", "2008-03-31": "-5.15450", "2007-12-31": "14.16600", "2007-09-30": "13.26800", "2007-06-30": "-149.14600", "2007-03-31": "26.23580", "2006-12-31": "28.90310", "2006-09-30": "39.62580", "2006-06-30": "58.78130", "2006-03-31": "59.00150", "2005-09-30": "59.62230", "2005-06-30": "15.83300"}, "Net Profit Margin": {"2020-09-30": "10.45600", "2020-06-30": "11.00930", "2020-03-31": "7.19900", "2019-12-31": "15.78520", "2019-09-30": "10.61090", "2019-06-30": "15.27290", "2019-03-31": "16.02980", "2018-12-31": "21.05650", "2018-09-30": "12.83160", "2018-06-30": "15.19830", "2018-03-31": "20.41900", "2017-12-31": "-3.56160", "2017-09-30": "11.14310", "2017-06-30": "4.84560", "2017-03-31": "20.60360", "2016-12-31": "9.64930", "2016-09-30": "8.87110", "2016-06-30": "6.78140", "2016-03-31": "2.04200", "2015-12-31": "5.00720", "2015-09-30": "2.29590", "2015-06-30": "3.94420", "2015-03-31": "1.77370", "2014-12-31": "8.50380", "2014-09-30": "10.51770", "2014-06-30": "10.94630", "2014-03-31": "6.93040", "2013-12-31": "7.59920", "2013-09-30": "7.29330", "2013-06-30": "7.81300", "2013-03-31": "3.81470", "2012-12-31": "8.71530", "2012-09-30": "3.36210", "2012-06-30": "4.49460", "2012-03-31": "-3.18050", "2011-12-31": "-0.57980", "2011-09-30": "1.03600", "2011-06-30": "1.52430", "2011-03-31": "3.17940", "2010-12-31": "3.12100", "2010-09-30": "2.70820", "2010-06-30": "0.13540", "2010-03-31": "2.14580", "2009-12-31": "1.45260", "2009-09-30": "3.00250", "2009-06-30": "-7.82250", "2009-03-31": "0.32810", "2008-12-31": "-12.74240", "2008-09-30": "-0.71210", "2008-06-30": "3.05820", "2008-03-31": "-1.91160", "2007-12-31": "3.12130", "2007-09-30": "2.96880", "2007-06-30": "-63.56610", "2007-03-31": "4.59470", "2006-12-31": "4.22700", "2006-09-30": "34.74940", "2006-06-30": "56.68660", "2006-03-31": "56.87110", "2005-09-30": "57.96640", "2005-06-30": "13.13580"}, "Asset Turnover": {"2020-09-30": "0.15400", "2020-06-30": "0.20500", "2020-03-31": "0.19490", "2019-12-31": "0.25640", "2019-09-30": "0.18450", "2019-06-30": "0.27590", "2019-03-31": "0.22730", "2018-12-31": "0.36490", "2018-09-30": "0.22600", "2018-06-30": "0.28130", "2018-03-31": "0.33010", "2017-12-31": "0.34390", "2017-09-30": "0.26390", "2017-06-30": "0.25860", "2017-03-31": "0.27360", "2016-12-31": "0.27070", "2016-09-30": "0.26760", "2016-06-30": "0.27180", "2016-03-31": "0.20270", "2015-12-31": "0.27820", "2015-09-30": "0.23560", "2015-06-30": "0.21000", "2015-03-31": "0.18800", "2014-12-31": "0.22540", "2014-09-30": "0.18890", "2014-06-30": "0.19310", "2014-03-31": "0.14590", "2013-12-31": "0.18830", "2013-09-30": "0.17320", "2013-06-30": "0.20330", "2013-03-31": "0.15970", "2012-12-31": "0.19040", "2012-09-30": "0.15270", "2012-06-30": "0.18080", "2012-03-31": "0.11310", "2011-12-31": "0.11190", "2011-09-30": "0.15680", "2011-06-30": "0.14110", "2011-03-31": "0.12460", "2010-12-31": "0.11650", "2010-09-30": "0.11990", "2010-06-30": "0.07960", "2010-03-31": "0.11000", "2009-12-31": "0.12740", "2009-09-30": "0.10860", "2009-06-30": "0.10390", "2009-03-31": "0.07840", "2008-12-31": "0.05670", "2008-09-30": "0.07850", "2008-06-30": "0.09000", "2008-03-31": "0.07560", "2007-12-31": "0.14600", "2007-09-30": "0.10830", "2007-06-30": "0.14750", "2007-03-31": "0.28920", "2006-12-31": "0.27310", "2006-09-30": "0.09280", "2006-06-30": "0.51830", "2006-03-31": "", "2005-09-30": "", "2005-06-30": ""}, "Inventory Turnover Ratio": {"2020-09-30": "", "2020-06-30": "", "2020-03-31": "", "2019-12-31": "", "2019-09-30": "", "2019-06-30": "", "2019-03-31": "", "2018-12-31": "", "2018-09-30": "", "2018-06-30": "", "2018-03-31": "", "2017-12-31": "", "2017-09-30": "", "2017-06-30": "", "2017-03-31": "", "2016-12-31": "", "2016-09-30": "", "2016-06-30": "", "2016-03-31": "", "2015-12-31": "", "2015-09-30": "", "2015-06-30": "", "2015-03-31": "", "2014-12-31": "", "2014-09-30": "", "2014-06-30": "", "2014-03-31": "", "2013-12-31": "", "2013-09-30": "", "2013-06-30": "", "2013-03-31": "", "2012-12-31": "", "2012-09-30": "", "2012-06-30": "", "2012-03-31": "", "2011-12-31": "", "2011-09-30": "", "2011-06-30": "", "2011-03-31": "", "2010-12-31": "", "2010-09-30": "", "2010-06-30": "", "2010-03-31": "", "2009-12-31": "", "2009-09-30": "", "2009-06-30": "", "2009-03-31": "", "2008-12-31": "", "2008-09-30": "", "2008-06-30": "", "2008-03-31": "", "2007-12-31": "", "2007-09-30": "", "2007-06-30": "", "2007-03-31": "", "2006-12-31": "", "2006-09-30": "", "2006-06-30": "", "2006-03-31": "", "2005-09-30": "", "2005-06-30": ""}, "Receiveable Turnover": {"2020-09-30": "1.32200", "2020-06-30": "1.53790", "2020-03-31": "1.59130", "2019-12-31": "2.09040", "2019-09-30": "1.24990", "2019-06-30": "1.59010", "2019-03-31": "1.10600", "2018-12-31": "2.32960", "2018-09-30": "1.50500", "2018-06-30": "1.53690", "2018-03-31": "1.91870", "2017-12-31": "2.69790", "2017-09-30": "1.84080", "2017-06-30": "1.90810", "2017-03-31": "1.78940", "2016-12-31": "1.83280", "2016-09-30": "2.36080", "2016-06-30": "1.71560", "2016-03-31": "1.56950", "2015-12-31": "2.09190", "2015-09-30": "1.72710", "2015-06-30": "1.92400", "2015-03-31": "1.66570", "2014-12-31": "2.12300", "2014-09-30": "1.99930", "2014-06-30": "2.01930", "2014-03-31": "1.51600", "2013-12-31": "2.40210", "2013-09-30": "2.85380", "2013-06-30": "1.70220", "2013-03-31": "1.76720", "2012-12-31": "2.31290", "2012-09-30": "2.00810", "2012-06-30": "2.90220", "2012-03-31": "1.67730", "2011-12-31": "1.95070", "2011-09-30": "2.29490", "2011-06-30": "1.64670", "2011-03-31": "1.69000", "2010-12-31": "1.97110", "2010-09-30": "3.12910", "2010-06-30": "1.88370", "2010-03-31": "2.42270", "2009-12-31": "3.81010", "2009-09-30": "1.81700", "2009-06-30": "3.19300", "2009-03-31": "1.43410", "2008-12-31": "1.60840", "2008-09-30": "2.60930", "2008-06-30": "2.31180", "2008-03-31": "1.99660", "2007-12-31": "1.90810", "2007-09-30": "3.77160", "2007-06-30": "2.34130", "2007-03-31": "1.87330", "2006-12-31": "1.42240", "2006-09-30": "2.97720", "2006-06-30": "1.98230", "2006-03-31": "", "2005-09-30": "", "2005-06-30": ""}, "Days Sales In Receivables": {"2020-09-30": "68.07830", "2020-06-30": "58.52170", "2020-03-31": "56.55920", "2019-12-31": "43.05490", "2019-09-30": "72.00790", "2019-06-30": "56.60000", "2019-03-31": "81.37140", "2018-12-31": "38.63290", "2018-09-30": "59.80230", "2018-06-30": "58.55790", "2018-03-31": "46.90670", "2017-12-31": "33.35940", "2017-09-30": "48.89080", "2017-06-30": "47.16730", "2017-03-31": "50.29510", "2016-12-31": "49.10420", "2016-09-30": "38.12300", "2016-06-30": "52.45950", "2016-03-31": "57.34130", "2015-12-31": "43.02330", "2015-09-30": "52.11170", "2015-06-30": "46.77800", "2015-03-31": "54.03100", "2014-12-31": "42.39190", "2014-09-30": "45.01620", "2014-06-30": "44.57090", "2014-03-31": "59.36510", "2013-12-31": "37.46650", "2013-09-30": "31.53650", "2013-06-30": "52.87330", "2013-03-31": "50.92730", "2012-12-31": "38.91280", "2012-09-30": "44.81830", "2012-06-30": "31.01070", "2012-03-31": "53.65790", "2011-12-31": "46.13700", "2011-09-30": "39.21710", "2011-06-30": "54.65360", "2011-03-31": "53.25380", "2010-12-31": "45.65920", "2010-09-30": "28.76270", "2010-06-30": "47.77800", "2010-03-31": "37.14870", "2009-12-31": "23.62120", "2009-09-30": "49.53110", "2009-06-30": "28.18650", "2009-03-31": "62.75590", "2008-12-31": "55.95660", "2008-09-30": "34.49190", "2008-06-30": "38.93040", "2008-03-31": "45.07670", "2007-12-31": "47.16770", "2007-09-30": "23.86270", "2007-06-30": "38.43970", "2007-03-31": "48.04360", "2006-12-31": "63.27340", "2006-09-30": "30.22970", "2006-06-30": "45.40150", "2006-03-31": "", "2005-09-30": "", "2005-06-30": ""}, "ROE - Return On Equity": {"2020-09-30": "4.23520", "2020-06-30": "5.93810", "2020-03-31": "3.74620", "2019-12-31": "11.16090", "2019-09-30": "5.23320", "2019-06-30": "9.97680", "2019-03-31": "7.77370", "2018-12-31": "19.06430", "2018-09-30": "6.59320", "2018-06-30": "9.59580", "2018-03-31": "14.17170", "2017-12-31": "-0.17570", "2017-09-30": "8.25320", "2017-06-30": "3.70150", "2017-03-31": "12.06490", "2016-12-31": "7.65420", "2016-09-30": "6.75500", "2016-06-30": "5.22360", "2016-03-31": "1.20230", "2015-12-31": "4.23860", "2015-09-30": "0.79140", "2015-06-30": "2.39530", "2015-03-31": "0.87740", "2014-12-31": "5.49100", "2014-09-30": "4.17350", "2014-06-30": "4.85800", "2014-03-31": "2.44280", "2013-12-31": "4.15430", "2013-09-30": "3.98770", "2013-06-30": "4.67690", "2013-03-31": "1.87970", "2012-12-31": "5.09120", "2012-09-30": "1.58990", "2012-06-30": "2.59760", "2012-03-31": "-1.08490", "2011-12-31": "-0.39370", "2011-09-30": "0.54130", "2011-06-30": "1.18500", "2011-03-31": "2.08070", "2010-12-31": "1.82220", "2010-09-30": "2.72340", "2010-06-30": "-0.48490", "2010-03-31": "2.00390", "2009-12-31": "2.90510", "2009-09-30": "2.71880", "2009-06-30": "-5.42840", "2009-03-31": "0.17180", "2008-12-31": "-5.63850", "2008-09-30": "0.18080", "2008-06-30": "2.82190", "2008-03-31": "-1.22970", "2007-12-31": "1.81530", "2007-09-30": "1.39470", "2007-06-30": "-27.85260", "2007-03-31": "3.55720", "2006-12-31": "3.09400", "2006-09-30": "17.96010", "2006-06-30": "87.29820", "2006-03-31": "", "2005-09-30": "", "2005-06-30": ""}, "Return On Tangible Equity": {"2020-09-30": "4.73360", "2020-06-30": "6.67640", "2020-03-31": "4.26010", "2019-12-31": "12.65620", "2019-09-30": "6.03280", "2019-06-30": "11.61340", "2019-03-31": "9.03840", "2018-12-31": "22.18450", "2018-09-30": "7.87140", "2018-06-30": "11.61010", "2018-03-31": "17.69570", "2017-12-31": "-0.21770", "2017-09-30": "10.50150", "2017-06-30": "4.76760", "2017-03-31": "15.96610", "2016-12-31": "10.11100", "2016-09-30": "9.37720", "2016-06-30": "7.56950", "2016-03-31": "1.75140", "2015-12-31": "5.99830", "2015-09-30": "1.24950", "2015-06-30": "4.04980", "2015-03-31": "1.50940", "2014-12-31": "9.21390", "2014-09-30": "6.53770", "2014-06-30": "7.52600", "2014-03-31": "4.02140", "2013-12-31": "6.73910", "2013-09-30": "7.01760", "2013-06-30": "8.82590", "2013-03-31": "3.44690", "2012-12-31": "9.36930", "2012-09-30": "2.92700", "2012-06-30": "4.80990", "2012-03-31": "-2.02210", "2011-12-31": "-0.74230", "2011-09-30": "1.05220", "2011-06-30": "1.94680", "2011-03-31": "4.20450", "2010-12-31": "3.73900", "2010-09-30": "6.44790", "2010-06-30": "-1.14990", "2010-03-31": "2.53210", "2009-12-31": "3.60380", "2009-09-30": "3.40310", "2009-06-30": "-6.98010", "2009-03-31": "0.20380", "2008-12-31": "-6.75100", "2008-09-30": "0.23390", "2008-06-30": "3.82030", "2008-03-31": "-1.68300", "2007-12-31": "2.57510", "2007-09-30": "2.05320", "2007-06-30": "-43.46680", "2007-03-31": "6.85970", "2006-12-31": "6.76640", "2006-09-30": "29.27290", "2006-06-30": "87.29820", "2006-03-31": "", "2005-09-30": "", "2005-06-30": ""}, "ROA - Return On Assets": {"2020-09-30": "1.93240", "2020-06-30": "2.68960", "2020-03-31": "1.75010", "2019-12-31": "4.83720", "2019-09-30": "2.37460", "2019-06-30": "5.01390", "2019-03-31": "4.23860", "2018-12-31": "9.03980", "2018-09-30": "3.47670", "2018-06-30": "5.06410", "2018-03-31": "7.74070", "2017-12-31": "-0.08830", "2017-09-30": "3.84890", "2017-06-30": "1.78300", "2017-03-31": "6.60590", "2016-12-31": "3.60680", "2016-09-30": "3.23500", "2016-06-30": "2.57090", "2016-03-31": "0.59770", "2015-12-31": "2.02650", "2015-09-30": "0.40850", "2015-06-30": "1.26090", "2015-03-31": "0.45710", "2014-12-31": "2.70360", "2014-09-30": "2.05790", "2014-06-30": "2.58610", "2014-03-31": "1.28160", "2013-12-31": "1.98130", "2013-09-30": "1.81990", "2013-06-30": "2.13620", "2013-03-31": "0.94940", "2012-12-31": "2.18170", "2012-09-30": "0.72640", "2012-06-30": "1.24670", "2012-03-31": "-0.54350", "2011-12-31": "-0.17570", "2011-09-30": "0.23300", "2011-06-30": "0.53950", "2011-03-31": "0.85800", "2010-12-31": "0.74510", "2010-09-30": "0.83460", "2010-06-30": "-0.17440", "2010-03-31": "0.70140", "2009-12-31": "0.96410", "2009-09-30": "0.95140", "2009-06-30": "-1.92420", "2009-03-31": "0.05350", "2008-12-31": "-1.76710", "2008-09-30": "0.04720", "2008-06-30": "0.72360", "2008-03-31": "-0.34560", "2007-12-31": "0.45570", "2007-09-30": "0.32160", "2007-06-30": "-9.37890", "2007-03-31": "1.32900", "2006-12-31": "1.15420", "2006-09-30": "3.22580", "2006-06-30": "29.38310", "2006-03-31": "", "2005-09-30": "", "2005-06-30": ""}, "ROI - Return On Investment": {"2020-09-30": "3.31180", "2020-06-30": "4.58160", "2020-03-31": "2.83170", "2019-12-31": "8.37270", "2019-09-30": "3.81620", "2019-06-30": "8.50460", "2019-03-31": "6.65740", "2018-12-31": "16.33210", "2018-09-30": "5.55270", "2018-06-30": "8.01000", "2018-03-31": "11.63880", "2017-12-31": "-0.14400", "2017-09-30": "6.65310", "2017-06-30": "2.96030", "2017-03-31": "9.82640", "2016-12-31": "6.19410", "2016-09-30": "5.34540", "2016-06-30": "4.05900", "2016-03-31": "0.92610", "2015-12-31": "3.53070", "2015-09-30": "0.66590", "2015-06-30": "2.01570", "2015-03-31": "0.73670", "2014-12-31": "4.65580", "2014-09-30": "3.55620", "2014-06-30": "4.15030", "2014-03-31": "2.05420", "2013-12-31": "3.51070", "2013-09-30": "3.31190", "2013-06-30": "3.84360", "2013-03-31": "1.55800", "2012-12-31": "4.21960", "2012-09-30": "1.30880", "2012-06-30": "2.13790", "2012-03-31": "-0.89510", "2011-12-31": "-0.32430", "2011-09-30": "0.44530", "2011-06-30": "0.98060", "2011-03-31": "1.64470", "2010-12-31": "1.43810", "2010-09-30": "2.10290", "2010-06-30": "-0.37190", "2010-03-31": "1.51180", "2009-12-31": "2.18970", "2009-09-30": "2.02800", "2009-06-30": "-3.98010", "2009-03-31": "0.12150", "2008-12-31": "-3.99510", "2008-09-30": "0.12610", "2008-06-30": "2.82190", "2008-03-31": "-1.22970", "2007-12-31": "1.81530", "2007-09-30": "1.39470", "2007-06-30": "-27.85260", "2007-03-31": "3.55510", "2006-12-31": "3.09400", "2006-09-30": "17.93560", "2006-06-30": "86.83690", "2006-03-31": "", "2005-09-30": "", "2005-06-30": ""}, "Book Value Per Share": {"2020-09-30": "29.72570", "2020-06-30": "27.89640", "2020-03-31": "25.60410", "2019-12-31": "28.74840", "2019-09-30": "25.44090", "2019-06-30": "24.45340", "2019-03-31": "24.49490", "2018-12-31": "25.35750", "2018-09-30": "22.05320", "2018-06-30": "20.78440", "2018-03-31": "18.90830", "2017-12-31": "20.36640", "2017-09-30": "18.86210", "2017-06-30": "17.81470", "2017-03-31": "19.05470", "2016-12-31": "19.98750", "2016-09-30": "17.99410", "2016-06-30": "16.58740", "2016-03-31": "16.09570", "2015-12-31": "17.84860", "2015-09-30": "18.86580", "2015-06-30": "18.91760", "2015-03-31": "18.30200", "2014-12-31": "19.64510", "2014-09-30": "16.77140", "2014-06-30": "17.14430", "2014-03-31": "15.72310", "2013-12-31": "17.02930", "2013-09-30": "15.87630", "2013-06-30": "15.39250", "2013-03-31": "15.50790", "2012-12-31": "16.59220", "2012-09-30": "16.18460", "2012-06-30": "16.47970", "2012-03-31": "16.24790", "2011-12-31": "16.67170", "2011-09-30": "16.79200", "2011-06-30": "17.97460", "2011-03-31": "17.75440", "2010-12-31": "18.37670", "2010-09-30": "17.45350", "2010-06-30": "19.11660", "2010-03-31": "17.43620", "2009-12-31": "18.09230", "2009-09-30": "17.35700", "2009-06-30": "21.37480", "2009-03-31": "18.86310", "2008-12-31": "19.21380", "2008-09-30": "18.61560", "2008-06-30": "16.64300", "2008-03-31": "16.09590", "2007-12-31": "15.40430", "2007-09-30": "14.91060", "2007-06-30": "14.28560", "2007-03-31": "18.65300", "2006-12-31": "17.68490", "2006-09-30": "18.99960", "2006-06-30": "", "2006-03-31": "", "2005-09-30": "", "2005-06-30": ""}, "Operating Cash Flow Per Share": {"2020-09-30": 3.8531, "2020-06-30": 6.9541, "2020-03-31": "-4.11910", "2019-12-31": 9.5587, "2019-09-30": 5.2398, "2019-06-30": 6.2336, "2019-03-31": "-9.34770", "2018-12-31": 11.989, "2018-09-30": 2.9218, "2018-06-30": 4.7472, "2018-03-31": "-0.89490", "2017-12-31": 3.9056, "2017-09-30": 3.925, "2017-06-30": 5.2529, "2017-03-31": "-1.76780", "2016-12-31": 3.8209, "2016-09-30": 5.4146, "2016-06-30": 2.8159, "2016-03-31": "-2.50500", "2015-12-31": 5.1917, "2015-09-30": 2.1231, "2015-06-30": 2.9402, "2015-03-31": "-1.84130", "2014-12-31": 3.03, "2014-09-30": 2.4343, "2014-06-30": 2.4896, "2014-03-31": "-2.79240", "2013-12-31": 2.0709, "2013-09-30": 3.2433, "2013-06-30": 2.099, "2013-03-31": "-2.24920", "2012-12-31": 3.4245, "2012-09-30": 1.4118, "2012-06-30": 3.1579, "2012-03-31": "-3.07350", "2011-12-31": 1.5054, "2011-09-30": 3.2409, "2011-06-30": 1.7157, "2011-03-31": "-1.43310", "2010-12-31": 0.6708, "2010-09-30": 1.9724, "2010-06-30": 1.5123, "2010-03-31": "-2.19650", "2009-12-31": 4.813, "2009-09-30": 1.3938, "2009-06-30": 3.1537, "2009-03-31": "-3.69300", "2008-12-31": 0.6746, "2008-09-30": 2.1246, "2008-06-30": 3.3347, "2008-03-31": "-4.73630", "2007-12-31": 4.1485, "2007-09-30": 2.3106, "2007-06-30": 2.3397, "2007-03-31": "5.49990", "2006-12-31": -0.5433, "2006-09-30": 11.3821, "2006-06-30": 0, "2006-03-31": "", "2005-09-30": 0, "2005-06-30": 0}, "Free Cash Flow Per Share": {"2020-09-30": 3.5792, "2020-06-30": 6.5451, "2020-03-31": "-4.41820", "2019-12-31": 8.9979, "2019-09-30": 4.7671, "2019-06-30": 5.9819, "2019-03-31": "-9.70200", "2018-12-31": 11.5121, "2018-09-30": 2.8211, "2018-06-30": 4.6801, "2018-03-31": "-0.98620", "2017-12-31": 3.7782, "2017-09-30": 3.73, "2017-06-30": 5.0167, "2017-03-31": "-1.90750", "2016-12-31": 3.5983, "2016-09-30": 5.3493, "2016-06-30": 2.737, "2016-03-31": "-2.55540", "2015-12-31": 5.1113, "2015-09-30": 2.0156, "2015-06-30": 2.8034, "2015-03-31": "-1.88700", "2014-12-31": 2.951, "2014-09-30": 2.3327, "2014-06-30": 2.383, "2014-03-31": "-2.82840", "2013-12-31": 2.006, "2013-09-30": 3.2326, "2013-06-30": 2.0704, "2013-03-31": "-2.26170", "2012-12-31": 3.3739, "2012-09-30": 1.3344, "2012-06-30": 3.0962, "2012-03-31": "-3.31210", "2011-12-31": 1.2937, "2011-09-30": 3.2159, "2011-06-30": 1.6814, "2011-03-31": "-1.45670", "2010-12-31": 0.4353, "2010-09-30": 1.865, "2010-06-30": 1.5025, "2010-03-31": "-2.21680", "2009-12-31": 4.7336, "2009-09-30": 1.3904, "2009-06-30": 3.1165, "2009-03-31": "-3.71840", "2008-12-31": 0.6343, "2008-09-30": 2.1069, "2008-06-30": 3.3197, "2008-03-31": "-4.75190", "2007-12-31": 3.8852, "2007-09-30": 2.2158, "2007-06-30": 2.0961, "2007-03-31": "5.44330", "2006-12-31": -0.6057, "2006-09-30": 11.0038, "2006-06-30": 0, "2006-03-31": "", "2005-09-30": 0, "2005-06-30": 0}}, "revenue": {"Evercore Inc Annual Revenue (Millions of US $)": {"2020": "$2,285", "2019": "$2,029", "2018": "$2,082", "2017": "$1,724", "2016": "$1,457", "2015": "$1,240", "2014": "$931", "2013": "$779", "2012": "$658", "2011": "$544", "2010": "$399", "2009": "$337", "2008": "$225", "2007": "$340", "2006": "$216", "2005": "$126"}, "Evercore Inc Quarterly Revenue (Millions of US $)": {"2020-12-31": "$932", "2020-09-30": "$408", "2020-06-30": "$512", "2020-03-31": "$433", "2019-12-31": "$666", "2019-09-30": "$408", "2019-06-30": "$535", "2019-03-31": "$419", "2018-12-31": "$776", "2018-09-30": "$385", "2018-06-30": "$454", "2018-03-31": "$468", "2017-12-31": "$545", "2017-09-30": "$412", "2017-06-30": "$375", "2017-03-31": "$392", "2016-12-31": "$450", "2016-09-30": "$391", "2016-06-30": "$355", "2016-03-31": "$260", "2015-12-31": "$411", "2015-09-30": "$313", "2015-06-30": "$273", "2015-03-31": "$242", "2014-12-31": "$326", "2014-09-30": "$231", "2014-06-30": "$222", "2014-03-31": "$152", "2013-12-31": "$222", "2013-09-30": "$191", "2013-06-30": "$210", "2013-03-31": "$156", "2012-12-31": "$218", "2012-09-30": "$157", "2012-06-30": "$176", "2012-03-31": "$107", "2011-12-31": "$117", "2011-09-30": "$168", "2011-06-30": "$147", "2011-03-31": "$112", "2010-12-31": "$105", "2010-09-30": "$130", "2010-06-30": "$71", "2010-03-31": "$94", "2009-12-31": "$114", "2009-09-30": "$88", "2009-06-30": "$77", "2009-03-31": "$58", "2008-12-31": "$42", "2008-09-30": "$66", "2008-06-30": "$67", "2008-03-31": "$50", "2007-12-31": "$101", "2007-09-30": "$78", "2007-06-30": "$69", "2007-03-31": "$92", "2006-12-31": "$82", "2006-09-30": "$45", "2006-06-30": "$43", "2006-03-31": "$46", "2005-09-30": "$46", "2005-06-30": "$14"}}, "gross-profit": {"Evercore Inc Annual Gross Profit (Millions of US $)": {"2020": "$2,272", "2019": "$2,016", "2018": "$2,071", "2017": "$1,710", "2016": "$1,439", "2015": "$1,240", "2014": "$931", "2013": "$779", "2012": "$658", "2011": "$544", "2010": "$399", "2009": "$337", "2008": "$225", "2007": "$340", "2006": "$216", "2005": "$126"}, "Evercore Inc Quarterly Gross Profit (Millions of US $)": {"2020-12-31": "$929", "2020-09-30": "$405", "2020-06-30": "$509", "2020-03-31": "$429", "2019-12-31": "$663", "2019-09-30": "$405", "2019-06-30": "$532", "2019-03-31": "$416", "2018-12-31": "$772", "2018-09-30": "$382", "2018-06-30": "$452", "2018-03-31": "$465", "2017-12-31": "$541", "2017-09-30": "$409", "2017-06-30": "$372", "2017-03-31": "$388", "2016-12-31": "$450", "2016-09-30": "$391", "2016-06-30": "$355", "2016-03-31": "$260", "2015-12-31": "$411", "2015-09-30": "$313", "2015-06-30": "$273", "2015-03-31": "$242", "2014-12-31": "$326", "2014-09-30": "$231", "2014-06-30": "$222", "2014-03-31": "$152", "2013-12-31": "$222", "2013-09-30": "$191", "2013-06-30": "$210", "2013-03-31": "$156", "2012-12-31": "$218", "2012-09-30": "$157", "2012-06-30": "$176", "2012-03-31": "$107", "2011-12-31": "$117", "2011-09-30": "$168", "2011-06-30": "$147", "2011-03-31": "$112", "2010-12-31": "$105", "2010-09-30": "$130", "2010-06-30": "$71", "2010-03-31": "$94", "2009-12-31": "$114", "2009-09-30": "$88", "2009-06-30": "$77", "2009-03-31": "$58", "2008-12-31": "$42", "2008-09-30": "$66", "2008-06-30": "$67", "2008-03-31": "$50", "2007-12-31": "$101", "2007-09-30": "$78", "2007-06-30": "$69", "2007-03-31": "$92", "2006-12-31": "$82", "2006-09-30": "$45", "2006-06-30": "$43", "2006-03-31": "$46", "2005-09-30": "$46", "2005-06-30": "$14"}}, "operating-income": {"Evercore Inc Annual Operating Income (Millions of US $)": {"2020": "$595", "2019": "$469", "2018": "$565", "2017": "$476", "2016": "$286", "2015": "$192", "2014": "$197", "2013": "$144", "2012": "$82", "2011": "$63", "2010": "$63", "2009": "$69", "2008": "$27", "2007": "$-36", "2006": "$103", "2005": "$67"}, "Evercore Inc Quarterly Operating Income (Millions of US $)": {"2020-12-31": "$339", "2020-09-30": "$77", "2020-06-30": "$101", "2020-03-31": "$79", "2019-12-31": "$171", "2019-09-30": "$77", "2019-06-30": "$132", "2019-03-31": "$89", "2018-12-31": "$256", "2018-09-30": "$81", "2018-06-30": "$110", "2018-03-31": "$119", "2017-12-31": "$194", "2017-09-30": "$93", "2017-06-30": "$73", "2017-03-31": "$116", "2016-12-31": "$110", "2016-09-30": "$90", "2016-06-30": "$67", "2016-03-31": "$19", "2015-12-31": "$88", "2015-09-30": "$45", "2015-06-30": "$37", "2015-03-31": "$22", "2014-12-31": "$74", "2014-09-30": "$51", "2014-06-30": "$48", "2014-03-31": "$24", "2013-12-31": "$48", "2013-09-30": "$36", "2013-06-30": "$41", "2013-03-31": "$20", "2012-12-31": "$47", "2012-09-30": "$18", "2012-06-30": "$25", "2012-03-31": "$-8", "2011-12-31": "$5", "2011-09-30": "$22", "2011-06-30": "$18", "2011-03-31": "$17", "2010-12-31": "$17", "2010-09-30": "$24", "2010-06-30": "$4", "2010-03-31": "$18", "2009-12-31": "$32", "2009-09-30": "$17", "2009-06-30": "$10", "2009-03-31": "$10", "2008-12-31": "$-6", "2008-09-30": "$12", "2008-06-30": "$16", "2008-03-31": "$5", "2007-12-31": "$21", "2007-09-30": "$16", "2007-06-30": "$-100", "2007-03-31": "$26", "2006-12-31": "$29", "2006-09-30": "$21", "2006-06-30": "$26", "2006-03-31": "$27", "2005-09-30": "$28", "2005-06-30": "$2"}}, "ebitda": {"Evercore Inc Annual EBITDA (Millions of US $)": {"2019": "$505", "2018": "$594", "2017": "$502", "2016": "$311", "2015": "$221", "2014": "$216", "2013": "$161", "2012": "$101", "2011": "$83", "2010": "$75", "2009": "$74", "2008": "$32", "2007": "$-19", "2006": "$107", "2005": "$67"}, "Evercore Inc Quarterly EBITDA (Millions of US $)": {"2020-09-30": "$83", "2020-06-30": "$108", "2020-03-31": "$88", "2019-12-31": "$180", "2019-09-30": "$87", "2019-06-30": "$141", "2019-03-31": "$97", "2018-12-31": "$263", "2018-09-30": "$89", "2018-06-30": "$117", "2018-03-31": "$126", "2017-12-31": "$201", "2017-09-30": "$100", "2017-06-30": "$79", "2017-03-31": "$122", "2016-12-31": "$116", "2016-09-30": "$96", "2016-06-30": "$73", "2016-03-31": "$25", "2015-12-31": "$95", "2015-09-30": "$54", "2015-06-30": "$44", "2015-03-31": "$29", "2014-12-31": "$80", "2014-09-30": "$56", "2014-06-30": "$52", "2014-03-31": "$28", "2013-12-31": "$52", "2013-09-30": "$40", "2013-06-30": "$45", "2013-03-31": "$24", "2012-12-31": "$51", "2012-09-30": "$23", "2012-06-30": "$30", "2012-03-31": "$-3", "2011-12-31": "$13", "2011-09-30": "$28", "2011-06-30": "$21", "2011-03-31": "$21", "2010-12-31": "$21", "2010-09-30": "$28", "2010-06-30": "$6", "2010-03-31": "$20", "2009-12-31": "$33", "2009-09-30": "$18", "2009-06-30": "$11", "2009-03-31": "$12", "2008-12-31": "$-5", "2008-09-30": "$14", "2008-06-30": "$17", "2008-03-31": "$6", "2007-12-31": "$25", "2007-09-30": "$21", "2007-06-30": "$-96", "2007-03-31": "$31", "2006-12-31": "$31", "2006-09-30": "$23", "2006-06-30": "$26", "2006-03-31": "$27", "2005-09-30": "$28", "2005-06-30": "$2"}}, "net-income": {"Evercore Inc Annual Net Income (Millions of US $)": {"2020": "$351", "2019": "$297", "2018": "$377", "2017": "$125", "2016": "$108", "2015": "$43", "2014": "$87", "2013": "$53", "2012": "$29", "2011": "$7", "2010": "$9", "2009": "$-2", "2008": "$-5", "2007": "$-34", "2006": "$70", "2005": "$63"}, "Evercore Inc Quarterly Net Income (Millions of US $)": {"2020-12-31": "$220", "2020-09-30": "$43", "2020-06-30": "$56", "2020-03-31": "$31", "2019-12-31": "$105", "2019-09-30": "$43", "2019-06-30": "$82", "2019-03-31": "$67", "2018-12-31": "$163", "2018-09-30": "$49", "2018-06-30": "$69", "2018-03-31": "$96", "2017-12-31": "$-19", "2017-09-30": "$46", "2017-06-30": "$18", "2017-03-31": "$81", "2016-12-31": "$43", "2016-09-30": "$35", "2016-06-30": "$24", "2016-03-31": "$5", "2015-12-31": "$21", "2015-09-30": "$7", "2015-06-30": "$11", "2015-03-31": "$4", "2014-12-31": "$28", "2014-09-30": "$24", "2014-06-30": "$24", "2014-03-31": "$11", "2013-12-31": "$17", "2013-09-30": "$14", "2013-06-30": "$16", "2013-03-31": "$6", "2012-12-31": "$19", "2012-09-30": "$5", "2012-06-30": "$8", "2012-03-31": "$-3", "2011-12-31": "$-1", "2011-09-30": "$2", "2011-06-30": "$2", "2011-03-31": "$4", "2010-12-31": "$3", "2010-09-30": "$4", "2010-06-30": "$0", "2010-03-31": "$2", "2009-12-31": "$2", "2009-09-30": "$3", "2009-06-30": "$-6", "2009-03-31": "$0", "2008-12-31": "$-5", "2008-09-30": "$-0", "2008-06-30": "$2", "2008-03-31": "$-1", "2007-12-31": "$3", "2007-09-30": "$2", "2007-06-30": "$-44", "2007-03-31": "$4", "2006-12-31": "$3", "2006-09-30": "$16", "2006-06-30": "$25", "2006-03-31": "$26", "2005-09-30": "$27", "2005-06-30": "$2"}}, "eps-earnings-per-share-diluted": {"Evercore Inc Annual EPS": {"2020": "$8.22", "2019": "$6.89", "2018": "$8.33", "2017": "$2.80", "2016": "$2.43", "2015": "$0.98", "2014": "$2.08", "2013": "$1.38", "2012": "$0.89", "2011": "$0.23", "2010": "$0.39", "2009": "$-0.10", "2008": "$-0.36", "2007": "$-3.38", "2006": "$0.76", "2005": "$0.00"}, "Evercore Inc Quarterly EPS": {"2020-12-31": "$5.02", "2020-09-30": "$1.01", "2020-06-30": "$1.35", "2020-03-31": "$0.74", "2019-12-31": "$2.48", "2019-09-30": "$1.01", "2019-06-30": "$1.88", "2019-03-31": "$1.52", "2018-12-31": "$3.63", "2018-09-30": "$1.08", "2018-06-30": "$1.52", "2018-03-31": "$2.10", "2017-12-31": "$-0.41", "2017-09-30": "$1.04", "2017-06-30": "$0.41", "2017-03-31": "$1.76", "2016-12-31": "$0.97", "2016-09-30": "$0.79", "2016-06-30": "$0.55", "2016-03-31": "$0.12", "2015-12-31": "$0.46", "2015-09-30": "$0.16", "2015-06-30": "$0.26", "2015-03-31": "$0.10", "2014-12-31": "$0.67", "2014-09-30": "$0.58", "2014-06-30": "$0.58", "2014-03-31": "$0.25", "2013-12-31": "$0.42", "2013-09-30": "$0.36", "2013-06-30": "$0.44", "2013-03-31": "$0.16", "2012-12-31": "$0.59", "2012-09-30": "$0.17", "2012-06-30": "$0.25", "2012-03-31": "$-0.12", "2011-12-31": "$-0.05", "2011-09-30": "$0.06", "2011-06-30": "$0.08", "2011-03-31": "$0.14", "2010-12-31": "$0.13", "2010-09-30": "$0.17", "2010-06-30": "$0.00", "2010-03-31": "$0.09", "2009-12-31": "$0.18", "2009-09-30": "$0.14", "2009-06-30": "$-0.43", "2009-03-31": "$0.01", "2008-12-31": "$-0.40", "2008-09-30": "$-0.04", "2008-06-30": "$0.16", "2008-03-31": "$-0.08", "2007-12-31": "$0.47", "2007-09-30": "$0.19", "2007-06-30": "$-4.68", "2007-03-31": "$0.64", "2006-12-31": "$0.70", "2006-09-30": "$0.06", "2006-06-30": "$0.00", "2006-03-31": "$0.00", "2005-09-30": "$0.00", "2005-06-30": "$0.00"}}, "shares-outstanding": {"Evercore Inc Annual Shares Outstanding (Millions of Shares)": {"2020": "43", "2019": "43", "2018": "45", "2017": "45", "2016": "44", "2015": "44", "2014": "42", "2013": "38", "2012": "33", "2011": "29", "2010": "23", "2009": "16", "2008": "13", "2007": "10", "2006": "5", "2005": ""}, "Evercore Inc Quarterly Shares Outstanding (Millions of Shares)": {"2020-12-31": "44", "2020-09-30": "42", "2020-06-30": "42", "2020-03-31": "42", "2019-12-31": "43", "2019-09-30": "43", "2019-06-30": "43", "2019-03-31": "44", "2018-12-31": "45", "2018-09-30": "46", "2018-06-30": "45", "2018-03-31": "45", "2017-12-31": "45", "2017-09-30": "44", "2017-06-30": "45", "2017-03-31": "46", "2016-12-31": "44", "2016-09-30": "44", "2016-06-30": "44", "2016-03-31": "45", "2015-12-31": "44", "2015-09-30": "44", "2015-06-30": "42", "2015-03-31": "43", "2014-12-31": "42", "2014-09-30": "42", "2014-06-30": "42", "2014-03-31": "42", "2013-12-31": "38", "2013-09-30": "38", "2013-06-30": "38", "2013-03-31": "38", "2012-12-31": "33", "2012-09-30": "31", "2012-06-30": "32", "2012-03-31": "29", "2011-12-31": "29", "2011-09-30": "31", "2011-06-30": "27", "2011-03-31": "26", "2010-12-31": "23", "2010-09-30": "21", "2010-06-30": "22", "2010-03-31": "22", "2009-12-31": "16", "2009-09-30": "18", "2009-06-30": "14", "2009-03-31": "14", "2008-12-31": "13", "2008-09-30": "13", "2008-06-30": "13", "2008-03-31": "13", "2007-12-31": "10", "2007-09-30": "12", "2007-06-30": "9", "2007-03-31": "7", "2006-12-31": "5", "2006-09-30": "5", "2006-06-30": "", "2006-03-31": "", "2005-09-30": "", "2005-06-30": ""}}, "total-assets": {"Evercore Inc Annual Total Assets (Millions of US $)": {"2019": "$2,599", "2018": "$2,126", "2017": "$1,585", "2016": "$1,662", "2015": "$1,479", "2014": "$1,447", "2013": "$1,181", "2012": "$1,145", "2011": "$1,044", "2010": "$898", "2009": "$891", "2008": "$739", "2007": "$689", "2006": "$302", "2005": "$81"}, "Evercore Inc Quarterly Total Assets (Millions of US $)": {"2020-09-30": "$2,645", "2020-06-30": "$2,500", "2020-03-31": "$2,222", "2019-12-31": "$2,599", "2019-09-30": "$2,211", "2019-06-30": "$1,940", "2019-03-31": "$1,845", "2018-12-31": "$2,126", "2018-09-30": "$1,706", "2018-06-30": "$1,613", "2018-03-31": "$1,418", "2017-12-31": "$1,585", "2017-09-30": "$1,561", "2017-06-30": "$1,451", "2017-03-31": "$1,433", "2016-12-31": "$1,662", "2016-09-30": "$1,462", "2016-06-30": "$1,307", "2016-03-31": "$1,285", "2015-12-31": "$1,479", "2015-09-30": "$1,330", "2015-06-30": "$1,300", "2015-03-31": "$1,289", "2014-12-31": "$1,447", "2014-09-30": "$1,224", "2014-06-30": "$1,148", "2014-03-31": "$1,045", "2013-12-31": "$1,181", "2013-09-30": "$1,103", "2013-06-30": "$1,033", "2013-03-31": "$976", "2012-12-31": "$1,145", "2012-09-30": "$1,029", "2012-06-30": "$974", "2012-03-31": "$942", "2011-12-31": "$1,044", "2011-09-30": "$1,070", "2011-06-30": "$1,042", "2011-03-31": "$901", "2010-12-31": "$898", "2010-09-30": "$1,080", "2010-06-30": "$891", "2010-03-31": "$851", "2009-12-31": "$891", "2009-09-30": "$808", "2009-06-30": "$744", "2009-03-31": "$742", "2008-12-31": "$739", "2008-09-30": "$838", "2008-06-30": "$747", "2008-03-31": "$668", "2007-12-31": "$689", "2007-09-30": "$721", "2007-06-30": "$471", "2007-03-31": "$318", "2006-12-31": "$302", "2006-09-30": "$485", "2006-06-30": "$84", "2006-03-31": "$0", "2005-09-30": "$0", "2005-06-30": "$0"}}, "cash-on-hand": {"Evercore Inc Annual Cash on Hand (Millions of US $)": {"2019": "$660", "2018": "$816", "2017": "$640", "2016": "$590", "2015": "$493", "2014": "$459", "2013": "$374", "2012": "$380", "2011": "$312", "2010": "$320", "2009": "$513", "2008": "$460", "2007": "$479", "2006": "$150", "2005": "$38"}, "Evercore Inc Quarterly Cash on Hand (Millions of US $)": {"2020-09-30": "$1,171", "2020-06-30": "$1,037", "2020-03-31": "$605", "2019-12-31": "$660", "2019-09-30": "$330", "2019-06-30": "$400", "2019-03-31": "$364", "2018-12-31": "$816", "2018-09-30": "$451", "2018-06-30": "$433", "2018-03-31": "$440", "2017-12-31": "$640", "2017-09-30": "$474", "2017-06-30": "$447", "2017-03-31": "$387", "2016-12-31": "$590", "2016-09-30": "$477", "2016-06-30": "$282", "2016-03-31": "$327", "2015-12-31": "$493", "2015-09-30": "$330", "2015-06-30": "$330", "2015-03-31": "$320", "2014-12-31": "$459", "2014-09-30": "$338", "2014-06-30": "$270", "2014-03-31": "$203", "2013-12-31": "$374", "2013-09-30": "$336", "2013-06-30": "$230", "2013-03-31": "$210", "2012-12-31": "$380", "2012-09-30": "$303", "2012-06-30": "$272", "2012-03-31": "$225", "2011-12-31": "$312", "2011-09-30": "$402", "2011-06-30": "$388", "2011-03-31": "$327", "2010-12-31": "$320", "2010-09-30": "$566", "2010-06-30": "$415", "2010-03-31": "$462", "2009-12-31": "$513", "2009-09-30": "$446", "2009-06-30": "$439", "2009-03-31": "$449", "2008-12-31": "$460", "2008-09-30": "$650", "2008-06-30": "$561", "2008-03-31": "$480", "2007-12-31": "$479", "2007-09-30": "$552", "2007-06-30": "$291", "2007-03-31": "$173", "2006-12-31": "$150", "2006-09-30": "$410", "2006-06-30": "$16", "2006-03-31": "", "2005-09-30": "", "2005-06-30": ""}}, "long-term-debt": {"Evercore Inc Annual Long Term Debt (Millions of US $)": {"2019": "$375", "2018": "$169", "2017": "$175", "2016": "$185", "2015": "$142", "2014": "$128", "2013": "$103", "2012": "$101", "2011": "$100", "2010": "$98", "2009": "$97", "2008": "$95", "2007": "$", "2006": "$", "2005": "$0"}, "Evercore Inc Quarterly Long Term Debt (Millions of US $)": {"2020-09-30": "$337", "2020-06-30": "$335", "2020-03-31": "$335", "2019-12-31": "$375", "2019-09-30": "$373", "2019-06-30": "$169", "2019-03-31": "$169", "2018-12-31": "$169", "2018-09-30": "$169", "2018-06-30": "$168", "2018-03-31": "$169", "2017-12-31": "$175", "2017-09-30": "$175", "2017-06-30": "$175", "2017-03-31": "$179", "2016-12-31": "$185", "2016-09-30": "$185", "2016-06-30": "$185", "2016-03-31": "$190", "2015-12-31": "$142", "2015-09-30": "$129", "2015-06-30": "$129", "2015-03-31": "$128", "2014-12-31": "$128", "2014-09-30": "$105", "2014-06-30": "$104", "2014-03-31": "$104", "2013-12-31": "$103", "2013-09-30": "$103", "2013-06-30": "$102", "2013-03-31": "$102", "2012-12-31": "$101", "2012-09-30": "$101", "2012-06-30": "$101", "2012-03-31": "$100", "2011-12-31": "$100", "2011-09-30": "$99", "2011-06-30": "$99", "2011-03-31": "$98", "2010-12-31": "$98", "2010-09-30": "$98", "2010-06-30": "$97", "2010-03-31": "$97", "2009-12-31": "$97", "2009-09-30": "$96", "2009-06-30": "$96", "2009-03-31": "$96", "2008-12-31": "$95", "2008-09-30": "$95", "2008-06-30": "", "2008-03-31": "", "2007-12-31": "", "2007-09-30": "", "2007-06-30": "", "2007-03-31": "$0", "2006-12-31": "", "2006-09-30": "$0", "2006-06-30": "$0", "2006-03-31": "", "2005-09-30": "", "2005-06-30": ""}}, "total-liabilities": {"Evercore Inc Annual Total Liabilities (Millions of US $)": {"2019": "$1,472", "2018": "$1,118", "2017": "$789", "2016": "$879", "2015": "$772", "2014": "$734", "2013": "$618", "2012": "$654", "2011": "$578", "2010": "$531", "2009": "$595", "2008": "$507", "2007": "$516", "2006": "$189", "2005": "$30"}, "Evercore Inc Quarterly Total Liabilities (Millions of US $)": {"2020-09-30": "$1,438", "2020-06-30": "$1,367", "2020-03-31": "$1,184", "2019-12-31": "$1,472", "2019-09-30": "$1,208", "2019-06-30": "$965", "2019-03-31": "$839", "2018-12-31": "$1,118", "2018-09-30": "$806", "2018-06-30": "$762", "2018-03-31": "$643", "2017-12-31": "$789", "2017-09-30": "$833", "2017-06-30": "$752", "2017-03-31": "$648", "2016-12-31": "$879", "2016-09-30": "$762", "2016-06-30": "$664", "2016-03-31": "$646", "2015-12-31": "$772", "2015-09-30": "$644", "2015-06-30": "$615", "2015-03-31": "$618", "2014-12-31": "$734", "2014-09-30": "$620", "2014-06-30": "$537", "2014-03-31": "$497", "2013-12-31": "$618", "2013-09-30": "$600", "2013-06-30": "$561", "2013-03-31": "$483", "2012-12-31": "$654", "2012-09-30": "$559", "2012-06-30": "$506", "2012-03-31": "$470", "2011-12-31": "$578", "2011-09-30": "$609", "2011-06-30": "$568", "2011-03-31": "$529", "2010-12-31": "$531", "2010-09-30": "$749", "2010-06-30": "$570", "2010-03-31": "$553", "2009-12-31": "$595", "2009-09-30": "$525", "2009-06-30": "$480", "2009-03-31": "$511", "2008-12-31": "$507", "2008-09-30": "$619", "2008-06-30": "$556", "2008-03-31": "$480", "2007-12-31": "$516", "2007-09-30": "$555", "2007-06-30": "$312", "2007-03-31": "$199", "2006-12-31": "$189", "2006-09-30": "$398", "2006-06-30": "$56", "2006-03-31": "", "2005-09-30": "", "2005-06-30": ""}}, "total-share-holder-equity": {"Evercore Inc Annual Share Holder Equity (Millions of US $)": {"2019": "$1,126", "2018": "$1,008", "2017": "$796", "2016": "$783", "2015": "$707", "2014": "$712", "2013": "$563", "2012": "$491", "2011": "$466", "2010": "$367", "2009": "$296", "2008": "$232", "2007": "$173", "2006": "$112", "2005": "$52"}, "Evercore Inc Quarterly Share Holder Equity (Millions of US $)": {"2020-09-30": "$1,207", "2020-06-30": "$1,132", "2020-03-31": "$1,038", "2019-12-31": "$1,126", "2019-09-30": "$1,003", "2019-06-30": "$975", "2019-03-31": "$1,006", "2018-12-31": "$1,008", "2018-09-30": "$899", "2018-06-30": "$851", "2018-03-31": "$774", "2017-12-31": "$796", "2017-09-30": "$728", "2017-06-30": "$699", "2017-03-31": "$784", "2016-12-31": "$783", "2016-09-30": "$700", "2016-06-30": "$643", "2016-03-31": "$639", "2015-12-31": "$707", "2015-09-30": "$687", "2015-06-30": "$684", "2015-03-31": "$672", "2014-12-31": "$712", "2014-09-30": "$603", "2014-06-30": "$611", "2014-03-31": "$548", "2013-12-31": "$563", "2013-09-30": "$504", "2013-06-30": "$472", "2013-03-31": "$493", "2012-12-31": "$491", "2012-09-30": "$470", "2012-06-30": "$467", "2012-03-31": "$472", "2011-12-31": "$466", "2011-09-30": "$461", "2011-06-30": "$474", "2011-03-31": "$371", "2010-12-31": "$367", "2010-09-30": "$331", "2010-06-30": "$320", "2010-03-31": "$298", "2009-12-31": "$296", "2009-09-30": "$283", "2009-06-30": "$264", "2009-03-31": "$231", "2008-12-31": "$232", "2008-09-30": "$219", "2008-06-30": "$192", "2008-03-31": "$188", "2007-12-31": "$173", "2007-09-30": "$166", "2007-06-30": "$159", "2007-03-31": "$119", "2006-12-31": "$112", "2006-09-30": "$87", "2006-06-30": "$28", "2006-03-31": "", "2005-09-30": "", "2005-06-30": ""}}, "profit-margins": {"current": "15.44%"}, "gross margin": {"2020-12-31": "99.43%", "2020-09-30": "99.36%", "2020-06-30": "99.36%", "2020-03-31": "99.36%", "2019-12-31": "99.41%", "2019-09-30": "99.39%", "2019-06-30": "99.39%", "2019-03-31": "99.41%", "2018-12-31": "99.42%", "2018-09-30": "99.35%", "2018-06-30": "99.36%", "2018-03-31": "99.28%", "2017-12-31": "99.19%", "2017-09-30": "99.39%", "2017-06-30": "99.56%", "2017-03-31": "99.75%", "2016-12-31": "100.00%", "2016-09-30": "100.00%", "2016-06-30": "100.00%", "2016-03-31": "100.00%", "2015-12-31": "100.00%", "2015-09-30": "100.00%", "2015-06-30": "100.00%", "2015-03-31": "100.00%", "2014-12-31": "100.00%", "2014-09-30": "100.00%", "2014-06-30": "100.00%", "2014-03-31": "100.00%", "2013-12-31": "100.00%", "2013-09-30": "100.00%", "2013-06-30": "100.00%", "2013-03-31": "100.00%", "2012-12-31": "100.00%", "2012-09-30": "100.00%", "2012-06-30": "100.00%", "2012-03-31": "100.00%", "2011-12-31": "100.00%", "2011-09-30": "100.00%", "2011-06-30": "100.00%", "2011-03-31": "100.00%", "2010-12-31": "100.00%", "2010-09-30": "100.00%", "2010-06-30": "100.00%", "2010-03-31": "100.00%", "2009-12-31": "100.00%", "2009-09-30": "100.00%", "2009-06-30": "100.00%", "2009-03-31": "100.00%", "2008-12-31": "100.00%", "2008-09-30": "100.00%", "2008-06-30": "100.00%", "2008-03-31": "100.00%", "2007-12-31": "100.00%", "2007-09-30": "100.00%", "2007-06-30": "100.00%", "2007-03-31": "100.00%", "2006-12-31": "100.00%", "2006-09-30": "100.00%", "2006-06-30": "100.00%"}, "operating margin": {"2020-12-31": "26.08%", "2020-09-30": "21.20%", "2020-06-30": "21.20%", "2020-03-31": "22.48%", "2019-12-31": "23.13%", "2019-09-30": "25.91%", "2019-06-30": "26.38%", "2019-03-31": "26.35%", "2018-12-31": "27.17%", "2018-09-30": "27.21%", "2018-06-30": "27.46%", "2018-03-31": "26.61%", "2017-12-31": "27.61%", "2017-09-30": "24.06%", "2017-06-30": "24.19%", "2017-03-31": "24.12%", "2016-12-31": "19.64%", "2016-09-30": "18.63%", "2016-06-30": "16.36%", "2016-03-31": "15.04%", "2015-12-31": "15.50%", "2015-09-30": "15.42%", "2015-06-30": "17.16%", "2015-03-31": "19.10%", "2014-12-31": "21.16%", "2014-09-30": "20.68%", "2014-06-30": "19.82%", "2014-03-31": "19.23%", "2013-12-31": "18.61%", "2013-09-30": "18.58%", "2013-06-30": "17.00%", "2013-03-31": "15.56%", "2012-12-31": "12.46%", "2012-09-30": "7.18%", "2012-06-30": "7.75%", "2012-03-31": "6.86%", "2011-12-31": "11.40%", "2011-09-30": "13.91%", "2011-06-30": "15.38%", "2011-03-31": "14.83%", "2010-12-31": "15.75%", "2010-09-30": "19.07%", "2010-06-30": "19.35%", "2010-03-31": "20.64%", "2009-12-31": "20.47%", "2009-09-30": "11.70%", "2009-06-30": "10.70%", "2009-03-31": "13.73%", "2008-12-31": "12.00%", "2008-09-30": "19.01%", "2008-06-30": "19.59%", "2008-03-31": "-19.46%", "2007-12-31": "-10.88%", "2007-09-30": "-9.03%", "2007-06-30": "-8.33%", "2007-03-31": "38.93%", "2006-12-31": "47.69%", "2006-09-30": "56.67%", "2006-06-30": "55.70%"}, "ebitda margin": {"2020-09-30": "22.73%", "2020-06-30": "22.93%", "2020-03-31": "24.29%", "2019-12-31": "24.90%", "2019-09-30": "27.50%", "2019-06-30": "27.90%", "2019-03-31": "27.83%", "2018-12-31": "28.56%", "2018-09-30": "28.78%", "2018-06-30": "28.95%", "2018-03-31": "28.11%", "2017-12-31": "29.12%", "2017-09-30": "25.60%", "2017-06-30": "25.68%", "2017-03-31": "25.63%", "2016-12-31": "21.29%", "2016-09-30": "20.40%", "2016-06-30": "18.45%", "2016-03-31": "17.34%", "2015-12-31": "17.92%", "2015-09-30": "17.94%", "2015-06-30": "19.50%", "2015-03-31": "21.25%", "2014-12-31": "23.20%", "2014-09-30": "22.73%", "2014-06-30": "21.86%", "2014-03-31": "21.29%", "2013-12-31": "20.67%", "2013-09-30": "20.65%", "2013-06-30": "19.30%", "2013-03-31": "18.10%", "2012-12-31": "15.35%", "2012-09-30": "11.31%", "2012-06-30": "11.97%", "2012-03-31": "10.95%", "2011-12-31": "15.26%", "2011-09-30": "17.11%", "2011-06-30": "18.42%", "2011-03-31": "18.18%", "2010-12-31": "18.75%", "2010-09-30": "21.27%", "2010-06-30": "20.98%", "2010-03-31": "21.98%", "2009-12-31": "21.96%", "2009-09-30": "13.58%", "2009-06-30": "13.17%", "2009-03-31": "16.31%", "2008-12-31": "14.22%", "2008-09-30": "21.83%", "2008-06-30": "23.31%", "2008-03-31": "-14.77%", "2007-12-31": "-5.59%", "2007-09-30": "-4.05%", "2007-06-30": "-3.82%", "2007-03-31": "42.37%", "2006-12-31": "49.54%", "2006-09-30": "57.78%", "2006-06-30": "55.70%"}, "pre tax profit margin": {"2020-12-31": "23.68%", "2020-09-30": "18.23%", "2020-06-30": "18.52%", "2020-03-31": "20.27%", "2019-12-31": "22.09%", "2019-09-30": "25.30%", "2019-06-30": "25.77%", "2019-03-31": "25.71%", "2018-12-31": "26.50%", "2018-09-30": "26.24%", "2018-06-30": "26.50%", "2018-03-31": "24.39%", "2017-12-31": "25.35%", "2017-09-30": "21.49%", "2017-06-30": "21.58%", "2017-03-31": "22.86%", "2016-12-31": "18.34%", "2016-09-30": "17.22%", "2016-06-30": "12.77%", "2016-03-31": "11.14%", "2015-12-31": "10.90%", "2015-09-30": "11.09%", "2015-06-30": "14.46%", "2015-03-31": "16.36%", "2014-12-31": "18.90%", "2014-09-30": "18.86%", "2014-06-30": "18.81%", "2014-03-31": "18.32%", "2013-12-31": "17.72%", "2013-09-30": "17.03%", "2013-06-30": "15.52%", "2013-03-31": "13.86%", "2012-12-31": "10.79%", "2012-09-30": "4.67%", "2012-06-30": "4.40%", "2012-03-31": "2.78%", "2011-12-31": "6.80%", "2011-09-30": "9.21%", "2011-06-30": "10.73%", "2011-03-31": "9.09%", "2010-12-31": "9.25%", "2010-09-30": "11.49%", "2010-06-30": "11.17%", "2010-03-31": "8.31%", "2009-12-31": "6.23%", "2009-09-30": "-6.42%", "2009-06-30": "-11.11%", "2009-03-31": "-2.58%", "2008-12-31": "-4.44%", "2008-09-30": "7.39%", "2008-06-30": "9.80%", "2008-03-31": "-27.85%", "2007-12-31": "-16.47%", "2007-09-30": "-14.33%", "2007-06-30": "-13.19%", "2007-03-31": "35.11%", "2006-12-31": "43.98%", "2006-09-30": "55.00%", "2006-06-30": "55.70%"}, "net profit margin": {"2020-12-31": "15.32%", "2020-09-30": "11.64%", "2020-06-30": "11.64%", "2020-03-31": "12.78%", "2019-12-31": "14.64%", "2019-09-30": "16.60%", "2019-06-30": "17.07%", "2019-03-31": "17.11%", "2018-12-31": "18.10%", "2018-09-30": "10.53%", "2018-06-30": "10.22%", "2018-03-31": "7.83%", "2017-12-31": "7.31%", "2017-09-30": "11.54%", "2017-06-30": "11.01%", "2017-03-31": "11.52%", "2016-12-31": "7.35%", "2016-09-30": "6.00%", "2016-06-30": "4.26%", "2016-03-31": "3.50%", "2015-12-31": "3.47%", "2015-09-30": "4.33%", "2015-06-30": "6.25%", "2015-03-31": "7.84%", "2014-12-31": "9.34%", "2014-09-30": "9.19%", "2014-06-30": "8.39%", "2014-03-31": "7.48%", "2013-12-31": "6.80%", "2013-09-30": "7.10%", "2013-06-30": "6.21%", "2013-03-31": "5.37%", "2012-12-31": "4.41%", "2012-09-30": "1.62%", "2012-06-30": "1.06%", "2012-03-31": "0.00%", "2011-12-31": "1.29%", "2011-09-30": "2.07%", "2011-06-30": "2.63%", "2011-03-31": "2.63%", "2010-12-31": "2.25%", "2010-09-30": "1.96%", "2010-06-30": "1.91%", "2010-03-31": "0.27%", "2009-12-31": "-0.30%", "2009-09-30": "-3.02%", "2009-06-30": "-4.53%", "2009-03-31": "-1.29%", "2008-12-31": "-1.78%", "2008-09-30": "1.41%", "2008-06-30": "2.03%", "2008-03-31": "-13.42%", "2007-12-31": "-10.29%", "2007-09-30": "-10.90%", "2007-06-30": "-7.29%", "2007-03-31": "18.32%", "2006-12-31": "32.41%", "2006-09-30": "52.22%", "2006-06-30": "53.69%"}, "pe ratio": {"current": "12.06", "2021-02-05": "37.04", "2020-12-31": "35.37", "2020-09-30": "11.65", "2020-06-30": "10.39", "2020-03-31": "7.35", "2019-12-31": "10.48", "2019-09-30": "9.51", "2019-06-30": "10.35", "2019-03-31": "11.04", "2018-12-31": "8.04", "2018-09-30": "22.51", "2018-06-30": "23.72", "2018-03-31": "26.63", "2017-12-31": "30.80", "2017-09-30": "17.68", "2017-06-30": "16.44", "2017-03-31": "17.46", "2016-12-31": "25.64", "2016-09-30": "24.43", "2016-06-30": "31.09", "2016-03-31": "46.79", "2015-12-31": "49.56", "2015-09-30": "37.64", "2015-06-30": "29.66", "2015-03-31": "23.53", "2014-12-31": "22.00", "2014-09-30": "22.22", "2014-06-30": "30.82", "2014-03-31": "32.21", "2013-12-31": "36.96", "2013-09-30": "27.51", "2013-06-30": "24.83", "2013-03-31": "30.52", "2012-12-31": "29.20", "2012-09-30": "79.57", "2012-06-30": "112.63", "2012-03-31": "0.00", "2011-12-31": "82.54", "2011-09-30": "44.47", "2011-06-30": "50.87", "2011-03-31": "61.56", "2010-12-31": "68.50", "2010-09-30": "67.72", "2010-06-30": "78.82", "2010-03-31": "0.00", "2009-12-31": "0.00", "2009-09-30": "0.00", "2009-06-30": "0.00", "2009-03-31": "0.00", "2008-12-31": "0.00", "2008-09-30": "165.93", "2008-06-30": "77.22", "2008-03-31": "0.00", "2007-12-31": "0.00", "2007-09-30": "0.00", "2007-06-30": "0.00"}, "price sales": {"2021-02-05": "2.15", "2020-12-31": "2.06", "2020-09-30": "1.37", "2020-06-30": "1.22", "2020-03-31": "0.94", "2019-12-31": "1.54", "2019-09-30": "1.58", "2019-06-30": "1.78", "2019-03-31": "1.91", "2018-12-31": "1.47", "2018-09-30": "2.31", "2018-06-30": "2.36", "2018-03-31": "2.02", "2017-12-31": "2.17", "2017-09-30": "2.03", "2017-06-30": "1.80", "2017-03-31": "1.99", "2016-12-31": "1.89", "2016-09-30": "1.44", "2016-06-30": "1.31", "2016-03-31": "1.61", "2015-12-31": "1.68", "2015-09-30": "1.64", "2015-06-30": "1.86", "2015-03-31": "1.86", "2014-12-31": "2.05", "2014-09-30": "2.01", "2014-06-30": "2.52", "2014-03-31": "2.37", "2013-12-31": "2.49", "2013-09-30": "1.95", "2013-06-30": "1.54", "2013-03-31": "1.63", "2012-12-31": "1.20", "2012-09-30": "1.22", "2012-06-30": "1.03", "2012-03-31": "1.28", "2011-12-31": "1.13", "2011-09-30": "0.93", "2011-06-30": "1.30", "2011-03-31": "1.49", "2010-12-31": "1.48", "2010-09-30": "1.07", "2010-06-30": "0.93", "2010-03-31": "1.06", "2009-12-31": "1.07", "2009-09-30": "1.26", "2009-06-30": "0.83", "2009-03-31": "0.67", "2008-12-31": "0.54", "2008-09-30": "0.55", "2008-06-30": "0.28", "2008-03-31": "0.47", "2007-12-31": "0.42", "2007-09-30": "0.43", "2007-06-30": "0.45"}, "price book": {"current": "3.86", "2021-02-05": "3.86", "2020-09-30": "2.19", "2020-06-30": "2.08", "2020-03-31": "1.75", "2019-12-31": "2.51", "2019-09-30": "3.02", "2019-06-30": "3.45", "2019-03-31": "3.51", "2018-12-31": "2.65", "2018-09-30": "4.29", "2018-06-30": "4.75", "2018-03-31": "4.30", "2017-12-31": "4.10", "2017-09-30": "3.93", "2017-06-30": "3.64", "2017-03-31": "3.74", "2016-12-31": "3.13", "2016-09-30": "2.59", "2016-06-30": "2.40", "2016-03-31": "2.88", "2015-12-31": "2.69", "2015-09-30": "2.35", "2015-06-30": "2.51", "2015-03-31": "2.47", "2014-12-31": "2.32", "2014-09-30": "2.42", "2014-06-30": "2.89", "2014-03-31": "3.01", "2013-12-31": "2.99", "2013-09-30": "2.63", "2013-06-30": "2.15", "2013-03-31": "2.24", "2012-12-31": "1.51", "2012-09-30": "1.38", "2012-06-30": "1.16", "2012-03-31": "1.45", "2011-12-31": "1.29", "2011-09-30": "1.09", "2011-06-30": "1.47", "2011-03-31": "1.53", "2010-12-31": "1.45", "2010-09-30": "1.28", "2010-06-30": "0.95", "2010-03-31": "1.33", "2009-12-31": "1.29", "2009-09-30": "1.29", "2009-06-30": "0.70", "2009-03-31": "0.62", "2008-12-31": "0.49", "2008-09-30": "0.71", "2008-06-30": "0.42", "2008-03-31": "0.80", "2007-12-31": "1.01", "2007-09-30": "1.26", "2007-06-30": "1.49", "2007-03-31": "1.19", "2006-12-31": "1.48", "2006-09-30": "1.08"}, "price fcf": {"2021-02-05": "", "2020-09-30": "$14.70", "2020-06-30": "$15.89", "2020-03-31": "$15.33", "2019-12-31": "$10.04", "2019-09-30": "$12.56", "2019-06-30": "$10.61", "2019-03-31": "$9.31", "2018-12-31": "$18.03", "2018-09-30": "$10.29", "2018-06-30": "$11.20", "2018-03-31": "$11.54", "2017-12-31": "$10.62", "2017-09-30": "$10.44", "2017-06-30": "$12.06", "2017-03-31": "$9.78", "2016-12-31": "$9.13", "2016-09-30": "$10.64", "2016-06-30": "$7.31", "2016-03-31": "$7.37", "2015-12-31": "$8.04", "2015-09-30": "$5.88", "2015-06-30": "$6.20", "2015-03-31": "$5.78", "2014-12-31": "$4.84", "2014-09-30": "$3.89", "2014-06-30": "$4.79", "2014-03-31": "$4.48", "2013-12-31": "$5.05", "2013-09-30": "$6.42", "2013-06-30": "$4.52", "2013-03-31": "$5.54", "2012-12-31": "$4.49", "2012-09-30": "$2.41", "2012-06-30": "$4.29", "2012-03-31": "$2.88", "2011-12-31": "$4.73", "2011-09-30": "$3.88", "2011-06-30": "$2.53", "2011-03-31": "$2.35", "2010-12-31": "$1.59", "2010-09-30": "$5.88", "2010-06-30": "$5.41", "2010-03-31": "$7.02", "2009-12-31": "$5.52", "2009-09-30": "$1.42", "2009-06-30": "$2.14", "2009-03-31": "$2.34", "2008-12-31": "$1.31", "2008-09-30": "$4.56", "2008-06-30": "$4.67", "2008-03-31": "$3.45", "2007-12-31": "$13.64", "2007-09-30": "$9.15", "2007-06-30": "$17.94"}, "net worth": {"value": "$4.66B"}, "current ratio": {"2020-12-31": "0.00", "2020-09-30": "2.66", "2020-06-30": "2.68", "2020-03-31": "3.14", "2019-12-31": "2.53", "2019-09-30": "3.07", "2019-06-30": "2.58", "2019-03-31": "3.32", "2018-12-31": "1.98", "2018-09-30": "2.35", "2018-06-30": "2.32", "2018-03-31": "2.49", "2017-12-31": "2.16", "2017-09-30": "2.04", "2017-06-30": "2.15", "2017-03-31": "2.72", "2016-12-31": "2.00", "2016-09-30": "2.10", "2016-06-30": "2.37", "2016-03-31": "2.46", "2015-12-31": "1.84", "2015-09-30": "2.14", "2015-06-30": "2.09", "2015-03-31": "2.01", "2014-12-31": "1.77", "2014-09-30": "1.98", "2014-06-30": "2.21", "2014-03-31": "2.75", "2013-12-31": "1.89", "2013-09-30": "1.89", "2013-06-30": "1.84", "2013-03-31": "2.43", "2012-12-31": "1.64", "2012-09-30": "1.69", "2012-06-30": "1.84", "2012-03-31": "1.99", "2011-12-31": "1.60", "2011-09-30": "1.72", "2011-06-30": "2.01", "2011-03-31": "1.70", "2010-12-31": "1.68", "2010-09-30": "1.37", "2010-06-30": "1.54", "2010-03-31": "1.80", "2009-12-31": "1.67", "2009-09-30": "1.75", "2009-06-30": "1.74", "2009-03-31": "1.63", "2008-12-31": "1.66", "2008-09-30": "1.58", "2008-06-30": "1.31", "2008-03-31": "1.37", "2007-12-31": "1.32", "2007-09-30": "1.27", "2007-06-30": "1.55", "2007-03-31": "1.49", "2006-12-31": "1.47", "2006-09-30": "1.15", "2006-06-30": "0.81", "2006-03-31": "0.00", "2005-09-30": "0.00", "2005-06-30": "0.00"}, "quick ratio": {"2020-12-31": "0.00", "2020-09-30": "2.50", "2020-06-30": "2.51", "2020-03-31": "2.47", "2019-12-31": "1.60", "2019-09-30": "1.63", "2019-06-30": "2.06", "2019-03-31": "2.60", "2018-12-31": "1.57", "2018-09-30": "1.68", "2018-06-30": "1.74", "2018-03-31": "2.20", "2017-12-31": "0.00", "2017-09-30": "1.77", "2017-06-30": "1.98", "2017-03-31": "2.47", "2016-12-31": "1.85", "2016-09-30": "1.90", "2016-06-30": "0.00", "2016-03-31": "0.00", "2015-12-31": "1.73", "2015-09-30": "1.99", "2015-06-30": "1.97", "2015-03-31": "1.89", "2014-12-31": "1.68", "2014-09-30": "1.87", "2014-06-30": "2.04", "2014-03-31": "2.45", "2013-12-31": "1.74", "2013-09-30": "1.73", "2013-06-30": "1.68", "2013-03-31": "2.19", "2012-12-31": "1.53", "2012-09-30": "1.53", "2012-06-30": "1.63", "2012-03-31": "1.74", "2011-12-31": "1.34", "2011-09-30": "1.53", "2011-06-30": "1.76", "2011-03-31": "1.45", "2010-12-31": "1.35", "2010-09-30": "1.23", "2010-06-30": "1.32", "2010-03-31": "1.46", "2009-12-31": "0.00", "2009-09-30": "1.45", "2009-06-30": "1.43", "2009-03-31": "1.36", "2008-12-31": "0.00", "2008-09-30": "1.57", "2008-06-30": "1.29", "2008-03-31": "1.35", "2007-12-31": "0.00", "2007-09-30": "1.26", "2007-06-30": "1.52", "2007-03-31": "1.46", "2006-12-31": "1.40", "2006-09-30": "1.14", "2006-06-30": "0.73", "2006-03-31": "0.00", "2005-09-30": "0.00", "2005-06-30": "0.00"}, "debt equity ratio": {"current": "0.28", "2020-12-31": "0.00", "2020-09-30": "1.19", "2020-06-30": "1.21", "2020-03-31": "1.14", "2019-12-31": "1.31", "2019-09-30": "1.20", "2019-06-30": "0.99", "2019-03-31": "0.83", "2018-12-31": "1.11", "2018-09-30": "0.90", "2018-06-30": "0.90", "2018-03-31": "0.83", "2017-12-31": "0.99", "2017-09-30": "1.14", "2017-06-30": "1.08", "2017-03-31": "0.83", "2016-12-31": "1.12", "2016-09-30": "1.09", "2016-06-30": "1.03", "2016-03-31": "1.01", "2015-12-31": "1.09", "2015-09-30": "0.94", "2015-06-30": "0.90", "2015-03-31": "0.92", "2014-12-31": "1.03", "2014-09-30": "1.03", "2014-06-30": "0.88", "2014-03-31": "0.91", "2013-12-31": "1.10", "2013-09-30": "1.19", "2013-06-30": "1.19", "2013-03-31": "0.98", "2012-12-31": "1.33", "2012-09-30": "1.19", "2012-06-30": "1.08", "2012-03-31": "1.00", "2011-12-31": "1.24", "2011-09-30": "1.32", "2011-06-30": "1.20", "2011-03-31": "1.43", "2010-12-31": "1.45", "2010-09-30": "2.26", "2010-06-30": "1.78", "2010-03-31": "1.86", "2009-12-31": "2.01", "2009-09-30": "1.86", "2009-06-30": "1.82", "2009-03-31": "2.21", "2008-12-31": "2.19", "2008-09-30": "2.83", "2008-06-30": "2.90", "2008-03-31": "2.56", "2007-12-31": "2.98", "2007-09-30": "3.34", "2007-06-30": "1.97", "2007-03-31": "1.68", "2006-12-31": "1.68", "2006-09-30": "4.57", "2006-06-30": "1.97", "2006-03-31": "0.00", "2005-09-30": "0.00", "2005-06-30": "0.00"}, "return on equity": {"2020-12-31": "41.46%", "2020-09-30": "20.87%", "2020-06-30": "21.87%", "2020-03-31": "25.21%", "2019-12-31": "28.91%", "2019-09-30": "35.57%", "2019-06-30": "37.14%", "2019-03-31": "36.98%", "2018-12-31": "42.70%", "2018-09-30": "23.49%", "2018-06-30": "24.39%", "2018-03-31": "18.82%", "2017-12-31": "16.76%", "2017-09-30": "25.12%", "2017-06-30": "23.87%", "2017-03-31": "25.15%", "2016-12-31": "15.48%", "2016-09-30": "12.64%", "2016-06-30": "8.52%", "2016-03-31": "6.48%", "2015-12-31": "6.25%", "2015-09-30": "7.26%", "2015-06-30": "10.03%", "2015-03-31": "12.32%", "2014-12-31": "14.07%", "2014-09-30": "13.08%", "2014-06-30": "11.86%", "2014-03-31": "11.12%", "2013-12-31": "10.43%", "2013-09-30": "11.22%", "2013-06-30": "9.55%", "2013-03-31": "7.91%", "2012-12-31": "6.11%", "2012-09-30": "1.92%", "2012-06-30": "1.29%", "2012-03-31": "0.00%", "2011-12-31": "1.58%", "2011-09-30": "2.63%", "2011-06-30": "3.37%", "2011-03-31": "3.17%", "2010-12-31": "2.74%", "2010-09-30": "2.57%", "2010-06-30": "2.34%", "2010-03-31": "0.35%", "2009-12-31": "-0.37%", "2009-09-30": "-3.17%", "2009-06-30": "-4.65%", "2009-03-31": "-1.37%", "2008-12-31": "-1.93%", "2008-09-30": "2.07%", "2008-06-30": "3.34%", "2008-03-31": "-23.32%", "2007-12-31": "-22.69%", "2007-09-30": "-25.18%", "2007-06-30": "-17.61%", "2007-03-31": "55.49%", "2006-12-31": "123.35%", "2006-09-30": "326.96%", "2006-06-30": "1142.86%"}, "return on assets": {"2020-12-31": "19.00%", "2020-09-30": "9.43%", "2020-06-30": "9.86%", "2020-03-31": "11.64%", "2019-12-31": "13.82%", "2019-09-30": "17.48%", "2019-06-30": "18.96%", "2019-03-31": "19.09%", "2018-12-31": "21.97%", "2018-09-30": "12.34%", "2018-06-30": "12.43%", "2018-03-31": "9.38%", "2017-12-31": "8.36%", "2017-09-30": "12.31%", "2017-06-30": "11.78%", "2017-03-31": "12.48%", "2016-12-31": "7.49%", "2016-09-30": "6.14%", "2016-06-30": "4.22%", "2016-03-31": "3.26%", "2015-12-31": "3.19%", "2015-09-30": "3.73%", "2015-06-30": "5.10%", "2015-03-31": "6.26%", "2014-12-31": "7.15%", "2014-09-30": "6.61%", "2014-06-30": "5.90%", "2014-03-31": "5.32%", "2013-12-31": "4.94%", "2013-09-30": "5.17%", "2013-06-30": "4.40%", "2013-03-31": "3.69%", "2012-12-31": "2.84%", "2012-09-30": "0.90%", "2012-06-30": "0.60%", "2012-03-31": "0.00%", "2011-12-31": "0.69%", "2011-09-30": "1.13%", "2011-06-30": "1.33%", "2011-03-31": "1.17%", "2010-12-31": "0.97%", "2010-09-30": "0.86%", "2010-06-30": "0.81%", "2010-03-31": "0.12%", "2009-12-31": "-0.13%", "2009-09-30": "-1.06%", "2009-06-30": "-1.44%", "2009-03-31": "-0.39%", "2008-12-31": "-0.53%", "2008-09-30": "0.54%", "2008-06-30": "0.85%", "2008-03-31": "-6.28%", "2007-12-31": "-6.37%", "2007-09-30": "-7.73%", "2007-06-30": "-5.33%", "2007-03-31": "16.15%", "2006-12-31": "32.15%", "2006-09-30": "66.08%", "2006-06-30": "380.95%"}, "return on investments": {"2020-12-31": "54.38%", "2020-09-30": "29.09%", "2020-06-30": "29.95%", "2020-03-31": "34.04%", "2019-12-31": "36.10%", "2019-09-30": "45.48%", "2019-06-30": "48.90%", "2019-03-31": "48.30%", "2018-12-31": "53.82%", "2018-09-30": "50.37%", "2018-06-30": "53.79%", "2018-03-31": "51.90%", "2017-12-31": "51.29%", "2017-09-30": "42.29%", "2017-06-30": "42.17%", "2017-03-31": "42.04%", "2016-12-31": "32.59%", "2016-09-30": "31.14%", "2016-06-30": "26.37%", "2016-03-31": "22.86%", "2015-12-31": "23.43%", "2015-09-30": "21.78%", "2015-06-30": "23.28%", "2015-03-31": "25.47%", "2014-12-31": "27.03%", "2014-09-30": "24.95%", "2014-06-30": "23.65%", "2014-03-31": "23.86%", "2013-12-31": "23.76%", "2013-09-30": "24.33%", "2013-06-30": "21.61%", "2013-03-31": "18.92%", "2012-12-31": "14.24%", "2012-09-30": "7.03%", "2012-06-30": "7.77%", "2012-03-31": "6.52%", "2011-12-31": "11.44%", "2011-09-30": "14.31%", "2011-06-30": "15.69%", "2011-03-31": "13.92%", "2010-12-31": "14.76%", "2010-09-30": "19.09%", "2010-06-30": "17.93%", "2010-03-31": "20.18%", "2009-12-31": "18.93%", "2009-09-30": "8.90%", "2009-06-30": "7.84%", "2009-03-31": "13.24%", "2008-12-31": "16.88%", "2008-09-30": "69.01%", "2008-06-30": "inf%", "2008-03-31": "inf%", "2007-12-31": "-124.37%", "2007-09-30": "-97.48%", "2007-06-30": "-46.60%", "2007-03-31": "174.36%", "2006-12-31": "358.26%", "2006-09-30": "354.78%", "2006-06-30": "1185.71%"}, "return on tangible equity": {"2020-09-30": "23.54%", "2020-06-30": "24.85%", "2020-03-31": "28.90%", "2019-12-31": "33.32%", "2019-09-30": "41.30%", "2019-06-30": "43.48%", "2019-03-31": "43.68%", "2018-12-31": "51.26%", "2018-09-30": "28.69%", "2018-06-30": "30.26%", "2018-03-31": "23.72%", "2017-12-31": "21.44%", "2017-09-30": "32.68%", "2017-06-30": "31.71%", "2017-03-31": "34.30%", "2016-12-31": "21.63%", "2016-09-30": "18.03%", "2016-06-30": "12.55%", "2016-03-31": "9.90%", "2015-12-31": "9.94%", "2015-09-30": "12.09%", "2015-06-30": "16.71%", "2015-03-31": "20.09%", "2014-12-31": "22.66%", "2014-09-30": "20.84%", "2014-06-30": "19.41%", "2014-03-31": "19.08%", "2013-12-31": "18.40%", "2013-09-30": "20.52%", "2013-06-30": "17.68%", "2013-03-31": "14.57%", "2012-12-31": "11.30%", "2012-09-30": "3.57%", "2012-06-30": "2.43%", "2012-03-31": "0.00%", "2011-12-31": "2.93%", "2011-09-30": "4.95%", "2011-06-30": "6.57%", "2011-03-31": "6.90%", "2010-12-31": "5.22%", "2010-09-30": "4.27%", "2010-06-30": "3.35%", "2010-03-31": "0.44%", "2009-12-31": "-0.46%", "2009-09-30": "-3.91%", "2009-06-30": "-5.77%", "2009-03-31": "-1.72%", "2008-12-31": "-2.50%", "2008-09-30": "2.81%", "2008-06-30": "4.67%", "2008-03-31": "-33.76%", "2007-12-31": "-35.09%", "2007-09-30": "-42.68%", "2007-06-30": "-31.34%", "2007-03-31": "98.97%", "2006-12-31": "212.12%", "2006-09-30": "464.20%", "2006-06-30": "1142.86%"}, "dividend yield history": {"last payout": "$2.44", "last yield": "2.13%"}}