{"ticker": "EW", "price": {"title": "Edwards Lifesciences Historical Annual Stock Price Data", "value": 88.07, "historical": {"2020": {"Average Stock Price": "76.0899", "Year Open": "77.5000", "Year High": "91.2300", "Year Low": "52.4100", "Year Close": "91.2300", "Annual % Change": "17.32%"}, "2019": {"Average Stock Price": "66.6031", "Year Open": "49.7467", "Year High": "82.0867", "Year Low": "47.8867", "Year Close": "77.7633", "Annual % Change": "52.31%"}, "2018": {"Average Stock Price": "47.4304", "Year Open": "37.1933", "Year High": "58.0333", "Year Low": "37.1933", "Year Close": "51.0567", "Annual % Change": "35.90%"}, "2017": {"Average Stock Price": "35.6791", "Year Open": "31.8400", "Year High": "40.0500", "Year Low": "29.8300", "Year Close": "37.5700", "Annual % Change": "20.29%"}, "2016": {"Average Stock Price": "33.0329", "Year Open": "26.2800", "Year High": "40.4533", "Year Low": "24.8400", "Year Close": "31.2333", "Annual % Change": "18.64%"}, "2015": {"Average Stock Price": "23.7968", "Year Open": "21.2867", "Year High": "27.5200", "Year Low": "20.6433", "Year Close": "26.3267", "Annual % Change": "24.01%"}, "2014": {"Average Stock Price": "15.2930", "Year Open": "10.9867", "Year High": "22.2467", "Year Low": "10.6950", "Year Close": "21.2300", "Annual % Change": "93.70%"}, "2013": {"Average Stock Price": "12.3299", "Year Open": "15.3567", "Year High": "15.7600", "Year Low": "10.2400", "Year Close": "10.9600", "Annual % Change": "-27.07%"}, "2012": {"Average Stock Price": "14.6319", "Year Open": "12.0000", "Year High": "18.2917", "Year Low": "11.4050", "Year Close": "15.0283", "Annual % Change": "27.54%"}, "2011": {"Average Stock Price": "13.1879", "Year Open": "13.2083", "Year High": "15.2267", "Year Low": "10.4167", "Year Close": "11.7833", "Annual % Change": "-12.54%"}, "2010": {"Average Stock Price": "9.4683", "Year Open": "7.2892", "Year High": "14.1250", "Year Low": "7.1508", "Year Close": "13.4733", "Annual % Change": "86.16%"}, "2009": {"Average Stock Price": "5.5525", "Year Open": "4.6658", "Year High": "7.3150", "Year Low": "4.4267", "Year Close": "7.2375", "Annual % Change": "58.05%"}, "2008": {"Average Stock Price": "4.4329", "Year Open": "3.7667", "Year High": "5.5142", "Year Low": "3.5492", "Year Close": "4.5792", "Annual % Change": "19.48%"}, "2007": {"Average Stock Price": "4.1140", "Year Open": "3.9950", "Year High": "4.3967", "Year Low": "3.8300", "Year Close": "3.8325", "Annual % Change": "-2.23%"}, "2006": {"Average Stock Price": "3.7172", "Year Open": "3.4500", "Year High": "4.0258", "Year Low": "3.4458", "Year Close": "3.9200", "Annual % Change": "13.05%"}, "2005": {"Average Stock Price": "3.5776", "Year Open": "3.3958", "Year High": "3.8967", "Year Low": "3.2892", "Year Close": "3.4675", "Annual % Change": "0.85%"}, "2004": {"Average Stock Price": "2.8796", "Year Open": "2.4950", "Year High": "3.5217", "Year Low": "2.4675", "Year Close": "3.4383", "Annual % Change": "37.16%"}, "2003": {"Average Stock Price": "2.3694", "Year Open": "2.1317", "Year High": "2.7100", "Year Low": "2.0367", "Year Close": "2.5067", "Annual % Change": "18.10%"}, "2002": {"Average Stock Price": "2.1208", "Year Open": "2.2833", "Year High": "2.4608", "Year Low": "1.5475", "Year Close": "2.1225", "Annual % Change": "-7.82%"}, "2001": {"Average Stock Price": "1.9118", "Year Open": "1.4483", "Year High": "2.3967", "Year Low": "1.4067", "Year Close": "2.3025", "Annual % Change": "55.66%"}, "2000": {"Average Stock Price": "1.5646", "Year Open": "1.3750", "Year High": "2.1875", "Year Low": "1.0833", "Year Close": "1.4792", "Annual % Change": "0.00%"}}}, "market cap": {"value": "$53.47B"}, "income statement": {"Revenue": {"2020-12-31": "4386.30000", "2019-12-31": "4348.00000", "2018-12-31": "3722.80000", "2017-12-31": "3435.30000", "2016-12-31": "2963.70000", "2015-12-31": "2493.70000", "2014-12-31": "2322.90000", "2013-12-31": "2045.50000", "2012-12-31": "1899.60000", "2011-12-31": "1678.60000", "2010-12-31": "1447.00000", "2009-12-31": "1321.40000", "2008-12-31": "1237.70000", "2007-12-31": "1091.10000", "2006-12-31": "1037.00000", "2005-12-31": "997.90000"}, "Cost Of Goods Sold": {"2020-12-31": "1080.60000", "2019-12-31": "1114.40000", "2018-12-31": "939.40000", "2017-12-31": "875.30000", "2016-12-31": "797.40000", "2015-12-31": "617.20000", "2014-12-31": "625.60000", "2013-12-31": "516.60000", "2012-12-31": "491.00000", "2011-12-31": "489.80000", "2010-12-31": "408.30000", "2009-12-31": "399.10000", "2008-12-31": "419.60000", "2007-12-31": "378.20000", "2006-12-31": "373.60000", "2005-12-31": "374.60000"}, "Gross Profit": {"2020-12-31": "3305.70000", "2019-12-31": "3233.60000", "2018-12-31": "2783.40000", "2017-12-31": "2560.00000", "2016-12-31": "2166.30000", "2015-12-31": "1876.50000", "2014-12-31": "1697.30000", "2013-12-31": "1528.90000", "2012-12-31": "1408.60000", "2011-12-31": "1188.80000", "2010-12-31": "1038.70000", "2009-12-31": "922.30000", "2008-12-31": "818.10000", "2007-12-31": "712.90000", "2006-12-31": "663.40000", "2005-12-31": "623.30000"}, "Research And Development Expenses": {"2020-12-31": "760.70000", "2019-12-31": "752.70000", "2018-12-31": "622.20000", "2017-12-31": "552.60000", "2016-12-31": "442.20000", "2015-12-31": "382.90000", "2014-12-31": "346.50000", "2013-12-31": "323.00000", "2012-12-31": "291.30000", "2011-12-31": "246.30000", "2010-12-31": "204.40000", "2009-12-31": "175.50000", "2008-12-31": "139.20000", "2007-12-31": "122.30000", "2006-12-31": "114.20000", "2005-12-31": "99.00000"}, "SG&A Expenses": {"2020-12-31": "1228.40000", "2019-12-31": "1242.20000", "2018-12-31": "1088.50000", "2017-12-31": "990.80000", "2016-12-31": "904.70000", "2015-12-31": "850.70000", "2014-12-31": "858.00000", "2013-12-31": "733.40000", "2012-12-31": "697.40000", "2011-12-31": "642.40000", "2010-12-31": "550.00000", "2009-12-31": "508.80000", "2008-12-31": "480.60000", "2007-12-31": "418.00000", "2006-12-31": "376.00000", "2005-12-31": "348.70000"}, "Other Operating Income Or Expenses": {"2020-12-31": "-419.00000", "2019-12-31": "-91.90000", "2018-12-31": "-324.50000", "2017-12-31": "72.80000", "2016-12-31": "-35.60000", "2015-12-31": "-0.20000", "2014-12-31": "", "2013-12-31": "", "2012-12-31": "", "2011-12-31": "", "2010-12-31": "", "2009-12-31": "", "2008-12-31": "", "2007-12-31": "", "2006-12-31": "", "2005-12-31": ""}, "Operating Expenses": {"2020-12-31": "3488.70000", "2019-12-31": "3201.20000", "2018-12-31": "2974.60000", "2017-12-31": "2345.90000", "2016-12-31": "2179.90000", "2015-12-31": "1851.00000", "2014-12-31": "1830.10000", "2013-12-31": "1573.00000", "2012-12-31": "1479.70000", "2011-12-31": "1378.50000", "2010-12-31": "1162.70000", "2009-12-31": "1083.40000", "2008-12-31": "1039.40000", "2007-12-31": "918.50000", "2006-12-31": "863.80000", "2005-12-31": "823.50000"}, "Operating Income": {"2020-12-31": "897.59960", "2019-12-31": "1146.80000", "2018-12-31": "748.20000", "2017-12-31": "1089.40000", "2016-12-31": "783.79980", "2015-12-31": "642.70000", "2014-12-31": "492.79990", "2013-12-31": "472.50000", "2012-12-31": "419.90000", "2011-12-31": "300.10000", "2010-12-31": "284.30000", "2009-12-31": "238.00010", "2008-12-31": "198.29990", "2007-12-31": "172.60000", "2006-12-31": "173.20000", "2005-12-31": "174.40000"}, "Total Non-Operating Income/Expense": {"2020-12-31": "19.10000", "2019-12-31": "19.70000", "2018-12-31": "13.20000", "2017-12-31": "-54.50000", "2016-12-31": "-45.90000", "2015-12-31": "-20.30000", "2014-12-31": "651.20000", "2013-12-31": "38.70000", "2012-12-31": "-31.70000", "2011-12-31": "-16.50000", "2010-12-31": "-16.10000", "2009-12-31": "66.40000", "2008-12-31": "-33.90000", "2007-12-31": "-22.80000", "2006-12-31": "-0.90000", "2005-12-31": "-57.70000"}, "Pre-Tax Income": {"2020-12-31": "916.70000", "2019-12-31": "1166.50000", "2018-12-31": "761.40000", "2017-12-31": "1034.90000", "2016-12-31": "737.90000", "2015-12-31": "622.40000", "2014-12-31": "1144.00000", "2013-12-31": "511.20000", "2012-12-31": "388.20000", "2011-12-31": "283.60000", "2010-12-31": "268.20000", "2009-12-31": "304.40000", "2008-12-31": "164.40000", "2007-12-31": "149.80000", "2006-12-31": "172.30000", "2005-12-31": "116.70000"}, "Income Taxes": {"2020-12-31": "93.30000", "2019-12-31": "119.60000", "2018-12-31": "39.20000", "2017-12-31": "451.30000", "2016-12-31": "168.40000", "2015-12-31": "127.50000", "2014-12-31": "332.90000", "2013-12-31": "122.10000", "2012-12-31": "96.70000", "2011-12-31": "46.90000", "2010-12-31": "50.20000", "2009-12-31": "75.30000", "2008-12-31": "35.50000", "2007-12-31": "36.80000", "2006-12-31": "41.80000", "2005-12-31": "37.40000"}, "Income After Taxes": {"2020-12-31": "823.40000", "2019-12-31": "1046.90000", "2018-12-31": "722.20000", "2017-12-31": "583.60000", "2016-12-31": "569.50000", "2015-12-31": "494.90000", "2014-12-31": "811.10000", "2013-12-31": "389.10000", "2012-12-31": "291.50000", "2011-12-31": "236.70000", "2010-12-31": "218.00000", "2009-12-31": "229.10000", "2008-12-31": "128.90000", "2007-12-31": "113.00000", "2006-12-31": "130.50000", "2005-12-31": "79.30000"}, "Other Income": {"2020-12-31": "", "2019-12-31": "", "2018-12-31": "", "2017-12-31": "", "2016-12-31": "", "2015-12-31": "", "2014-12-31": "", "2013-12-31": "", "2012-12-31": "", "2011-12-31": "", "2010-12-31": "", "2009-12-31": "", "2008-12-31": "", "2007-12-31": "", "2006-12-31": "", "2005-12-31": ""}, "Income From Continuous Operations": {"2020-12-31": "823.40000", "2019-12-31": "1046.90000", "2018-12-31": "722.20000", "2017-12-31": "583.60000", "2016-12-31": "569.50000", "2015-12-31": "494.90000", "2014-12-31": "811.10000", "2013-12-31": "389.10000", "2012-12-31": "291.50000", "2011-12-31": "236.70000", "2010-12-31": "218.00000", "2009-12-31": "229.10000", "2008-12-31": "128.90000", "2007-12-31": "113.00000", "2006-12-31": "130.50000", "2005-12-31": "79.30000"}, "Income From Discontinued Operations": {"2020-12-31": "", "2019-12-31": "", "2018-12-31": "", "2017-12-31": "", "2016-12-31": "", "2015-12-31": "", "2014-12-31": "", "2013-12-31": "", "2012-12-31": "", "2011-12-31": "", "2010-12-31": "", "2009-12-31": "", "2008-12-31": "", "2007-12-31": "", "2006-12-31": "", "2005-12-31": ""}, "Net Income": {"2020-12-31": "823.40000", "2019-12-31": "1046.90000", "2018-12-31": "722.20000", "2017-12-31": "583.60000", "2016-12-31": "569.50000", "2015-12-31": "494.90000", "2014-12-31": "811.10000", "2013-12-31": "389.10000", "2012-12-31": "291.50000", "2011-12-31": "236.70000", "2010-12-31": "218.00000", "2009-12-31": "229.10000", "2008-12-31": "128.90000", "2007-12-31": "113.00000", "2006-12-31": "130.50000", "2005-12-31": "79.30000"}, "EBITDA": {"2020-12-31": "897.59960", "2019-12-31": "1236.10000", "2018-12-31": "825.60000", "2017-12-31": "1171.30000", "2016-12-31": "854.99980", "2015-12-31": "708.49990", "2014-12-31": "561.39990", "2013-12-31": "535.40000", "2012-12-31": "473.60000", "2011-12-31": "358.10000", "2010-12-31": "340.80000", "2009-12-31": "296.70010", "2008-12-31": "253.89990", "2007-12-31": "227.40000", "2006-12-31": "230.00000", "2005-12-31": "230.60000"}, "EBIT": {"2020-12-31": "897.59960", "2019-12-31": "1146.80000", "2018-12-31": "748.20000", "2017-12-31": "1089.40000", "2016-12-31": "783.79980", "2015-12-31": "642.70000", "2014-12-31": "492.79990", "2013-12-31": "472.50000", "2012-12-31": "419.90000", "2011-12-31": "300.10000", "2010-12-31": "284.30000", "2009-12-31": "238.00010", "2008-12-31": "198.29990", "2007-12-31": "172.60000", "2006-12-31": "173.20000", "2005-12-31": "174.40000"}, "Basic Shares Outstanding": {"2020-12-31": "622.60000", "2019-12-31": "624.90000", "2018-12-31": "627.60000", "2017-12-31": "632.70000", "2016-12-31": "639.00000", "2015-12-31": "646.50000", "2014-12-31": "639.00000", "2013-12-31": "670.20000", "2012-12-31": "689.40000", "2011-12-31": "687.60000", "2010-12-31": "682.20000", "2009-12-31": "675.00000", "2008-12-31": "670.20000", "2007-12-31": "687.60000", "2006-12-31": "702.00000", "2005-12-31": "715.20000"}, "Shares Outstanding": {"2020-12-31": "631.90000", "2019-12-31": "636.60000", "2018-12-31": "640.80000", "2017-12-31": "647.70000", "2016-12-31": "653.40000", "2015-12-31": "660.90000", "2014-12-31": "651.00000", "2013-12-31": "682.80000", "2012-12-31": "709.80000", "2011-12-31": "716.40000", "2010-12-31": "715.20000", "2009-12-31": "705.00000", "2008-12-31": "715.20000", "2007-12-31": "752.40000", "2006-12-31": "766.80000", "2005-12-31": "747.60000"}, "Basic EPS": {"2020-12-31": "1.32000", "2019-12-31": "1.67670", "2018-12-31": "1.15000", "2017-12-31": "0.92330", "2016-12-31": "0.89000", "2015-12-31": "0.76670", "2014-12-31": "1.27000", "2013-12-31": "0.58000", "2012-12-31": "0.42330", "2011-12-31": "0.34500", "2010-12-31": "0.32000", "2009-12-31": "0.34000", "2008-12-31": "0.19170", "2007-12-31": "0.16420", "2006-12-31": "0.18580", "2005-12-31": "0.11080"}, "EPS - Earnings Per Share": {"2020-12-31": "1.30000", "2019-12-31": "1.64330", "2018-12-31": "1.12670", "2017-12-31": "0.90000", "2016-12-31": "0.87000", "2015-12-31": "0.75000", "2014-12-31": "1.24670", "2013-12-31": "0.57000", "2012-12-31": "0.41000", "2011-12-31": "0.33000", "2010-12-31": "0.30500", "2009-12-31": "0.32500", "2008-12-31": "0.18330", "2007-12-31": "0.15580", "2006-12-31": "0.17500", "2005-12-31": "0.10580"}}, "income statement, quarterly": {"Revenue": {"2020-12-31": "1191.70000", "2020-09-30": "1140.90000", "2020-06-30": "925.00000", "2020-03-31": "1128.70000", "2019-12-31": "1174.10000", "2019-09-30": "1094.00000", "2019-06-30": "1086.90000", "2019-03-31": "993.00000", "2018-12-31": "977.70030", "2018-09-30": "906.60000", "2018-06-30": "943.70000", "2018-03-31": "894.80000", "2017-12-31": "888.50000", "2017-09-30": "821.50000", "2017-06-30": "841.80000", "2017-03-31": "883.50000", "2016-12-31": "767.69980", "2016-09-30": "739.40000", "2016-06-30": "759.30000", "2016-03-31": "697.30000", "2015-12-31": "671.09990", "2015-09-30": "615.50000", "2015-06-30": "616.80000", "2015-03-31": "590.30000", "2014-12-31": "617.99990", "2014-09-30": "607.40000", "2014-06-30": "575.10000", "2014-03-31": "522.40000", "2013-12-31": "535.99990", "2013-09-30": "495.60000", "2013-06-30": "517.20000", "2013-03-31": "496.70000", "2012-12-31": "510.49990", "2012-09-30": "447.90000", "2012-06-30": "482.00000", "2012-03-31": "459.20000", "2011-12-31": "430.19990", "2011-09-30": "412.70000", "2011-06-30": "431.20000", "2011-03-31": "404.50000", "2010-12-31": "392.40000", "2010-09-30": "348.90000", "2010-06-30": "365.20000", "2010-03-31": "340.50000", "2009-12-31": "346.70000", "2009-09-30": "325.70000", "2009-06-30": "335.50000", "2009-03-31": "313.50000", "2008-12-31": "309.70000", "2008-09-30": "303.60000", "2008-06-30": "327.60000", "2008-03-31": "296.80000", "2007-12-31": "293.00000", "2007-09-30": "261.40000", "2007-06-30": "272.60000", "2007-03-31": "264.10000", "2006-12-31": "265.60000", "2006-09-30": "247.40000", "2006-06-30": "267.30000", "2006-03-31": "256.70000", "2005-12-31": "249.70000", "2005-09-30": "240.90000", "2005-06-30": "258.20000", "2005-03-31": "249.10000"}, "Cost Of Goods Sold": {"2020-12-31": "296.30000", "2020-09-30": "281.00000", "2020-06-30": "238.20000", "2020-03-31": "265.10000", "2019-12-31": "286.20000", "2019-09-30": "292.40000", "2019-06-30": "304.00000", "2019-03-31": "231.80000", "2018-12-31": "234.70000", "2018-09-30": "224.90000", "2018-06-30": "246.20000", "2018-03-31": "233.60000", "2017-12-31": "235.30000", "2017-09-30": "213.30000", "2017-06-30": "211.10000", "2017-03-31": "215.60000", "2016-12-31": "213.20000", "2016-09-30": "201.40000", "2016-06-30": "202.50000", "2016-03-31": "180.30000", "2015-12-31": "175.90000", "2015-09-30": "146.70000", "2015-06-30": "158.60000", "2015-03-31": "136.00000", "2014-12-31": "160.40000", "2014-09-30": "168.10000", "2014-06-30": "151.20000", "2014-03-31": "145.90000", "2013-12-31": "143.80000", "2013-09-30": "128.20000", "2013-06-30": "123.60000", "2013-03-31": "121.00000", "2012-12-31": "122.20000", "2012-09-30": "111.70000", "2012-06-30": "129.80000", "2012-03-31": "127.30000", "2011-12-31": "119.60000", "2011-09-30": "125.60000", "2011-06-30": "127.80000", "2011-03-31": "116.80000", "2010-12-31": "113.50000", "2010-09-30": "95.80000", "2010-06-30": "100.40000", "2010-03-31": "98.60000", "2009-12-31": "101.70000", "2009-09-30": "98.50000", "2009-06-30": "101.90000", "2009-03-31": "97.00000", "2008-12-31": "98.80000", "2008-09-30": "104.90000", "2008-06-30": "113.00000", "2008-03-31": "102.90000", "2007-12-31": "99.60000", "2007-09-30": "90.70000", "2007-06-30": "94.70000", "2007-03-31": "93.20000", "2006-12-31": "97.40000", "2006-09-30": "87.40000", "2006-06-30": "95.70000", "2006-03-31": "93.10000", "2005-12-31": "89.60000", "2005-09-30": "90.90000", "2005-06-30": "97.90000", "2005-03-31": "96.20000"}, "Gross Profit": {"2020-12-31": "895.40000", "2020-09-30": "859.90000", "2020-06-30": "686.80000", "2020-03-31": "863.60000", "2019-12-31": "887.90010", "2019-09-30": "801.60000", "2019-06-30": "782.90000", "2019-03-31": "761.20000", "2018-12-31": "743.00020", "2018-09-30": "681.70000", "2018-06-30": "697.50000", "2018-03-31": "661.20000", "2017-12-31": "653.20000", "2017-09-30": "608.20000", "2017-06-30": "630.70000", "2017-03-31": "667.90000", "2016-12-31": "554.49980", "2016-09-30": "538.00000", "2016-06-30": "556.80000", "2016-03-31": "517.00000", "2015-12-31": "495.19990", "2015-09-30": "468.80000", "2015-06-30": "458.20000", "2015-03-31": "454.30000", "2014-12-31": "457.59990", "2014-09-30": "439.30000", "2014-06-30": "423.90000", "2014-03-31": "376.50000", "2013-12-31": "392.20000", "2013-09-30": "367.40000", "2013-06-30": "393.60000", "2013-03-31": "375.70000", "2012-12-31": "388.30000", "2012-09-30": "336.20000", "2012-06-30": "352.20000", "2012-03-31": "331.90000", "2011-12-31": "310.59990", "2011-09-30": "287.10000", "2011-06-30": "303.40000", "2011-03-31": "287.70000", "2010-12-31": "278.90000", "2010-09-30": "253.10000", "2010-06-30": "264.80000", "2010-03-31": "241.90000", "2009-12-31": "245.00000", "2009-09-30": "227.20000", "2009-06-30": "233.60000", "2009-03-31": "216.50000", "2008-12-31": "210.90000", "2008-09-30": "198.70000", "2008-06-30": "214.60000", "2008-03-31": "193.90000", "2007-12-31": "193.40000", "2007-09-30": "170.70000", "2007-06-30": "177.90000", "2007-03-31": "170.90000", "2006-12-31": "168.20000", "2006-09-30": "160.00000", "2006-06-30": "171.60000", "2006-03-31": "163.60000", "2005-12-31": "160.10000", "2005-09-30": "150.00000", "2005-06-30": "160.30000", "2005-03-31": "152.90000"}, "Research And Development Expenses": {"2020-12-31": "195.70000", "2020-09-30": "195.50000", "2020-06-30": "182.10000", "2020-03-31": "187.40000", "2019-12-31": "193.90000", "2019-09-30": "195.50000", "2019-06-30": "191.90000", "2019-03-31": "171.40000", "2018-12-31": "163.10000", "2018-09-30": "161.80000", "2018-06-30": "154.10000", "2018-03-31": "143.20000", "2017-12-31": "146.60000", "2017-09-30": "142.90000", "2017-06-30": "134.40000", "2017-03-31": "128.70000", "2016-12-31": "114.90000", "2016-09-30": "113.00000", "2016-06-30": "112.50000", "2016-03-31": "101.80000", "2015-12-31": "98.00000", "2015-09-30": "101.00000", "2015-06-30": "97.50000", "2015-03-31": "86.40000", "2014-12-31": "84.00000", "2014-09-30": "87.60000", "2014-06-30": "89.10000", "2014-03-31": "85.80000", "2013-12-31": "78.60000", "2013-09-30": "84.10000", "2013-06-30": "80.50000", "2013-03-31": "79.80000", "2012-12-31": "74.90000", "2012-09-30": "73.80000", "2012-06-30": "74.00000", "2012-03-31": "68.60000", "2011-12-31": "60.70000", "2011-09-30": "61.70000", "2011-06-30": "64.90000", "2011-03-31": "59.00000", "2010-12-31": "55.90000", "2010-09-30": "52.70000", "2010-06-30": "50.60000", "2010-03-31": "45.20000", "2009-12-31": "88.20000", "2009-09-30": "44.70000", "2009-06-30": "42.60000", "2009-03-31": "", "2008-12-31": "35.80000", "2008-09-30": "35.10000", "2008-06-30": "35.40000", "2008-03-31": "32.90000", "2007-12-31": "33.50000", "2007-09-30": "30.90000", "2007-06-30": "29.10000", "2007-03-31": "28.80000", "2006-12-31": "30.00000", "2006-09-30": "28.10000", "2006-06-30": "28.90000", "2006-03-31": "27.20000", "2005-12-31": "25.80000", "2005-09-30": "24.00000", "2005-06-30": "24.20000", "2005-03-31": "25.00000"}, "SG&A Expenses": {"2020-12-31": "338.50000", "2020-09-30": "307.20000", "2020-06-30": "274.90000", "2020-03-31": "307.80000", "2019-12-31": "347.20000", "2019-09-30": "306.20000", "2019-06-30": "308.50000", "2019-03-31": "280.30000", "2018-12-31": "288.10000", "2018-09-30": "269.50000", "2018-06-30": "274.90000", "2018-03-31": "256.00000", "2017-12-31": "272.80000", "2017-09-30": "244.60000", "2017-06-30": "243.80000", "2017-03-31": "229.60000", "2016-12-31": "233.60000", "2016-09-30": "229.60000", "2016-06-30": "228.80000", "2016-03-31": "212.70000", "2015-12-31": "222.30000", "2015-09-30": "212.00000", "2015-06-30": "213.90000", "2015-03-31": "202.50000", "2014-12-31": "223.10000", "2014-09-30": "222.20000", "2014-06-30": "215.50000", "2014-03-31": "197.20000", "2013-12-31": "186.60000", "2013-09-30": "177.80000", "2013-06-30": "186.60000", "2013-03-31": "182.40000", "2012-12-31": "170.00000", "2012-09-30": "167.80000", "2012-06-30": "182.40000", "2012-03-31": "177.20000", "2011-12-31": "163.40000", "2011-09-30": "165.50000", "2011-06-30": "163.20000", "2011-03-31": "150.30000", "2010-12-31": "142.40000", "2010-09-30": "133.00000", "2010-06-30": "140.60000", "2010-03-31": "134.00000", "2009-12-31": "132.30000", "2009-09-30": "126.10000", "2009-06-30": "128.50000", "2009-03-31": "121.90000", "2008-12-31": "120.20000", "2008-09-30": "119.30000", "2008-06-30": "126.50000", "2008-03-31": "114.60000", "2007-12-31": "114.50000", "2007-09-30": "103.20000", "2007-06-30": "101.70000", "2007-03-31": "98.60000", "2006-12-31": "95.10000", "2006-09-30": "91.70000", "2006-06-30": "97.00000", "2006-03-31": "92.20000", "2005-12-31": "87.10000", "2005-09-30": "85.90000", "2005-06-30": "90.10000", "2005-03-31": "85.60000"}, "Other Operating Income Or Expenses": {"2020-12-31": "-9.80000", "2020-09-30": "0.60000", "2020-06-30": "-399.50000", "2020-03-31": "-10.30000", "2019-12-31": "-36.00000", "2019-09-30": "-5.60000", "2019-06-30": "-15.00000", "2019-03-31": "-35.30000", "2018-12-31": "-297.10000", "2018-09-30": "-1.50000", "2018-06-30": "-16.40000", "2018-03-31": "-9.50000", "2017-12-31": "70.70000", "2017-09-30": "7.00000", "2017-06-30": "-3.80000", "2017-03-31": "-1.10000", "2016-12-31": "-34.50000", "2016-09-30": "-0.10000", "2016-06-30": "-0.40000", "2016-03-31": "-0.60000", "2015-12-31": "", "2015-09-30": "", "2015-06-30": "", "2015-03-31": "", "2014-12-31": "", "2014-09-30": "", "2014-06-30": "", "2014-03-31": "", "2013-12-31": "", "2013-09-30": "", "2013-06-30": "", "2013-03-31": "-1.20000", "2012-12-31": "", "2012-09-30": "", "2012-06-30": "", "2012-03-31": "", "2011-12-31": "", "2011-09-30": "", "2011-06-30": "", "2011-03-31": "", "2010-12-31": "", "2010-09-30": "", "2010-06-30": "", "2010-03-31": "", "2009-12-31": "", "2009-09-30": "0.20000", "2009-06-30": "", "2009-03-31": "-0.40000", "2008-12-31": "", "2008-09-30": "-1.10000", "2008-06-30": "-1.00000", "2008-03-31": "", "2007-12-31": "", "2007-09-30": "", "2007-06-30": "", "2007-03-31": "", "2006-12-31": "", "2006-09-30": "", "2006-06-30": "", "2006-03-31": "-0.70000", "2005-12-31": "", "2005-09-30": "", "2005-06-30": "", "2005-03-31": ""}, "Operating Expenses": {"2020-12-31": "840.30000", "2020-09-30": "783.10000", "2020-06-30": "1094.70000", "2020-03-31": "770.60000", "2019-12-31": "863.30000", "2019-09-30": "799.70000", "2019-06-30": "819.40000", "2019-03-31": "718.80000", "2018-12-31": "983.00020", "2018-09-30": "657.70000", "2018-06-30": "691.60000", "2018-03-31": "642.30000", "2017-12-31": "583.99990", "2017-09-30": "593.80000", "2017-06-30": "593.10000", "2017-03-31": "575.00000", "2016-12-31": "596.20010", "2016-09-30": "544.10000", "2016-06-30": "544.20000", "2016-03-31": "495.40000", "2015-12-31": "496.40010", "2015-09-30": "459.70000", "2015-06-30": "470.00000", "2015-03-31": "424.90000", "2014-12-31": "467.50000", "2014-09-30": "477.90000", "2014-06-30": "455.80000", "2014-03-31": "428.90000", "2013-12-31": "407.80000", "2013-09-30": "390.10000", "2013-06-30": "390.70000", "2013-03-31": "384.40000", "2012-12-31": "367.09990", "2012-09-30": "353.30000", "2012-06-30": "386.20000", "2012-03-31": "373.10000", "2011-12-31": "343.69990", "2011-09-30": "352.80000", "2011-06-30": "355.90000", "2011-03-31": "326.10000", "2010-12-31": "311.80000", "2010-09-30": "281.50000", "2010-06-30": "291.60000", "2010-03-31": "277.80000", "2009-12-31": "282.09990", "2009-09-30": "269.10000", "2009-06-30": "273.00000", "2009-03-31": "259.20000", "2008-12-31": "252.70000", "2008-09-30": "260.40000", "2008-06-30": "275.90000", "2008-03-31": "250.40000", "2007-12-31": "247.60000", "2007-09-30": "224.80000", "2007-06-30": "225.50000", "2007-03-31": "220.60000", "2006-12-31": "221.80000", "2006-09-30": "207.20000", "2006-06-30": "221.60000", "2006-03-31": "213.20000", "2005-12-31": "202.50000", "2005-09-30": "202.00000", "2005-06-30": "212.20000", "2005-03-31": "206.80000"}, "Operating Income": {"2020-12-31": "351.40000", "2020-09-30": "357.80000", "2020-06-30": "-169.70000", "2020-03-31": "358.10000", "2019-12-31": "310.80010", "2019-09-30": "294.30000", "2019-06-30": "267.50000", "2019-03-31": "274.20000", "2018-12-31": "-5.29990", "2018-09-30": "248.90000", "2018-06-30": "252.10000", "2018-03-31": "252.50000", "2017-12-31": "304.50010", "2017-09-30": "227.70000", "2017-06-30": "248.70000", "2017-03-31": "308.50000", "2016-12-31": "171.49970", "2016-09-30": "195.30000", "2016-06-30": "215.10000", "2016-03-31": "201.90000", "2015-12-31": "174.69990", "2015-09-30": "155.80000", "2015-06-30": "146.80000", "2015-03-31": "165.40000", "2014-12-31": "150.49990", "2014-09-30": "129.50000", "2014-06-30": "119.30000", "2014-03-31": "93.50000", "2013-12-31": "128.20000", "2013-09-30": "105.50000", "2013-06-30": "126.50000", "2013-03-31": "112.30000", "2012-12-31": "143.40000", "2012-09-30": "94.60000", "2012-06-30": "95.80000", "2012-03-31": "86.10000", "2011-12-31": "86.50000", "2011-09-30": "59.90000", "2011-06-30": "75.30000", "2011-03-31": "78.40000", "2010-12-31": "80.60000", "2010-09-30": "67.40000", "2010-06-30": "73.60000", "2010-03-31": "62.70000", "2009-12-31": "64.60010", "2009-09-30": "56.60000", "2009-06-30": "62.50000", "2009-03-31": "54.30000", "2008-12-31": "57.00000", "2008-09-30": "43.20000", "2008-06-30": "51.70000", "2008-03-31": "46.40000", "2007-12-31": "45.40000", "2007-09-30": "36.60000", "2007-06-30": "47.10000", "2007-03-31": "43.50000", "2006-12-31": "43.80000", "2006-09-30": "40.20000", "2006-06-30": "45.70000", "2006-03-31": "43.50000", "2005-12-31": "47.20000", "2005-09-30": "38.90000", "2005-06-30": "46.00000", "2005-03-31": "42.30000"}, "Total Non-Operating Income/Expense": {"2020-12-31": "4.70000", "2020-09-30": "6.50000", "2020-06-30": "1.50000", "2020-03-31": "6.40000", "2019-12-31": "4.70000", "2019-09-30": "7.40000", "2019-06-30": "3.80000", "2019-03-31": "3.80000", "2018-12-31": "3.50000", "2018-09-30": "-0.20000", "2018-06-30": "-1.10000", "2018-03-31": "11.00000", "2017-12-31": "19.40000", "2017-09-30": "-15.90000", "2017-06-30": "-43.10000", "2017-03-31": "-14.90000", "2016-12-31": "28.90000", "2016-09-30": "-10.10000", "2016-06-30": "-46.10000", "2016-03-31": "-18.60000", "2015-12-31": "-7.70000", "2015-09-30": "-5.10000", "2015-06-30": "-4.60000", "2015-03-31": "-2.90000", "2014-12-31": "-17.60000", "2014-09-30": "-8.90000", "2014-06-30": "693.90000", "2014-03-31": "-16.20000", "2013-12-31": "-27.90000", "2013-09-30": "-5.70000", "2013-06-30": "-6.00000", "2013-03-31": "78.30000", "2012-12-31": "-24.10000", "2012-09-30": "-1.20000", "2012-06-30": "-5.90000", "2012-03-31": "-0.50000", "2011-12-31": "-17.90000", "2011-09-30": "-2.30000", "2011-06-30": "-2.50000", "2011-03-31": "6.20000", "2010-12-31": "-10.50000", "2010-09-30": "-1.20000", "2010-06-30": "-7.20000", "2010-03-31": "2.80000", "2009-12-31": "-2.20000", "2009-09-30": "37.60000", "2009-06-30": "0.30000", "2009-03-31": "30.70000", "2008-12-31": "-23.00000", "2008-09-30": "0.40000", "2008-06-30": "0.40000", "2008-03-31": "-11.70000", "2007-12-31": "-25.80000", "2007-09-30": "2.20000", "2007-06-30": "-0.30000", "2007-03-31": "1.10000", "2006-12-31": "-20.10000", "2006-09-30": "-3.50000", "2006-06-30": "-0.20000", "2006-03-31": "22.90000", "2005-12-31": "-3.70000", "2005-09-30": "-23.60000", "2005-06-30": "-30.70000", "2005-03-31": "0.30000"}, "Pre-Tax Income": {"2020-12-31": "356.10000", "2020-09-30": "364.30000", "2020-06-30": "-168.20000", "2020-03-31": "364.50000", "2019-12-31": "315.50000", "2019-09-30": "301.70000", "2019-06-30": "271.30000", "2019-03-31": "278.00000", "2018-12-31": "-1.80000", "2018-09-30": "248.70000", "2018-06-30": "251.00000", "2018-03-31": "263.50000", "2017-12-31": "323.90000", "2017-09-30": "211.80000", "2017-06-30": "205.60000", "2017-03-31": "293.60000", "2016-12-31": "200.40000", "2016-09-30": "185.20000", "2016-06-30": "169.00000", "2016-03-31": "183.30000", "2015-12-31": "167.00000", "2015-09-30": "150.70000", "2015-06-30": "142.20000", "2015-03-31": "162.50000", "2014-12-31": "132.90000", "2014-09-30": "120.60000", "2014-06-30": "813.20000", "2014-03-31": "77.30000", "2013-12-31": "100.30000", "2013-09-30": "99.80000", "2013-06-30": "120.50000", "2013-03-31": "190.60000", "2012-12-31": "119.30000", "2012-09-30": "93.40000", "2012-06-30": "89.90000", "2012-03-31": "85.60000", "2011-12-31": "68.60000", "2011-09-30": "57.60000", "2011-06-30": "72.80000", "2011-03-31": "84.60000", "2010-12-31": "70.10000", "2010-09-30": "66.20000", "2010-06-30": "66.40000", "2010-03-31": "65.50000", "2009-12-31": "62.40000", "2009-09-30": "94.20000", "2009-06-30": "62.80000", "2009-03-31": "85.00000", "2008-12-31": "34.00000", "2008-09-30": "43.60000", "2008-06-30": "52.10000", "2008-03-31": "34.70000", "2007-12-31": "19.60000", "2007-09-30": "38.80000", "2007-06-30": "46.80000", "2007-03-31": "44.60000", "2006-12-31": "23.70000", "2006-09-30": "36.70000", "2006-06-30": "45.50000", "2006-03-31": "66.40000", "2005-12-31": "43.50000", "2005-09-30": "15.30000", "2005-06-30": "15.30000", "2005-03-31": "42.60000"}, "Income Taxes": {"2020-12-31": "46.60000", "2020-09-30": "39.10000", "2020-06-30": "-46.30000", "2020-03-31": "53.90000", "2019-12-31": "35.30000", "2019-09-30": "27.00000", "2019-06-30": "29.00000", "2019-03-31": "28.30000", "2018-12-31": "-8.80000", "2018-09-30": "22.80000", "2018-06-30": "-31.70000", "2018-03-31": "56.90000", "2017-12-31": "326.70000", "2017-09-30": "41.70000", "2017-06-30": "19.50000", "2017-03-31": "63.40000", "2016-12-31": "41.90000", "2016-09-30": "43.80000", "2016-06-30": "42.40000", "2016-03-31": "40.30000", "2015-12-31": "26.30000", "2015-09-30": "32.60000", "2015-06-30": "29.50000", "2015-03-31": "39.10000", "2014-12-31": "23.70000", "2014-09-30": "26.00000", "2014-06-30": "266.20000", "2014-03-31": "17.00000", "2013-12-31": "25.20000", "2013-09-30": "23.00000", "2013-06-30": "27.20000", "2013-03-31": "46.70000", "2012-12-31": "29.90000", "2012-09-30": "24.20000", "2012-06-30": "22.10000", "2012-03-31": "20.50000", "2011-12-31": "5.50000", "2011-09-30": "6.00000", "2011-06-30": "14.70000", "2011-03-31": "20.70000", "2010-12-31": "5.30000", "2010-09-30": "18.20000", "2010-06-30": "8.90000", "2010-03-31": "17.80000", "2009-12-31": "14.80000", "2009-09-30": "20.70000", "2009-06-30": "15.30000", "2009-03-31": "24.50000", "2008-12-31": "-4.10000", "2008-09-30": "10.70000", "2008-06-30": "12.40000", "2008-03-31": "16.50000", "2007-12-31": "3.80000", "2007-09-30": "9.70000", "2007-06-30": "11.90000", "2007-03-31": "11.40000", "2006-12-31": "3.00000", "2006-09-30": "8.90000", "2006-06-30": "9.40000", "2006-03-31": "20.50000", "2005-12-31": "4.90000", "2005-09-30": "19.70000", "2005-06-30": "1.40000", "2005-03-31": "11.40000"}, "Income After Taxes": {"2020-12-31": "309.50000", "2020-09-30": "325.20000", "2020-06-30": "-121.90000", "2020-03-31": "310.60000", "2019-12-31": "280.20000", "2019-09-30": "274.70000", "2019-06-30": "242.30000", "2019-03-31": "249.70000", "2018-12-31": "7.00000", "2018-09-30": "225.90000", "2018-06-30": "282.70000", "2018-03-31": "206.60000", "2017-12-31": "-2.80000", "2017-09-30": "170.10000", "2017-06-30": "186.10000", "2017-03-31": "230.20000", "2016-12-31": "158.50000", "2016-09-30": "141.40000", "2016-06-30": "126.60000", "2016-03-31": "143.00000", "2015-12-31": "140.70000", "2015-09-30": "118.10000", "2015-06-30": "112.70000", "2015-03-31": "123.40000", "2014-12-31": "109.20000", "2014-09-30": "94.60000", "2014-06-30": "547.00000", "2014-03-31": "60.30000", "2013-12-31": "75.10000", "2013-09-30": "76.80000", "2013-06-30": "93.30000", "2013-03-31": "143.90000", "2012-12-31": "89.40000", "2012-09-30": "69.20000", "2012-06-30": "67.80000", "2012-03-31": "65.10000", "2011-12-31": "63.10000", "2011-09-30": "51.60000", "2011-06-30": "58.10000", "2011-03-31": "63.90000", "2010-12-31": "64.80000", "2010-09-30": "48.00000", "2010-06-30": "57.50000", "2010-03-31": "47.70000", "2009-12-31": "47.60000", "2009-09-30": "73.50000", "2009-06-30": "47.50000", "2009-03-31": "60.50000", "2008-12-31": "38.10000", "2008-09-30": "32.90000", "2008-06-30": "39.70000", "2008-03-31": "18.20000", "2007-12-31": "15.80000", "2007-09-30": "29.10000", "2007-06-30": "34.90000", "2007-03-31": "33.20000", "2006-12-31": "20.70000", "2006-09-30": "27.80000", "2006-06-30": "36.10000", "2006-03-31": "45.90000", "2005-12-31": "38.60000", "2005-09-30": "-4.40000", "2005-06-30": "13.90000", "2005-03-31": "31.20000"}, "Other Income": {"2020-12-31": "", "2020-09-30": "", "2020-06-30": "", "2020-03-31": "", "2019-12-31": "", "2019-09-30": "", "2019-06-30": "", "2019-03-31": "", "2018-12-31": "", "2018-09-30": "", "2018-06-30": "", "2018-03-31": "", "2017-12-31": "", "2017-09-30": "", "2017-06-30": "", "2017-03-31": "", "2016-12-31": "", "2016-09-30": "", "2016-06-30": "", "2016-03-31": "", "2015-12-31": "", "2015-09-30": "", "2015-06-30": "", "2015-03-31": "", "2014-12-31": "", "2014-09-30": "", "2014-06-30": "", "2014-03-31": "", "2013-12-31": "", "2013-09-30": "", "2013-06-30": "", "2013-03-31": "", "2012-12-31": "", "2012-09-30": "", "2012-06-30": "", "2012-03-31": "", "2011-12-31": "", "2011-09-30": "", "2011-06-30": "", "2011-03-31": "", "2010-12-31": "", "2010-09-30": "", "2010-06-30": "", "2010-03-31": "", "2009-12-31": "", "2009-09-30": "", "2009-06-30": "", "2009-03-31": "", "2008-12-31": "", "2008-09-30": "", "2008-06-30": "", "2008-03-31": "", "2007-12-31": "", "2007-09-30": "", "2007-06-30": "", "2007-03-31": "", "2006-12-31": "", "2006-09-30": "", "2006-06-30": "", "2006-03-31": "", "2005-12-31": "", "2005-09-30": "", "2005-06-30": "", "2005-03-31": ""}, "Income From Continuous Operations": {"2020-12-31": "309.50000", "2020-09-30": "325.20000", "2020-06-30": "-121.90000", "2020-03-31": "310.60000", "2019-12-31": "280.20000", "2019-09-30": "274.70000", "2019-06-30": "242.30000", "2019-03-31": "249.70000", "2018-12-31": "7.00000", "2018-09-30": "225.90000", "2018-06-30": "282.70000", "2018-03-31": "206.60000", "2017-12-31": "-2.80000", "2017-09-30": "170.10000", "2017-06-30": "186.10000", "2017-03-31": "230.20000", "2016-12-31": "158.50000", "2016-09-30": "141.40000", "2016-06-30": "126.60000", "2016-03-31": "143.00000", "2015-12-31": "140.70000", "2015-09-30": "118.10000", "2015-06-30": "112.70000", "2015-03-31": "123.40000", "2014-12-31": "109.20000", "2014-09-30": "94.60000", "2014-06-30": "547.00000", "2014-03-31": "60.30000", "2013-12-31": "75.10000", "2013-09-30": "76.80000", "2013-06-30": "93.30000", "2013-03-31": "143.90000", "2012-12-31": "89.40000", "2012-09-30": "69.20000", "2012-06-30": "67.80000", "2012-03-31": "65.10000", "2011-12-31": "63.10000", "2011-09-30": "51.60000", "2011-06-30": "58.10000", "2011-03-31": "63.90000", "2010-12-31": "64.80000", "2010-09-30": "48.00000", "2010-06-30": "57.50000", "2010-03-31": "47.70000", "2009-12-31": "47.60000", "2009-09-30": "73.50000", "2009-06-30": "47.50000", "2009-03-31": "60.50000", "2008-12-31": "38.10000", "2008-09-30": "32.90000", "2008-06-30": "39.70000", "2008-03-31": "18.20000", "2007-12-31": "15.80000", "2007-09-30": "29.10000", "2007-06-30": "34.90000", "2007-03-31": "33.20000", "2006-12-31": "20.70000", "2006-09-30": "27.80000", "2006-06-30": "36.10000", "2006-03-31": "45.90000", "2005-12-31": "38.60000", "2005-09-30": "-4.40000", "2005-06-30": "13.90000", "2005-03-31": "31.20000"}, "Income From Discontinued Operations": {"2020-12-31": "", "2020-09-30": "", "2020-06-30": "", "2020-03-31": "", "2019-12-31": "", "2019-09-30": "", "2019-06-30": "", "2019-03-31": "", "2018-12-31": "", "2018-09-30": "", "2018-06-30": "", "2018-03-31": "", "2017-12-31": "", "2017-09-30": "", "2017-06-30": "", "2017-03-31": "", "2016-12-31": "", "2016-09-30": "", "2016-06-30": "", "2016-03-31": "", "2015-12-31": "", "2015-09-30": "", "2015-06-30": "", "2015-03-31": "", "2014-12-31": "", "2014-09-30": "", "2014-06-30": "", "2014-03-31": "", "2013-12-31": "", "2013-09-30": "", "2013-06-30": "", "2013-03-31": "", "2012-12-31": "", "2012-09-30": "", "2012-06-30": "", "2012-03-31": "", "2011-12-31": "", "2011-09-30": "", "2011-06-30": "", "2011-03-31": "", "2010-12-31": "", "2010-09-30": "", "2010-06-30": "", "2010-03-31": "", "2009-12-31": "", "2009-09-30": "", "2009-06-30": "", "2009-03-31": "", "2008-12-31": "", "2008-09-30": "", "2008-06-30": "", "2008-03-31": "", "2007-12-31": "", "2007-09-30": "", "2007-06-30": "", "2007-03-31": "", "2006-12-31": "", "2006-09-30": "", "2006-06-30": "", "2006-03-31": "", "2005-12-31": "", "2005-09-30": "", "2005-06-30": "", "2005-03-31": ""}, "Net Income": {"2020-12-31": "309.50000", "2020-09-30": "325.20000", "2020-06-30": "-121.90000", "2020-03-31": "310.60000", "2019-12-31": "280.20000", "2019-09-30": "274.70000", "2019-06-30": "242.30000", "2019-03-31": "249.70000", "2018-12-31": "7.00000", "2018-09-30": "225.90000", "2018-06-30": "282.70000", "2018-03-31": "206.60000", "2017-12-31": "-2.80000", "2017-09-30": "170.10000", "2017-06-30": "186.10000", "2017-03-31": "230.20000", "2016-12-31": "158.50000", "2016-09-30": "141.40000", "2016-06-30": "126.60000", "2016-03-31": "143.00000", "2015-12-31": "140.70000", "2015-09-30": "118.10000", "2015-06-30": "112.70000", "2015-03-31": "123.40000", "2014-12-31": "109.20000", "2014-09-30": "94.60000", "2014-06-30": "547.00000", "2014-03-31": "60.30000", "2013-12-31": "75.10000", "2013-09-30": "76.80000", "2013-06-30": "93.30000", "2013-03-31": "143.90000", "2012-12-31": "89.40000", "2012-09-30": "69.20000", "2012-06-30": "67.80000", "2012-03-31": "65.10000", "2011-12-31": "63.10000", "2011-09-30": "51.60000", "2011-06-30": "58.10000", "2011-03-31": "63.90000", "2010-12-31": "64.80000", "2010-09-30": "48.00000", "2010-06-30": "57.50000", "2010-03-31": "47.70000", "2009-12-31": "47.60000", "2009-09-30": "73.50000", "2009-06-30": "47.50000", "2009-03-31": "60.50000", "2008-12-31": "38.10000", "2008-09-30": "32.90000", "2008-06-30": "39.70000", "2008-03-31": "18.20000", "2007-12-31": "15.80000", "2007-09-30": "29.10000", "2007-06-30": "34.90000", "2007-03-31": "33.20000", "2006-12-31": "20.70000", "2006-09-30": "27.80000", "2006-06-30": "36.10000", "2006-03-31": "45.90000", "2005-12-31": "38.60000", "2005-09-30": "-4.40000", "2005-06-30": "13.90000", "2005-03-31": "31.20000"}, "EBITDA": {"2020-12-31": "", "2020-09-30": "383.40000", "2020-06-30": "-145.20000", "2020-03-31": "382.60000", "2019-12-31": "334.70010", "2019-09-30": "317.40010", "2019-06-30": "289.20000", "2019-03-31": "294.80000", "2018-12-31": "14.60010", "2018-09-30": "268.10000", "2018-06-30": "271.30000", "2018-03-31": "271.60000", "2017-12-31": "325.70010", "2017-09-30": "248.39990", "2017-06-30": "267.60000", "2017-03-31": "329.60000", "2016-12-31": "190.59970", "2016-09-30": "213.50000", "2016-06-30": "233.10000", "2016-03-31": "217.80000", "2015-12-31": "189.19990", "2015-09-30": "174.30000", "2015-06-30": "163.60000", "2015-03-31": "181.40000", "2014-12-31": "168.79990", "2014-09-30": "147.50000", "2014-06-30": "135.40000", "2014-03-31": "109.70000", "2013-12-31": "145.30000", "2013-09-30": "122.50000", "2013-06-30": "141.20000", "2013-03-31": "126.40000", "2012-12-31": "154.90000", "2012-09-30": "109.00000", "2012-06-30": "109.80000", "2012-03-31": "99.90000", "2011-12-31": "101.30000", "2011-09-30": "73.80000", "2011-06-30": "90.10000", "2011-03-31": "92.90000", "2010-12-31": "96.00000", "2010-09-30": "80.80000", "2010-06-30": "87.30000", "2010-03-31": "76.70000", "2009-12-31": "78.80010", "2009-09-30": "72.00000", "2009-06-30": "77.40000", "2009-03-31": "68.50000", "2008-12-31": "71.30000", "2008-09-30": "57.00000", "2008-06-30": "65.70000", "2008-03-31": "59.90000", "2007-12-31": "59.10000", "2007-09-30": "50.60000", "2007-06-30": "60.80000", "2007-03-31": "56.90000", "2006-12-31": "58.40000", "2006-09-30": "54.00000", "2006-06-30": "59.90000", "2006-03-31": "57.70000", "2005-12-31": "61.60000", "2005-09-30": "52.90000", "2005-06-30": "60.20000", "2005-03-31": "55.90000"}, "EBIT": {"2020-12-31": "351.40000", "2020-09-30": "357.80000", "2020-06-30": "-169.70000", "2020-03-31": "358.10000", "2019-12-31": "310.80000", "2019-09-30": "294.30000", "2019-06-30": "267.50000", "2019-03-31": "274.20000", "2018-12-31": "-5.30000", "2018-09-30": "248.90000", "2018-06-30": "252.10000", "2018-03-31": "252.50000", "2017-12-31": "304.50020", "2017-09-30": "227.70000", "2017-06-30": "248.70000", "2017-03-31": "308.50000", "2016-12-31": "171.49980", "2016-09-30": "195.30000", "2016-06-30": "215.10000", "2016-03-31": "201.90000", "2015-12-31": "174.70000", "2015-09-30": "155.80000", "2015-06-30": "146.80000", "2015-03-31": "165.40000", "2014-12-31": "150.49990", "2014-09-30": "129.50000", "2014-06-30": "119.30000", "2014-03-31": "93.50000", "2013-12-31": "128.20000", "2013-09-30": "105.50000", "2013-06-30": "126.50000", "2013-03-31": "112.30000", "2012-12-31": "143.40000", "2012-09-30": "94.60000", "2012-06-30": "95.80000", "2012-03-31": "86.10000", "2011-12-31": "86.50000", "2011-09-30": "59.90000", "2011-06-30": "75.30000", "2011-03-31": "78.40000", "2010-12-31": "80.60000", "2010-09-30": "67.40000", "2010-06-30": "73.60000", "2010-03-31": "62.70000", "2009-12-31": "64.60010", "2009-09-30": "56.60000", "2009-06-30": "62.50000", "2009-03-31": "54.30000", "2008-12-31": "56.99990", "2008-09-30": "43.20000", "2008-06-30": "51.70000", "2008-03-31": "46.40000", "2007-12-31": "45.40000", "2007-09-30": "36.60000", "2007-06-30": "47.10000", "2007-03-31": "43.50000", "2006-12-31": "43.80000", "2006-09-30": "40.20000", "2006-06-30": "45.70000", "2006-03-31": "43.50000", "2005-12-31": "47.20000", "2005-09-30": "38.90000", "2005-06-30": "46.00000", "2005-03-31": "42.30000"}, "Basic Shares Outstanding": {"2020-12-31": "623.50000", "2020-09-30": "622.10000", "2020-06-30": "620.30000", "2020-03-31": "624.60000", "2019-12-31": "624.90000", "2019-09-30": "624.60000", "2019-06-30": "624.40000", "2019-03-31": "623.70000", "2018-12-31": "627.60000", "2018-09-30": "627.00000", "2018-06-30": "628.50000", "2018-03-31": "630.60000", "2017-12-31": "632.70000", "2017-09-30": "633.90000", "2017-06-30": "631.50000", "2017-03-31": "633.60000", "2016-12-31": "639.00000", "2016-09-30": "639.60000", "2016-06-30": "636.60000", "2016-03-31": "639.30000", "2015-12-31": "646.50000", "2015-09-30": "645.60000", "2015-06-30": "645.90000", "2015-03-31": "646.50000", "2014-12-31": "639.00000", "2014-09-30": "638.40000", "2014-06-30": "633.60000", "2014-03-31": "640.20000", "2013-12-31": "670.20000", "2013-09-30": "666.00000", "2013-06-30": "675.60000", "2013-03-31": "683.40000", "2012-12-31": "689.40000", "2012-09-30": "694.20000", "2012-06-30": "689.40000", "2012-03-31": "684.00000", "2011-12-31": "687.60000", "2011-09-30": "687.60000", "2011-06-30": "688.80000", "2011-03-31": "689.40000", "2010-12-31": "682.20000", "2010-09-30": "681.60000", "2010-06-30": "680.40000", "2010-03-31": "679.20000", "2009-12-31": "675.00000", "2009-09-30": "676.20000", "2009-06-30": "674.40000", "2009-03-31": "672.00000", "2008-12-31": "670.20000", "2008-09-30": "672.00000", "2008-06-30": "664.80000", "2008-03-31": "673.20000", "2007-12-31": "687.60000", "2007-09-30": "685.20000", "2007-06-30": "690.00000", "2007-03-31": "694.80000", "2006-12-31": "702.00000", "2006-09-30": "698.40000", "2006-06-30": "705.60000", "2006-03-31": "711.60000", "2005-12-31": "715.20000", "2005-09-30": "717.60000", "2005-06-30": "715.20000", "2005-03-31": "714.00000"}, "Shares Outstanding": {"2020-12-31": "632.00000", "2020-09-30": "631.00000", "2020-06-30": "620.30000", "2020-03-31": "635.10000", "2019-12-31": "636.60000", "2019-09-30": "636.30000", "2019-06-30": "636.20000", "2019-03-31": "636.60000", "2018-12-31": "640.80000", "2018-09-30": "639.60000", "2018-06-30": "642.00000", "2018-03-31": "645.30000", "2017-12-31": "647.70000", "2017-09-30": "648.60000", "2017-06-30": "647.10000", "2017-03-31": "649.20000", "2016-12-31": "653.40000", "2016-09-30": "654.30000", "2016-06-30": "651.90000", "2016-03-31": "653.40000", "2015-12-31": "660.90000", "2015-09-30": "659.70000", "2015-06-30": "659.70000", "2015-03-31": "661.80000", "2014-12-31": "651.00000", "2014-09-30": "650.40000", "2014-06-30": "644.40000", "2014-03-31": "651.00000", "2013-12-31": "682.80000", "2013-09-30": "677.40000", "2013-06-30": "688.20000", "2013-03-31": "699.00000", "2012-12-31": "709.80000", "2012-09-30": "714.00000", "2012-06-30": "710.40000", "2012-03-31": "708.00000", "2011-12-31": "716.40000", "2011-09-30": "714.00000", "2011-06-30": "720.00000", "2011-03-31": "723.00000", "2010-12-31": "715.20000", "2010-09-30": "713.40000", "2010-06-30": "712.80000", "2010-03-31": "714.00000", "2009-12-31": "705.00000", "2009-09-30": "705.00000", "2009-06-30": "702.00000", "2009-03-31": "702.00000", "2008-12-31": "715.20000", "2008-09-30": "708.00000", "2008-06-30": "722.40000", "2008-03-31": "702.00000", "2007-12-31": "752.40000", "2007-09-30": "748.80000", "2007-06-30": "756.00000", "2007-03-31": "762.00000", "2006-12-31": "766.80000", "2006-09-30": "763.20000", "2006-06-30": "770.40000", "2006-03-31": "775.20000", "2005-12-31": "747.60000", "2005-09-30": "717.60000", "2005-06-30": "748.80000", "2005-03-31": "778.80000"}, "Basic EPS": {"2020-12-31": "0.50000", "2020-09-30": "0.52000", "2020-06-30": "-0.20000", "2020-03-31": "0.49670", "2019-12-31": "0.44670", "2019-09-30": "0.44000", "2019-06-30": "0.39000", "2019-03-31": "0.40000", "2018-12-31": "0.01330", "2018-09-30": "0.36000", "2018-06-30": "0.45000", "2018-03-31": "0.32670", "2017-12-31": "-0.00330", "2017-09-30": "0.27000", "2017-06-30": "0.29330", "2017-03-31": "0.36330", "2016-12-31": "0.24670", "2016-09-30": "0.22000", "2016-06-30": "0.20000", "2016-03-31": "0.22330", "2015-12-31": "0.22000", "2015-09-30": "0.18330", "2015-06-30": "0.17330", "2015-03-31": "0.19000", "2014-12-31": "0.16330", "2014-09-30": "0.14830", "2014-06-30": "0.86330", "2014-03-31": "0.09500", "2013-12-31": "0.11670", "2013-09-30": "0.11500", "2013-06-30": "0.13830", "2013-03-31": "0.21000", "2012-12-31": "0.13000", "2012-09-30": "0.10000", "2012-06-30": "0.09830", "2012-03-31": "0.09500", "2011-12-31": "0.09170", "2011-09-30": "0.07500", "2011-06-30": "0.08500", "2011-03-31": "0.09330", "2010-12-31": "0.09500", "2010-09-30": "0.07000", "2010-06-30": "0.08500", "2010-03-31": "0.07000", "2009-12-31": "0.07170", "2009-09-30": "0.10830", "2009-06-30": "0.07000", "2009-03-31": "0.09000", "2008-12-31": "0.05580", "2008-09-30": "0.04920", "2008-06-30": "0.06000", "2008-03-31": "0.02670", "2007-12-31": "0.02330", "2007-09-30": "0.04250", "2007-06-30": "0.05080", "2007-03-31": "0.04750", "2006-12-31": "0.03080", "2006-09-30": "0.04000", "2006-06-30": "0.05080", "2006-03-31": "0.06420", "2005-12-31": "0.05420", "2005-09-30": "-0.00580", "2005-06-30": "0.01920", "2005-03-31": "0.04330"}, "EPS - Earnings Per Share": {"2020-12-31": "0.49000", "2020-09-30": "0.52000", "2020-06-30": "-0.20000", "2020-03-31": "0.49000", "2019-12-31": "0.44000", "2019-09-30": "0.43000", "2019-06-30": "0.38000", "2019-03-31": "0.39330", "2018-12-31": "0.01330", "2018-09-30": "0.35330", "2018-06-30": "0.44000", "2018-03-31": "0.32000", "2017-12-31": "-0.00330", "2017-09-30": "0.26330", "2017-06-30": "0.28670", "2017-03-31": "0.35330", "2016-12-31": "0.24000", "2016-09-30": "0.21670", "2016-06-30": "0.19330", "2016-03-31": "0.22000", "2015-12-31": "0.21330", "2015-09-30": "0.18000", "2015-06-30": "0.17000", "2015-03-31": "0.18670", "2014-12-31": "0.16000", "2014-09-30": "0.14500", "2014-06-30": "0.84830", "2014-03-31": "0.09330", "2013-12-31": "0.11500", "2013-09-30": "0.11330", "2013-06-30": "0.13500", "2013-03-31": "0.20670", "2012-12-31": "0.12670", "2012-09-30": "0.09670", "2012-06-30": "0.09500", "2012-03-31": "0.09170", "2011-12-31": "0.09000", "2011-09-30": "0.07170", "2011-06-30": "0.08000", "2011-03-31": "0.08830", "2010-12-31": "0.09170", "2010-09-30": "0.06670", "2010-06-30": "0.08000", "2010-03-31": "0.06670", "2009-12-31": "0.06580", "2009-09-30": "0.10500", "2009-06-30": "0.06830", "2009-03-31": "0.08580", "2008-12-31": "0.05500", "2008-09-30": "0.04670", "2008-06-30": "0.05580", "2008-03-31": "0.02580", "2007-12-31": "0.02330", "2007-09-30": "0.04000", "2007-06-30": "0.04750", "2007-03-31": "0.04500", "2006-12-31": "0.02830", "2006-09-30": "0.03750", "2006-06-30": "0.04830", "2006-03-31": "0.06080", "2005-12-31": "0.05170", "2005-09-30": "-0.00580", "2005-06-30": "0.01830", "2005-03-31": "0.04170"}}, "balance sheet": {"Cash On Hand": {"2020-12-31": "1402.60000", "2019-12-31": "1516.90000", "2018-12-31": "956.50000", "2017-12-31": "1337.50000", "2016-12-31": "1271.10000", "2015-12-31": "1224.70000", "2014-12-31": "1438.80000", "2013-12-31": "936.90000", "2012-12-31": "521.40000", "2011-12-31": "450.50000", "2010-12-31": "396.10000", "2009-12-31": "334.10000", "2008-12-31": "226.80000", "2007-12-31": "191.20000", "2006-12-31": "182.80000", "2005-12-31": "178.60000"}, "Receivables": {"2020-12-31": "602.80000", "2019-12-31": "599.10000", "2018-12-31": "537.30000", "2017-12-31": "479.30000", "2016-12-31": "414.60000", "2015-12-31": "371.80000", "2014-12-31": "325.00000", "2013-12-31": "328.00000", "2012-12-31": "347.50000", "2011-12-31": "320.70000", "2010-12-31": "302.50000", "2009-12-31": "272.10000", "2008-12-31": "204.70000", "2007-12-31": "145.30000", "2006-12-31": "127.10000", "2005-12-31": "118.50000"}, "Inventory": {"2020-12-31": "802.30000", "2019-12-31": "640.90000", "2018-12-31": "607.00000", "2017-12-31": "554.90000", "2016-12-31": "396.60000", "2015-12-31": "339.90000", "2014-12-31": "296.80000", "2013-12-31": "308.90000", "2012-12-31": "281.00000", "2011-12-31": "261.30000", "2010-12-31": "203.60000", "2009-12-31": "165.90000", "2008-12-31": "151.80000", "2007-12-31": "152.60000", "2006-12-31": "142.10000", "2005-12-31": "131.50000"}, "Pre-Paid Expenses": {"2020-12-31": "75.10000", "2019-12-31": "59.10000", "2018-12-31": "54.30000", "2017-12-31": "60.60000", "2016-12-31": "45.90000", "2015-12-31": "45.10000", "2014-12-31": "48.80000", "2013-12-31": "46.80000", "2012-12-31": "41.60000", "2011-12-31": "35.00000", "2010-12-31": "35.40000", "2009-12-31": "33.70000", "2008-12-31": "30.70000", "2007-12-31": "25.40000", "2006-12-31": "25.70000", "2005-12-31": "58.00000"}, "Other Current Assets": {"2020-12-31": "208.20000", "2019-12-31": "168.00000", "2018-12-31": "131.80000", "2017-12-31": "116.90000", "2016-12-31": "111.80000", "2015-12-31": "66.40000", "2014-12-31": "121.70000", "2013-12-31": "71.80000", "2012-12-31": "57.00000", "2011-12-31": "57.10000", "2010-12-31": "62.70000", "2009-12-31": "35.10000", "2008-12-31": "35.50000", "2007-12-31": "41.70000", "2006-12-31": "32.10000", "2005-12-31": ""}, "Total Current Assets": {"2020-12-31": "3091.00000", "2019-12-31": "2984.00000", "2018-12-31": "2286.90000", "2017-12-31": "2549.20000", "2016-12-31": "2240.00000", "2015-12-31": "2047.90000", "2014-12-31": "2231.10000", "2013-12-31": "1725.80000", "2012-12-31": "1291.90000", "2011-12-31": "1168.50000", "2010-12-31": "1032.60000", "2009-12-31": "889.20000", "2008-12-31": "691.90000", "2007-12-31": "586.40000", "2006-12-31": "531.60000", "2005-12-31": "514.20000"}, "Property, Plant, And Equipment": {"2020-12-31": "1395.20000", "2019-12-31": "1060.30000", "2018-12-31": "867.50000", "2017-12-31": "679.70000", "2016-12-31": "580.00000", "2015-12-31": "482.50000", "2014-12-31": "442.90000", "2013-12-31": "421.60000", "2012-12-31": "373.30000", "2011-12-31": "304.30000", "2010-12-31": "269.80000", "2009-12-31": "252.00000", "2008-12-31": "230.10000", "2007-12-31": "228.20000", "2006-12-31": "213.00000", "2005-12-31": "201.90000"}, "Long-Term Investments": {"2020-12-31": "801.60000", "2019-12-31": "", "2018-12-31": "", "2017-12-31": "567.00000", "2016-12-31": "532.10000", "2015-12-31": "379.90000", "2014-12-31": "240.90000", "2013-12-31": "21.90000", "2012-12-31": "21.10000", "2011-12-31": "21.80000", "2010-12-31": "25.00000", "2009-12-31": "22.30000", "2008-12-31": "14.70000", "2007-12-31": "34.30000", "2006-12-31": "20.20000", "2005-12-31": "10.70000"}, "Goodwill And Intangible Assets": {"2020-12-31": "1504.60000", "2019-12-31": "1504.20000", "2018-12-31": "1455.40000", "2017-12-31": "1594.50000", "2016-12-31": "830.90000", "2015-12-31": "833.70000", "2014-12-31": "399.40000", "2013-12-31": "418.90000", "2012-12-31": "451.70000", "2011-12-31": "416.70000", "2010-12-31": "382.30000", "2009-12-31": "401.90000", "2008-12-31": "412.60000", "2007-12-31": "472.80000", "2006-12-31": "453.80000", "2005-12-31": "475.40000"}, "Other Long-Term Assets": {"2020-12-31": "119.60000", "2019-12-31": "101.80000", "2018-12-31": "33.60000", "2017-12-31": "108.90000", "2016-12-31": "123.20000", "2015-12-31": "131.80000", "2014-12-31": "49.20000", "2013-12-31": "35.40000", "2012-12-31": "26.30000", "2011-12-31": "24.60000", "2010-12-31": "13.00000", "2009-12-31": "13.00000", "2008-12-31": "13.20000", "2007-12-31": "14.30000", "2006-12-31": "13.70000", "2005-12-31": "15.40000"}, "Total Long-Term Assets": {"2020-12-31": "4146.10000", "2019-12-31": "3504.10000", "2018-12-31": "3036.80000", "2017-12-31": "3117.20000", "2016-12-31": "2270.00000", "2015-12-31": "2008.40000", "2014-12-31": "1291.90000", "2013-12-31": "984.10000", "2012-12-31": "929.60000", "2011-12-31": "811.99990", "2010-12-31": "734.60000", "2009-12-31": "726.30000", "2008-12-31": "708.30000", "2007-12-31": "763.40000", "2006-12-31": "715.20000", "2005-12-31": "714.90000"}, "Total Assets": {"2020-12-31": "7237.10000", "2019-12-31": "6488.10000", "2018-12-31": "5323.70000", "2017-12-31": "5666.40000", "2016-12-31": "4510.00000", "2015-12-31": "4056.30000", "2014-12-31": "3523.00000", "2013-12-31": "2709.90000", "2012-12-31": "2221.50000", "2011-12-31": "1980.50000", "2010-12-31": "1767.20000", "2009-12-31": "1615.50000", "2008-12-31": "1400.20000", "2007-12-31": "1349.80000", "2006-12-31": "1246.80000", "2005-12-31": "1229.10000"}, "Total Current Liabilities": {"2020-12-31": "893.90000", "2019-12-31": "902.40000", "2018-12-31": "876.60000", "2017-12-31": "1420.00000", "2016-12-31": "532.50000", "2015-12-31": "476.20000", "2014-12-31": "426.10000", "2013-12-31": "345.60000", "2012-12-31": "347.40000", "2011-12-31": "335.20000", "2010-12-31": "337.80000", "2009-12-31": "290.50000", "2008-12-31": "258.50000", "2007-12-31": "380.10000", "2006-12-31": "226.20000", "2005-12-31": "194.20000"}, "Long Term Debt": {"2020-12-31": "595.00000", "2019-12-31": "594.40000", "2018-12-31": "593.80000", "2017-12-31": "438.40000", "2016-12-31": "822.30000", "2015-12-31": "596.90000", "2014-12-31": "598.10000", "2013-12-31": "593.10000", "2012-12-31": "189.30000", "2011-12-31": "150.40000", "2010-12-31": "", "2009-12-31": "90.30000", "2008-12-31": "175.50000", "2007-12-31": "61.70000", "2006-12-31": "235.90000", "2005-12-31": "316.10000"}, "Other Non-Current Liabilities": {"2020-12-31": "1101.20000", "2019-12-31": "784.10000", "2018-12-31": "712.90000", "2017-12-31": "851.80000", "2016-12-31": "536.20000", "2015-12-31": "480.10000", "2014-12-31": "307.40000", "2013-12-31": "226.80000", "2012-12-31": "205.50000", "2011-12-31": "157.00000", "2010-12-31": "121.20000", "2009-12-31": "76.80000", "2008-12-31": "87.40000", "2007-12-31": "73.00000", "2006-12-31": "35.30000", "2005-12-31": "28.80000"}, "Total Long Term Liabilities": {"2020-12-31": "1768.90000", "2019-12-31": "1437.40000", "2018-12-31": "1306.70000", "2017-12-31": "1290.20000", "2016-12-31": "1358.50000", "2015-12-31": "1077.00000", "2014-12-31": "905.50000", "2013-12-31": "819.90000", "2012-12-31": "394.80000", "2011-12-31": "307.40000", "2010-12-31": "121.20000", "2009-12-31": "167.10000", "2008-12-31": "262.90000", "2007-12-31": "134.70000", "2006-12-31": "271.20000", "2005-12-31": "344.90000"}, "Total Liabilities": {"2020-12-31": "2662.80000", "2019-12-31": "2339.80000", "2018-12-31": "2183.30000", "2017-12-31": "2710.20000", "2016-12-31": "1891.00000", "2015-12-31": "1553.20000", "2014-12-31": "1331.60000", "2013-12-31": "1165.50000", "2012-12-31": "742.20000", "2011-12-31": "642.60000", "2010-12-31": "459.00000", "2009-12-31": "457.60000", "2008-12-31": "521.40000", "2007-12-31": "514.80000", "2006-12-31": "497.40000", "2005-12-31": "539.10000"}, "Common Stock Net": {"2020-12-31": "636.40000", "2019-12-31": "218.10000", "2018-12-31": "215.20000", "2017-12-31": "212.00000", "2016-12-31": "242.60000", "2015-12-31": "239.10000", "2014-12-31": "128.90000", "2013-12-31": "126.00000", "2012-12-31": "124.20000", "2011-12-31": "120.00000", "2010-12-31": "117.00000", "2009-12-31": "76.10000", "2008-12-31": "73.70000", "2007-12-31": "68.60000", "2006-12-31": "67.00000", "2005-12-31": "65.60000"}, "Retained Earnings (Accumulated Deficit)": {"2020-12-31": "4565.00000", "2019-12-31": "3741.60000", "2018-12-31": "2694.70000", "2017-12-31": "1962.10000", "2016-12-31": "3906.30000", "2015-12-31": "3336.80000", "2014-12-31": "2841.90000", "2013-12-31": "2030.80000", "2012-12-31": "1653.90000", "2011-12-31": "1360.70000", "2010-12-31": "1124.00000", "2009-12-31": "906.00000", "2008-12-31": "676.90000", "2007-12-31": "548.60000", "2006-12-31": "433.90000", "2005-12-31": "303.40000"}, "Comprehensive Income": {"2020-12-31": "-161.10000", "2019-12-31": "-156.00000", "2018-12-31": "-138.50000", "2017-12-31": "-132.70000", "2016-12-31": "-198.40000", "2015-12-31": "-182.60000", "2014-12-31": "-100.90000", "2013-12-31": "-27.60000", "2012-12-31": "-37.90000", "2011-12-31": "-37.50000", "2010-12-31": "-42.10000", "2009-12-31": "-7.90000", "2008-12-31": "-35.40000", "2007-12-31": "7.50000", "2006-12-31": "-15.80000", "2005-12-31": "-22.20000"}, "Other Share Holders Equity": {"2020-12-31": "", "2019-12-31": "", "2018-12-31": "", "2017-12-31": "", "2016-12-31": "", "2015-12-31": "", "2014-12-31": "", "2013-12-31": "", "2012-12-31": "", "2011-12-31": "", "2010-12-31": "", "2009-12-31": "", "2008-12-31": "", "2007-12-31": "", "2006-12-31": "", "2005-12-31": ""}, "Share Holder Equity": {"2020-12-31": "4574.30000", "2019-12-31": "4148.30000", "2018-12-31": "3140.40000", "2017-12-31": "2956.20000", "2016-12-31": "2619.00000", "2015-12-31": "2503.10000", "2014-12-31": "2191.40000", "2013-12-31": "1544.40000", "2012-12-31": "1479.30000", "2011-12-31": "1337.90000", "2010-12-31": "1308.20000", "2009-12-31": "1157.90000", "2008-12-31": "878.80000", "2007-12-31": "835.00000", "2006-12-31": "749.40000", "2005-12-31": "690.00000"}, "Total Liabilities And Share Holders Equity": {"2020-12-31": "7237.10000", "2019-12-31": "6488.10000", "2018-12-31": "5323.70000", "2017-12-31": "5666.40000", "2016-12-31": "4510.00000", "2015-12-31": "4056.30000", "2014-12-31": "3523.00000", "2013-12-31": "2709.90000", "2012-12-31": "2221.50000", "2011-12-31": "1980.50000", "2010-12-31": "1767.20000", "2009-12-31": "1615.50000", "2008-12-31": "1400.20000", "2007-12-31": "1349.80000", "2006-12-31": "1246.80000", "2005-12-31": "1229.10000"}}, "balance sheet, quarterly": {"Cash On Hand": {"2020-12-31": "1402.60000", "2020-09-30": "1295.30000", "2020-06-30": "1163.80000", "2020-03-31": "1031.10000", "2019-12-31": "1516.90000", "2019-09-30": "1356.90000", "2019-06-30": "934.30000", "2019-03-31": "963.00000", "2018-12-31": "956.50000", "2018-09-30": "1595.70000", "2018-06-30": "1400.80000", "2018-03-31": "1499.30000", "2017-12-31": "1337.50000", "2017-09-30": "1402.80000", "2017-06-30": "1131.80000", "2017-03-31": "918.20000", "2016-12-31": "1271.10000", "2016-09-30": "1200.30000", "2016-06-30": "1060.20000", "2016-03-31": "951.80000", "2015-12-31": "1224.70000", "2015-09-30": "1250.50000", "2015-06-30": "1409.00000", "2015-03-31": "1370.80000", "2014-12-31": "1438.80000", "2014-09-30": "1515.10000", "2014-06-30": "1484.10000", "2014-03-31": "831.60000", "2013-12-31": "936.90000", "2013-09-30": "757.60000", "2013-06-30": "575.00000", "2013-03-31": "557.90000", "2012-12-31": "521.40000", "2012-09-30": "622.50000", "2012-06-30": "506.00000", "2012-03-31": "409.50000", "2011-12-31": "450.50000", "2011-09-30": "451.10000", "2011-06-30": "468.20000", "2011-03-31": "433.80000", "2010-12-31": "396.10000", "2010-09-30": "361.00000", "2010-06-30": "320.30000", "2010-03-31": "321.20000", "2009-12-31": "334.10000", "2009-09-30": "289.50000", "2009-06-30": "188.30000", "2009-03-31": "150.40000", "2008-12-31": "226.80000", "2008-09-30": "214.50000", "2008-06-30": "208.10000", "2008-03-31": "189.60000", "2007-12-31": "191.20000", "2007-09-30": "175.70000", "2007-06-30": "164.90000", "2007-03-31": "180.20000", "2006-12-31": "182.80000", "2006-09-30": "151.30000", "2006-06-30": "167.10000", "2006-03-31": "189.20000", "2005-12-31": "178.60000", "2005-09-30": "88.00000", "2005-06-30": "96.10000", "2005-03-31": "72.60000"}, "Receivables": {"2020-12-31": "602.80000", "2020-09-30": "671.70000", "2020-06-30": "567.90000", "2020-03-31": "585.10000", "2019-12-31": "599.10000", "2019-09-30": "570.00000", "2019-06-30": "609.60000", "2019-03-31": "578.00000", "2018-12-31": "537.30000", "2018-09-30": "530.10000", "2018-06-30": "520.10000", "2018-03-31": "446.80000", "2017-12-31": "479.30000", "2017-09-30": "475.00000", "2017-06-30": "510.70000", "2017-03-31": "510.20000", "2016-12-31": "414.60000", "2016-09-30": "454.20000", "2016-06-30": "425.80000", "2016-03-31": "388.50000", "2015-12-31": "371.80000", "2015-09-30": "338.40000", "2015-06-30": "351.00000", "2015-03-31": "345.30000", "2014-12-31": "325.00000", "2014-09-30": "322.90000", "2014-06-30": "327.50000", "2014-03-31": "305.10000", "2013-12-31": "328.00000", "2013-09-30": "327.80000", "2013-06-30": "341.80000", "2013-03-31": "329.70000", "2012-12-31": "347.50000", "2012-09-30": "325.40000", "2012-06-30": "336.40000", "2012-03-31": "346.70000", "2011-12-31": "320.70000", "2011-09-30": "346.80000", "2011-06-30": "364.10000", "2011-03-31": "354.20000", "2010-12-31": "302.50000", "2010-09-30": "303.40000", "2010-06-30": "294.00000", "2010-03-31": "278.60000", "2009-12-31": "272.10000", "2009-09-30": "280.50000", "2009-06-30": "274.50000", "2009-03-31": "255.80000", "2008-12-31": "204.70000", "2008-09-30": "213.60000", "2008-06-30": "173.30000", "2008-03-31": "155.30000", "2007-12-31": "145.30000", "2007-09-30": "136.70000", "2007-06-30": "137.40000", "2007-03-31": "129.30000", "2006-12-31": "127.10000", "2006-09-30": "130.20000", "2006-06-30": "133.70000", "2006-03-31": "122.80000", "2005-12-31": "118.50000", "2005-09-30": "125.90000", "2005-06-30": "124.90000", "2005-03-31": "127.70000"}, "Inventory": {"2020-12-31": "802.30000", "2020-09-30": "773.30000", "2020-06-30": "735.10000", "2020-03-31": "662.20000", "2019-12-31": "640.90000", "2019-09-30": "611.10000", "2019-06-30": "624.90000", "2019-03-31": "630.90000", "2018-12-31": "607.00000", "2018-09-30": "583.80000", "2018-06-30": "568.10000", "2018-03-31": "573.90000", "2017-12-31": "554.90000", "2017-09-30": "538.40000", "2017-06-30": "491.60000", "2017-03-31": "431.40000", "2016-12-31": "396.60000", "2016-09-30": "401.00000", "2016-06-30": "367.60000", "2016-03-31": "356.60000", "2015-12-31": "339.90000", "2015-09-30": "333.50000", "2015-06-30": "313.30000", "2015-03-31": "298.50000", "2014-12-31": "296.80000", "2014-09-30": "303.60000", "2014-06-30": "317.10000", "2014-03-31": "308.00000", "2013-12-31": "308.90000", "2013-09-30": "313.90000", "2013-06-30": "299.50000", "2013-03-31": "288.50000", "2012-12-31": "281.00000", "2012-09-30": "286.00000", "2012-06-30": "265.40000", "2012-03-31": "268.30000", "2011-12-31": "261.30000", "2011-09-30": "247.90000", "2011-06-30": "229.40000", "2011-03-31": "217.70000", "2010-12-31": "203.60000", "2010-09-30": "212.20000", "2010-06-30": "182.30000", "2010-03-31": "174.60000", "2009-12-31": "165.90000", "2009-09-30": "168.70000", "2009-06-30": "160.90000", "2009-03-31": "146.10000", "2008-12-31": "151.80000", "2008-09-30": "143.80000", "2008-06-30": "136.80000", "2008-03-31": "139.50000", "2007-12-31": "152.60000", "2007-09-30": "158.30000", "2007-06-30": "143.50000", "2007-03-31": "141.50000", "2006-12-31": "142.10000", "2006-09-30": "148.90000", "2006-06-30": "139.00000", "2006-03-31": "135.00000", "2005-12-31": "131.50000", "2005-09-30": "135.50000", "2005-06-30": "131.30000", "2005-03-31": "126.10000"}, "Pre-Paid Expenses": {"2020-12-31": "75.10000", "2020-09-30": "68.60000", "2020-06-30": "57.30000", "2020-03-31": "65.80000", "2019-12-31": "59.10000", "2019-09-30": "57.30000", "2019-06-30": "55.70000", "2019-03-31": "55.40000", "2018-12-31": "54.30000", "2018-09-30": "52.60000", "2018-06-30": "69.90000", "2018-03-31": "78.00000", "2017-12-31": "60.60000", "2017-09-30": "52.80000", "2017-06-30": "54.10000", "2017-03-31": "53.00000", "2016-12-31": "45.90000", "2016-09-30": "49.80000", "2016-06-30": "50.00000", "2016-03-31": "48.80000", "2015-12-31": "45.10000", "2015-09-30": "47.50000", "2015-06-30": "46.10000", "2015-03-31": "44.80000", "2014-12-31": "48.80000", "2014-09-30": "48.50000", "2014-06-30": "46.30000", "2014-03-31": "46.00000", "2013-12-31": "46.80000", "2013-09-30": "46.60000", "2013-06-30": "42.70000", "2013-03-31": "43.20000", "2012-12-31": "41.60000", "2012-09-30": "42.10000", "2012-06-30": "39.50000", "2012-03-31": "41.70000", "2011-12-31": "35.00000", "2011-09-30": "43.00000", "2011-06-30": "44.00000", "2011-03-31": "42.70000", "2010-12-31": "35.40000", "2010-09-30": "45.00000", "2010-06-30": "49.00000", "2010-03-31": "33.30000", "2009-12-31": "33.70000", "2009-09-30": "40.70000", "2009-06-30": "44.80000", "2009-03-31": "35.20000", "2008-12-31": "30.70000", "2008-09-30": "37.80000", "2008-06-30": "41.70000", "2008-03-31": "30.80000", "2007-12-31": "25.40000", "2007-09-30": "68.20000", "2007-06-30": "70.00000", "2007-03-31": "64.30000", "2006-12-31": "25.70000", "2006-09-30": "65.30000", "2006-06-30": "71.90000", "2006-03-31": "54.40000", "2005-12-31": "58.00000", "2005-09-30": "67.10000", "2005-06-30": "69.80000", "2005-03-31": "56.70000"}, "Other Current Assets": {"2020-12-31": "208.20000", "2020-09-30": "171.50000", "2020-06-30": "166.20000", "2020-03-31": "163.70000", "2019-12-31": "168.00000", "2019-09-30": "144.40000", "2019-06-30": "130.20000", "2019-03-31": "141.50000", "2018-12-31": "131.80000", "2018-09-30": "150.40000", "2018-06-30": "137.10000", "2018-03-31": "118.90000", "2017-12-31": "116.90000", "2017-09-30": "97.40000", "2017-06-30": "95.20000", "2017-03-31": "105.60000", "2016-12-31": "111.80000", "2016-09-30": "66.10000", "2016-06-30": "81.50000", "2016-03-31": "73.60000", "2015-12-31": "66.40000", "2015-09-30": "96.60000", "2015-06-30": "112.40000", "2015-03-31": "138.40000", "2014-12-31": "121.70000", "2014-09-30": "89.60000", "2014-06-30": "60.30000", "2014-03-31": "77.20000", "2013-12-31": "71.80000", "2013-09-30": "83.20000", "2013-06-30": "97.70000", "2013-03-31": "106.50000", "2012-12-31": "57.00000", "2012-09-30": "69.30000", "2012-06-30": "95.50000", "2012-03-31": "90.20000", "2011-12-31": "57.10000", "2011-09-30": "67.80000", "2011-06-30": "53.30000", "2011-03-31": "45.90000", "2010-12-31": "62.70000", "2010-09-30": "26.60000", "2010-06-30": "35.50000", "2010-03-31": "22.30000", "2009-12-31": "35.10000", "2009-09-30": "53.10000", "2009-06-30": "38.80000", "2009-03-31": "25.90000", "2008-12-31": "35.50000", "2008-09-30": "38.60000", "2008-06-30": "44.60000", "2008-03-31": "41.60000", "2007-12-31": "41.70000", "2007-09-30": "", "2007-06-30": "", "2007-03-31": "", "2006-12-31": "32.10000", "2006-09-30": "", "2006-06-30": "", "2006-03-31": "", "2005-12-31": "", "2005-09-30": "", "2005-06-30": "", "2005-03-31": ""}, "Total Current Assets": {"2020-12-31": "3091.00000", "2020-09-30": "2980.40000", "2020-06-30": "2690.30000", "2020-03-31": "2507.90000", "2019-12-31": "2984.00000", "2019-09-30": "2739.70000", "2019-06-30": "2354.70000", "2019-03-31": "2368.80000", "2018-12-31": "2286.90000", "2018-09-30": "2912.60000", "2018-06-30": "2696.00000", "2018-03-31": "2716.90000", "2017-12-31": "2549.20000", "2017-09-30": "2566.40000", "2017-06-30": "2283.40000", "2017-03-31": "2018.40000", "2016-12-31": "2240.00000", "2016-09-30": "2171.40000", "2016-06-30": "1985.10000", "2016-03-31": "1819.30000", "2015-12-31": "2047.90000", "2015-09-30": "2145.50000", "2015-06-30": "2297.00000", "2015-03-31": "2254.80000", "2014-12-31": "2231.10000", "2014-09-30": "2309.20000", "2014-06-30": "2278.10000", "2014-03-31": "1603.30000", "2013-12-31": "1725.80000", "2013-09-30": "1570.40000", "2013-06-30": "1390.60000", "2013-03-31": "1360.70000", "2012-12-31": "1291.90000", "2012-09-30": "1387.70000", "2012-06-30": "1278.80000", "2012-03-31": "1188.00000", "2011-12-31": "1168.50000", "2011-09-30": "1181.90000", "2011-06-30": "1216.80000", "2011-03-31": "1150.30000", "2010-12-31": "1032.60000", "2010-09-30": "992.40000", "2010-06-30": "918.90000", "2010-03-31": "872.70000", "2009-12-31": "889.20000", "2009-09-30": "877.20000", "2009-06-30": "745.60000", "2009-03-31": "649.00000", "2008-12-31": "691.90000", "2008-09-30": "676.30000", "2008-06-30": "635.10000", "2008-03-31": "591.60000", "2007-12-31": "586.40000", "2007-09-30": "564.80000", "2007-06-30": "541.20000", "2007-03-31": "542.10000", "2006-12-31": "531.60000", "2006-09-30": "524.90000", "2006-06-30": "542.30000", "2006-03-31": "526.10000", "2005-12-31": "514.20000", "2005-09-30": "430.40000", "2005-06-30": "437.10000", "2005-03-31": "400.60000"}, "Property, Plant, And Equipment": {"2020-12-31": "1395.20000", "2020-09-30": "1276.30000", "2020-06-30": "1195.60000", "2020-03-31": "1100.60000", "2019-12-31": "1060.30000", "2019-09-30": "973.60000", "2019-06-30": "931.10000", "2019-03-31": "892.20000", "2018-12-31": "867.50000", "2018-09-30": "826.10000", "2018-06-30": "770.20000", "2018-03-31": "711.60000", "2017-12-31": "679.70000", "2017-09-30": "649.60000", "2017-06-30": "627.90000", "2017-03-31": "588.80000", "2016-12-31": "580.00000", "2016-09-30": "543.70000", "2016-06-30": "516.20000", "2016-03-31": "497.30000", "2015-12-31": "482.50000", "2015-09-30": "454.80000", "2015-06-30": "450.60000", "2015-03-31": "445.10000", "2014-12-31": "442.90000", "2014-09-30": "429.30000", "2014-06-30": "422.50000", "2014-03-31": "418.70000", "2013-12-31": "421.60000", "2013-09-30": "409.00000", "2013-06-30": "399.20000", "2013-03-31": "385.40000", "2012-12-31": "373.30000", "2012-09-30": "328.70000", "2012-06-30": "315.80000", "2012-03-31": "308.20000", "2011-12-31": "304.30000", "2011-09-30": "286.40000", "2011-06-30": "281.00000", "2011-03-31": "274.30000", "2010-12-31": "269.80000", "2010-09-30": "260.30000", "2010-06-30": "249.80000", "2010-03-31": "247.20000", "2009-12-31": "252.00000", "2009-09-30": "240.70000", "2009-06-30": "239.10000", "2009-03-31": "229.80000", "2008-12-31": "230.10000", "2008-09-30": "224.00000", "2008-06-30": "224.60000", "2008-03-31": "223.60000", "2007-12-31": "228.20000", "2007-09-30": "228.00000", "2007-06-30": "220.20000", "2007-03-31": "216.70000", "2006-12-31": "213.00000", "2006-09-30": "211.50000", "2006-06-30": "205.70000", "2006-03-31": "199.20000", "2005-12-31": "201.90000", "2005-09-30": "192.10000", "2005-06-30": "193.00000", "2005-03-31": "195.40000"}, "Long-Term Investments": {"2020-12-31": "801.60000", "2020-09-30": "599.00000", "2020-06-30": "594.40000", "2020-03-31": "587.80000", "2019-12-31": "585.50000", "2019-09-30": "386.00000", "2019-06-30": "412.90000", "2019-03-31": "453.70000", "2018-12-31": "", "2018-09-30": "479.00000", "2018-06-30": "470.40000", "2018-03-31": "532.10000", "2017-12-31": "567.00000", "2017-09-30": "567.50000", "2017-06-30": "551.50000", "2017-03-31": "519.00000", "2016-12-31": "532.10000", "2016-09-30": "467.50000", "2016-06-30": "391.70000", "2016-03-31": "369.20000", "2015-12-31": "379.90000", "2015-09-30": "366.00000", "2015-06-30": "324.60000", "2015-03-31": "255.60000", "2014-12-31": "240.90000", "2014-09-30": "92.00000", "2014-06-30": "99.00000", "2014-03-31": "95.20000", "2013-12-31": "21.90000", "2013-09-30": "20.70000", "2013-06-30": "21.90000", "2013-03-31": "22.50000", "2012-12-31": "21.10000", "2012-09-30": "23.40000", "2012-06-30": "22.10000", "2012-03-31": "21.90000", "2011-12-31": "21.80000", "2011-09-30": "21.40000", "2011-06-30": "24.80000", "2011-03-31": "27.30000", "2010-12-31": "25.00000", "2010-09-30": "22.30000", "2010-06-30": "21.90000", "2010-03-31": "21.90000", "2009-12-31": "22.30000", "2009-09-30": "24.80000", "2009-06-30": "20.30000", "2009-03-31": "16.60000", "2008-12-31": "14.70000", "2008-09-30": "20.30000", "2008-06-30": "27.10000", "2008-03-31": "28.00000", "2007-12-31": "34.30000", "2007-09-30": "36.80000", "2007-06-30": "25.10000", "2007-03-31": "22.20000", "2006-12-31": "20.20000", "2006-09-30": "14.30000", "2006-06-30": "16.00000", "2006-03-31": "14.00000", "2005-12-31": "10.70000", "2005-09-30": "14.50000", "2005-06-30": "14.10000", "2005-03-31": "17.30000"}, "Goodwill And Intangible Assets": {"2020-12-31": "1504.60000", "2020-09-30": "1502.40000", "2020-06-30": "1501.20000", "2020-03-31": "1501.00000", "2019-12-31": "1504.20000", "2019-09-30": "1537.70000", "2019-06-30": "1559.50000", "2019-03-31": "1444.70000", "2018-12-31": "1455.40000", "2018-09-30": "1590.20000", "2018-06-30": "1584.60000", "2018-03-31": "1625.30000", "2017-12-31": "1594.50000", "2017-09-30": "1395.40000", "2017-06-30": "1373.70000", "2017-03-31": "1347.30000", "2016-12-31": "830.90000", "2016-09-30": "837.00000", "2016-06-30": "838.10000", "2016-03-31": "834.60000", "2015-12-31": "833.70000", "2015-09-30": "828.50000", "2015-06-30": "389.80000", "2015-03-31": "388.90000", "2014-12-31": "399.40000", "2014-09-30": "404.80000", "2014-06-30": "413.80000", "2014-03-31": "417.00000", "2013-12-31": "418.90000", "2013-09-30": "446.90000", "2013-06-30": "446.10000", "2013-03-31": "445.70000", "2012-12-31": "451.70000", "2012-09-30": "409.40000", "2012-06-30": "411.50000", "2012-03-31": "414.90000", "2011-12-31": "416.70000", "2011-09-30": "420.00000", "2011-06-30": "422.80000", "2011-03-31": "426.20000", "2010-12-31": "382.30000", "2010-09-30": "386.90000", "2010-06-30": "389.50000", "2010-03-31": "398.80000", "2009-12-31": "401.90000", "2009-09-30": "406.20000", "2009-06-30": "407.00000", "2009-03-31": "408.30000", "2008-12-31": "412.60000", "2008-09-30": "423.60000", "2008-06-30": "425.30000", "2008-03-31": "427.60000", "2007-12-31": "472.80000", "2007-09-30": "444.70000", "2007-06-30": "445.20000", "2007-03-31": "446.60000", "2006-12-31": "453.80000", "2006-09-30": "460.90000", "2006-06-30": "465.20000", "2006-03-31": "471.00000", "2005-12-31": "475.40000", "2005-09-30": "479.50000", "2005-06-30": "483.60000", "2005-03-31": "480.80000"}, "Other Long-Term Assets": {"2020-12-31": "119.60000", "2020-09-30": "138.00000", "2020-06-30": "153.80000", "2020-03-31": "145.30000", "2019-12-31": "101.80000", "2019-09-30": "100.20000", "2019-06-30": "80.30000", "2019-03-31": "75.50000", "2018-12-31": "33.60000", "2018-09-30": "35.20000", "2018-06-30": "34.80000", "2018-03-31": "57.80000", "2017-12-31": "108.90000", "2017-09-30": "112.40000", "2017-06-30": "116.80000", "2017-03-31": "127.80000", "2016-12-31": "123.20000", "2016-09-30": "124.80000", "2016-06-30": "126.40000", "2016-03-31": "131.10000", "2015-12-31": "131.80000", "2015-09-30": "54.90000", "2015-06-30": "57.70000", "2015-03-31": "53.40000", "2014-12-31": "49.20000", "2014-09-30": "37.90000", "2014-06-30": "35.70000", "2014-03-31": "35.20000", "2013-12-31": "35.40000", "2013-09-30": "31.00000", "2013-06-30": "25.40000", "2013-03-31": "25.60000", "2012-12-31": "26.30000", "2012-09-30": "26.00000", "2012-06-30": "25.80000", "2012-03-31": "25.80000", "2011-12-31": "24.60000", "2011-09-30": "24.60000", "2011-06-30": "11.90000", "2011-03-31": "12.00000", "2010-12-31": "13.00000", "2010-09-30": "12.10000", "2010-06-30": "11.80000", "2010-03-31": "11.80000", "2009-12-31": "13.00000", "2009-09-30": "13.60000", "2009-06-30": "16.70000", "2009-03-31": "18.30000", "2008-12-31": "13.20000", "2008-09-30": "17.30000", "2008-06-30": "19.00000", "2008-03-31": "19.80000", "2007-12-31": "14.30000", "2007-09-30": "17.70000", "2007-06-30": "15.30000", "2007-03-31": "15.30000", "2006-12-31": "13.70000", "2006-09-30": "13.20000", "2006-06-30": "13.00000", "2006-03-31": "15.50000", "2005-12-31": "15.40000", "2005-09-30": "9.60000", "2005-06-30": "9.80000", "2005-03-31": "10.20000"}, "Total Long-Term Assets": {"2020-12-31": "4146.10000", "2020-09-30": "3820.40000", "2020-06-30": "3733.80000", "2020-03-31": "3568.20000", "2019-12-31": "3504.10000", "2019-09-30": "3226.60000", "2019-06-30": "3218.80000", "2019-03-31": "3100.50000", "2018-12-31": "3036.80000", "2018-09-30": "3045.60000", "2018-06-30": "2990.10000", "2018-03-31": "3108.20000", "2017-12-31": "3117.20000", "2017-09-30": "2922.00000", "2017-06-30": "2855.10000", "2017-03-31": "2762.00000", "2016-12-31": "2270.00000", "2016-09-30": "2167.60000", "2016-06-30": "2066.30000", "2016-03-31": "2034.50000", "2015-12-31": "2008.40000", "2015-09-30": "1731.10000", "2015-06-30": "1311.30000", "2015-03-31": "1233.60000", "2014-12-31": "1291.90000", "2014-09-30": "1040.80000", "2014-06-30": "1048.50000", "2014-03-31": "1048.40000", "2013-12-31": "984.10000", "2013-09-30": "960.20000", "2013-06-30": "949.10000", "2013-03-31": "935.90000", "2012-12-31": "929.60000", "2012-09-30": "808.10000", "2012-06-30": "796.30000", "2012-03-31": "816.20000", "2011-12-31": "811.99990", "2011-09-30": "800.99990", "2011-06-30": "785.60000", "2011-03-31": "780.80000", "2010-12-31": "734.60000", "2010-09-30": "733.00000", "2010-06-30": "723.00000", "2010-03-31": "731.70000", "2009-12-31": "726.30000", "2009-09-30": "724.90000", "2009-06-30": "719.50010", "2009-03-31": "709.90000", "2008-12-31": "708.30000", "2008-09-30": "704.90000", "2008-06-30": "713.20000", "2008-03-31": "718.70000", "2007-12-31": "763.40000", "2007-09-30": "734.90000", "2007-06-30": "710.60000", "2007-03-31": "707.10000", "2006-12-31": "715.20000", "2006-09-30": "715.40000", "2006-06-30": "716.90000", "2006-03-31": "713.40000", "2005-12-31": "714.90000", "2005-09-30": "714.60000", "2005-06-30": "713.70000", "2005-03-31": "722.50000"}, "Total Assets": {"2020-12-31": "7237.10000", "2020-09-30": "6800.80000", "2020-06-30": "6424.10000", "2020-03-31": "6076.10000", "2019-12-31": "6488.10000", "2019-09-30": "5966.30000", "2019-06-30": "5573.50000", "2019-03-31": "5469.30000", "2018-12-31": "5323.70000", "2018-09-30": "5958.20000", "2018-06-30": "5686.10000", "2018-03-31": "5825.10000", "2017-12-31": "5666.40000", "2017-09-30": "5488.40000", "2017-06-30": "5138.50000", "2017-03-31": "4780.40000", "2016-12-31": "4510.00000", "2016-09-30": "4339.00000", "2016-06-30": "4051.40000", "2016-03-31": "3853.80000", "2015-12-31": "4056.30000", "2015-09-30": "3876.60000", "2015-06-30": "3608.30000", "2015-03-31": "3488.40000", "2014-12-31": "3523.00000", "2014-09-30": "3350.00000", "2014-06-30": "3326.60000", "2014-03-31": "2651.70000", "2013-12-31": "2709.90000", "2013-09-30": "2530.60000", "2013-06-30": "2339.70000", "2013-03-31": "2296.60000", "2012-12-31": "2221.50000", "2012-09-30": "2195.80000", "2012-06-30": "2075.10000", "2012-03-31": "2004.20000", "2011-12-31": "1980.50000", "2011-09-30": "1982.90000", "2011-06-30": "2002.40000", "2011-03-31": "1931.10000", "2010-12-31": "1767.20000", "2010-09-30": "1725.40000", "2010-06-30": "1641.90000", "2010-03-31": "1604.40000", "2009-12-31": "1615.50000", "2009-09-30": "1602.10000", "2009-06-30": "1465.10000", "2009-03-31": "1358.90000", "2008-12-31": "1400.20000", "2008-09-30": "1381.20000", "2008-06-30": "1348.30000", "2008-03-31": "1310.30000", "2007-12-31": "1349.80000", "2007-09-30": "1299.70000", "2007-06-30": "1251.80000", "2007-03-31": "1249.20000", "2006-12-31": "1246.80000", "2006-09-30": "1240.30000", "2006-06-30": "1259.20000", "2006-03-31": "1239.50000", "2005-12-31": "1229.10000", "2005-09-30": "1145.00000", "2005-06-30": "1150.80000", "2005-03-31": "1123.10000"}, "Total Current Liabilities": {"2020-12-31": "893.90000", "2020-09-30": "846.30000", "2020-06-30": "873.20000", "2020-03-31": "746.90000", "2019-12-31": "902.40000", "2019-09-30": "775.80000", "2019-06-30": "697.00000", "2019-03-31": "646.50000", "2018-12-31": "876.60000", "2018-09-30": "1261.10000", "2018-06-30": "1446.50000", "2018-03-31": "1314.50000", "2017-12-31": "1420.00000", "2017-09-30": "735.20000", "2017-06-30": "562.50000", "2017-03-31": "584.80000", "2016-12-31": "532.50000", "2016-09-30": "532.80000", "2016-06-30": "478.20000", "2016-03-31": "458.30000", "2015-12-31": "476.20000", "2015-09-30": "532.50000", "2015-06-30": "445.20000", "2015-03-31": "405.30000", "2014-12-31": "426.10000", "2014-09-30": "427.80000", "2014-06-30": "540.50000", "2014-03-31": "356.20000", "2013-12-31": "345.60000", "2013-09-30": "335.10000", "2013-06-30": "314.20000", "2013-03-31": "300.40000", "2012-12-31": "347.40000", "2012-09-30": "298.60000", "2012-06-30": "284.30000", "2012-03-31": "265.20000", "2011-12-31": "335.20000", "2011-09-30": "302.00000", "2011-06-30": "313.30000", "2011-03-31": "445.20000", "2010-12-31": "337.80000", "2010-09-30": "382.20000", "2010-06-30": "247.70000", "2010-03-31": "242.20000", "2009-12-31": "290.50000", "2009-09-30": "296.30000", "2009-06-30": "245.10000", "2009-03-31": "200.20000", "2008-12-31": "258.50000", "2008-09-30": "229.90000", "2008-06-30": "226.60000", "2008-03-31": "391.60000", "2007-12-31": "380.10000", "2007-09-30": "348.80000", "2007-06-30": "323.60000", "2007-03-31": "179.40000", "2006-12-31": "226.20000", "2006-09-30": "227.50000", "2006-06-30": "226.50000", "2006-03-31": "196.50000", "2005-12-31": "194.20000", "2005-09-30": "204.60000", "2005-06-30": "190.40000", "2005-03-31": "176.40000"}, "Long Term Debt": {"2020-12-31": "595.00000", "2020-09-30": "594.90000", "2020-06-30": "594.70000", "2020-03-31": "594.60000", "2019-12-31": "594.40000", "2019-09-30": "594.20000", "2019-06-30": "594.10000", "2019-03-31": "593.90000", "2018-12-31": "593.80000", "2018-09-30": "593.60000", "2018-06-30": "593.90000", "2018-03-31": "456.00000", "2017-12-31": "438.40000", "2017-09-30": "1034.00000", "2017-06-30": "1016.80000", "2017-03-31": "847.90000", "2016-12-31": "822.30000", "2016-09-30": "600.60000", "2016-06-30": "602.50000", "2016-03-31": "602.20000", "2015-12-31": "596.90000", "2015-09-30": "604.90000", "2015-06-30": "600.30000", "2015-03-31": "602.70000", "2014-12-31": "598.10000", "2014-09-30": "596.40000", "2014-06-30": "598.00000", "2014-03-31": "725.40000", "2013-12-31": "593.10000", "2013-09-30": "532.10000", "2013-06-30": "227.30000", "2013-03-31": "192.70000", "2012-12-31": "189.30000", "2012-09-30": "175.40000", "2012-06-30": "185.10000", "2012-03-31": "179.40000", "2011-12-31": "150.40000", "2011-09-30": "175.00000", "2011-06-30": "174.80000", "2011-03-31": "", "2010-12-31": "", "2010-09-30": "", "2010-06-30": "177.50000", "2010-03-31": "129.30000", "2009-12-31": "90.30000", "2009-09-30": "102.30000", "2009-06-30": "113.90000", "2009-03-31": "123.00000", "2008-12-31": "175.50000", "2008-09-30": "202.80000", "2008-06-30": "141.70000", "2008-03-31": "62.90000", "2007-12-31": "61.70000", "2007-09-30": "61.20000", "2007-06-30": "57.60000", "2007-03-31": "224.50000", "2006-12-31": "235.90000", "2006-09-30": "253.00000", "2006-06-30": "279.60000", "2006-03-31": "288.80000", "2005-12-31": "316.10000", "2005-09-30": "251.50000", "2005-06-30": "269.60000", "2005-03-31": "275.80000"}, "Other Non-Current Liabilities": {"2020-12-31": "1101.20000", "2020-09-30": "1078.30000", "2020-06-30": "1051.10000", "2020-03-31": "777.80000", "2019-12-31": "784.10000", "2019-09-30": "729.10000", "2019-06-30": "731.70000", "2019-03-31": "731.70000", "2018-12-31": "712.90000", "2018-09-30": "742.20000", "2018-06-30": "481.50000", "2018-03-31": "808.90000", "2017-12-31": "851.80000", "2017-09-30": "556.70000", "2017-06-30": "619.60000", "2017-03-31": "605.00000", "2016-12-31": "536.20000", "2016-09-30": "513.80000", "2016-06-30": "499.50000", "2016-03-31": "494.00000", "2015-12-31": "480.10000", "2015-09-30": "317.80000", "2015-06-30": "274.20000", "2015-03-31": "266.50000", "2014-12-31": "307.40000", "2014-09-30": "282.40000", "2014-06-30": "273.20000", "2014-03-31": "229.30000", "2013-12-31": "226.80000", "2013-09-30": "226.00000", "2013-06-30": "218.40000", "2013-03-31": "211.50000", "2012-12-31": "205.50000", "2012-09-30": "185.50000", "2012-06-30": "171.10000", "2012-03-31": "169.30000", "2011-12-31": "157.00000", "2011-09-30": "151.30000", "2011-06-30": "129.10000", "2011-03-31": "128.10000", "2010-12-31": "121.20000", "2010-09-30": "109.70000", "2010-06-30": "98.90000", "2010-03-31": "81.40000", "2009-12-31": "76.80000", "2009-09-30": "113.10000", "2009-06-30": "103.00000", "2009-03-31": "92.40000", "2008-12-31": "87.40000", "2008-09-30": "74.00000", "2008-06-30": "82.70000", "2008-03-31": "78.20000", "2007-12-31": "73.00000", "2007-09-30": "65.90000", "2007-06-30": "63.10000", "2007-03-31": "60.30000", "2006-12-31": "35.30000", "2006-09-30": "31.90000", "2006-06-30": "30.70000", "2006-03-31": "30.70000", "2005-12-31": "28.80000", "2005-09-30": "29.70000", "2005-06-30": "29.10000", "2005-03-31": "22.80000"}, "Total Long Term Liabilities": {"2020-12-31": "1768.90000", "2020-09-30": "1744.20000", "2020-06-30": "1711.80000", "2020-03-31": "1428.10000", "2019-12-31": "1437.40000", "2019-09-30": "1375.70000", "2019-06-30": "1376.20000", "2019-03-31": "1375.30000", "2018-12-31": "1306.70000", "2018-09-30": "1335.80000", "2018-06-30": "1075.40000", "2018-03-31": "1264.90000", "2017-12-31": "1290.20000", "2017-09-30": "1590.70000", "2017-06-30": "1636.40000", "2017-03-31": "1452.90000", "2016-12-31": "1358.50000", "2016-09-30": "1114.40000", "2016-06-30": "1102.00000", "2016-03-31": "1096.20000", "2015-12-31": "1077.00000", "2015-09-30": "922.70000", "2015-06-30": "874.50000", "2015-03-31": "869.20000", "2014-12-31": "905.50000", "2014-09-30": "878.80000", "2014-06-30": "871.20000", "2014-03-31": "954.70000", "2013-12-31": "819.90000", "2013-09-30": "758.10000", "2013-06-30": "445.70000", "2013-03-31": "404.20000", "2012-12-31": "394.80000", "2012-09-30": "360.90000", "2012-06-30": "356.20000", "2012-03-31": "348.70000", "2011-12-31": "307.40000", "2011-09-30": "326.30000", "2011-06-30": "303.90000", "2011-03-31": "128.10000", "2010-12-31": "121.20000", "2010-09-30": "109.70000", "2010-06-30": "276.40000", "2010-03-31": "210.70000", "2009-12-31": "167.10000", "2009-09-30": "215.40000", "2009-06-30": "216.90000", "2009-03-31": "215.40000", "2008-12-31": "262.90000", "2008-09-30": "276.80000", "2008-06-30": "224.40000", "2008-03-31": "141.10000", "2007-12-31": "134.70000", "2007-09-30": "127.10000", "2007-06-30": "120.70000", "2007-03-31": "284.80000", "2006-12-31": "271.20000", "2006-09-30": "284.90000", "2006-06-30": "310.30000", "2006-03-31": "319.50000", "2005-12-31": "344.90000", "2005-09-30": "281.20000", "2005-06-30": "298.70000", "2005-03-31": "298.60000"}, "Total Liabilities": {"2020-12-31": "2662.80000", "2020-09-30": "2590.50000", "2020-06-30": "2585.00000", "2020-03-31": "2175.00000", "2019-12-31": "2339.80000", "2019-09-30": "2151.50000", "2019-06-30": "2073.20000", "2019-03-31": "2021.80000", "2018-12-31": "2183.30000", "2018-09-30": "2596.90000", "2018-06-30": "2521.90000", "2018-03-31": "2579.40000", "2017-12-31": "2710.20000", "2017-09-30": "2325.90000", "2017-06-30": "2198.90000", "2017-03-31": "2037.70000", "2016-12-31": "1891.00000", "2016-09-30": "1647.20000", "2016-06-30": "1580.20000", "2016-03-31": "1554.50000", "2015-12-31": "1553.20000", "2015-09-30": "1455.20000", "2015-06-30": "1319.70000", "2015-03-31": "1274.50000", "2014-12-31": "1331.60000", "2014-09-30": "1306.60000", "2014-06-30": "1411.70000", "2014-03-31": "1310.90000", "2013-12-31": "1165.50000", "2013-09-30": "1093.20000", "2013-06-30": "759.90000", "2013-03-31": "704.60000", "2012-12-31": "742.20000", "2012-09-30": "659.50000", "2012-06-30": "640.50000", "2012-03-31": "613.90000", "2011-12-31": "642.60000", "2011-09-30": "628.30000", "2011-06-30": "617.20000", "2011-03-31": "573.30000", "2010-12-31": "459.00000", "2010-09-30": "491.90000", "2010-06-30": "524.10000", "2010-03-31": "452.90000", "2009-12-31": "457.60000", "2009-09-30": "511.70000", "2009-06-30": "462.00000", "2009-03-31": "415.60000", "2008-12-31": "521.40000", "2008-09-30": "506.70000", "2008-06-30": "451.00000", "2008-03-31": "532.70000", "2007-12-31": "514.80000", "2007-09-30": "475.90000", "2007-06-30": "444.30000", "2007-03-31": "464.20000", "2006-12-31": "497.40000", "2006-09-30": "512.40000", "2006-06-30": "536.80000", "2006-03-31": "516.00000", "2005-12-31": "539.10000", "2005-09-30": "485.80000", "2005-06-30": "489.10000", "2005-03-31": "475.00000"}, "Common Stock Net": {"2020-12-31": "636.40000", "2020-09-30": "635.00000", "2020-06-30": "633.50000", "2020-03-31": "218.50000", "2019-12-31": "218.10000", "2019-09-30": "217.50000", "2019-06-30": "216.90000", "2019-03-31": "216.00000", "2018-12-31": "215.20000", "2018-09-30": "214.80000", "2018-06-30": "214.00000", "2018-03-31": "213.00000", "2017-12-31": "212.00000", "2017-09-30": "211.60000", "2017-06-30": "244.70000", "2017-03-31": "243.20000", "2016-12-31": "242.60000", "2016-09-30": "242.00000", "2016-06-30": "241.00000", "2016-03-31": "239.80000", "2015-12-31": "239.10000", "2015-09-30": "130.20000", "2015-06-30": "129.90000", "2015-03-31": "129.40000", "2014-12-31": "128.90000", "2014-09-30": "128.00000", "2014-06-30": "127.10000", "2014-03-31": "126.40000", "2013-12-31": "126.00000", "2013-09-30": "125.70000", "2013-06-30": "125.40000", "2013-03-31": "124.70000", "2012-12-31": "124.20000", "2012-09-30": "123.90000", "2012-06-30": "123.00000", "2012-03-31": "121.10000", "2011-12-31": "120.00000", "2011-09-30": "119.50000", "2011-06-30": "118.80000", "2011-03-31": "117.70000", "2010-12-31": "117.00000", "2010-09-30": "116.10000", "2010-06-30": "115.10000", "2010-03-31": "77.20000", "2009-12-31": "76.10000", "2009-09-30": "75.40000", "2009-06-30": "75.10000", "2009-03-31": "74.30000", "2008-12-31": "73.70000", "2008-09-30": "73.30000", "2008-06-30": "72.70000", "2008-03-31": "68.90000", "2007-12-31": "68.60000", "2007-09-30": "68.40000", "2007-06-30": "67.90000", "2007-03-31": "67.60000", "2006-12-31": "67.00000", "2006-09-30": "66.70000", "2006-06-30": "66.30000", "2006-03-31": "65.90000", "2005-12-31": "65.60000", "2005-09-30": "65.40000", "2005-06-30": "65.00000", "2005-03-31": "64.60000"}, "Retained Earnings (Accumulated Deficit)": {"2020-12-31": "4565.00000", "2020-09-30": "4255.50000", "2020-06-30": "3930.30000", "2020-03-31": "4052.20000", "2019-12-31": "3741.60000", "2019-09-30": "3461.40000", "2019-06-30": "3186.70000", "2019-03-31": "2944.40000", "2018-12-31": "2694.70000", "2018-09-30": "2687.70000", "2018-06-30": "2461.80000", "2018-03-31": "2179.10000", "2017-12-31": "1962.10000", "2017-09-30": "1964.90000", "2017-06-30": "4331.90000", "2017-03-31": "4145.80000", "2016-12-31": "3906.30000", "2016-09-30": "3747.80000", "2016-06-30": "3606.40000", "2016-03-31": "3479.80000", "2015-12-31": "3336.80000", "2015-09-30": "3196.10000", "2015-06-30": "3078.00000", "2015-03-31": "2965.30000", "2014-12-31": "2841.90000", "2014-09-30": "2732.70000", "2014-06-30": "2638.10000", "2014-03-31": "2091.10000", "2013-12-31": "2030.80000", "2013-09-30": "1969.80000", "2013-06-30": "1892.90000", "2013-03-31": "1798.80000", "2012-12-31": "1653.90000", "2012-09-30": "1562.80000", "2012-06-30": "1493.60000", "2012-03-31": "1425.80000", "2011-12-31": "1360.70000", "2011-09-30": "1297.60000", "2011-06-30": "1246.00000", "2011-03-31": "1187.90000", "2010-12-31": "1124.00000", "2010-09-30": "1059.20000", "2010-06-30": "1011.20000", "2010-03-31": "953.70000", "2009-12-31": "906.00000", "2009-09-30": "858.40000", "2009-06-30": "784.90000", "2009-03-31": "737.40000", "2008-12-31": "676.90000", "2008-09-30": "639.40000", "2008-06-30": "606.50000", "2008-03-31": "566.80000", "2007-12-31": "548.60000", "2007-09-30": "532.80000", "2007-06-30": "503.70000", "2007-03-31": "468.80000", "2006-12-31": "433.90000", "2006-09-30": "413.20000", "2006-06-30": "385.40000", "2006-03-31": "349.30000", "2005-12-31": "303.40000", "2005-09-30": "264.70000", "2005-06-30": "269.10000", "2005-03-31": "255.30000"}, "Comprehensive Income": {"2020-12-31": "-161.10000", "2020-09-30": "-157.90000", "2020-06-30": "-146.10000", "2020-03-31": "-152.00000", "2019-12-31": "-156.00000", "2019-09-30": "-155.80000", "2019-06-30": "-138.20000", "2019-03-31": "-141.20000", "2018-12-31": "-138.50000", "2018-09-30": "-139.00000", "2018-06-30": "-150.80000", "2018-03-31": "-121.30000", "2017-12-31": "-132.70000", "2017-09-30": "-142.70000", "2017-06-30": "-157.80000", "2017-03-31": "-181.50000", "2016-12-31": "-198.40000", "2016-09-30": "-171.20000", "2016-06-30": "-178.70000", "2016-03-31": "-172.60000", "2015-12-31": "-182.60000", "2015-09-30": "-169.20000", "2015-06-30": "-146.60000", "2015-03-31": "-147.90000", "2014-12-31": "-100.90000", "2014-09-30": "-70.60000", "2014-06-30": "-41.10000", "2014-03-31": "-32.40000", "2013-12-31": "-27.60000", "2013-09-30": "-42.90000", "2013-06-30": "-48.00000", "2013-03-31": "-52.00000", "2012-12-31": "-37.90000", "2012-09-30": "-37.10000", "2012-06-30": "-51.00000", "2012-03-31": "-24.60000", "2011-12-31": "-37.50000", "2011-09-30": "-23.20000", "2011-06-30": "-9.50000", "2011-03-31": "-15.50000", "2010-12-31": "-42.10000", "2010-09-30": "-24.20000", "2010-06-30": "-53.00000", "2010-03-31": "-24.90000", "2009-12-31": "-7.90000", "2009-09-30": "-6.50000", "2009-06-30": "-23.70000", "2009-03-31": "-33.80000", "2008-12-31": "-35.40000", "2008-09-30": "5.00000", "2008-06-30": "19.20000", "2008-03-31": "17.20000", "2007-12-31": "7.50000", "2007-09-30": "2.90000", "2007-06-30": "-8.90000", "2007-03-31": "-13.80000", "2006-12-31": "-15.80000", "2006-09-30": "-19.20000", "2006-06-30": "-20.40000", "2006-03-31": "-19.60000", "2005-12-31": "-22.20000", "2005-09-30": "-22.50000", "2005-06-30": "-33.90000", "2005-03-31": "-26.30000"}, "Other Share Holders Equity": {"2020-12-31": "", "2020-09-30": "", "2020-06-30": "", "2020-03-31": "", "2019-12-31": "", "2019-09-30": "", "2019-06-30": "", "2019-03-31": "", "2018-12-31": "", "2018-09-30": "", "2018-06-30": "", "2018-03-31": "", "2017-12-31": "", "2017-09-30": "", "2017-06-30": "", "2017-03-31": "", "2016-12-31": "", "2016-09-30": "", "2016-06-30": "", "2016-03-31": "", "2015-12-31": "", "2015-09-30": "", "2015-06-30": "", "2015-03-31": "", "2014-12-31": "", "2014-09-30": "", "2014-06-30": "", "2014-03-31": "", "2013-12-31": "", "2013-09-30": "", "2013-06-30": "", "2013-03-31": "", "2012-12-31": "", "2012-09-30": "", "2012-06-30": "", "2012-03-31": "", "2011-12-31": "", "2011-09-30": "", "2011-06-30": "", "2011-03-31": "", "2010-12-31": "", "2010-09-30": "", "2010-06-30": "", "2010-03-31": "", "2009-12-31": "", "2009-09-30": "", "2009-06-30": "", "2009-03-31": "", "2008-12-31": "", "2008-09-30": "", "2008-06-30": "", "2008-03-31": "", "2007-12-31": "", "2007-09-30": "", "2007-06-30": "", "2007-03-31": "", "2006-12-31": "", "2006-09-30": "", "2006-06-30": "", "2006-03-31": "", "2005-12-31": "", "2005-09-30": "", "2005-06-30": "", "2005-03-31": ""}, "Share Holder Equity": {"2020-12-31": "4574.30000", "2020-09-30": "4210.30000", "2020-06-30": "3839.10000", "2020-03-31": "3901.10000", "2019-12-31": "4148.30000", "2019-09-30": "3814.80000", "2019-06-30": "3500.30000", "2019-03-31": "3447.50000", "2018-12-31": "3140.40000", "2018-09-30": "3361.30000", "2018-06-30": "3164.20000", "2018-03-31": "3245.70000", "2017-12-31": "2956.20000", "2017-09-30": "3162.50000", "2017-06-30": "2939.60000", "2017-03-31": "2742.70000", "2016-12-31": "2619.00000", "2016-09-30": "2691.80000", "2016-06-30": "2471.20000", "2016-03-31": "2299.30000", "2015-12-31": "2503.10000", "2015-09-30": "2421.40000", "2015-06-30": "2288.60000", "2015-03-31": "2213.90000", "2014-12-31": "2191.40000", "2014-09-30": "2043.40000", "2014-06-30": "1914.90000", "2014-03-31": "1340.80000", "2013-12-31": "1544.40000", "2013-09-30": "1437.40000", "2013-06-30": "1579.80000", "2013-03-31": "1592.00000", "2012-12-31": "1479.30000", "2012-09-30": "1536.30000", "2012-06-30": "1434.60000", "2012-03-31": "1390.30000", "2011-12-31": "1337.90000", "2011-09-30": "1354.60000", "2011-06-30": "1385.20000", "2011-03-31": "1357.80000", "2010-12-31": "1308.20000", "2010-09-30": "1233.50000", "2010-06-30": "1117.80000", "2010-03-31": "1151.50000", "2009-12-31": "1157.90000", "2009-09-30": "1090.40000", "2009-06-30": "1003.10000", "2009-03-31": "943.30000", "2008-12-31": "878.80000", "2008-09-30": "874.50000", "2008-06-30": "897.30000", "2008-03-31": "777.60000", "2007-12-31": "835.00000", "2007-09-30": "823.80000", "2007-06-30": "807.50000", "2007-03-31": "785.00000", "2006-12-31": "749.40000", "2006-09-30": "727.90000", "2006-06-30": "722.40000", "2006-03-31": "723.50000", "2005-12-31": "690.00000", "2005-09-30": "659.20000", "2005-06-30": "661.70000", "2005-03-31": "648.10000"}, "Total Liabilities And Share Holders Equity": {"2020-12-31": "7237.10000", "2020-09-30": "6800.80000", "2020-06-30": "6424.10000", "2020-03-31": "6076.10000", "2019-12-31": "6488.10000", "2019-09-30": "5966.30000", "2019-06-30": "5573.50000", "2019-03-31": "5469.30000", "2018-12-31": "5323.70000", "2018-09-30": "5958.20000", "2018-06-30": "5686.10000", "2018-03-31": "5825.10000", "2017-12-31": "5666.40000", "2017-09-30": "5488.40000", "2017-06-30": "5138.50000", "2017-03-31": "4780.40000", "2016-12-31": "4510.00000", "2016-09-30": "4339.00000", "2016-06-30": "4051.40000", "2016-03-31": "3853.80000", "2015-12-31": "4056.30000", "2015-09-30": "3876.60000", "2015-06-30": "3608.30000", "2015-03-31": "3488.40000", "2014-12-31": "3523.00000", "2014-09-30": "3350.00000", "2014-06-30": "3326.60000", "2014-03-31": "2651.70000", "2013-12-31": "2709.90000", "2013-09-30": "2530.60000", "2013-06-30": "2339.70000", "2013-03-31": "2296.60000", "2012-12-31": "2221.50000", "2012-09-30": "2195.80000", "2012-06-30": "2075.10000", "2012-03-31": "2004.20000", "2011-12-31": "1980.50000", "2011-09-30": "1982.90000", "2011-06-30": "2002.40000", "2011-03-31": "1931.10000", "2010-12-31": "1767.20000", "2010-09-30": "1725.40000", "2010-06-30": "1641.90000", "2010-03-31": "1604.40000", "2009-12-31": "1615.50000", "2009-09-30": "1602.10000", "2009-06-30": "1465.10000", "2009-03-31": "1358.90000", "2008-12-31": "1400.20000", "2008-09-30": "1381.20000", "2008-06-30": "1348.30000", "2008-03-31": "1310.30000", "2007-12-31": "1349.80000", "2007-09-30": "1299.70000", "2007-06-30": "1251.80000", "2007-03-31": "1249.20000", "2006-12-31": "1246.80000", "2006-09-30": "1240.30000", "2006-06-30": "1259.20000", "2006-03-31": "1239.50000", "2005-12-31": "1229.10000", "2005-09-30": "1145.00000", "2005-06-30": "1150.80000", "2005-03-31": "1123.10000"}}, "cash flow statement": {"Net Income/Loss": {"2020-12-31": "0.00000", "2019-12-31": "1046.90000", "2018-12-31": "722.20000", "2017-12-31": "583.60000", "2016-12-31": "569.50000", "2015-12-31": "494.90000", "2014-12-31": "811.10000", "2013-12-31": "389.10000", "2012-12-31": "291.50000", "2011-12-31": "236.70000", "2010-12-31": "218.00000", "2009-12-31": "229.10000", "2008-12-31": "128.90000", "2007-12-31": "113.00000", "2006-12-31": "130.50000", "2005-12-31": "79.30000"}, "Total Depreciation And Amortization - Cash Flow": {"2020-12-31": "", "2019-12-31": "89.30000", "2018-12-31": "77.40000", "2017-12-31": "81.90000", "2016-12-31": "71.20000", "2015-12-31": "65.80000", "2014-12-31": "68.60000", "2013-12-31": "62.90000", "2012-12-31": "53.70000", "2011-12-31": "58.00000", "2010-12-31": "56.50000", "2009-12-31": "58.70000", "2008-12-31": "55.60000", "2007-12-31": "54.80000", "2006-12-31": "56.80000", "2005-12-31": "56.20000"}, "Other Non-Cash Items": {"2020-12-31": "", "2019-12-31": "223.50000", "2018-12-31": "169.80000", "2017-12-31": "94.30000", "2016-12-31": "-35.80000", "2015-12-31": "-75.20000", "2014-12-31": "-58.30000", "2013-12-31": "-31.80000", "2012-12-31": "-37.60000", "2011-12-31": "49.50000", "2010-12-31": "-22.00000", "2009-12-31": "-68.40000", "2008-12-31": "3.50000", "2007-12-31": "39.50000", "2006-12-31": "57.60000", "2005-12-31": "0.40000"}, "Total Non-Cash Items": {"2020-12-31": "", "2019-12-31": "312.80000", "2018-12-31": "247.20000", "2017-12-31": "176.20000", "2016-12-31": "35.40000", "2015-12-31": "-9.40000", "2014-12-31": "10.30000", "2013-12-31": "31.10000", "2012-12-31": "16.10000", "2011-12-31": "107.50000", "2010-12-31": "34.50000", "2009-12-31": "-9.70000", "2008-12-31": "59.10000", "2007-12-31": "94.30000", "2006-12-31": "114.40000", "2005-12-31": "56.60000"}, "Change In Accounts Receivable": {"2020-12-31": "", "2019-12-31": "-88.00000", "2018-12-31": "-28.70000", "2017-12-31": "-27.80000", "2016-12-31": "-60.40000", "2015-12-31": "-38.30000", "2014-12-31": "-26.80000", "2013-12-31": "8.50000", "2012-12-31": "-26.50000", "2011-12-31": "-53.70000", "2010-12-31": "-34.20000", "2009-12-31": "-51.60000", "2008-12-31": "-68.50000", "2007-12-31": "5.30000", "2006-12-31": "3.40000", "2005-12-31": "-15.20000"}, "Change In Inventories": {"2020-12-31": "", "2019-12-31": "-105.40000", "2018-12-31": "-65.70000", "2017-12-31": "-124.00000", "2016-12-31": "-65.60000", "2015-12-31": "-67.70000", "2014-12-31": "-30.50000", "2013-12-31": "-44.40000", "2012-12-31": "-21.70000", "2011-12-31": "-57.00000", "2010-12-31": "-36.80000", "2009-12-31": "-13.10000", "2008-12-31": "-17.80000", "2007-12-31": "-9.00000", "2006-12-31": "-12.80000", "2005-12-31": "-12.90000"}, "Change In Accounts Payable": {"2020-12-31": "", "2019-12-31": "", "2018-12-31": "", "2017-12-31": "", "2016-12-31": "", "2015-12-31": "", "2014-12-31": "", "2013-12-31": "", "2012-12-31": "", "2011-12-31": "", "2010-12-31": "", "2009-12-31": "", "2008-12-31": "", "2007-12-31": "", "2006-12-31": "", "2005-12-31": ""}, "Change In Assets/Liabilities": {"2020-12-31": "", "2019-12-31": "33.40000", "2018-12-31": "17.10000", "2017-12-31": "5.20000", "2016-12-31": "42.70000", "2015-12-31": "6.30000", "2014-12-31": "17.20000", "2013-12-31": "7.60000", "2012-12-31": "20.00000", "2011-12-31": "19.30000", "2010-12-31": "6.30000", "2009-12-31": "7.90000", "2008-12-31": "-0.60000", "2007-12-31": "-4.50000", "2006-12-31": "1.10000", "2005-12-31": "0.60000"}, "Total Change In Assets/Liabilities": {"2020-12-31": "", "2019-12-31": "-180.30000", "2018-12-31": "-42.60000", "2017-12-31": "240.90000", "2016-12-31": "99.50000", "2015-12-31": "64.20000", "2014-12-31": "200.90000", "2013-12-31": "52.50000", "2012-12-31": "54.50000", "2011-12-31": "-36.00000", "2010-12-31": "-1.10000", "2009-12-31": "-54.10000", "2008-12-31": "-34.80000", "2007-12-31": "5.80000", "2006-12-31": "-12.20000", "2005-12-31": "-2.40000"}, "Cash Flow From Operating Activities": {"2020-12-31": "", "2019-12-31": "1179.40000", "2018-12-31": "926.80000", "2017-12-31": "1000.70000", "2016-12-31": "704.40000", "2015-12-31": "549.70000", "2014-12-31": "1022.30000", "2013-12-31": "472.70000", "2012-12-31": "362.10000", "2011-12-31": "308.20000", "2010-12-31": "251.40000", "2009-12-31": "165.30000", "2008-12-31": "153.20000", "2007-12-31": "213.10000", "2006-12-31": "232.70000", "2005-12-31": "136.80000"}, "Net Change In Property, Plant, And Equipment": {"2020-12-31": "", "2019-12-31": "-254.40000", "2018-12-31": "-238.70000", "2017-12-31": "-168.10000", "2016-12-31": "-176.10000", "2015-12-31": "-102.70000", "2014-12-31": "-79.80000", "2013-12-31": "-106.70000", "2012-12-31": "-106.00000", "2011-12-31": "-72.70000", "2010-12-31": "-55.20000", "2009-12-31": "33.90000", "2008-12-31": "46.40000", "2007-12-31": "-49.80000", "2006-12-31": "-35.20000", "2005-12-31": "-23.90000"}, "Net Change In Intangible Assets": {"2020-12-31": "", "2019-12-31": "", "2018-12-31": "", "2017-12-31": "", "2016-12-31": "", "2015-12-31": "", "2014-12-31": "", "2013-12-31": "", "2012-12-31": "", "2011-12-31": "", "2010-12-31": "", "2009-12-31": "", "2008-12-31": "", "2007-12-31": "", "2006-12-31": "", "2005-12-31": ""}, "Net Acquisitions/Divestitures": {"2020-12-31": "", "2019-12-31": "-100.20000", "2018-12-31": "", "2017-12-31": "-192.90000", "2016-12-31": "", "2015-12-31": "-331.60000", "2014-12-31": "-15.00000", "2013-12-31": "", "2012-12-31": "-36.60000", "2011-12-31": "-42.60000", "2010-12-31": "", "2009-12-31": "", "2008-12-31": "", "2007-12-31": "-37.00000", "2006-12-31": "", "2005-12-31": ""}, "Net Change In Short-term Investments": {"2020-12-31": "", "2019-12-31": "", "2018-12-31": "", "2017-12-31": "", "2016-12-31": "-9.80000", "2015-12-31": "-9.20000", "2014-12-31": "-359.60000", "2013-12-31": "-298.20000", "2012-12-31": "69.10000", "2011-12-31": "-290.30000", "2010-12-31": "-0.40000", "2009-12-31": "9.70000", "2008-12-31": "35.40000", "2007-12-31": "-52.10000", "2006-12-31": "-1.90000", "2005-12-31": ""}, "Net Change In Long-Term Investments": {"2020-12-31": "", "2019-12-31": "-217.20000", "2018-12-31": "339.00000", "2017-12-31": "-238.70000", "2016-12-31": "-27.00000", "2015-12-31": "125.00000", "2014-12-31": "-178.60000", "2013-12-31": "-3.80000", "2012-12-31": "-6.20000", "2011-12-31": "-0.90000", "2010-12-31": "-5.90000", "2009-12-31": "-3.50000", "2008-12-31": "-23.00000", "2007-12-31": "-8.00000", "2006-12-31": "-3.40000", "2005-12-31": "-4.00000"}, "Net Change In Investments - Total": {"2020-12-31": "", "2019-12-31": "-217.20000", "2018-12-31": "339.00000", "2017-12-31": "-238.70000", "2016-12-31": "-36.80000", "2015-12-31": "115.80000", "2014-12-31": "-538.20000", "2013-12-31": "-302.00000", "2012-12-31": "62.90000", "2011-12-31": "-291.20000", "2010-12-31": "-6.30000", "2009-12-31": "6.20000", "2008-12-31": "12.40000", "2007-12-31": "-60.10000", "2006-12-31": "-5.30000", "2005-12-31": "-4.00000"}, "Investing Activities - Other": {"2020-12-31": "", "2019-12-31": "-24.00000", "2018-12-31": "-23.60000", "2017-12-31": "-47.50000", "2016-12-31": "1.20000", "2015-12-31": "2.40000", "2014-12-31": "", "2013-12-31": "-4.00000", "2012-12-31": "0.90000", "2011-12-31": "", "2010-12-31": "", "2009-12-31": "", "2008-12-31": "", "2007-12-31": "-0.50000", "2006-12-31": "2.90000", "2005-12-31": "0.70000"}, "Cash Flow From Investing Activities": {"2020-12-31": "", "2019-12-31": "-595.80000", "2018-12-31": "76.70000", "2017-12-31": "-647.20000", "2016-12-31": "-211.70000", "2015-12-31": "-316.10000", "2014-12-31": "-633.00000", "2013-12-31": "-412.70000", "2012-12-31": "-78.80000", "2011-12-31": "-406.50000", "2010-12-31": "-61.50000", "2009-12-31": "40.10000", "2008-12-31": "58.80000", "2007-12-31": "-147.40000", "2006-12-31": "-37.60000", "2005-12-31": "-27.20000"}, "Net Long-Term Debt": {"2020-12-31": "", "2019-12-31": "-10.00000", "2018-12-31": "-437.30000", "2017-12-31": "176.30000", "2016-12-31": "222.10000", "2015-12-31": "1.90000", "2014-12-31": "-12.70000", "2013-12-31": "409.60000", "2012-12-31": "39.50000", "2011-12-31": "104.40000", "2010-12-31": "-48.40000", "2009-12-31": "-84.60000", "2008-12-31": "94.20000", "2007-12-31": "-27.90000", "2006-12-31": "-85.90000", "2005-12-31": "59.10000"}, "Net Current Debt": {"2020-12-31": "", "2019-12-31": "", "2018-12-31": "", "2017-12-31": "", "2016-12-31": "", "2015-12-31": "", "2014-12-31": "", "2013-12-31": "", "2012-12-31": "", "2011-12-31": "", "2010-12-31": "", "2009-12-31": "", "2008-12-31": "", "2007-12-31": "", "2006-12-31": "", "2005-12-31": ""}, "Debt Issuance/Retirement Net - Total": {"2020-12-31": "", "2019-12-31": "-10.00000", "2018-12-31": "-437.30000", "2017-12-31": "176.30000", "2016-12-31": "222.10000", "2015-12-31": "1.90000", "2014-12-31": "-12.70000", "2013-12-31": "409.60000", "2012-12-31": "39.50000", "2011-12-31": "104.40000", "2010-12-31": "-48.40000", "2009-12-31": "-84.60000", "2008-12-31": "94.20000", "2007-12-31": "-27.90000", "2006-12-31": "-85.90000", "2005-12-31": "59.10000"}, "Net Common Equity Issued/Repurchased": {"2020-12-31": "", "2019-12-31": "-102.80000", "2018-12-31": "-648.50000", "2017-12-31": "-649.50000", "2016-12-31": "-559.00000", "2015-12-31": "-192.90000", "2014-12-31": "-187.60000", "2013-12-31": "-451.40000", "2012-12-31": "-244.00000", "2011-12-31": "-243.90000", "2010-12-31": "-107.90000", "2009-12-31": "-28.80000", "2008-12-31": "-242.70000", "2007-12-31": "-92.20000", "2006-12-31": "-112.40000", "2005-12-31": "-27.30000"}, "Net Total Equity Issued/Repurchased": {"2020-12-31": "", "2019-12-31": "-102.80000", "2018-12-31": "-648.50000", "2017-12-31": "-649.50000", "2016-12-31": "-559.00000", "2015-12-31": "-192.90000", "2014-12-31": "-187.60000", "2013-12-31": "-451.40000", "2012-12-31": "-244.00000", "2011-12-31": "-243.90000", "2010-12-31": "-107.90000", "2009-12-31": "-28.80000", "2008-12-31": "-242.70000", "2007-12-31": "-92.20000", "2006-12-31": "-112.40000", "2005-12-31": "-27.30000"}, "Total Common And Preferred Stock Dividends Paid": {"2020-12-31": "", "2019-12-31": "", "2018-12-31": "", "2017-12-31": "", "2016-12-31": "", "2015-12-31": "", "2014-12-31": "", "2013-12-31": "", "2012-12-31": "", "2011-12-31": "", "2010-12-31": "", "2009-12-31": "", "2008-12-31": "", "2007-12-31": "", "2006-12-31": "", "2005-12-31": ""}, "Financial Activities - Other": {"2020-12-31": "", "2019-12-31": "-2.80000", "2018-12-31": "-15.40000", "2017-12-31": "", "2016-12-31": "68.40000", "2015-12-31": "32.40000", "2014-12-31": "47.30000", "2013-12-31": "76.70000", "2012-12-31": "48.90000", "2011-12-31": "4.30000", "2010-12-31": "52.40000", "2009-12-31": "21.60000", "2008-12-31": "14.40000", "2007-12-31": "12.00000", "2006-12-31": "4.70000", "2005-12-31": "-2.80000"}, "Cash Flow From Financial Activities": {"2020-12-31": "", "2019-12-31": "-115.60000", "2018-12-31": "-1101.20000", "2017-12-31": "-473.20000", "2016-12-31": "-268.50000", "2015-12-31": "-158.60000", "2014-12-31": "-153.00000", "2013-12-31": "34.90000", "2012-12-31": "-155.60000", "2011-12-31": "-135.20000", "2010-12-31": "-103.90000", "2009-12-31": "-91.80000", "2008-12-31": "-134.10000", "2007-12-31": "-108.10000", "2006-12-31": "-193.60000", "2005-12-31": "29.00000"}, "Net Cash Flow": {"2020-12-31": "", "2019-12-31": "465.00000", "2018-12-31": "-104.20000", "2017-12-31": "-111.80000", "2016-12-31": "211.70000", "2015-12-31": "64.60000", "2014-12-31": "233.40000", "2013-12-31": "109.50000", "2012-12-31": "139.70000", "2011-12-31": "-224.90000", "2010-12-31": "62.00000", "2009-12-31": "115.40000", "2008-12-31": "76.90000", "2007-12-31": "-41.00000", "2006-12-31": "4.20000", "2005-12-31": "129.70000"}, "Stock-Based Compensation": {"2020-12-31": "", "2019-12-31": "81.30000", "2018-12-31": "71.00000", "2017-12-31": "61.60000", "2016-12-31": "56.90000", "2015-12-31": "49.90000", "2014-12-31": "48.30000", "2013-12-31": "47.40000", "2012-12-31": "42.10000", "2011-12-31": "35.00000", "2010-12-31": "29.30000", "2009-12-31": "28.30000", "2008-12-31": "28.70000", "2007-12-31": "27.70000", "2006-12-31": "26.60000", "2005-12-31": "3.30000"}, "Common Stock Dividends Paid": {"2020-12-31": "", "2019-12-31": "", "2018-12-31": "", "2017-12-31": "", "2016-12-31": "", "2015-12-31": "", "2014-12-31": "", "2013-12-31": "", "2012-12-31": "", "2011-12-31": "", "2010-12-31": "", "2009-12-31": "", "2008-12-31": "", "2007-12-31": "", "2006-12-31": "", "2005-12-31": ""}}, "cash flow statement, quarterly": {"Net Income/Loss": {"2020-12-31": -513.9, "2020-09-30": 325.2, "2020-06-30": -121.9, "2020-03-31": "310.60000", "2019-12-31": 280.2, "2019-09-30": 274.7, "2019-06-30": 242.3, "2019-03-31": "249.70000", "2018-12-31": 7, "2018-09-30": 225.9, "2018-06-30": 282.7, "2018-03-31": "206.60000", "2017-12-31": -2.8, "2017-09-30": 170.1, "2017-06-30": 186.1, "2017-03-31": "230.20000", "2016-12-31": 158.5, "2016-09-30": 141.4, "2016-06-30": 126.6, "2016-03-31": "143.00000", "2015-12-31": 140.7, "2015-09-30": 118.1, "2015-06-30": 112.7, "2015-03-31": "123.40000", "2014-12-31": 109.2, "2014-09-30": 94.6, "2014-06-30": 547, "2014-03-31": "60.30000", "2013-12-31": 75.1, "2013-09-30": 76.8, "2013-06-30": 93.3, "2013-03-31": "143.90000", "2012-12-31": 89.4, "2012-09-30": 69.2, "2012-06-30": 67.8, "2012-03-31": "65.10000", "2011-12-31": 63.1, "2011-09-30": 51.6, "2011-06-30": 58.1, "2011-03-31": "63.90000", "2010-12-31": 64.8, "2010-09-30": 48, "2010-06-30": 57.5, "2010-03-31": "47.70000", "2009-12-31": 47.6, "2009-09-30": 73.5, "2009-06-30": 47.5, "2009-03-31": "60.50000", "2008-12-31": 38.1, "2008-09-30": 32.9, "2008-06-30": 39.7, "2008-03-31": "18.20000", "2007-12-31": 15.8, "2007-09-30": 29.1, "2007-06-30": 34.9, "2007-03-31": "33.20000", "2006-12-31": 20.7, "2006-09-30": 27.8, "2006-06-30": 36.1, "2006-03-31": "45.90000", "2005-12-31": 38.6, "2005-09-30": -4.4, "2005-06-30": 13.9, "2005-03-31": "31.20000"}, "Total Depreciation And Amortization - Cash Flow": {"2020-12-31": -74.6, "2020-09-30": 25.6, "2020-06-30": 24.5, "2020-03-31": "24.50000", "2019-12-31": 23.9, "2019-09-30": 23.1, "2019-06-30": 21.7, "2019-03-31": "20.60000", "2018-12-31": 19.9, "2018-09-30": 19.2, "2018-06-30": 19.2, "2018-03-31": "19.10000", "2017-12-31": 21.2, "2017-09-30": 20.7, "2017-06-30": 18.9, "2017-03-31": "21.10000", "2016-12-31": 19.1, "2016-09-30": 18.2, "2016-06-30": 18, "2016-03-31": "15.90000", "2015-12-31": 14.5, "2015-09-30": 18.5, "2015-06-30": 16.8, "2015-03-31": "16.00000", "2014-12-31": 18.3, "2014-09-30": 18, "2014-06-30": 16.1, "2014-03-31": "16.20000", "2013-12-31": 17.1, "2013-09-30": 17, "2013-06-30": 14.7, "2013-03-31": "14.10000", "2012-12-31": 11.5, "2012-09-30": 14.4, "2012-06-30": 14, "2012-03-31": "13.80000", "2011-12-31": 14.8, "2011-09-30": 13.9, "2011-06-30": 14.8, "2011-03-31": "14.50000", "2010-12-31": 15.4, "2010-09-30": 13.4, "2010-06-30": 13.7, "2010-03-31": "14.00000", "2009-12-31": 14.2, "2009-09-30": 15.4, "2009-06-30": 14.9, "2009-03-31": "14.20000", "2008-12-31": 14.3, "2008-09-30": 13.8, "2008-06-30": 14, "2008-03-31": "13.50000", "2007-12-31": 13.7, "2007-09-30": 14, "2007-06-30": 13.7, "2007-03-31": "13.40000", "2006-12-31": 14.6, "2006-09-30": 13.8, "2006-06-30": 14.2, "2006-03-31": "14.20000", "2005-12-31": 14.4, "2005-09-30": 14, "2005-06-30": 14.2, "2005-03-31": "13.60000"}, "Other Non-Cash Items": {"2020-12-31": -332.8, "2020-09-30": -80.1, "2020-06-30": 366.2, "2020-03-31": "46.70000", "2019-12-31": 207.7, "2019-09-30": 50.8, "2019-06-30": -91, "2019-03-31": "56.00000", "2018-12-31": 73.7, "2018-09-30": 22.9, "2018-06-30": 65.5, "2018-03-31": "7.70000", "2017-12-31": -19.1, "2017-09-30": 5, "2017-06-30": 56.1, "2017-03-31": "52.30000", "2016-12-31": -24.6, "2016-09-30": -5.6, "2016-06-30": -10, "2016-03-31": "4.40000", "2015-12-31": -91.4, "2015-09-30": 10, "2015-06-30": -0.4, "2015-03-31": "6.60000", "2014-12-31": -63.9, "2014-09-30": 1.2, "2014-06-30": 1.1, "2014-03-31": "3.30000", "2013-12-31": -6.9, "2013-09-30": 8.9, "2013-06-30": 16.3, "2013-03-31": "-50.10000", "2012-12-31": -38.4, "2012-09-30": 16.2, "2012-06-30": 12.8, "2012-03-31": "-28.20000", "2011-12-31": 22.1, "2011-09-30": 19.5, "2011-06-30": 18.4, "2011-03-31": "-10.50000", "2010-12-31": -12.2, "2010-09-30": 7, "2010-06-30": -4.7, "2010-03-31": "-12.10000", "2009-12-31": -2.3, "2009-09-30": -45.3, "2009-06-30": -4.9, "2009-03-31": "-15.90000", "2008-12-31": -24.7, "2008-09-30": 5, "2008-06-30": 9.2, "2008-03-31": "14.00000", "2007-12-31": 20.2, "2007-09-30": 3.5, "2007-06-30": 7.8, "2007-03-31": "8.00000", "2006-12-31": 58.5, "2006-09-30": 5.3, "2006-06-30": -7.5, "2006-03-31": "1.30000", "2005-12-31": -16.8, "2005-09-30": 3.4, "2005-06-30": 5.9, "2005-03-31": "7.90000"}, "Total Non-Cash Items": {"2020-12-31": -407.4, "2020-09-30": -54.5, "2020-06-30": 390.7, "2020-03-31": "71.20000", "2019-12-31": 231.6, "2019-09-30": 73.9, "2019-06-30": -69.3, "2019-03-31": "76.60000", "2018-12-31": 93.6, "2018-09-30": 42.1, "2018-06-30": 84.7, "2018-03-31": "26.80000", "2017-12-31": 2.1, "2017-09-30": 25.7, "2017-06-30": 75, "2017-03-31": "73.40000", "2016-12-31": -5.5, "2016-09-30": 12.6, "2016-06-30": 8, "2016-03-31": "20.30000", "2015-12-31": -76.9, "2015-09-30": 28.5, "2015-06-30": 16.4, "2015-03-31": "22.60000", "2014-12-31": -45.6, "2014-09-30": 19.2, "2014-06-30": 17.2, "2014-03-31": "19.50000", "2013-12-31": 10.2, "2013-09-30": 25.9, "2013-06-30": 31, "2013-03-31": "-36.00000", "2012-12-31": -26.9, "2012-09-30": 30.6, "2012-06-30": 26.8, "2012-03-31": "-14.40000", "2011-12-31": 36.9, "2011-09-30": 33.4, "2011-06-30": 33.2, "2011-03-31": "4.00000", "2010-12-31": 3.2, "2010-09-30": 20.4, "2010-06-30": 9, "2010-03-31": "1.90000", "2009-12-31": 11.9, "2009-09-30": -29.9, "2009-06-30": 10, "2009-03-31": "-1.70000", "2008-12-31": -10.4, "2008-09-30": 18.8, "2008-06-30": 23.2, "2008-03-31": "27.50000", "2007-12-31": 33.9, "2007-09-30": 17.5, "2007-06-30": 21.5, "2007-03-31": "21.40000", "2006-12-31": 73.1, "2006-09-30": 19.1, "2006-06-30": 6.7, "2006-03-31": "15.50000", "2005-12-31": -2.4, "2005-09-30": 17.4, "2005-06-30": 20.1, "2005-03-31": "21.50000"}, "Change In Accounts Receivable": {"2020-12-31": 9.2, "2020-09-30": -30.7, "2020-06-30": 25.7, "2020-03-31": "-4.20000", "2019-12-31": -17.7, "2019-09-30": 18.9, "2019-06-30": -43.4, "2019-03-31": "-45.80000", "2018-12-31": -28.4, "2018-09-30": -2.9, "2018-06-30": -24.8, "2018-03-31": "27.40000", "2017-12-31": -7.1, "2017-09-30": 54.1, "2017-06-30": 6.7, "2017-03-31": "-81.50000", "2016-12-31": -5.6, "2016-09-30": 9.9, "2016-06-30": -32.5, "2016-03-31": "-32.20000", "2015-12-31": -10, "2015-09-30": 11.2, "2015-06-30": -3, "2015-03-31": "-36.50000", "2014-12-31": -16.1, "2014-09-30": -10.5, "2014-06-30": -22.9, "2014-03-31": "22.70000", "2013-12-31": -0.7, "2013-09-30": 17.9, "2013-06-30": -14.1, "2013-03-31": "5.40000", "2012-12-31": -22.5, "2012-09-30": 18.2, "2012-06-30": 2.7, "2012-03-31": "-24.90000", "2011-12-31": -15.2, "2011-09-30": 9.8, "2011-06-30": -13.4, "2011-03-31": "-34.90000", "2010-12-31": -2.4, "2010-09-30": 9.3, "2010-06-30": -25.5, "2010-03-31": "-15.60000", "2009-12-31": 0.5, "2009-09-30": 10, "2009-06-30": -10.2, "2009-03-31": "-51.90000", "2008-12-31": 0.3, "2008-09-30": -49.2, "2008-06-30": -16.3, "2008-03-31": "-3.30000", "2007-12-31": 4.5, "2007-09-30": 4.8, "2007-06-30": -6.9, "2007-03-31": "2.90000", "2006-12-31": 6.9, "2006-09-30": 6.4, "2006-06-30": -7.7, "2006-03-31": "-2.20000", "2005-12-31": 6.7, "2005-09-30": 2.8, "2005-06-30": -3.9, "2005-03-31": "-20.80000"}, "Change In Inventories": {"2020-12-31": 118.2, "2020-09-30": -19, "2020-06-30": -64, "2020-03-31": "-35.20000", "2019-12-31": -21.5, "2019-09-30": -22, "2019-06-30": -32.5, "2019-03-31": "-29.40000", "2018-12-31": -22.2, "2018-09-30": -23, "2018-06-30": -17.2, "2018-03-31": "-3.30000", "2017-12-31": -14.2, "2017-09-30": -37.6, "2017-06-30": -47.9, "2017-03-31": "-24.30000", "2016-12-31": -22.5, "2016-09-30": -28.4, "2016-06-30": -10.1, "2016-03-31": "-4.60000", "2015-12-31": -11.6, "2015-09-30": -23.8, "2015-06-30": -13.4, "2015-03-31": "-18.90000", "2014-12-31": -11.5, "2014-09-30": -7.5, "2014-06-30": -11, "2014-03-31": "-0.50000", "2013-12-31": -3.1, "2013-09-30": -9.6, "2013-06-30": -13, "2013-03-31": "-18.70000", "2012-12-31": 2.2, "2012-09-30": -12.5, "2012-06-30": -3.5, "2012-03-31": "-7.90000", "2011-12-31": -18.7, "2011-09-30": -23.5, "2011-06-30": -8.9, "2011-03-31": "-5.90000", "2010-12-31": 6.7, "2010-09-30": -15.9, "2010-06-30": -14.4, "2010-03-31": "-13.20000", "2009-12-31": 0.8, "2009-09-30": -5.9, "2009-06-30": -8.6, "2009-03-31": "0.60000", "2008-12-31": -6.4, "2008-09-30": -11.5, "2008-06-30": 0.3, "2008-03-31": "-0.20000", "2007-12-31": 3.2, "2007-09-30": -10.8, "2007-06-30": -2.3, "2007-03-31": "0.90000", "2006-12-31": 2.1, "2006-09-30": -9.7, "2006-06-30": -2.7, "2006-03-31": "-2.50000", "2005-12-31": 2, "2005-09-30": -5, "2005-06-30": -7.9, "2005-03-31": "-2.00000"}, "Change In Accounts Payable": {"2020-12-31": 0, "2020-09-30": 0, "2020-06-30": 0, "2020-03-31": "", "2019-12-31": 0, "2019-09-30": 0, "2019-06-30": 0, "2019-03-31": "", "2018-12-31": 0, "2018-09-30": 0, "2018-06-30": 0, "2018-03-31": "", "2017-12-31": 0, "2017-09-30": 0, "2017-06-30": 0, "2017-03-31": "", "2016-12-31": 0, "2016-09-30": 0, "2016-06-30": 0, "2016-03-31": "", "2015-12-31": 0, "2015-09-30": 0, "2015-06-30": 0, "2015-03-31": "", "2014-12-31": 0, "2014-09-30": 0, "2014-06-30": 0, "2014-03-31": "", "2013-12-31": 0, "2013-09-30": 0, "2013-06-30": 0, "2013-03-31": "", "2012-12-31": 0, "2012-09-30": 0, "2012-06-30": 0, "2012-03-31": "", "2011-12-31": 0, "2011-09-30": 0, "2011-06-30": 0, "2011-03-31": "", "2010-12-31": 0, "2010-09-30": 0, "2010-06-30": 0, "2010-03-31": "", "2009-12-31": 0, "2009-09-30": 0, "2009-06-30": 0, "2009-03-31": "", "2008-12-31": 0, "2008-09-30": 0, "2008-06-30": 0, "2008-03-31": "", "2007-12-31": 0, "2007-09-30": 0, "2007-06-30": 0, "2007-03-31": "", "2006-12-31": 0, "2006-09-30": 0, "2006-06-30": 0, "2006-03-31": "", "2005-12-31": 0, "2005-09-30": 0, "2005-06-30": 0, "2005-03-31": ""}, "Change In Assets/Liabilities": {"2020-12-31": 20.1, "2020-09-30": -11.6, "2020-06-30": 14.7, "2020-03-31": "-23.20000", "2019-12-31": 34.9, "2019-09-30": -10.1, "2019-06-30": -0.3, "2019-03-31": "8.90000", "2018-12-31": 3.7, "2018-09-30": 26.7, "2018-06-30": 17.3, "2018-03-31": "-30.60000", "2017-12-31": -1.7, "2017-09-30": -6.9, "2017-06-30": 8.1, "2017-03-31": "5.70000", "2016-12-31": 7.7, "2016-09-30": 4.1, "2016-06-30": 27.5, "2016-03-31": "3.40000", "2015-12-31": -2.5, "2015-09-30": -5.7, "2015-06-30": -0.7, "2015-03-31": "15.20000", "2014-12-31": 20.5, "2014-09-30": 0.4, "2014-06-30": -4.2, "2014-03-31": "0.50000", "2013-12-31": -17.7, "2013-09-30": -0.2, "2013-06-30": -3.1, "2013-03-31": "28.60000", "2012-12-31": -3.4, "2012-09-30": 3.5, "2012-06-30": 16.2, "2012-03-31": "3.70000", "2011-12-31": 14.9, "2011-09-30": 15, "2011-06-30": -7.4, "2011-03-31": "-3.20000", "2010-12-31": 23.3, "2010-09-30": -3.9, "2010-06-30": -20.1, "2010-03-31": "7.00000", "2009-12-31": 8.8, "2009-09-30": 4, "2009-06-30": -4.3, "2009-03-31": "-0.60000", "2008-12-31": 6.4, "2008-09-30": 4, "2008-06-30": -12, "2008-03-31": "1.00000", "2007-12-31": 0.2, "2007-09-30": 3.5, "2007-06-30": -2.4, "2007-03-31": "-5.80000", "2006-12-31": 6.1, "2006-09-30": 7.8, "2006-06-30": -16, "2006-03-31": "3.20000", "2005-12-31": 4.5, "2005-09-30": 4.6, "2005-06-30": -5.7, "2005-03-31": "-2.80000"}, "Total Change In Assets/Liabilities": {"2020-12-31": 267, "2020-09-30": -54.6, "2020-06-30": -37.6, "2020-03-31": "-174.80000", "2019-12-31": -112.4, "2019-09-30": 88.7, "2019-06-30": 168.2, "2019-03-31": "-324.80000", "2018-12-31": 192.4, "2018-09-30": 74.3, "2018-06-30": -227.2, "2018-03-31": "-82.10000", "2017-12-31": 364.6, "2017-09-30": 115, "2017-06-30": -63.4, "2017-03-31": "-175.30000", "2016-12-31": 48.1, "2016-09-30": 51.9, "2016-06-30": 55.7, "2016-03-31": "-56.20000", "2015-12-31": 40, "2015-09-30": 55.9, "2015-06-30": 41, "2015-03-31": "-72.70000", "2014-12-31": 29.6, "2014-09-30": -101.6, "2014-06-30": 213.8, "2014-03-31": "59.10000", "2013-12-31": 26, "2013-09-30": 29.5, "2013-06-30": 3.8, "2013-03-31": "-6.80000", "2012-12-31": 52.2, "2012-09-30": 31.5, "2012-06-30": 52.2, "2012-03-31": "-81.40000", "2011-12-31": -6.6, "2011-09-30": 30.4, "2011-06-30": -6.8, "2011-03-31": "-53.00000", "2010-12-31": 26, "2010-09-30": 28, "2010-06-30": -18.5, "2010-03-31": "-36.60000", "2009-12-31": 6.4, "2009-09-30": 27.9, "2009-06-30": 6.4, "2009-03-31": "-94.80000", "2008-12-31": 52.8, "2008-09-30": -37.9, "2008-06-30": -33.9, "2008-03-31": "-15.80000", "2007-12-31": 29.4, "2007-09-30": 12.9, "2007-06-30": -18.2, "2007-03-31": "-18.30000", "2006-12-31": -2.1, "2006-09-30": 6.2, "2006-06-30": -10.1, "2006-03-31": "-6.20000", "2005-12-31": 4.8, "2005-09-30": 26, "2005-06-30": -1.4, "2005-03-31": "-31.80000"}, "Cash Flow From Operating Activities": {"2020-12-31": -654.3, "2020-09-30": 216.1, "2020-06-30": 231.2, "2020-03-31": "207.00000", "2019-12-31": 399.4, "2019-09-30": 437.3, "2019-06-30": 341.2, "2019-03-31": "1.50000", "2018-12-31": 293, "2018-09-30": 342.3, "2018-06-30": 140.2, "2018-03-31": "151.30000", "2017-12-31": 363.9, "2017-09-30": 310.8, "2017-06-30": 197.7, "2017-03-31": "128.30000", "2016-12-31": 201.1, "2016-09-30": 205.9, "2016-06-30": 190.3, "2016-03-31": "107.10000", "2015-12-31": 103.8, "2015-09-30": 202.5, "2015-06-30": 170.1, "2015-03-31": "73.30000", "2014-12-31": 93.2, "2014-09-30": 12.2, "2014-06-30": 778, "2014-03-31": "138.90000", "2013-12-31": 111.3, "2013-09-30": 132.2, "2013-06-30": 128.1, "2013-03-31": "101.10000", "2012-12-31": 114.7, "2012-09-30": 131.3, "2012-06-30": 146.8, "2012-03-31": "-30.70000", "2011-12-31": 93.4, "2011-09-30": 115.4, "2011-06-30": 84.5, "2011-03-31": "14.90000", "2010-12-31": 94, "2010-09-30": 96.4, "2010-06-30": 48, "2010-03-31": "13.00000", "2009-12-31": 65.9, "2009-09-30": 71.5, "2009-06-30": 63.9, "2009-03-31": "-36.00000", "2008-12-31": 80.5, "2008-09-30": 13.8, "2008-06-30": 29, "2008-03-31": "29.90000", "2007-12-31": 79.1, "2007-09-30": 59.5, "2007-06-30": 38.2, "2007-03-31": "36.30000", "2006-12-31": 71.9, "2006-09-30": 60.2, "2006-06-30": 39.6, "2006-03-31": "61.00000", "2005-12-31": 44.3, "2005-09-30": 39, "2005-06-30": 32.6, "2005-03-31": "20.90000"}, "Net Change In Property, Plant, And Equipment": {"2020-12-31": 293.8, "2020-09-30": -103.3, "2020-06-30": -108.3, "2020-03-31": "-82.20000", "2019-12-31": -71.5, "2019-09-30": -76.1, "2019-06-30": -64.6, "2019-03-31": "-42.20000", "2018-12-31": -57.6, "2018-09-30": -85.1, "2018-06-30": -52.8, "2018-03-31": "-43.20000", "2017-12-31": -51.9, "2017-09-30": -42.3, "2017-06-30": -58, "2017-03-31": "-15.90000", "2016-12-31": -63.2, "2016-09-30": -48.1, "2016-06-30": -37.1, "2016-03-31": "-27.70000", "2015-12-31": -37.5, "2015-09-30": -26, "2015-06-30": -18.4, "2015-03-31": "-20.80000", "2014-12-31": -31.4, "2014-09-30": -18.1, "2014-06-30": -16, "2014-03-31": "-14.30000", "2013-12-31": -17.8, "2013-09-30": -22.6, "2013-06-30": -29.5, "2013-03-31": "-36.80000", "2012-12-31": -43.7, "2012-09-30": -23.1, "2012-06-30": -21.2, "2012-03-31": "-18.00000", "2011-12-31": -26, "2011-09-30": -15.6, "2011-06-30": -17.2, "2011-03-31": "-13.90000", "2010-12-31": -20.2, "2010-09-30": -14.9, "2010-06-30": -14.2, "2010-03-31": "-5.90000", "2009-12-31": -18.2, "2009-09-30": 49.8, "2009-06-30": -13.6, "2009-03-31": "15.90000", "2008-12-31": 5.3, "2008-09-30": -12.2, "2008-06-30": -11.6, "2008-03-31": "64.90000", "2007-12-31": -12.1, "2007-09-30": -12.7, "2007-06-30": -11.4, "2007-03-31": "-13.60000", "2006-12-31": 4.8, "2006-09-30": -30.7, "2006-06-30": -7, "2006-03-31": "-2.30000", "2005-12-31": 1.3, "2005-09-30": -10.8, "2005-06-30": -8.8, "2005-03-31": "-5.60000"}, "Net Change In Intangible Assets": {"2020-12-31": 0, "2020-09-30": 0, "2020-06-30": 0, "2020-03-31": "", "2019-12-31": 0, "2019-09-30": 0, "2019-06-30": 0, "2019-03-31": "", "2018-12-31": 0, "2018-09-30": 0, "2018-06-30": 0, "2018-03-31": "", "2017-12-31": 0, "2017-09-30": 0, "2017-06-30": 0, "2017-03-31": "", "2016-12-31": 0, "2016-09-30": 0, "2016-06-30": 0, "2016-03-31": "", "2015-12-31": 0, "2015-09-30": 0, "2015-06-30": 0, "2015-03-31": "", "2014-12-31": 0, "2014-09-30": 0, "2014-06-30": 0, "2014-03-31": "", "2013-12-31": 0, "2013-09-30": 0, "2013-06-30": 0, "2013-03-31": "", "2012-12-31": 0, "2012-09-30": 0, "2012-06-30": 0, "2012-03-31": "", "2011-12-31": 0, "2011-09-30": 0, "2011-06-30": 0, "2011-03-31": "", "2010-12-31": 0, "2010-09-30": 0, "2010-06-30": 0, "2010-03-31": "", "2009-12-31": 0, "2009-09-30": 0, "2009-06-30": 0, "2009-03-31": "", "2008-12-31": 0, "2008-09-30": 0, "2008-06-30": 0, "2008-03-31": "", "2007-12-31": 0, "2007-09-30": 0, "2007-06-30": 0, "2007-03-31": "", "2006-12-31": 0, "2006-09-30": 0, "2006-06-30": 0, "2006-03-31": "", "2005-12-31": 0, "2005-09-30": 0, "2005-06-30": 0, "2005-03-31": ""}, "Net Acquisitions/Divestitures": {"2020-12-31": 0, "2020-09-30": 0, "2020-06-30": 0, "2020-03-31": "", "2019-12-31": 0, "2019-09-30": 0, "2019-06-30": -100.2, "2019-03-31": "", "2018-12-31": 0, "2018-09-30": 0, "2018-06-30": 0, "2018-03-31": "", "2017-12-31": -108, "2017-09-30": -0.1, "2017-06-30": -2.8, "2017-03-31": "-82.00000", "2016-12-31": 0, "2016-09-30": 0, "2016-06-30": 0, "2016-03-31": "", "2015-12-31": -11.5, "2015-09-30": -320.1, "2015-06-30": 0, "2015-03-31": "", "2014-12-31": -15, "2014-09-30": 0, "2014-06-30": 0, "2014-03-31": "", "2013-12-31": 0, "2013-09-30": 0, "2013-06-30": 0, "2013-03-31": "", "2012-12-31": -36.6, "2012-09-30": 0, "2012-06-30": 0, "2012-03-31": "", "2011-12-31": 0, "2011-09-30": -3.9, "2011-06-30": 3.9, "2011-03-31": "-42.60000", "2010-12-31": 0, "2010-09-30": 0, "2010-06-30": 0, "2010-03-31": "", "2009-12-31": 0, "2009-09-30": 0, "2009-06-30": 0, "2009-03-31": "", "2008-12-31": 0, "2008-09-30": 0, "2008-06-30": 0, "2008-03-31": "", "2007-12-31": -27.4, "2007-09-30": 0, "2007-06-30": -0.1, "2007-03-31": "-9.50000", "2006-12-31": 0, "2006-09-30": 0, "2006-06-30": 0, "2006-03-31": "", "2005-12-31": 0, "2005-09-30": 0, "2005-06-30": -9.2, "2005-03-31": "9.20000"}, "Net Change In Short-term Investments": {"2020-12-31": 0, "2020-09-30": 21.9, "2020-06-30": -22.2, "2020-03-31": "0.30000", "2019-12-31": 0, "2019-09-30": 5.4, "2019-06-30": -3.5, "2019-03-31": "-1.90000", "2018-12-31": 0, "2018-09-30": 0, "2018-06-30": 3.1, "2018-03-31": "-3.10000", "2017-12-31": 0, "2017-09-30": 5.8, "2017-06-30": -1.4, "2017-03-31": "-4.40000", "2016-12-31": -3.3, "2016-09-30": 105.9, "2016-06-30": -210.9, "2016-03-31": "98.50000", "2015-12-31": -234.5, "2015-09-30": 220.9, "2015-06-30": 97.5, "2015-03-31": "-93.10000", "2014-12-31": 339.6, "2014-09-30": -136.7, "2014-06-30": -457.1, "2014-03-31": "-105.40000", "2013-12-31": -226.5, "2013-09-30": -80.4, "2013-06-30": -43.7, "2013-03-31": "52.40000", "2012-12-31": 107.3, "2012-09-30": -107.4, "2012-06-30": -15, "2012-03-31": "84.20000", "2011-12-31": -76.8, "2011-09-30": 72.9, "2011-06-30": -180.1, "2011-03-31": "-106.30000", "2010-12-31": -0.1, "2010-09-30": 0.4, "2010-06-30": -0.1, "2010-03-31": "-0.60000", "2009-12-31": 10.8, "2009-09-30": -0.8, "2009-06-30": -0.1, "2009-03-31": "-0.20000", "2008-12-31": 36, "2008-09-30": -0.2, "2008-06-30": -0.4, "2008-03-31": "", "2007-12-31": -51.4, "2007-09-30": -0.1, "2007-06-30": -0.4, "2007-03-31": "-0.20000", "2006-12-31": -1.9, "2006-09-30": 0, "2006-06-30": 0, "2006-03-31": "", "2005-12-31": 0, "2005-09-30": 0, "2005-06-30": 0, "2005-03-31": ""}, "Net Change In Long-Term Investments": {"2020-12-31": -54.2, "2020-09-30": -15.3, "2020-06-30": 105.8, "2020-03-31": "-36.30000", "2019-12-31": -361.5, "2019-09-30": 67.9, "2019-06-30": 83.4, "2019-03-31": "-7.00000", "2018-12-31": 66.1, "2018-09-30": -164.7, "2018-06-30": 161.6, "2018-03-31": "276.00000", "2017-12-31": 242, "2017-09-30": -158.1, "2017-06-30": -575.5, "2017-03-31": "252.90000", "2016-12-31": 146.2, "2016-09-30": -50.1, "2016-06-30": -95.4, "2016-03-31": "-27.70000", "2015-12-31": 306.7, "2015-09-30": -53.8, "2015-06-30": -61.2, "2015-03-31": "-66.70000", "2014-12-31": -179.6, "2014-09-30": -0.3, "2014-06-30": 2, "2014-03-31": "-0.70000", "2013-12-31": -2.3, "2013-09-30": 0.1, "2013-06-30": -0.1, "2013-03-31": "-1.50000", "2012-12-31": 0.4, "2012-09-30": -1.4, "2012-06-30": -7.4, "2012-03-31": "2.20000", "2011-12-31": -5.5, "2011-09-30": 2, "2011-06-30": -2.1, "2011-03-31": "4.70000", "2010-12-31": -2.8, "2010-09-30": -0.7, "2010-06-30": -2.4, "2010-03-31": "0.00000", "2009-12-31": -8.5, "2009-09-30": 4.3, "2009-06-30": -0.9, "2009-03-31": "1.60000", "2008-12-31": -58.1, "2008-09-30": 10.2, "2008-06-30": 6.9, "2008-03-31": "18.00000", "2007-12-31": -4, "2007-09-30": -1.2, "2007-06-30": -1.9, "2007-03-31": "-0.90000", "2006-12-31": -14.6, "2006-09-30": 14.6, "2006-06-30": -0.6, "2006-03-31": "-2.80000", "2005-12-31": -10.3, "2005-09-30": -1.3, "2005-06-30": 8.4, "2005-03-31": "-0.80000"}, "Net Change In Investments - Total": {"2020-12-31": -54.2, "2020-09-30": 6.6, "2020-06-30": 83.6, "2020-03-31": "-36.00000", "2019-12-31": -361.5, "2019-09-30": 73.3, "2019-06-30": 79.9, "2019-03-31": "-8.90000", "2018-12-31": 66.1, "2018-09-30": -164.7, "2018-06-30": 164.7, "2018-03-31": "272.90000", "2017-12-31": 242, "2017-09-30": -152.3, "2017-06-30": -576.9, "2017-03-31": "248.50000", "2016-12-31": 142.9, "2016-09-30": 55.8, "2016-06-30": -306.3, "2016-03-31": "70.80000", "2015-12-31": 72.2, "2015-09-30": 167.1, "2015-06-30": 36.3, "2015-03-31": "-159.80000", "2014-12-31": 160, "2014-09-30": -137, "2014-06-30": -455.1, "2014-03-31": "-106.10000", "2013-12-31": -228.8, "2013-09-30": -80.3, "2013-06-30": -43.8, "2013-03-31": "50.90000", "2012-12-31": 107.7, "2012-09-30": -108.8, "2012-06-30": -22.4, "2012-03-31": "86.40000", "2011-12-31": -82.3, "2011-09-30": 74.9, "2011-06-30": -182.2, "2011-03-31": "-101.60000", "2010-12-31": -2.9, "2010-09-30": -0.3, "2010-06-30": -2.5, "2010-03-31": "-0.60000", "2009-12-31": 2.3, "2009-09-30": 3.5, "2009-06-30": -1, "2009-03-31": "1.40000", "2008-12-31": -22.1, "2008-09-30": 10, "2008-06-30": 6.5, "2008-03-31": "18.00000", "2007-12-31": -55.4, "2007-09-30": -1.3, "2007-06-30": -2.3, "2007-03-31": "-1.10000", "2006-12-31": -16.5, "2006-09-30": 14.6, "2006-06-30": -0.6, "2006-03-31": "-2.80000", "2005-12-31": -10.3, "2005-09-30": -1.3, "2005-06-30": 8.4, "2005-03-31": "-0.80000"}, "Investing Activities - Other": {"2020-12-31": 31.6, "2020-09-30": -29.6, "2020-06-30": 14.5, "2020-03-31": "-16.50000", "2019-12-31": -12.3, "2019-09-30": -9.9, "2019-06-30": -3.4, "2019-03-31": "1.60000", "2018-12-31": -2.8, "2018-09-30": -4.4, "2018-06-30": -7, "2018-03-31": "-9.40000", "2017-12-31": -32.8, "2017-09-30": -14.8, "2017-06-30": -0.5, "2017-03-31": "0.60000", "2016-12-31": 0.5, "2016-09-30": -3.8, "2016-06-30": 0.3, "2016-03-31": "4.20000", "2015-12-31": 4.1, "2015-09-30": 3.4, "2015-06-30": -5.4, "2015-03-31": "0.30000", "2014-12-31": -1.6, "2014-09-30": 0.3, "2014-06-30": 0.7, "2014-03-31": "0.60000", "2013-12-31": -0.3, "2013-09-30": -3.6, "2013-06-30": 0.3, "2013-03-31": "-0.40000", "2012-12-31": 0, "2012-09-30": 0, "2012-06-30": 0.9, "2012-03-31": "", "2011-12-31": 0, "2011-09-30": -0.1, "2011-06-30": 0.1, "2011-03-31": "", "2010-12-31": 0, "2010-09-30": 0, "2010-06-30": 0, "2010-03-31": "", "2009-12-31": 0, "2009-09-30": 0, "2009-06-30": 0, "2009-03-31": "", "2008-12-31": 0, "2008-09-30": 0, "2008-06-30": 0, "2008-03-31": "", "2007-12-31": 0, "2007-09-30": -0.5, "2007-06-30": -2.4, "2007-03-31": "2.40000", "2006-12-31": 2.4, "2006-09-30": 0.4, "2006-06-30": 0.1, "2006-03-31": "", "2005-12-31": 0.2, "2005-09-30": 0.5, "2005-06-30": 0, "2005-03-31": ""}, "Cash Flow From Investing Activities": {"2020-12-31": 271.2, "2020-09-30": -126.3, "2020-06-30": -10.2, "2020-03-31": "-134.70000", "2019-12-31": -445.3, "2019-09-30": -12.7, "2019-06-30": -88.3, "2019-03-31": "-49.50000", "2018-12-31": 5.7, "2018-09-30": -254.2, "2018-06-30": 104.9, "2018-03-31": "220.30000", "2017-12-31": 49.3, "2017-09-30": -209.5, "2017-06-30": -638.2, "2017-03-31": "151.20000", "2016-12-31": 80.2, "2016-09-30": 3.9, "2016-06-30": -343.1, "2016-03-31": "47.30000", "2015-12-31": 27.3, "2015-09-30": -175.6, "2015-06-30": 12.5, "2015-03-31": "-180.30000", "2014-12-31": 112, "2014-09-30": -154.8, "2014-06-30": -470.4, "2014-03-31": "-119.80000", "2013-12-31": -246.9, "2013-09-30": -106.5, "2013-06-30": -73, "2013-03-31": "13.70000", "2012-12-31": 27.4, "2012-09-30": -131.9, "2012-06-30": -42.7, "2012-03-31": "68.40000", "2011-12-31": -108.3, "2011-09-30": 55.3, "2011-06-30": -195.4, "2011-03-31": "-158.10000", "2010-12-31": -23.1, "2010-09-30": -15.2, "2010-06-30": -16.7, "2010-03-31": "-6.50000", "2009-12-31": -15.9, "2009-09-30": 53.3, "2009-06-30": -14.6, "2009-03-31": "17.30000", "2008-12-31": -16.8, "2008-09-30": -2.2, "2008-06-30": -5.1, "2008-03-31": "82.90000", "2007-12-31": -94.9, "2007-09-30": -14.5, "2007-06-30": -16.2, "2007-03-31": "-21.80000", "2006-12-31": -9.3, "2006-09-30": -15.7, "2006-06-30": -7.5, "2006-03-31": "-5.10000", "2005-12-31": -8.8, "2005-09-30": -11.6, "2005-06-30": -9.6, "2005-03-31": "2.80000"}, "Net Long-Term Debt": {"2020-12-31": -12.3, "2020-09-30": 13.5, "2020-06-30": -0.9, "2020-03-31": "-0.30000", "2019-12-31": -22, "2019-09-30": 22.5, "2019-06-30": -10.2, "2019-03-31": "-0.30000", "2018-12-31": -599.6, "2018-09-30": -1.3, "2018-06-30": 168.7, "2018-03-31": "-5.10000", "2017-12-31": 989.1, "2017-09-30": -990, "2017-06-30": 153.2, "2017-03-31": "24.00000", "2016-12-31": 223.2, "2016-09-30": 2.3, "2016-06-30": -3.6, "2016-03-31": "0.20000", "2015-12-31": 20.7, "2015-09-30": -17.4, "2015-06-30": -0.6, "2015-03-31": "-0.80000", "2014-12-31": -14, "2014-09-30": 0.1, "2014-06-30": -128.8, "2014-03-31": "130.00000", "2013-12-31": 64.3, "2013-09-30": 305.1, "2013-06-30": 34.7, "2013-03-31": "5.50000", "2012-12-31": 13.2, "2012-09-30": -9.8, "2012-06-30": 5, "2012-03-31": "31.10000", "2011-12-31": -24.4, "2011-09-30": -0.4, "2011-06-30": 23.9, "2011-03-31": "105.30000", "2010-12-31": -57.6, "2010-09-30": -79.6, "2010-06-30": 48.7, "2010-03-31": "40.10000", "2009-12-31": -11.7, "2009-09-30": -14.5, "2009-06-30": -10.7, "2009-03-31": "-47.70000", "2008-12-31": 156.3, "2008-09-30": -136.6, "2008-06-30": 81.5, "2008-03-31": "-7.00000", "2007-12-31": -72.1, "2007-09-30": 69.8, "2007-06-30": -13.8, "2007-03-31": "-11.80000", "2006-12-31": -17.7, "2006-09-30": -26.7, "2006-06-30": -13.6, "2006-03-31": "-27.90000", "2005-12-31": 68.2, "2005-09-30": -14.9, "2005-06-30": -5, "2005-03-31": "10.80000"}, "Net Current Debt": {"2020-12-31": 14, "2020-09-30": -14, "2020-06-30": 0, "2020-03-31": "", "2019-12-31": 23.7, "2019-09-30": -23.7, "2019-06-30": 0, "2019-03-31": "", "2018-12-31": 0, "2018-09-30": 0, "2018-06-30": -5.1, "2018-03-31": "5.10000", "2017-12-31": -989.3, "2017-09-30": 989.3, "2017-06-30": 0, "2017-03-31": "", "2016-12-31": 0, "2016-09-30": 0, "2016-06-30": 0, "2016-03-31": "", "2015-12-31": -20.7, "2015-09-30": 20.7, "2015-06-30": 0, "2015-03-31": "", "2014-12-31": 0, "2014-09-30": 0, "2014-06-30": 0, "2014-03-31": "", "2013-12-31": 0, "2013-09-30": 0, "2013-06-30": 0, "2013-03-31": "", "2012-12-31": 0, "2012-09-30": 0, "2012-06-30": 0, "2012-03-31": "", "2011-12-31": 0, "2011-09-30": 0, "2011-06-30": 0, "2011-03-31": "", "2010-12-31": 0, "2010-09-30": 0, "2010-06-30": 0, "2010-03-31": "", "2009-12-31": 0, "2009-09-30": 0, "2009-06-30": 0, "2009-03-31": "", "2008-12-31": -196.3, "2008-09-30": 196.3, "2008-06-30": 0, "2008-03-31": "", "2007-12-31": 71.4, "2007-09-30": -71.4, "2007-06-30": 0, "2007-03-31": "", "2006-12-31": 0, "2006-09-30": 0, "2006-06-30": 0, "2006-03-31": "", "2005-12-31": 0, "2005-09-30": 0, "2005-06-30": 0, "2005-03-31": ""}, "Debt Issuance/Retirement Net - Total": {"2020-12-31": 1.7, "2020-09-30": -0.5, "2020-06-30": -0.9, "2020-03-31": "-0.30000", "2019-12-31": 1.7, "2019-09-30": -1.2, "2019-06-30": -10.2, "2019-03-31": "-0.30000", "2018-12-31": -599.6, "2018-09-30": -1.3, "2018-06-30": 163.6, "2018-03-31": "", "2017-12-31": -0.2, "2017-09-30": -0.7, "2017-06-30": 153.2, "2017-03-31": "24.00000", "2016-12-31": 223.2, "2016-09-30": 2.3, "2016-06-30": -3.6, "2016-03-31": "0.20000", "2015-12-31": 0, "2015-09-30": 3.3, "2015-06-30": -0.6, "2015-03-31": "-0.80000", "2014-12-31": -14, "2014-09-30": 0.1, "2014-06-30": -128.8, "2014-03-31": "130.00000", "2013-12-31": 64.3, "2013-09-30": 305.1, "2013-06-30": 34.7, "2013-03-31": "5.50000", "2012-12-31": 13.2, "2012-09-30": -9.8, "2012-06-30": 5, "2012-03-31": "31.10000", "2011-12-31": -24.4, "2011-09-30": -0.4, "2011-06-30": 23.9, "2011-03-31": "105.30000", "2010-12-31": -57.6, "2010-09-30": -79.6, "2010-06-30": 48.7, "2010-03-31": "40.10000", "2009-12-31": -11.7, "2009-09-30": -14.5, "2009-06-30": -10.7, "2009-03-31": "-47.70000", "2008-12-31": -40, "2008-09-30": 59.7, "2008-06-30": 81.5, "2008-03-31": "-7.00000", "2007-12-31": -0.7, "2007-09-30": -1.6, "2007-06-30": -13.8, "2007-03-31": "-11.80000", "2006-12-31": -17.7, "2006-09-30": -26.7, "2006-06-30": -13.6, "2006-03-31": "-27.90000", "2005-12-31": 68.2, "2005-09-30": -14.9, "2005-06-30": -5, "2005-03-31": "10.80000"}, "Net Common Equity Issued/Repurchased": {"2020-12-31": 521.7, "2020-09-30": 34.7, "2020-06-30": 29.3, "2020-03-31": "-585.70000", "2019-12-31": 35, "2019-09-30": 37.7, "2019-06-30": -214.8, "2019-03-31": "39.30000", "2018-12-31": -244.3, "2018-09-30": -138.1, "2018-06-30": -308.8, "2018-03-31": "42.70000", "2017-12-31": -228.8, "2017-09-30": 21.8, "2017-06-30": -28.2, "2017-03-31": "-414.30000", "2016-12-31": -260.8, "2016-09-30": 37.9, "2016-06-30": -11.5, "2016-03-31": "-324.60000", "2015-12-31": -72.8, "2015-09-30": 17.3, "2015-06-30": -59.9, "2015-03-31": "-77.50000", "2014-12-31": 41.8, "2014-09-30": 38.3, "2014-06-30": 18.1, "2014-03-31": "-285.80000", "2013-12-31": -14.1, "2013-09-30": -218.1, "2013-06-30": -125.3, "2013-03-31": "-93.90000", "2012-12-31": -167.1, "2012-09-30": 1.9, "2012-06-30": -14.2, "2012-03-31": "-64.60000", "2011-12-31": -29.2, "2011-09-30": -89.1, "2011-06-30": -63, "2011-03-31": "-62.60000", "2010-12-31": 18.3, "2010-09-30": 19.7, "2010-06-30": -81.2, "2010-03-31": "-64.70000", "2009-12-31": 6.9, "2009-09-30": -14.4, "2009-06-30": -11.2, "2009-03-31": "-10.10000", "2008-12-31": -7.9, "2008-09-30": -55.3, "2008-06-30": -85.7, "2008-03-31": "-93.80000", "2007-12-31": -17.6, "2007-09-30": -35.7, "2007-06-30": -25.8, "2007-03-31": "-13.10000", "2006-12-31": -11.4, "2006-09-30": -33, "2006-06-30": -46.3, "2006-03-31": "-21.70000", "2005-12-31": -13, "2005-09-30": -13, "2005-06-30": 4.6, "2005-03-31": "-5.90000"}, "Net Total Equity Issued/Repurchased": {"2020-12-31": 521.7, "2020-09-30": 34.7, "2020-06-30": 29.3, "2020-03-31": "-585.70000", "2019-12-31": 35, "2019-09-30": 37.7, "2019-06-30": -214.8, "2019-03-31": "39.30000", "2018-12-31": -244.3, "2018-09-30": -138.1, "2018-06-30": -308.8, "2018-03-31": "42.70000", "2017-12-31": -228.8, "2017-09-30": 21.8, "2017-06-30": -28.2, "2017-03-31": "-414.30000", "2016-12-31": -260.8, "2016-09-30": 37.9, "2016-06-30": -11.5, "2016-03-31": "-324.60000", "2015-12-31": -72.8, "2015-09-30": 17.3, "2015-06-30": -59.9, "2015-03-31": "-77.50000", "2014-12-31": 41.8, "2014-09-30": 38.3, "2014-06-30": 18.1, "2014-03-31": "-285.80000", "2013-12-31": -14.1, "2013-09-30": -218.1, "2013-06-30": -125.3, "2013-03-31": "-93.90000", "2012-12-31": -167.1, "2012-09-30": 1.9, "2012-06-30": -14.2, "2012-03-31": "-64.60000", "2011-12-31": -29.2, "2011-09-30": -89.1, "2011-06-30": -63, "2011-03-31": "-62.60000", "2010-12-31": 18.3, "2010-09-30": 19.7, "2010-06-30": -81.2, "2010-03-31": "-64.70000", "2009-12-31": 6.9, "2009-09-30": -14.4, "2009-06-30": -11.2, "2009-03-31": "-10.10000", "2008-12-31": -7.9, "2008-09-30": -55.3, "2008-06-30": -85.7, "2008-03-31": "-93.80000", "2007-12-31": -17.6, "2007-09-30": -35.7, "2007-06-30": -25.8, "2007-03-31": "-13.10000", "2006-12-31": -11.4, "2006-09-30": -33, "2006-06-30": -46.3, "2006-03-31": "-21.70000", "2005-12-31": -13, "2005-09-30": -13, "2005-06-30": 4.6, "2005-03-31": "-5.90000"}, "Total Common And Preferred Stock Dividends Paid": {"2020-12-31": 0, "2020-09-30": 0, "2020-06-30": 0, "2020-03-31": "", "2019-12-31": 0, "2019-09-30": 0, "2019-06-30": 0, "2019-03-31": "", "2018-12-31": 0, "2018-09-30": 0, "2018-06-30": 0, "2018-03-31": "", "2017-12-31": 0, "2017-09-30": 0, "2017-06-30": 0, "2017-03-31": "", "2016-12-31": 0, "2016-09-30": 0, "2016-06-30": 0, "2016-03-31": "", "2015-12-31": 0, "2015-09-30": 0, "2015-06-30": 0, "2015-03-31": "", "2014-12-31": 0, "2014-09-30": 0, "2014-06-30": 0, "2014-03-31": "", "2013-12-31": 0, "2013-09-30": 0, "2013-06-30": 0, "2013-03-31": "", "2012-12-31": 0, "2012-09-30": 0, "2012-06-30": 0, "2012-03-31": "", "2011-12-31": 0, "2011-09-30": 0, "2011-06-30": 0, "2011-03-31": "", "2010-12-31": 0, "2010-09-30": 0, "2010-06-30": 0, "2010-03-31": "", "2009-12-31": 0, "2009-09-30": 0, "2009-06-30": 0, "2009-03-31": "", "2008-12-31": 0, "2008-09-30": 0, "2008-06-30": 0, "2008-03-31": "", "2007-12-31": 0, "2007-09-30": 0, "2007-06-30": 0, "2007-03-31": "", "2006-12-31": 0, "2006-09-30": 0, "2006-06-30": 0, "2006-03-31": "", "2005-12-31": 0, "2005-09-30": 0, "2005-06-30": 0, "2005-03-31": ""}, "Financial Activities - Other": {"2020-12-31": 4.9, "2020-09-30": -0.2, "2020-06-30": -4.3, "2020-03-31": "-0.40000", "2019-12-31": 0.3, "2019-09-30": -2.1, "2019-06-30": -6.4, "2019-03-31": "5.40000", "2018-12-31": -0.8, "2018-09-30": 82.7, "2018-06-30": -95.5, "2018-03-31": "-1.80000", "2017-12-31": 0, "2017-09-30": -0.8, "2017-06-30": 1.8, "2017-03-31": "-1.00000", "2016-12-31": 42.7, "2016-09-30": 23.6, "2016-06-30": 46.8, "2016-03-31": "-44.70000", "2015-12-31": 13.1, "2015-09-30": 3, "2015-06-30": 9.9, "2015-03-31": "6.40000", "2014-12-31": 18.1, "2014-09-30": 10.3, "2014-06-30": 6.9, "2014-03-31": "12.00000", "2013-12-31": 30.3, "2013-09-30": -18.4, "2013-06-30": 1.3, "2013-03-31": "63.50000", "2012-12-31": 7, "2012-09-30": 7.4, "2012-06-30": 4.1, "2012-03-31": "30.40000", "2011-12-31": 0, "2011-09-30": -7.7, "2011-06-30": -4.8, "2011-03-31": "16.80000", "2010-12-31": 12.7, "2010-09-30": 3.3, "2010-06-30": 18.2, "2010-03-31": "18.20000", "2009-12-31": 8.7, "2009-09-30": 2.6, "2009-06-30": 6.4, "2009-03-31": "3.90000", "2008-12-31": 2.3, "2008-09-30": 2.8, "2008-06-30": 7.1, "2008-03-31": "2.20000", "2007-12-31": 0, "2007-09-30": 1.2, "2007-06-30": 2.7, "2007-03-31": "8.10000", "2006-12-31": -3.2, "2006-09-30": -1.1, "2006-06-30": 4.4, "2006-03-31": "4.60000", "2005-12-31": 0, "2005-09-30": -6.4, "2005-06-30": 6.4, "2005-03-31": "-2.80000"}, "Cash Flow From Financial Activities": {"2020-12-31": 528.3, "2020-09-30": 34, "2020-06-30": 24.1, "2020-03-31": "-586.40000", "2019-12-31": 37, "2019-09-30": 34.4, "2019-06-30": -231.4, "2019-03-31": "44.40000", "2018-12-31": -844.7, "2018-09-30": -56.7, "2018-06-30": -240.7, "2018-03-31": "40.90000", "2017-12-31": -229, "2017-09-30": 20.3, "2017-06-30": 126.8, "2017-03-31": "-391.30000", "2016-12-31": 5.1, "2016-09-30": 63.8, "2016-06-30": 31.7, "2016-03-31": "-369.10000", "2015-12-31": -59.7, "2015-09-30": 23.6, "2015-06-30": -50.6, "2015-03-31": "-71.90000", "2014-12-31": 45.9, "2014-09-30": 48.7, "2014-06-30": -103.8, "2014-03-31": "-143.80000", "2013-12-31": 80.5, "2013-09-30": 68.6, "2013-06-30": -89.3, "2013-03-31": "-24.90000", "2012-12-31": -146.9, "2012-09-30": -0.5, "2012-06-30": -5.1, "2012-03-31": "-3.10000", "2011-12-31": -53.6, "2011-09-30": -97.2, "2011-06-30": -43.9, "2011-03-31": "59.50000", "2010-12-31": -26.6, "2010-09-30": -56.6, "2010-06-30": -14.3, "2010-03-31": "-6.40000", "2009-12-31": 3.9, "2009-09-30": -26.3, "2009-06-30": -15.5, "2009-03-31": "-53.90000", "2008-12-31": -45.6, "2008-09-30": 7.2, "2008-06-30": 2.9, "2008-03-31": "-98.60000", "2007-12-31": -18.3, "2007-09-30": -36.1, "2007-06-30": -36.9, "2007-03-31": "-16.80000", "2006-12-31": -32.3, "2006-09-30": -60.8, "2006-06-30": -55.5, "2006-03-31": "-45.00000", "2005-12-31": 55.2, "2005-09-30": -34.3, "2005-06-30": 6, "2005-03-31": "2.10000"}, "Net Cash Flow": {"2020-12-31": 155.1, "2020-09-30": 120.5, "2020-06-30": 240.6, "2020-03-31": "-516.20000", "2019-12-31": -7.5, "2019-09-30": 459.8, "2019-06-30": 17.6, "2019-03-31": "-4.90000", "2018-12-31": -547.2, "2018-09-30": 34.9, "2018-06-30": -0.6, "2018-03-31": "408.70000", "2017-12-31": 188, "2017-09-30": 122.1, "2017-06-30": -311.1, "2017-03-31": "-110.80000", "2016-12-31": 285.1, "2016-09-30": 275.1, "2016-06-30": -131.5, "2016-03-31": "-217.00000", "2015-12-31": 72.3, "2015-09-30": 48.5, "2015-06-30": 140.6, "2015-03-31": "-196.80000", "2014-12-31": 249.7, "2014-09-30": -94.5, "2014-06-30": 202.9, "2014-03-31": "-124.70000", "2013-12-31": -50.6, "2013-09-30": 98.3, "2013-06-30": -28.8, "2013-03-31": "90.60000", "2012-12-31": 5.1, "2012-09-30": 1.5, "2012-06-30": 91, "2012-03-31": "42.10000", "2011-12-31": -72.8, "2011-09-30": 68.4, "2011-06-30": -149.6, "2011-03-31": "-70.90000", "2010-12-31": 35.1, "2010-09-30": 40.7, "2010-06-30": -0.9, "2010-03-31": "-12.90000", "2009-12-31": 46.5, "2009-09-30": 104.5, "2009-06-30": 36.4, "2009-03-31": "-72.00000", "2008-12-31": 16.3, "2008-09-30": 14.2, "2008-06-30": 25.3, "2008-03-31": "21.10000", "2007-12-31": -33.9, "2007-09-30": 10.8, "2007-06-30": -15.3, "2007-03-31": "-2.60000", "2006-12-31": 31.5, "2006-09-30": -15.8, "2006-06-30": -22.1, "2006-03-31": "10.60000", "2005-12-31": 90.6, "2005-09-30": -8.1, "2005-06-30": 23.5, "2005-03-31": "23.70000"}, "Stock-Based Compensation": {"2020-12-31": -71.7, "2020-09-30": 23, "2020-06-30": 24.8, "2020-03-31": "23.90000", "2019-12-31": 18.4, "2019-09-30": 19.8, "2019-06-30": 22.3, "2019-03-31": "20.80000", "2018-12-31": 16, "2018-09-30": 17.4, "2018-06-30": 19.2, "2018-03-31": "18.40000", "2017-12-31": 15.3, "2017-09-30": 15.8, "2017-06-30": 15.3, "2017-03-31": "15.20000", "2016-12-31": 13.9, "2016-09-30": 14.4, "2016-06-30": 14.3, "2016-03-31": "14.30000", "2015-12-31": 12.9, "2015-09-30": 12.6, "2015-06-30": 10.8, "2015-03-31": "13.60000", "2014-12-31": 12.2, "2014-09-30": 12.2, "2014-06-30": 11.9, "2014-03-31": "12.00000", "2013-12-31": 11.5, "2013-09-30": 11.9, "2013-06-30": 12.8, "2013-03-31": "11.20000", "2012-12-31": 10.8, "2012-09-30": 10.9, "2012-06-30": 11.2, "2012-03-31": "9.20000", "2011-12-31": 9, "2011-09-30": 10.5, "2011-06-30": 7.8, "2011-03-31": "7.70000", "2010-12-31": 6.9, "2010-09-30": 8.6, "2010-06-30": 6.3, "2010-03-31": "7.50000", "2009-12-31": 7.8, "2009-09-30": 7.9, "2009-06-30": 5.7, "2009-03-31": "6.90000", "2008-12-31": 7.7, "2008-09-30": 8.2, "2008-06-30": 6.2, "2008-03-31": "6.60000", "2007-12-31": 6.8, "2007-09-30": 7.5, "2007-06-30": 6.5, "2007-03-31": "6.90000", "2006-12-31": 6.8, "2006-09-30": 7.1, "2006-06-30": 12.7, "2006-03-31": "", "2005-12-31": 3.3, "2005-09-30": 0, "2005-06-30": 0, "2005-03-31": ""}, "Common Stock Dividends Paid": {"2020-12-31": 0, "2020-09-30": 0, "2020-06-30": 0, "2020-03-31": "", "2019-12-31": 0, "2019-09-30": 0, "2019-06-30": 0, "2019-03-31": "", "2018-12-31": 0, "2018-09-30": 0, "2018-06-30": 0, "2018-03-31": "", "2017-12-31": 0, "2017-09-30": 0, "2017-06-30": 0, "2017-03-31": "", "2016-12-31": 0, "2016-09-30": 0, "2016-06-30": 0, "2016-03-31": "", "2015-12-31": 0, "2015-09-30": 0, "2015-06-30": 0, "2015-03-31": "", "2014-12-31": 0, "2014-09-30": 0, "2014-06-30": 0, "2014-03-31": "", "2013-12-31": 0, "2013-09-30": 0, "2013-06-30": 0, "2013-03-31": "", "2012-12-31": 0, "2012-09-30": 0, "2012-06-30": 0, "2012-03-31": "", "2011-12-31": 0, "2011-09-30": 0, "2011-06-30": 0, "2011-03-31": "", "2010-12-31": 0, "2010-09-30": 0, "2010-06-30": 0, "2010-03-31": "", "2009-12-31": 0, "2009-09-30": 0, "2009-06-30": 0, "2009-03-31": "", "2008-12-31": 0, "2008-09-30": 0, "2008-06-30": 0, "2008-03-31": "", "2007-12-31": 0, "2007-09-30": 0, "2007-06-30": 0, "2007-03-31": "", "2006-12-31": 0, "2006-09-30": 0, "2006-06-30": 0, "2006-03-31": "", "2005-12-31": 0, "2005-09-30": 0, "2005-06-30": 0, "2005-03-31": ""}}, "financial ratios": {"Current Ratio": {"2019-12-31": "3.30670", "2018-12-31": "2.60880", "2017-12-31": "1.79520", "2016-12-31": "4.20660", "2015-12-31": "4.30050", "2014-12-31": "5.23610", "2013-12-31": "4.99360", "2012-12-31": "3.71880", "2011-12-31": "3.48600", "2010-12-31": "3.05680", "2009-12-31": "3.06090", "2008-12-31": "2.67660", "2007-12-31": "1.54280", "2006-12-31": "2.35010", "2005-12-31": "2.64780"}, "Long-term Debt / Capital": {"2019-12-31": "0.12530", "2018-12-31": "0.15900", "2017-12-31": "0.12910", "2016-12-31": "0.23900", "2015-12-31": "0.19250", "2014-12-31": "0.21440", "2013-12-31": "0.27750", "2012-12-31": "0.11340", "2011-12-31": "0.10110", "2010-12-31": "", "2009-12-31": "0.07230", "2008-12-31": "0.16650", "2007-12-31": "0.06880", "2006-12-31": "0.23940", "2005-12-31": "0.31420"}, "Debt/Equity Ratio": {"2019-12-31": "0.14330", "2018-12-31": "0.18910", "2017-12-31": "0.35060", "2016-12-31": "0.31400", "2015-12-31": "0.23850", "2014-12-31": "0.27290", "2013-12-31": "0.38400", "2012-12-31": "0.12800", "2011-12-31": "0.11240", "2010-12-31": "0.03200", "2009-12-31": "0.07800", "2008-12-31": "0.19970", "2007-12-31": "0.25350", "2006-12-31": "0.31480", "2005-12-31": "0.45810"}, "Gross Margin": {"2019-12-31": "74.36980", "2018-12-31": "74.76630", "2017-12-31": "74.52040", "2016-12-31": "73.09440", "2015-12-31": "75.24960", "2014-12-31": "73.06820", "2013-12-31": "74.74460", "2012-12-31": "74.15250", "2011-12-31": "70.82090", "2010-12-31": "71.78300", "2009-12-31": "69.79720", "2008-12-31": "66.09840", "2007-12-31": "65.33770", "2006-12-31": "63.97300", "2005-12-31": "62.46120"}, "Operating Margin": {"2019-12-31": "26.37540", "2018-12-31": "20.09780", "2017-12-31": "31.71190", "2016-12-31": "26.44670", "2015-12-31": "25.77300", "2014-12-31": "21.21490", "2013-12-31": "23.09950", "2012-12-31": "22.10470", "2011-12-31": "17.87800", "2010-12-31": "19.64760", "2009-12-31": "18.01120", "2008-12-31": "16.02170", "2007-12-31": "15.81890", "2006-12-31": "16.70200", "2005-12-31": "17.47670"}, "EBIT Margin": {"2019-12-31": "26.37540", "2018-12-31": "20.09780", "2017-12-31": "31.71190", "2016-12-31": "26.44670", "2015-12-31": "25.77300", "2014-12-31": "21.21490", "2013-12-31": "23.09950", "2012-12-31": "22.10470", "2011-12-31": "17.87800", "2010-12-31": "19.64760", "2009-12-31": "18.01120", "2008-12-31": "16.02170", "2007-12-31": "15.81890", "2006-12-31": "16.70200", "2005-12-31": "17.47670"}, "EBITDA Margin": {"2019-12-31": "28.42920", "2018-12-31": "22.17690", "2017-12-31": "34.09600", "2016-12-31": "28.84910", "2015-12-31": "28.41160", "2014-12-31": "24.16810", "2013-12-31": "26.17450", "2012-12-31": "24.93160", "2011-12-31": "21.33330", "2010-12-31": "23.55220", "2009-12-31": "22.45350", "2008-12-31": "20.51390", "2007-12-31": "20.84140", "2006-12-31": "22.17940", "2005-12-31": "23.10850"}, "Pre-Tax Profit Margin": {"2019-12-31": "26.82840", "2018-12-31": "20.45240", "2017-12-31": "30.12550", "2016-12-31": "24.89790", "2015-12-31": "24.95890", "2014-12-31": "49.24880", "2013-12-31": "24.99150", "2012-12-31": "20.43590", "2011-12-31": "16.89500", "2010-12-31": "18.53490", "2009-12-31": "23.03620", "2008-12-31": "13.28270", "2007-12-31": "13.72930", "2006-12-31": "16.61520", "2005-12-31": "11.69460"}, "Net Profit Margin": {"2019-12-31": "24.07770", "2018-12-31": "19.39940", "2017-12-31": "16.98830", "2016-12-31": "19.21590", "2015-12-31": "19.84600", "2014-12-31": "34.91760", "2013-12-31": "19.02220", "2012-12-31": "15.34530", "2011-12-31": "14.10100", "2010-12-31": "15.06570", "2009-12-31": "17.33770", "2008-12-31": "10.41450", "2007-12-31": "10.35650", "2006-12-31": "12.58440", "2005-12-31": "7.94670"}, "Asset Turnover": {"2019-12-31": "0.67020", "2018-12-31": "0.69930", "2017-12-31": "0.60630", "2016-12-31": "0.65710", "2015-12-31": "0.61480", "2014-12-31": "0.65940", "2013-12-31": "0.75480", "2012-12-31": "0.85510", "2011-12-31": "0.84760", "2010-12-31": "0.81880", "2009-12-31": "0.81800", "2008-12-31": "0.88390", "2007-12-31": "0.80830", "2006-12-31": "0.83170", "2005-12-31": "0.81190"}, "Inventory Turnover Ratio": {"2019-12-31": "1.73880", "2018-12-31": "1.54760", "2017-12-31": "1.57740", "2016-12-31": "2.01060", "2015-12-31": "1.81580", "2014-12-31": "2.10780", "2013-12-31": "1.67240", "2012-12-31": "1.74730", "2011-12-31": "1.87450", "2010-12-31": "2.00540", "2009-12-31": "2.40570", "2008-12-31": "2.76420", "2007-12-31": "2.47840", "2006-12-31": "2.62910", "2005-12-31": "2.84870"}, "Receiveable Turnover": {"2019-12-31": "7.25760", "2018-12-31": "6.92870", "2017-12-31": "7.16730", "2016-12-31": "7.14830", "2015-12-31": "6.70710", "2014-12-31": "7.14740", "2013-12-31": "6.23630", "2012-12-31": "5.46650", "2011-12-31": "5.23420", "2010-12-31": "4.78350", "2009-12-31": "4.85630", "2008-12-31": "6.04640", "2007-12-31": "7.50930", "2006-12-31": "8.15890", "2005-12-31": "8.42110"}, "Days Sales In Receivables": {"2019-12-31": "50.29240", "2018-12-31": "52.67930", "2017-12-31": "50.92550", "2016-12-31": "51.06080", "2015-12-31": "54.41990", "2014-12-31": "51.06760", "2013-12-31": "58.52850", "2012-12-31": "66.77060", "2011-12-31": "69.73400", "2010-12-31": "76.30440", "2009-12-31": "75.16010", "2008-12-31": "60.36640", "2007-12-31": "48.60650", "2006-12-31": "44.73630", "2005-12-31": "43.34350"}, "ROE - Return On Equity": {"2019-12-31": "25.23690", "2018-12-31": "22.99710", "2017-12-31": "19.74160", "2016-12-31": "21.74490", "2015-12-31": "19.77150", "2014-12-31": "37.01290", "2013-12-31": "25.19430", "2012-12-31": "19.70530", "2011-12-31": "17.69190", "2010-12-31": "16.66410", "2009-12-31": "19.78580", "2008-12-31": "14.66770", "2007-12-31": "13.53290", "2006-12-31": "17.41390", "2005-12-31": "11.49280"}, "Return On Tangible Equity": {"2019-12-31": "39.59380", "2018-12-31": "42.86050", "2017-12-31": "42.85820", "2016-12-31": "31.84950", "2015-12-31": "29.64540", "2014-12-31": "45.26230", "2013-12-31": "34.57130", "2012-12-31": "28.36710", "2011-12-31": "25.69480", "2010-12-31": "23.54470", "2009-12-31": "30.30420", "2008-12-31": "27.64910", "2007-12-31": "31.19820", "2006-12-31": "44.14750", "2005-12-31": "36.95250"}, "ROA - Return On Assets": {"2019-12-31": "16.13570", "2018-12-31": "13.56580", "2017-12-31": "10.29930", "2016-12-31": "12.62750", "2015-12-31": "12.20080", "2014-12-31": "23.02300", "2013-12-31": "14.35850", "2012-12-31": "13.12180", "2011-12-31": "11.95150", "2010-12-31": "12.33590", "2009-12-31": "14.18140", "2008-12-31": "9.20580", "2007-12-31": "8.37160", "2006-12-31": "10.46680", "2005-12-31": "6.45190"}, "ROI - Return On Investment": {"2019-12-31": "22.07390", "2018-12-31": "19.34020", "2017-12-31": "17.19200", "2016-12-31": "16.54900", "2015-12-31": "15.96450", "2014-12-31": "29.07690", "2013-12-31": "18.20350", "2012-12-31": "17.46970", "2011-12-31": "15.90410", "2010-12-31": "16.66410", "2009-12-31": "18.35440", "2008-12-31": "12.22610", "2007-12-31": "12.60180", "2006-12-31": "13.24470", "2005-12-31": "7.88190"}, "Book Value Per Share": {"2019-12-31": "6.61290", "2018-12-31": "5.04000", "2017-12-31": "4.69910", "2016-12-31": "4.12570", "2015-12-31": "3.87360", "2014-12-31": "6.77610", "2013-12-31": "2.35500", "2012-12-31": "2.15700", "2011-12-31": "1.95430", "2010-12-31": "1.89590", "2009-12-31": "3.39760", "2008-12-31": "1.31010", "2007-12-31": "1.22940", "2006-12-31": "1.08230", "2005-12-31": "0.96480"}, "Operating Cash Flow Per Share": {"2019-12-31": 0.4064, "2018-12-31": -0.0987, "2017-12-31": 0.4669, "2016-12-31": 0.2464, "2015-12-31": -0.7387, "2014-12-31": 0.8781, "2013-12-31": 0.1822, "2012-12-31": 0.0799, "2011-12-31": 0.0787, "2010-12-31": 0.117, "2009-12-31": 0.0203, "2008-12-31": -0.069, "2007-12-31": -0.0203, "2006-12-31": 0.1205, "2005-12-31": 0.183}, "Free Cash Flow Per Share": {"2019-12-31": 0.3792, "2018-12-31": -0.2117, "2017-12-31": 0.477, "2016-12-31": 0.1321, "2015-12-31": -0.7714, "2014-12-31": 0.9118, "2013-12-31": 0.1752, "2012-12-31": 0.0321, "2011-12-31": 0.0544, "2010-12-31": -0.0083, "2009-12-31": 0.0035, "2008-12-31": 0.0621, "2007-12-31": -0.0406, "2006-12-31": 0.1066, "2005-12-31": 0.151}}, "financial ratios, quarterly": {"Current Ratio": {"2020-09-30": "3.52170", "2020-06-30": "3.08100", "2020-03-31": "3.35770", "2019-12-31": "3.30670", "2019-09-30": "3.53150", "2019-06-30": "3.37830", "2019-03-31": "3.66400", "2018-12-31": "2.60880", "2018-09-30": "2.30960", "2018-06-30": "1.86380", "2018-03-31": "2.06690", "2017-12-31": "1.79520", "2017-09-30": "3.49080", "2017-06-30": "4.05940", "2017-03-31": "3.45140", "2016-12-31": "4.20660", "2016-09-30": "4.07550", "2016-06-30": "4.15120", "2016-03-31": "3.96970", "2015-12-31": "4.30050", "2015-09-30": "4.02910", "2015-06-30": "5.15950", "2015-03-31": "5.56330", "2014-12-31": "5.23610", "2014-09-30": "5.39790", "2014-06-30": "4.21480", "2014-03-31": "4.50110", "2013-12-31": "4.99360", "2013-09-30": "4.68640", "2013-06-30": "4.42580", "2013-03-31": "4.52960", "2012-12-31": "3.71880", "2012-09-30": "4.64740", "2012-06-30": "4.49810", "2012-03-31": "4.47960", "2011-12-31": "3.48600", "2011-09-30": "3.91360", "2011-06-30": "3.88380", "2011-03-31": "2.58380", "2010-12-31": "3.05680", "2010-09-30": "2.59650", "2010-06-30": "3.70970", "2010-03-31": "3.60320", "2009-12-31": "3.06090", "2009-09-30": "2.96050", "2009-06-30": "3.04200", "2009-03-31": "3.24180", "2008-12-31": "2.67660", "2008-09-30": "2.94170", "2008-06-30": "2.80270", "2008-03-31": "1.51070", "2007-12-31": "1.54280", "2007-09-30": "1.61930", "2007-06-30": "1.67240", "2007-03-31": "3.02170", "2006-12-31": "2.35010", "2006-09-30": "2.30730", "2006-06-30": "2.39430", "2006-03-31": "2.67740", "2005-12-31": "2.64780", "2005-09-30": "2.10360", "2005-06-30": "2.29570", "2005-03-31": "2.27100"}, "Long-term Debt / Capital": {"2020-09-30": "0.12380", "2020-06-30": "0.13410", "2020-03-31": "0.13230", "2019-12-31": "0.12530", "2019-09-30": "0.13480", "2019-06-30": "0.14510", "2019-03-31": "0.14700", "2018-12-31": "0.15900", "2018-09-30": "0.15010", "2018-06-30": "0.15800", "2018-03-31": "0.12320", "2017-12-31": "0.12910", "2017-09-30": "0.24640", "2017-06-30": "0.25700", "2017-03-31": "0.23610", "2016-12-31": "0.23900", "2016-09-30": "0.18240", "2016-06-30": "0.19600", "2016-03-31": "0.20750", "2015-12-31": "0.19250", "2015-09-30": "0.19990", "2015-06-30": "0.20780", "2015-03-31": "0.21400", "2014-12-31": "0.21440", "2014-09-30": "0.22590", "2014-06-30": "0.23800", "2014-03-31": "0.35110", "2013-12-31": "0.27750", "2013-09-30": "0.27020", "2013-06-30": "0.12580", "2013-03-31": "0.10800", "2012-12-31": "0.11340", "2012-09-30": "0.10250", "2012-06-30": "0.11430", "2012-03-31": "0.11430", "2011-12-31": "0.10110", "2011-09-30": "0.11440", "2011-06-30": "0.11210", "2011-03-31": "", "2010-12-31": "", "2010-09-30": "", "2010-06-30": "0.13700", "2010-03-31": "0.10100", "2009-12-31": "0.07230", "2009-09-30": "0.08580", "2009-06-30": "0.10200", "2009-03-31": "0.11540", "2008-12-31": "0.16650", "2008-09-30": "0.18820", "2008-06-30": "0.13640", "2008-03-31": "0.07480", "2007-12-31": "0.06880", "2007-09-30": "0.06920", "2007-06-30": "0.06660", "2007-03-31": "0.22240", "2006-12-31": "0.23940", "2006-09-30": "0.25790", "2006-06-30": "0.27900", "2006-03-31": "0.28530", "2005-12-31": "0.31420", "2005-09-30": "0.27620", "2005-06-30": "0.28950", "2005-03-31": "0.29850"}, "Debt/Equity Ratio": {"2020-09-30": "0.14130", "2020-06-30": "0.15490", "2020-03-31": "0.15240", "2019-12-31": "0.14330", "2019-09-30": "0.15580", "2019-06-30": "0.16970", "2019-03-31": "0.17230", "2018-12-31": "0.18910", "2018-09-30": "0.35510", "2018-06-30": "0.37710", "2018-03-31": "0.32490", "2017-12-31": "0.35060", "2017-09-30": "0.32700", "2017-06-30": "0.34590", "2017-03-31": "0.30910", "2016-12-31": "0.31400", "2016-09-30": "0.22310", "2016-06-30": "0.24380", "2016-03-31": "0.26190", "2015-12-31": "0.23850", "2015-09-30": "0.24980", "2015-06-30": "0.26230", "2015-03-31": "0.27220", "2014-12-31": "0.27290", "2014-09-30": "0.29190", "2014-06-30": "0.31230", "2014-03-31": "0.54100", "2013-12-31": "0.38400", "2013-09-30": "0.37020", "2013-06-30": "0.14390", "2013-03-31": "0.12100", "2012-12-31": "0.12800", "2012-09-30": "0.11420", "2012-06-30": "0.12900", "2012-03-31": "0.12900", "2011-12-31": "0.11240", "2011-09-30": "0.12920", "2011-06-30": "0.12620", "2011-03-31": "0.11010", "2010-12-31": "0.03200", "2010-09-30": "0.08160", "2010-06-30": "0.15880", "2010-03-31": "0.11230", "2009-12-31": "0.07800", "2009-09-30": "0.09380", "2009-06-30": "0.11350", "2009-03-31": "0.13040", "2008-12-31": "0.19970", "2008-09-30": "0.23190", "2008-06-30": "0.15790", "2008-03-31": "0.27380", "2007-12-31": "0.25350", "2007-09-30": "0.25640", "2007-06-30": "0.25710", "2007-03-31": "0.28600", "2006-12-31": "0.31480", "2006-09-30": "0.34760", "2006-06-30": "0.38700", "2006-03-31": "0.39920", "2005-12-31": "0.45810", "2005-09-30": "0.38150", "2005-06-30": "0.40740", "2005-03-31": "0.42560"}, "Gross Margin": {"2020-09-30": "75.37030", "2020-06-30": "74.24870", "2020-03-31": "76.51280", "2019-12-31": "75.62390", "2019-09-30": "73.27240", "2019-06-30": "72.03060", "2019-03-31": "76.65660", "2018-12-31": "75.99470", "2018-09-30": "75.19300", "2018-06-30": "73.91120", "2018-03-31": "73.89360", "2017-12-31": "73.51720", "2017-09-30": "74.03530", "2017-06-30": "74.92280", "2017-03-31": "75.59710", "2016-12-31": "72.22880", "2016-09-30": "72.76170", "2016-06-30": "73.33070", "2016-03-31": "74.14310", "2015-12-31": "73.78930", "2015-09-30": "76.16570", "2015-06-30": "74.28660", "2015-03-31": "76.96090", "2014-12-31": "74.04530", "2014-09-30": "72.32470", "2014-06-30": "73.70890", "2014-03-31": "72.07120", "2013-12-31": "73.17170", "2013-09-30": "74.13240", "2013-06-30": "76.10210", "2013-03-31": "75.63920", "2012-12-31": "76.06270", "2012-09-30": "75.06140", "2012-06-30": "73.07050", "2012-03-31": "72.27790", "2011-12-31": "72.19900", "2011-09-30": "69.56630", "2011-06-30": "70.36180", "2011-03-31": "71.12490", "2010-12-31": "71.07540", "2010-09-30": "72.54230", "2010-06-30": "72.50820", "2010-03-31": "71.04260", "2009-12-31": "70.66630", "2009-09-30": "69.75750", "2009-06-30": "69.62740", "2009-03-31": "69.05900", "2008-12-31": "68.09810", "2008-09-30": "65.44800", "2008-06-30": "65.50670", "2008-03-31": "65.33020", "2007-12-31": "66.00680", "2007-09-30": "65.30220", "2007-06-30": "65.26050", "2007-03-31": "64.71030", "2006-12-31": "63.32830", "2006-09-30": "64.67260", "2006-06-30": "64.19750", "2006-03-31": "63.73200", "2005-12-31": "64.11700", "2005-09-30": "62.26650", "2005-06-30": "62.08370", "2005-03-31": "61.38100"}, "Operating Margin": {"2020-09-30": "31.36120", "2020-06-30": "-18.34590", "2020-03-31": "31.72680", "2019-12-31": "26.47140", "2019-09-30": "26.90130", "2019-06-30": "24.61130", "2019-03-31": "27.61330", "2018-12-31": "-0.54210", "2018-09-30": "27.45420", "2018-06-30": "26.71400", "2018-03-31": "28.21860", "2017-12-31": "34.27130", "2017-09-30": "27.71760", "2017-06-30": "29.54380", "2017-03-31": "34.91790", "2016-12-31": "22.33940", "2016-09-30": "26.41330", "2016-06-30": "28.32870", "2016-03-31": "28.95450", "2015-12-31": "26.03190", "2015-09-30": "25.31280", "2015-06-30": "23.80030", "2015-03-31": "28.01970", "2014-12-31": "24.35270", "2014-09-30": "21.32040", "2014-06-30": "20.74420", "2014-03-31": "17.89820", "2013-12-31": "23.91790", "2013-09-30": "21.28730", "2013-06-30": "24.45860", "2013-03-31": "22.60920", "2012-12-31": "28.09010", "2012-09-30": "21.12080", "2012-06-30": "19.87550", "2012-03-31": "18.75000", "2011-12-31": "20.10690", "2011-09-30": "14.51420", "2011-06-30": "17.46290", "2011-03-31": "19.38200", "2010-12-31": "20.54030", "2010-09-30": "19.31790", "2010-06-30": "20.15330", "2010-03-31": "18.41410", "2009-12-31": "18.63280", "2009-09-30": "17.37800", "2009-06-30": "18.62890", "2009-03-31": "17.32060", "2008-12-31": "18.40490", "2008-09-30": "14.22930", "2008-06-30": "15.78140", "2008-03-31": "15.63340", "2007-12-31": "15.49490", "2007-09-30": "14.00150", "2007-06-30": "17.27810", "2007-03-31": "16.47100", "2006-12-31": "16.49100", "2006-09-30": "16.24900", "2006-06-30": "17.09690", "2006-03-31": "16.94590", "2005-12-31": "18.90270", "2005-09-30": "16.14780", "2005-06-30": "17.81570", "2005-03-31": "16.98110"}, "EBIT Margin": {"2020-09-30": "31.36120", "2020-06-30": "-18.34590", "2020-03-31": "31.72680", "2019-12-31": "26.47130", "2019-09-30": "26.90130", "2019-06-30": "24.61130", "2019-03-31": "27.61330", "2018-12-31": "-0.54210", "2018-09-30": "27.45420", "2018-06-30": "26.71400", "2018-03-31": "28.21860", "2017-12-31": "34.27130", "2017-09-30": "27.71760", "2017-06-30": "29.54380", "2017-03-31": "34.91790", "2016-12-31": "22.33940", "2016-09-30": "26.41330", "2016-06-30": "28.32870", "2016-03-31": "28.95450", "2015-12-31": "26.03190", "2015-09-30": "25.31280", "2015-06-30": "23.80030", "2015-03-31": "28.01970", "2014-12-31": "24.35270", "2014-09-30": "21.32040", "2014-06-30": "20.74420", "2014-03-31": "17.89820", "2013-12-31": "23.91790", "2013-09-30": "21.28730", "2013-06-30": "24.45860", "2013-03-31": "22.60920", "2012-12-31": "28.09010", "2012-09-30": "21.12080", "2012-06-30": "19.87550", "2012-03-31": "18.75000", "2011-12-31": "20.10690", "2011-09-30": "14.51420", "2011-06-30": "17.46290", "2011-03-31": "19.38200", "2010-12-31": "20.54030", "2010-09-30": "19.31790", "2010-06-30": "20.15330", "2010-03-31": "18.41410", "2009-12-31": "18.63280", "2009-09-30": "17.37800", "2009-06-30": "18.62890", "2009-03-31": "17.32060", "2008-12-31": "18.40490", "2008-09-30": "14.22930", "2008-06-30": "15.78140", "2008-03-31": "15.63340", "2007-12-31": "15.49490", "2007-09-30": "14.00150", "2007-06-30": "17.27810", "2007-03-31": "16.47100", "2006-12-31": "16.49100", "2006-09-30": "16.24900", "2006-06-30": "17.09690", "2006-03-31": "16.94590", "2005-12-31": "18.90270", "2005-09-30": "16.14780", "2005-06-30": "17.81570", "2005-03-31": "16.98110"}, "EBITDA Margin": {"2020-09-30": "", "2020-06-30": "", "2020-03-31": "", "2019-12-31": "", "2019-09-30": "", "2019-06-30": "", "2019-03-31": "", "2018-12-31": "", "2018-09-30": "", "2018-06-30": "", "2018-03-31": "", "2017-12-31": "", "2017-09-30": "", "2017-06-30": "", "2017-03-31": "", "2016-12-31": "", "2016-09-30": "", "2016-06-30": "", "2016-03-31": "", "2015-12-31": "", "2015-09-30": "", "2015-06-30": "", "2015-03-31": "", "2014-12-31": "", "2014-09-30": "", "2014-06-30": "", "2014-03-31": "", "2013-12-31": "", "2013-09-30": "", "2013-06-30": "", "2013-03-31": "", "2012-12-31": "", "2012-09-30": "", "2012-06-30": "", "2012-03-31": "", "2011-12-31": "", "2011-09-30": "", "2011-06-30": "", "2011-03-31": "", "2010-12-31": "", "2010-09-30": "", "2010-06-30": "", "2010-03-31": "", "2009-12-31": "", "2009-09-30": "", "2009-06-30": "", "2009-03-31": "", "2008-12-31": "", "2008-09-30": "", "2008-06-30": "", "2008-03-31": "", "2007-12-31": "", "2007-09-30": "", "2007-06-30": "", "2007-03-31": "", "2006-12-31": "", "2006-09-30": "", "2006-06-30": "", "2006-03-31": "", "2005-12-31": "", "2005-09-30": "", "2005-06-30": "", "2005-03-31": ""}, "Pre-Tax Profit Margin": {"2020-09-30": "31.93090", "2020-06-30": "-18.18380", "2020-03-31": "32.29380", "2019-12-31": "26.87160", "2019-09-30": "27.57770", "2019-06-30": "24.96090", "2019-03-31": "27.99600", "2018-12-31": "-0.18410", "2018-09-30": "27.43220", "2018-06-30": "26.59740", "2018-03-31": "29.44790", "2017-12-31": "36.45470", "2017-09-30": "25.78210", "2017-06-30": "24.42390", "2017-03-31": "33.23150", "2016-12-31": "26.10400", "2016-09-30": "25.04730", "2016-06-30": "22.25730", "2016-03-31": "26.28710", "2015-12-31": "24.88450", "2015-09-30": "24.48420", "2015-06-30": "23.05450", "2015-03-31": "27.52840", "2014-12-31": "21.50490", "2014-09-30": "19.85510", "2014-06-30": "141.40150", "2014-03-31": "14.79710", "2013-12-31": "18.71270", "2013-09-30": "20.13720", "2013-06-30": "23.29850", "2013-03-31": "38.37330", "2012-12-31": "23.36930", "2012-09-30": "20.85290", "2012-06-30": "18.65150", "2012-03-31": "18.64110", "2011-12-31": "15.94610", "2011-09-30": "13.95690", "2011-06-30": "16.88310", "2011-03-31": "20.91470", "2010-12-31": "17.86440", "2010-09-30": "18.97390", "2010-06-30": "18.18180", "2010-03-31": "19.23640", "2009-12-31": "17.99830", "2009-09-30": "28.92230", "2009-06-30": "18.71830", "2009-03-31": "27.11320", "2008-12-31": "10.97840", "2008-09-30": "14.36100", "2008-06-30": "15.90350", "2008-03-31": "11.69140", "2007-12-31": "6.68940", "2007-09-30": "14.84320", "2007-06-30": "17.16800", "2007-03-31": "16.88750", "2006-12-31": "8.92320", "2006-09-30": "14.83430", "2006-06-30": "17.02210", "2006-03-31": "25.86680", "2005-12-31": "17.42090", "2005-09-30": "6.35120", "2005-06-30": "5.92560", "2005-03-31": "17.10160"}, "Net Profit Margin": {"2020-09-30": "28.50380", "2020-06-30": "-13.17840", "2020-03-31": "27.51840", "2019-12-31": "23.86510", "2019-09-30": "25.10970", "2019-06-30": "22.29280", "2019-03-31": "25.14600", "2018-12-31": "0.71600", "2018-09-30": "24.91730", "2018-06-30": "29.95660", "2018-03-31": "23.08900", "2017-12-31": "-0.31510", "2017-09-30": "20.70600", "2017-06-30": "22.10740", "2017-03-31": "26.05550", "2016-12-31": "20.64610", "2016-09-30": "19.12360", "2016-06-30": "16.67330", "2016-03-31": "20.50770", "2015-12-31": "20.96560", "2015-09-30": "19.18770", "2015-06-30": "18.27170", "2015-03-31": "20.90460", "2014-12-31": "17.66990", "2014-09-30": "15.57460", "2014-06-30": "95.11390", "2014-03-31": "11.54290", "2013-12-31": "14.01120", "2013-09-30": "15.49640", "2013-06-30": "18.03940", "2013-03-31": "28.97120", "2012-12-31": "17.51230", "2012-09-30": "15.44990", "2012-06-30": "14.06640", "2012-03-31": "14.17680", "2011-12-31": "14.66760", "2011-09-30": "12.50300", "2011-06-30": "13.47400", "2011-03-31": "15.79730", "2010-12-31": "16.51380", "2010-09-30": "13.75750", "2010-06-30": "15.74480", "2010-03-31": "14.00880", "2009-12-31": "13.72950", "2009-09-30": "22.56680", "2009-06-30": "14.15800", "2009-03-31": "19.29820", "2008-12-31": "12.30220", "2008-09-30": "10.83660", "2008-06-30": "12.11840", "2008-03-31": "6.13210", "2007-12-31": "5.39250", "2007-09-30": "11.13240", "2007-06-30": "12.80260", "2007-03-31": "12.57100", "2006-12-31": "7.79370", "2006-09-30": "11.23690", "2006-06-30": "13.50540", "2006-03-31": "17.88080", "2005-12-31": "15.45860", "2005-09-30": "-1.82650", "2005-06-30": "5.38340", "2005-03-31": "12.52510"}, "Asset Turnover": {"2020-09-30": "0.16780", "2020-06-30": "0.14400", "2020-03-31": "0.18580", "2019-12-31": "0.18100", "2019-09-30": "0.18340", "2019-06-30": "0.19500", "2019-03-31": "0.18160", "2018-12-31": "0.18370", "2018-09-30": "0.15220", "2018-06-30": "0.16600", "2018-03-31": "0.15360", "2017-12-31": "0.15680", "2017-09-30": "0.14970", "2017-06-30": "0.16380", "2017-03-31": "0.18480", "2016-12-31": "0.17020", "2016-09-30": "0.17040", "2016-06-30": "0.18740", "2016-03-31": "0.18090", "2015-12-31": "0.16540", "2015-09-30": "0.15880", "2015-06-30": "0.17090", "2015-03-31": "0.16920", "2014-12-31": "0.17540", "2014-09-30": "0.18130", "2014-06-30": "0.17290", "2014-03-31": "0.19700", "2013-12-31": "0.19780", "2013-09-30": "0.19580", "2013-06-30": "0.22110", "2013-03-31": "0.21630", "2012-12-31": "0.22980", "2012-09-30": "0.20400", "2012-06-30": "0.23230", "2012-03-31": "0.22910", "2011-12-31": "0.21720", "2011-09-30": "0.20810", "2011-06-30": "0.21530", "2011-03-31": "0.20950", "2010-12-31": "0.22200", "2010-09-30": "0.20220", "2010-06-30": "0.22240", "2010-03-31": "0.21220", "2009-12-31": "0.21460", "2009-09-30": "0.20330", "2009-06-30": "0.22900", "2009-03-31": "0.23070", "2008-12-31": "0.22120", "2008-09-30": "0.21980", "2008-06-30": "0.24300", "2008-03-31": "0.22650", "2007-12-31": "0.21710", "2007-09-30": "0.20110", "2007-06-30": "0.21780", "2007-03-31": "0.21140", "2006-12-31": "0.21300", "2006-09-30": "0.19950", "2006-06-30": "0.21230", "2006-03-31": "0.20710", "2005-12-31": "0.20320", "2005-09-30": "0.21040", "2005-06-30": "0.22440", "2005-03-31": "0.22180"}, "Inventory Turnover Ratio": {"2020-09-30": "0.36340", "2020-06-30": "0.32400", "2020-03-31": "0.40030", "2019-12-31": "0.44660", "2019-09-30": "0.47850", "2019-06-30": "0.48650", "2019-03-31": "0.36740", "2018-12-31": "0.38670", "2018-09-30": "0.38520", "2018-06-30": "0.43340", "2018-03-31": "0.40700", "2017-12-31": "0.42400", "2017-09-30": "0.39620", "2017-06-30": "0.42940", "2017-03-31": "0.49980", "2016-12-31": "0.53760", "2016-09-30": "0.50220", "2016-06-30": "0.55090", "2016-03-31": "0.50560", "2015-12-31": "0.51750", "2015-09-30": "0.43990", "2015-06-30": "0.50620", "2015-03-31": "0.45560", "2014-12-31": "0.54040", "2014-09-30": "0.55370", "2014-06-30": "0.47680", "2014-03-31": "0.47370", "2013-12-31": "0.46550", "2013-09-30": "0.40840", "2013-06-30": "0.41270", "2013-03-31": "0.41940", "2012-12-31": "0.43490", "2012-09-30": "0.39060", "2012-06-30": "0.48910", "2012-03-31": "0.47450", "2011-12-31": "0.45770", "2011-09-30": "0.50670", "2011-06-30": "0.55710", "2011-03-31": "0.53650", "2010-12-31": "0.55750", "2010-09-30": "0.45150", "2010-06-30": "0.55070", "2010-03-31": "0.56470", "2009-12-31": "0.61300", "2009-09-30": "0.58390", "2009-06-30": "0.63330", "2009-03-31": "0.66390", "2008-12-31": "0.65090", "2008-09-30": "0.72950", "2008-06-30": "0.82600", "2008-03-31": "0.73760", "2007-12-31": "0.65270", "2007-09-30": "0.57300", "2007-06-30": "0.65990", "2007-03-31": "0.65870", "2006-12-31": "0.68540", "2006-09-30": "0.58700", "2006-06-30": "0.68850", "2006-03-31": "0.68960", "2005-12-31": "0.68140", "2005-09-30": "0.67080", "2005-06-30": "0.74560", "2005-03-31": "0.76290"}, "Receiveable Turnover": {"2020-09-30": "1.69850", "2020-06-30": "1.62880", "2020-03-31": "1.92910", "2019-12-31": "1.95980", "2019-09-30": "1.91930", "2019-06-30": "1.78300", "2019-03-31": "1.71800", "2018-12-31": "1.81970", "2018-09-30": "1.71020", "2018-06-30": "1.81450", "2018-03-31": "2.00270", "2017-12-31": "1.85370", "2017-09-30": "1.72950", "2017-06-30": "1.64830", "2017-03-31": "1.73170", "2016-12-31": "1.85170", "2016-09-30": "1.62790", "2016-06-30": "1.78320", "2016-03-31": "1.79490", "2015-12-31": "1.80500", "2015-09-30": "1.81890", "2015-06-30": "1.75730", "2015-03-31": "1.70950", "2014-12-31": "1.90150", "2014-09-30": "1.88110", "2014-06-30": "1.75600", "2014-03-31": "1.71220", "2013-12-31": "1.63410", "2013-09-30": "1.51190", "2013-06-30": "1.51320", "2013-03-31": "1.50650", "2012-12-31": "1.46910", "2012-09-30": "1.37650", "2012-06-30": "1.43280", "2012-03-31": "1.32450", "2011-12-31": "1.34140", "2011-09-30": "1.19000", "2011-06-30": "1.18430", "2011-03-31": "1.14200", "2010-12-31": "1.29720", "2010-09-30": "1.15000", "2010-06-30": "1.24220", "2010-03-31": "1.22220", "2009-12-31": "1.27420", "2009-09-30": "1.16110", "2009-06-30": "1.22220", "2009-03-31": "1.22560", "2008-12-31": "1.51290", "2008-09-30": "1.42130", "2008-06-30": "1.89040", "2008-03-31": "1.91110", "2007-12-31": "2.01650", "2007-09-30": "1.91220", "2007-06-30": "1.98400", "2007-03-31": "2.04250", "2006-12-31": "2.08970", "2006-09-30": "1.90020", "2006-06-30": "1.99930", "2006-03-31": "2.09040", "2005-12-31": "2.10720", "2005-09-30": "1.91340", "2005-06-30": "2.06730", "2005-03-31": "1.95070"}, "Days Sales In Receivables": {"2020-09-30": "52.98710", "2020-06-30": "55.25510", "2020-03-31": "46.65460", "2019-12-31": "45.92370", "2019-09-30": "46.89210", "2019-06-30": "50.47750", "2019-03-31": "52.38670", "2018-12-31": "49.45990", "2018-09-30": "52.62410", "2018-06-30": "49.60160", "2018-03-31": "44.93970", "2017-12-31": "48.55040", "2017-09-30": "52.03900", "2017-06-30": "54.60090", "2017-03-31": "51.97280", "2016-12-31": "48.60490", "2016-09-30": "55.28540", "2016-06-30": "50.47020", "2016-03-31": "50.14340", "2015-12-31": "49.86140", "2015-09-30": "49.48170", "2015-06-30": "51.21600", "2015-03-31": "52.64610", "2014-12-31": "47.33010", "2014-09-30": "47.84490", "2014-06-30": "51.25200", "2014-03-31": "52.56320", "2013-12-31": "55.07460", "2013-09-30": "59.52780", "2013-06-30": "59.47800", "2013-03-31": "59.74030", "2012-12-31": "61.26350", "2012-09-30": "65.38510", "2012-06-30": "62.81330", "2012-03-31": "67.95080", "2011-12-31": "67.09210", "2011-09-30": "75.62880", "2011-06-30": "75.99490", "2011-03-31": "78.80840", "2010-12-31": "69.38070", "2010-09-30": "78.26310", "2010-06-30": "72.45350", "2010-03-31": "73.63880", "2009-12-31": "70.63460", "2009-09-30": "77.51000", "2009-06-30": "73.63640", "2009-03-31": "73.43540", "2008-12-31": "59.48660", "2008-09-30": "63.32020", "2008-06-30": "47.60990", "2008-03-31": "47.09230", "2007-12-31": "44.63140", "2007-09-30": "47.06580", "2007-06-30": "45.36320", "2007-03-31": "44.06290", "2006-12-31": "43.06850", "2006-09-30": "47.36460", "2006-06-30": "45.01680", "2006-03-31": "43.05420", "2005-12-31": "42.71130", "2005-09-30": "47.03610", "2005-06-30": "43.53600", "2005-03-31": "46.13810"}, "ROE - Return On Equity": {"2020-09-30": "7.72390", "2020-06-30": "-3.17520", "2020-03-31": "7.96190", "2019-12-31": "6.75460", "2019-09-30": "7.20090", "2019-06-30": "6.92230", "2019-03-31": "7.24290", "2018-12-31": "0.22290", "2018-09-30": "6.72060", "2018-06-30": "8.93430", "2018-03-31": "6.36530", "2017-12-31": "-0.09470", "2017-09-30": "5.37870", "2017-06-30": "6.33080", "2017-03-31": "8.39320", "2016-12-31": "6.05190", "2016-09-30": "5.25300", "2016-06-30": "5.12300", "2016-03-31": "6.21930", "2015-12-31": "5.62100", "2015-09-30": "4.87730", "2015-06-30": "4.92440", "2015-03-31": "5.57390", "2014-12-31": "4.98310", "2014-09-30": "4.62950", "2014-06-30": "28.56550", "2014-03-31": "4.49730", "2013-12-31": "4.86270", "2013-09-30": "5.34300", "2013-06-30": "5.90580", "2013-03-31": "9.03890", "2012-12-31": "6.04340", "2012-09-30": "4.50430", "2012-06-30": "4.72610", "2012-03-31": "4.68240", "2011-12-31": "4.71630", "2011-09-30": "3.80920", "2011-06-30": "4.19430", "2011-03-31": "4.70610", "2010-12-31": "4.95340", "2010-09-30": "3.89140", "2010-06-30": "5.14400", "2010-03-31": "4.14240", "2009-12-31": "4.11090", "2009-09-30": "6.74060", "2009-06-30": "4.73530", "2009-03-31": "6.41370", "2008-12-31": "4.33550", "2008-09-30": "3.76210", "2008-06-30": "4.42440", "2008-03-31": "2.34050", "2007-12-31": "1.89220", "2007-09-30": "3.53240", "2007-06-30": "4.32200", "2007-03-31": "4.22930", "2006-12-31": "2.76220", "2006-09-30": "3.81920", "2006-06-30": "4.99720", "2006-03-31": "6.34420", "2005-12-31": "5.59420", "2005-09-30": "-0.66750", "2005-06-30": "2.10070", "2005-03-31": "4.81410"}, "Return On Tangible Equity": {"2020-09-30": "12.00930", "2020-06-30": "-5.21410", "2020-03-31": "12.94110", "2019-12-31": "10.59720", "2019-09-30": "12.06360", "2019-06-30": "12.48450", "2019-03-31": "12.46760", "2018-12-31": "0.41540", "2018-09-30": "12.75480", "2018-06-30": "17.89690", "2018-03-31": "12.74990", "2017-12-31": "-0.20560", "2017-09-30": "9.62590", "2017-06-30": "11.88450", "2017-03-31": "16.49710", "2016-12-31": "8.86420", "2016-09-30": "7.62350", "2016-06-30": "7.75210", "2016-03-31": "9.76310", "2015-12-31": "8.42820", "2015-09-30": "7.41410", "2015-06-30": "5.93530", "2015-03-31": "6.76160", "2014-12-31": "6.09380", "2014-09-30": "5.77320", "2014-06-30": "36.43990", "2014-03-31": "6.52740", "2013-12-31": "6.67260", "2013-09-30": "7.75370", "2013-06-30": "8.22970", "2013-03-31": "12.55340", "2012-12-31": "8.69990", "2012-09-30": "6.14070", "2012-06-30": "6.62690", "2012-03-31": "6.67420", "2011-12-31": "6.84980", "2011-09-30": "5.52110", "2011-06-30": "6.03700", "2011-03-31": "6.85920", "2010-12-31": "6.99860", "2010-09-30": "5.66970", "2010-06-30": "7.89510", "2010-03-31": "6.33720", "2009-12-31": "6.29630", "2009-09-30": "10.74250", "2009-06-30": "7.96850", "2009-03-31": "11.30840", "2008-12-31": "8.17250", "2008-09-30": "7.29650", "2008-06-30": "8.41100", "2008-03-31": "5.20000", "2007-12-31": "4.36220", "2007-09-30": "7.67610", "2007-06-30": "9.63290", "2007-03-31": "9.81090", "2006-12-31": "7.00270", "2006-09-30": "10.41200", "2006-06-30": "14.03580", "2006-03-31": "18.17820", "2005-12-31": "17.98700", "2005-09-30": "-2.44850", "2005-06-30": "7.80460", "2005-03-31": "18.64910"}, "ROA - Return On Assets": {"2020-09-30": "4.78180", "2020-06-30": "-1.89750", "2020-03-31": "5.11180", "2019-12-31": "4.31870", "2019-09-30": "4.60420", "2019-06-30": "4.34740", "2019-03-31": "4.56550", "2018-12-31": "0.13150", "2018-09-30": "3.79140", "2018-06-30": "4.97180", "2018-03-31": "3.54670", "2017-12-31": "-0.04940", "2017-09-30": "3.09930", "2017-06-30": "3.62170", "2017-03-31": "4.81550", "2016-12-31": "3.51440", "2016-09-30": "3.25880", "2016-06-30": "3.12480", "2016-03-31": "3.71060", "2015-12-31": "3.46870", "2015-09-30": "3.04650", "2015-06-30": "3.12340", "2015-03-31": "3.53740", "2014-12-31": "3.09960", "2014-09-30": "2.82390", "2014-06-30": "16.44320", "2014-03-31": "2.27400", "2013-12-31": "2.77130", "2013-09-30": "3.03490", "2013-06-30": "3.98770", "2013-03-31": "6.26580", "2012-12-31": "4.02430", "2012-09-30": "3.15150", "2012-06-30": "3.26730", "2012-03-31": "3.24820", "2011-12-31": "3.18610", "2011-09-30": "2.60220", "2011-06-30": "2.90150", "2011-03-31": "3.30900", "2010-12-31": "3.66680", "2010-09-30": "2.78200", "2010-06-30": "3.50200", "2010-03-31": "2.97310", "2009-12-31": "2.94650", "2009-09-30": "4.58770", "2009-06-30": "3.24210", "2009-03-31": "4.45210", "2008-12-31": "2.72100", "2008-09-30": "2.38200", "2008-06-30": "2.94440", "2008-03-31": "1.38900", "2007-12-31": "1.17050", "2007-09-30": "2.23900", "2007-06-30": "2.78800", "2007-03-31": "2.65770", "2006-12-31": "1.66030", "2006-09-30": "2.24140", "2006-06-30": "2.86690", "2006-03-31": "3.70310", "2005-12-31": "3.14050", "2005-09-30": "-0.38430", "2005-06-30": "1.20790", "2005-03-31": "2.77800"}, "ROI - Return On Investment": {"2020-09-30": "6.76770", "2020-06-30": "-2.74930", "2020-03-31": "6.90880", "2019-12-31": "5.90800", "2019-09-30": "6.23040", "2019-06-30": "5.91780", "2019-03-31": "6.17860", "2018-12-31": "0.18750", "2018-09-30": "5.71190", "2018-06-30": "7.52240", "2018-03-31": "5.58120", "2017-12-31": "-0.08250", "2017-09-30": "4.05340", "2017-06-30": "4.70380", "2017-03-31": "6.41120", "2016-12-31": "4.60580", "2016-09-30": "4.29470", "2016-06-30": "4.11880", "2016-03-31": "4.92850", "2015-12-31": "4.53870", "2015-09-30": "3.90250", "2015-06-30": "3.90110", "2015-03-31": "4.38120", "2014-12-31": "3.91470", "2014-09-30": "3.58360", "2014-06-30": "21.76770", "2014-03-31": "2.91840", "2013-12-31": "3.51340", "2013-09-30": "3.89950", "2013-06-30": "5.16300", "2013-03-31": "8.06300", "2012-12-31": "5.35780", "2012-09-30": "4.04280", "2012-06-30": "4.18600", "2012-03-31": "4.14730", "2011-12-31": "4.23970", "2011-09-30": "3.37340", "2011-06-30": "3.72440", "2011-03-31": "4.70610", "2010-12-31": "4.95340", "2010-09-30": "3.89140", "2010-06-30": "4.43910", "2010-03-31": "3.72420", "2009-12-31": "3.81350", "2009-09-30": "6.16250", "2009-06-30": "4.25250", "2009-03-31": "5.67380", "2008-12-31": "3.61380", "2008-09-30": "3.05390", "2008-06-30": "3.82100", "2008-03-31": "2.16540", "2007-12-31": "1.76200", "2007-09-30": "3.28810", "2007-06-30": "4.03420", "2007-03-31": "3.28880", "2006-12-31": "2.10090", "2006-09-30": "2.83410", "2006-06-30": "3.60280", "2006-03-31": "4.53420", "2005-12-31": "3.83660", "2005-09-30": "-0.48310", "2005-06-30": "1.49250", "2005-03-31": "3.37700"}, "Book Value Per Share": {"2020-09-30": "6.75920", "2020-06-30": "6.17810", "2020-03-31": "6.29720", "2019-12-31": "19.83880", "2019-09-30": "6.09880", "2019-06-30": "5.61220", "2019-03-31": "5.51420", "2018-12-31": "5.04000", "2018-09-30": "5.35840", "2018-06-30": "5.04170", "2018-03-31": "5.13480", "2017-12-31": "4.69910", "2017-09-30": "4.98190", "2017-06-30": "4.64170", "2017-03-31": "4.34520", "2016-12-31": "4.12570", "2016-09-30": "4.19870", "2016-06-30": "3.87270", "2016-03-31": "3.61700", "2015-12-31": "3.87360", "2015-09-30": "3.74710", "2015-06-30": "3.55150", "2015-03-31": "3.43240", "2014-12-31": "6.77610", "2014-09-30": "3.18580", "2014-06-30": "3.01080", "2014-03-31": "2.12220", "2013-12-31": "2.35500", "2013-09-30": "2.18980", "2013-06-30": "2.34670", "2013-03-31": "2.33770", "2012-12-31": "2.15700", "2012-09-30": "2.20730", "2012-06-30": "2.07370", "2012-03-31": "2.03260", "2011-12-31": "1.95430", "2011-09-30": "1.97690", "2011-06-30": "2.00930", "2011-03-31": "1.97130", "2010-12-31": "1.89590", "2010-09-30": "1.80180", "2010-06-30": "1.64720", "2010-03-31": "1.68940", "2009-12-31": "3.39760", "2009-09-30": "1.61110", "2009-06-30": "1.48210", "2009-03-31": "1.40370", "2008-12-31": "1.31010", "2008-09-30": "1.30370", "2008-06-30": "1.32350", "2008-03-31": "1.18680", "2007-12-31": "1.22940", "2007-09-30": "1.20650", "2007-06-30": "1.17230", "2007-03-31": "1.13370", "2006-12-31": "1.08230", "2006-09-30": "1.04950", "2006-06-30": "1.03260", "2006-03-31": "1.01840", "2005-12-31": "0.96480", "2005-09-30": "0.91960", "2005-06-30": "0.92210", "2005-03-31": "0.90810"}, "Operating Cash Flow Per Share": {"2020-09-30": 0.3305, "2020-06-30": 0.3805, "2020-03-31": "0.32590", "2019-12-31": 0.6269, "2019-09-30": 0.6871, "2019-06-30": 0.5363, "2019-03-31": "0.00240", "2018-12-31": 0.4554, "2018-09-30": 0.5369, "2018-06-30": 0.2195, "2018-03-31": "0.23450", "2017-12-31": 0.5632, "2017-09-30": 0.478, "2017-06-30": 0.3062, "2017-03-31": "0.19760", "2016-12-31": 0.3089, "2016-09-30": 0.313, "2016-06-30": 0.2923, "2016-03-31": "0.16390", "2015-12-31": 0.1558, "2015-09-30": 0.3069, "2015-06-30": 0.2582, "2015-03-31": "0.11080", "2014-12-31": 0.1419, "2014-09-30": 0.0056, "2014-06-30": 1.2095, "2014-03-31": "0.21340", "2013-12-31": 0.1588, "2013-09-30": 0.2005, "2013-06-30": 0.1884, "2013-03-31": "0.14460", "2012-12-31": 0.1636, "2012-09-30": 0.1831, "2012-06-30": 0.2068, "2012-03-31": "-0.04340", "2011-12-31": 0.1294, "2011-09-30": 0.1627, "2011-06-30": 0.1175, "2011-03-31": "0.02060", "2010-12-31": 0.1309, "2010-09-30": 0.135, "2010-06-30": 0.0674, "2010-03-31": "0.01820", "2009-12-31": 0.0935, "2009-09-30": 0.1013, "2009-06-30": 0.091, "2009-03-31": "-0.05130", "2008-12-31": 0.1115, "2008-09-30": 0.0212, "2008-06-30": 0.0389, "2008-03-31": "0.04260", "2007-12-31": 0.1042, "2007-09-30": 0.0805, "2007-06-30": 0.0509, "2007-03-31": "0.04760", "2006-12-31": 0.0928, "2006-09-30": 0.0801, "2006-06-30": 0.0519, "2006-03-31": "0.07870", "2005-12-31": 0.0541, "2005-09-30": 0.0575, "2005-06-30": 0.0446, "2005-03-31": "0.02680"}, "Free Cash Flow Per Share": {"2020-09-30": 0.172, "2020-06-30": 0.2028, "2020-03-31": "0.19650", "2019-12-31": 0.5146, "2019-09-30": 0.5676, "2019-06-30": 0.4347, "2019-03-31": "-0.06390", "2018-12-31": 0.366, "2018-09-30": 0.4033, "2018-06-30": 0.137, "2018-03-31": "0.16750", "2017-12-31": 0.4828, "2017-09-30": 0.4131, "2017-06-30": 0.2165, "2017-03-31": "0.17310", "2016-12-31": 0.2118, "2016-09-30": 0.2399, "2016-06-30": 0.2353, "2016-03-31": "0.12150", "2015-12-31": 0.0993, "2015-09-30": 0.2676, "2015-06-30": 0.2302, "2015-03-31": "0.07930", "2014-12-31": 0.0937, "2014-09-30": -0.0218, "2014-06-30": 1.1845, "2014-03-31": "0.19140", "2013-12-31": 0.1337, "2013-09-30": 0.1656, "2013-06-30": 0.1447, "2013-03-31": "0.09200", "2012-12-31": 0.1016, "2012-09-30": 0.151, "2012-06-30": 0.177, "2012-03-31": "-0.06880", "2011-12-31": 0.0933, "2011-09-30": 0.1405, "2011-06-30": 0.0935, "2011-03-31": "0.00140", "2010-12-31": 0.1027, "2010-09-30": 0.1142, "2010-06-30": 0.0475, "2010-03-31": "0.00990", "2009-12-31": 0.0677, "2009-09-30": 0.1719, "2009-06-30": 0.0716, "2009-03-31": "-0.02860", "2008-12-31": 0.1184, "2008-09-30": 0.0054, "2008-06-30": 0.0203, "2008-03-31": "0.13500", "2007-12-31": 0.0884, "2007-09-30": 0.0631, "2007-06-30": 0.0357, "2007-03-31": "0.02980", "2006-12-31": 0.0993, "2006-09-30": 0.0398, "2006-06-30": 0.0428, "2006-03-31": "0.07570", "2005-12-31": 0.0572, "2005-09-30": 0.0416, "2005-06-30": 0.0326, "2005-03-31": "0.01960"}}, "revenue": {"Edwards Lifesciences Annual Revenue (Millions of US $)": {"2020": "$4,386", "2019": "$4,348", "2018": "$3,723", "2017": "$3,435", "2016": "$2,964", "2015": "$2,494", "2014": "$2,323", "2013": "$2,046", "2012": "$1,900", "2011": "$1,679", "2010": "$1,447", "2009": "$1,321", "2008": "$1,238", "2007": "$1,091", "2006": "$1,037", "2005": "$998"}, "Edwards Lifesciences Quarterly Revenue (Millions of US $)": {"2020-12-31": "$1,192", "2020-09-30": "$1,141", "2020-06-30": "$925", "2020-03-31": "$1,129", "2019-12-31": "$1,174", "2019-09-30": "$1,094", "2019-06-30": "$1,087", "2019-03-31": "$993", "2018-12-31": "$978", "2018-09-30": "$907", "2018-06-30": "$944", "2018-03-31": "$895", "2017-12-31": "$889", "2017-09-30": "$822", "2017-06-30": "$842", "2017-03-31": "$884", "2016-12-31": "$768", "2016-09-30": "$739", "2016-06-30": "$759", "2016-03-31": "$697", "2015-12-31": "$671", "2015-09-30": "$616", "2015-06-30": "$617", "2015-03-31": "$590", "2014-12-31": "$618", "2014-09-30": "$607", "2014-06-30": "$575", "2014-03-31": "$522", "2013-12-31": "$536", "2013-09-30": "$496", "2013-06-30": "$517", "2013-03-31": "$497", "2012-12-31": "$511", "2012-09-30": "$448", "2012-06-30": "$482", "2012-03-31": "$459", "2011-12-31": "$430", "2011-09-30": "$413", "2011-06-30": "$431", "2011-03-31": "$405", "2010-12-31": "$392", "2010-09-30": "$349", "2010-06-30": "$365", "2010-03-31": "$341", "2009-12-31": "$347", "2009-09-30": "$326", "2009-06-30": "$336", "2009-03-31": "$314", "2008-12-31": "$310", "2008-09-30": "$304", "2008-06-30": "$328", "2008-03-31": "$297", "2007-12-31": "$293", "2007-09-30": "$261", "2007-06-30": "$273", "2007-03-31": "$264", "2006-12-31": "$266", "2006-09-30": "$247", "2006-06-30": "$267", "2006-03-31": "$257", "2005-12-31": "$250", "2005-09-30": "$241", "2005-06-30": "$258", "2005-03-31": "$249"}}, "gross-profit": {"Edwards Lifesciences Annual Gross Profit (Millions of US $)": {"2020": "$3,306", "2019": "$3,234", "2018": "$2,783", "2017": "$2,560", "2016": "$2,166", "2015": "$1,877", "2014": "$1,697", "2013": "$1,529", "2012": "$1,409", "2011": "$1,189", "2010": "$1,039", "2009": "$922", "2008": "$818", "2007": "$713", "2006": "$663", "2005": "$623"}, "Edwards Lifesciences Quarterly Gross Profit (Millions of US $)": {"2020-12-31": "$895", "2020-09-30": "$860", "2020-06-30": "$687", "2020-03-31": "$864", "2019-12-31": "$888", "2019-09-30": "$802", "2019-06-30": "$783", "2019-03-31": "$761", "2018-12-31": "$743", "2018-09-30": "$682", "2018-06-30": "$698", "2018-03-31": "$661", "2017-12-31": "$653", "2017-09-30": "$608", "2017-06-30": "$631", "2017-03-31": "$668", "2016-12-31": "$555", "2016-09-30": "$538", "2016-06-30": "$557", "2016-03-31": "$517", "2015-12-31": "$495", "2015-09-30": "$469", "2015-06-30": "$458", "2015-03-31": "$454", "2014-12-31": "$458", "2014-09-30": "$439", "2014-06-30": "$424", "2014-03-31": "$377", "2013-12-31": "$392", "2013-09-30": "$367", "2013-06-30": "$394", "2013-03-31": "$376", "2012-12-31": "$388", "2012-09-30": "$336", "2012-06-30": "$352", "2012-03-31": "$332", "2011-12-31": "$311", "2011-09-30": "$287", "2011-06-30": "$303", "2011-03-31": "$288", "2010-12-31": "$279", "2010-09-30": "$253", "2010-06-30": "$265", "2010-03-31": "$242", "2009-12-31": "$245", "2009-09-30": "$227", "2009-06-30": "$234", "2009-03-31": "$217", "2008-12-31": "$211", "2008-09-30": "$199", "2008-06-30": "$215", "2008-03-31": "$194", "2007-12-31": "$193", "2007-09-30": "$171", "2007-06-30": "$178", "2007-03-31": "$171", "2006-12-31": "$168", "2006-09-30": "$160", "2006-06-30": "$172", "2006-03-31": "$164", "2005-12-31": "$160", "2005-09-30": "$150", "2005-06-30": "$160", "2005-03-31": "$153"}}, "operating-income": {"Edwards Lifesciences Annual Operating Income (Millions of US $)": {"2020": "$898", "2019": "$1,147", "2018": "$748", "2017": "$1,089", "2016": "$784", "2015": "$643", "2014": "$493", "2013": "$473", "2012": "$420", "2011": "$300", "2010": "$284", "2009": "$238", "2008": "$198", "2007": "$173", "2006": "$173", "2005": "$174"}, "Edwards Lifesciences Quarterly Operating Income (Millions of US $)": {"2020-12-31": "$351", "2020-09-30": "$358", "2020-06-30": "$-170", "2020-03-31": "$358", "2019-12-31": "$311", "2019-09-30": "$294", "2019-06-30": "$268", "2019-03-31": "$274", "2018-12-31": "$-5", "2018-09-30": "$249", "2018-06-30": "$252", "2018-03-31": "$253", "2017-12-31": "$305", "2017-09-30": "$228", "2017-06-30": "$249", "2017-03-31": "$309", "2016-12-31": "$172", "2016-09-30": "$195", "2016-06-30": "$215", "2016-03-31": "$202", "2015-12-31": "$175", "2015-09-30": "$156", "2015-06-30": "$147", "2015-03-31": "$165", "2014-12-31": "$151", "2014-09-30": "$130", "2014-06-30": "$119", "2014-03-31": "$94", "2013-12-31": "$128", "2013-09-30": "$106", "2013-06-30": "$127", "2013-03-31": "$112", "2012-12-31": "$143", "2012-09-30": "$95", "2012-06-30": "$96", "2012-03-31": "$86", "2011-12-31": "$87", "2011-09-30": "$60", "2011-06-30": "$75", "2011-03-31": "$78", "2010-12-31": "$81", "2010-09-30": "$67", "2010-06-30": "$74", "2010-03-31": "$63", "2009-12-31": "$65", "2009-09-30": "$57", "2009-06-30": "$63", "2009-03-31": "$54", "2008-12-31": "$57", "2008-09-30": "$43", "2008-06-30": "$52", "2008-03-31": "$46", "2007-12-31": "$45", "2007-09-30": "$37", "2007-06-30": "$47", "2007-03-31": "$44", "2006-12-31": "$44", "2006-09-30": "$40", "2006-06-30": "$46", "2006-03-31": "$44", "2005-12-31": "$47", "2005-09-30": "$39", "2005-06-30": "$46", "2005-03-31": "$42"}}, "ebitda": {"Edwards Lifesciences Annual EBITDA (Millions of US $)": {"2019": "$1,236", "2018": "$826", "2017": "$1,171", "2016": "$855", "2015": "$709", "2014": "$561", "2013": "$535", "2012": "$474", "2011": "$358", "2010": "$341", "2009": "$297", "2008": "$254", "2007": "$227", "2006": "$230", "2005": "$231"}, "Edwards Lifesciences Quarterly EBITDA (Millions of US $)": {"2020-09-30": "$383", "2020-06-30": "$-145", "2020-03-31": "$383", "2019-12-31": "$335", "2019-09-30": "$317", "2019-06-30": "$289", "2019-03-31": "$295", "2018-12-31": "$15", "2018-09-30": "$268", "2018-06-30": "$271", "2018-03-31": "$272", "2017-12-31": "$326", "2017-09-30": "$248", "2017-06-30": "$268", "2017-03-31": "$330", "2016-12-31": "$191", "2016-09-30": "$214", "2016-06-30": "$233", "2016-03-31": "$218", "2015-12-31": "$189", "2015-09-30": "$174", "2015-06-30": "$164", "2015-03-31": "$181", "2014-12-31": "$169", "2014-09-30": "$148", "2014-06-30": "$135", "2014-03-31": "$110", "2013-12-31": "$145", "2013-09-30": "$123", "2013-06-30": "$141", "2013-03-31": "$126", "2012-12-31": "$155", "2012-09-30": "$109", "2012-06-30": "$110", "2012-03-31": "$100", "2011-12-31": "$101", "2011-09-30": "$74", "2011-06-30": "$90", "2011-03-31": "$93", "2010-12-31": "$96", "2010-09-30": "$81", "2010-06-30": "$87", "2010-03-31": "$77", "2009-12-31": "$79", "2009-09-30": "$72", "2009-06-30": "$77", "2009-03-31": "$69", "2008-12-31": "$71", "2008-09-30": "$57", "2008-06-30": "$66", "2008-03-31": "$60", "2007-12-31": "$59", "2007-09-30": "$51", "2007-06-30": "$61", "2007-03-31": "$57", "2006-12-31": "$58", "2006-09-30": "$54", "2006-06-30": "$60", "2006-03-31": "$58", "2005-12-31": "$62", "2005-09-30": "$53", "2005-06-30": "$60", "2005-03-31": "$56"}}, "net-income": {"Edwards Lifesciences Annual Net Income (Millions of US $)": {"2020": "$823", "2019": "$1,047", "2018": "$722", "2017": "$584", "2016": "$570", "2015": "$495", "2014": "$811", "2013": "$389", "2012": "$292", "2011": "$237", "2010": "$218", "2009": "$229", "2008": "$129", "2007": "$113", "2006": "$131", "2005": "$79"}, "Edwards Lifesciences Quarterly Net Income (Millions of US $)": {"2020-12-31": "$310", "2020-09-30": "$325", "2020-06-30": "$-122", "2020-03-31": "$311", "2019-12-31": "$280", "2019-09-30": "$275", "2019-06-30": "$242", "2019-03-31": "$250", "2018-12-31": "$7", "2018-09-30": "$226", "2018-06-30": "$283", "2018-03-31": "$207", "2017-12-31": "$-3", "2017-09-30": "$170", "2017-06-30": "$186", "2017-03-31": "$230", "2016-12-31": "$159", "2016-09-30": "$141", "2016-06-30": "$127", "2016-03-31": "$143", "2015-12-31": "$141", "2015-09-30": "$118", "2015-06-30": "$113", "2015-03-31": "$123", "2014-12-31": "$109", "2014-09-30": "$95", "2014-06-30": "$547", "2014-03-31": "$60", "2013-12-31": "$75", "2013-09-30": "$77", "2013-06-30": "$93", "2013-03-31": "$144", "2012-12-31": "$89", "2012-09-30": "$69", "2012-06-30": "$68", "2012-03-31": "$65", "2011-12-31": "$63", "2011-09-30": "$52", "2011-06-30": "$58", "2011-03-31": "$64", "2010-12-31": "$65", "2010-09-30": "$48", "2010-06-30": "$58", "2010-03-31": "$48", "2009-12-31": "$48", "2009-09-30": "$74", "2009-06-30": "$48", "2009-03-31": "$61", "2008-12-31": "$38", "2008-09-30": "$33", "2008-06-30": "$40", "2008-03-31": "$18", "2007-12-31": "$16", "2007-09-30": "$29", "2007-06-30": "$35", "2007-03-31": "$33", "2006-12-31": "$21", "2006-09-30": "$28", "2006-06-30": "$36", "2006-03-31": "$46", "2005-12-31": "$39", "2005-09-30": "$-4", "2005-06-30": "$14", "2005-03-31": "$31"}}, "eps-earnings-per-share-diluted": {"Edwards Lifesciences Annual EPS": {"2020": "$1.30", "2019": "$1.64", "2018": "$1.13", "2017": "$0.90", "2016": "$0.87", "2015": "$0.75", "2014": "$1.25", "2013": "$0.57", "2012": "$0.41", "2011": "$0.33", "2010": "$0.31", "2009": "$0.33", "2008": "$0.18", "2007": "$0.16", "2006": "$0.18", "2005": "$0.11"}, "Edwards Lifesciences Quarterly EPS": {"2020-12-31": "$0.49", "2020-09-30": "$0.52", "2020-06-30": "$-0.20", "2020-03-31": "$0.49", "2019-12-31": "$0.44", "2019-09-30": "$0.43", "2019-06-30": "$0.38", "2019-03-31": "$0.39", "2018-12-31": "$0.01", "2018-09-30": "$0.35", "2018-06-30": "$0.44", "2018-03-31": "$0.32", "2017-12-31": "$-0.00", "2017-09-30": "$0.26", "2017-06-30": "$0.29", "2017-03-31": "$0.35", "2016-12-31": "$0.24", "2016-09-30": "$0.22", "2016-06-30": "$0.19", "2016-03-31": "$0.22", "2015-12-31": "$0.21", "2015-09-30": "$0.18", "2015-06-30": "$0.17", "2015-03-31": "$0.19", "2014-12-31": "$0.16", "2014-09-30": "$0.15", "2014-06-30": "$0.85", "2014-03-31": "$0.09", "2013-12-31": "$0.12", "2013-09-30": "$0.11", "2013-06-30": "$0.14", "2013-03-31": "$0.21", "2012-12-31": "$0.13", "2012-09-30": "$0.10", "2012-06-30": "$0.10", "2012-03-31": "$0.09", "2011-12-31": "$0.09", "2011-09-30": "$0.07", "2011-06-30": "$0.08", "2011-03-31": "$0.09", "2010-12-31": "$0.09", "2010-09-30": "$0.07", "2010-06-30": "$0.08", "2010-03-31": "$0.07", "2009-12-31": "$0.07", "2009-09-30": "$0.11", "2009-06-30": "$0.07", "2009-03-31": "$0.09", "2008-12-31": "$0.06", "2008-09-30": "$0.05", "2008-06-30": "$0.06", "2008-03-31": "$0.03", "2007-12-31": "$0.02", "2007-09-30": "$0.04", "2007-06-30": "$0.05", "2007-03-31": "$0.05", "2006-12-31": "$0.03", "2006-09-30": "$0.04", "2006-06-30": "$0.05", "2006-03-31": "$0.06", "2005-12-31": "$0.05", "2005-09-30": "$-0.01", "2005-06-30": "$0.02", "2005-03-31": "$0.04"}}, "shares-outstanding": {"Edwards Lifesciences Annual Shares Outstanding (Millions of Shares)": {"2020": "632", "2019": "637", "2018": "641", "2017": "648", "2016": "653", "2015": "661", "2014": "651", "2013": "683", "2012": "710", "2011": "716", "2010": "715", "2009": "705", "2008": "715", "2007": "752", "2006": "767", "2005": "748"}, "Edwards Lifesciences Quarterly Shares Outstanding (Millions of Shares)": {"2020-12-31": "632", "2020-09-30": "631", "2020-06-30": "620", "2020-03-31": "635", "2019-12-31": "637", "2019-09-30": "636", "2019-06-30": "636", "2019-03-31": "637", "2018-12-31": "641", "2018-09-30": "640", "2018-06-30": "642", "2018-03-31": "645", "2017-12-31": "648", "2017-09-30": "649", "2017-06-30": "647", "2017-03-31": "649", "2016-12-31": "653", "2016-09-30": "654", "2016-06-30": "652", "2016-03-31": "653", "2015-12-31": "661", "2015-09-30": "660", "2015-06-30": "660", "2015-03-31": "662", "2014-12-31": "651", "2014-09-30": "650", "2014-06-30": "644", "2014-03-31": "651", "2013-12-31": "683", "2013-09-30": "677", "2013-06-30": "688", "2013-03-31": "699", "2012-12-31": "710", "2012-09-30": "714", "2012-06-30": "710", "2012-03-31": "708", "2011-12-31": "716", "2011-09-30": "714", "2011-06-30": "720", "2011-03-31": "723", "2010-12-31": "715", "2010-09-30": "713", "2010-06-30": "713", "2010-03-31": "714", "2009-12-31": "705", "2009-09-30": "705", "2009-06-30": "702", "2009-03-31": "702", "2008-12-31": "715", "2008-09-30": "708", "2008-06-30": "722", "2008-03-31": "702", "2007-12-31": "752", "2007-09-30": "749", "2007-06-30": "756", "2007-03-31": "762", "2006-12-31": "767", "2006-09-30": "763", "2006-06-30": "770", "2006-03-31": "775", "2005-12-31": "748", "2005-09-30": "718", "2005-06-30": "749", "2005-03-31": "779"}}, "total-assets": {"Edwards Lifesciences Annual Total Assets (Millions of US $)": {"2019": "$6,488", "2018": "$5,324", "2017": "$5,666", "2016": "$4,510", "2015": "$4,056", "2014": "$3,523", "2013": "$2,710", "2012": "$2,222", "2011": "$1,981", "2010": "$1,767", "2009": "$1,616", "2008": "$1,400", "2007": "$1,350", "2006": "$1,247", "2005": "$1,229"}, "Edwards Lifesciences Quarterly Total Assets (Millions of US $)": {"2020-09-30": "$6,801", "2020-06-30": "$6,424", "2020-03-31": "$6,076", "2019-12-31": "$6,488", "2019-09-30": "$5,966", "2019-06-30": "$5,574", "2019-03-31": "$5,469", "2018-12-31": "$5,324", "2018-09-30": "$5,958", "2018-06-30": "$5,686", "2018-03-31": "$5,825", "2017-12-31": "$5,666", "2017-09-30": "$5,488", "2017-06-30": "$5,139", "2017-03-31": "$4,780", "2016-12-31": "$4,510", "2016-09-30": "$4,339", "2016-06-30": "$4,051", "2016-03-31": "$3,854", "2015-12-31": "$4,056", "2015-09-30": "$3,877", "2015-06-30": "$3,608", "2015-03-31": "$3,488", "2014-12-31": "$3,523", "2014-09-30": "$3,350", "2014-06-30": "$3,327", "2014-03-31": "$2,652", "2013-12-31": "$2,710", "2013-09-30": "$2,531", "2013-06-30": "$2,340", "2013-03-31": "$2,297", "2012-12-31": "$2,222", "2012-09-30": "$2,196", "2012-06-30": "$2,075", "2012-03-31": "$2,004", "2011-12-31": "$1,981", "2011-09-30": "$1,983", "2011-06-30": "$2,002", "2011-03-31": "$1,931", "2010-12-31": "$1,767", "2010-09-30": "$1,725", "2010-06-30": "$1,642", "2010-03-31": "$1,604", "2009-12-31": "$1,616", "2009-09-30": "$1,602", "2009-06-30": "$1,465", "2009-03-31": "$1,359", "2008-12-31": "$1,400", "2008-09-30": "$1,381", "2008-06-30": "$1,348", "2008-03-31": "$1,310", "2007-12-31": "$1,350", "2007-09-30": "$1,300", "2007-06-30": "$1,252", "2007-03-31": "$1,249", "2006-12-31": "$1,247", "2006-09-30": "$1,240", "2006-06-30": "$1,259", "2006-03-31": "$1,240", "2005-12-31": "$1,229", "2005-09-30": "$1,145", "2005-06-30": "$1,151", "2005-03-31": "$1,123"}}, "cash-on-hand": {"Edwards Lifesciences Annual Cash on Hand (Millions of US $)": {"2019": "$1,517", "2018": "$957", "2017": "$1,338", "2016": "$1,271", "2015": "$1,225", "2014": "$1,439", "2013": "$937", "2012": "$521", "2011": "$451", "2010": "$396", "2009": "$334", "2008": "$227", "2007": "$191", "2006": "$183", "2005": "$179"}, "Edwards Lifesciences Quarterly Cash on Hand (Millions of US $)": {"2020-09-30": "$1,295", "2020-06-30": "$1,164", "2020-03-31": "$1,031", "2019-12-31": "$1,517", "2019-09-30": "$1,357", "2019-06-30": "$934", "2019-03-31": "$963", "2018-12-31": "$957", "2018-09-30": "$1,596", "2018-06-30": "$1,401", "2018-03-31": "$1,499", "2017-12-31": "$1,338", "2017-09-30": "$1,403", "2017-06-30": "$1,132", "2017-03-31": "$918", "2016-12-31": "$1,271", "2016-09-30": "$1,200", "2016-06-30": "$1,060", "2016-03-31": "$952", "2015-12-31": "$1,225", "2015-09-30": "$1,251", "2015-06-30": "$1,409", "2015-03-31": "$1,371", "2014-12-31": "$1,439", "2014-09-30": "$1,515", "2014-06-30": "$1,484", "2014-03-31": "$832", "2013-12-31": "$937", "2013-09-30": "$758", "2013-06-30": "$575", "2013-03-31": "$558", "2012-12-31": "$521", "2012-09-30": "$623", "2012-06-30": "$506", "2012-03-31": "$410", "2011-12-31": "$451", "2011-09-30": "$451", "2011-06-30": "$468", "2011-03-31": "$434", "2010-12-31": "$396", "2010-09-30": "$361", "2010-06-30": "$320", "2010-03-31": "$321", "2009-12-31": "$334", "2009-09-30": "$290", "2009-06-30": "$188", "2009-03-31": "$150", "2008-12-31": "$227", "2008-09-30": "$215", "2008-06-30": "$208", "2008-03-31": "$190", "2007-12-31": "$191", "2007-09-30": "$176", "2007-06-30": "$165", "2007-03-31": "$180", "2006-12-31": "$183", "2006-09-30": "$151", "2006-06-30": "$167", "2006-03-31": "$189", "2005-12-31": "$179", "2005-09-30": "$88", "2005-06-30": "$96", "2005-03-31": "$73"}}, "long-term-debt": {"Edwards Lifesciences Annual Long Term Debt (Millions of US $)": {"2019": "$594", "2018": "$594", "2017": "$438", "2016": "$822", "2015": "$597", "2014": "$598", "2013": "$593", "2012": "$189", "2011": "$150", "2010": "$", "2009": "$90", "2008": "$176", "2007": "$62", "2006": "$236", "2005": "$316"}, "Edwards Lifesciences Quarterly Long Term Debt (Millions of US $)": {"2020-09-30": "$595", "2020-06-30": "$595", "2020-03-31": "$595", "2019-12-31": "$594", "2019-09-30": "$594", "2019-06-30": "$594", "2019-03-31": "$594", "2018-12-31": "$594", "2018-09-30": "$594", "2018-06-30": "$594", "2018-03-31": "$456", "2017-12-31": "$438", "2017-09-30": "$1,034", "2017-06-30": "$1,017", "2017-03-31": "$848", "2016-12-31": "$822", "2016-09-30": "$601", "2016-06-30": "$603", "2016-03-31": "$602", "2015-12-31": "$597", "2015-09-30": "$605", "2015-06-30": "$600", "2015-03-31": "$603", "2014-12-31": "$598", "2014-09-30": "$596", "2014-06-30": "$598", "2014-03-31": "$725", "2013-12-31": "$593", "2013-09-30": "$532", "2013-06-30": "$227", "2013-03-31": "$193", "2012-12-31": "$189", "2012-09-30": "$175", "2012-06-30": "$185", "2012-03-31": "$179", "2011-12-31": "$150", "2011-09-30": "$175", "2011-06-30": "$175", "2011-03-31": "", "2010-12-31": "", "2010-09-30": "", "2010-06-30": "$178", "2010-03-31": "$129", "2009-12-31": "$90", "2009-09-30": "$102", "2009-06-30": "$114", "2009-03-31": "$123", "2008-12-31": "$176", "2008-09-30": "$203", "2008-06-30": "$142", "2008-03-31": "$63", "2007-12-31": "$62", "2007-09-30": "$61", "2007-06-30": "$58", "2007-03-31": "$225", "2006-12-31": "$236", "2006-09-30": "$253", "2006-06-30": "$280", "2006-03-31": "$289", "2005-12-31": "$316", "2005-09-30": "$252", "2005-06-30": "$270", "2005-03-31": "$276"}}, "total-liabilities": {"Edwards Lifesciences Annual Total Liabilities (Millions of US $)": {"2019": "$2,340", "2018": "$2,183", "2017": "$2,710", "2016": "$1,891", "2015": "$1,553", "2014": "$1,332", "2013": "$1,166", "2012": "$742", "2011": "$643", "2010": "$459", "2009": "$458", "2008": "$521", "2007": "$515", "2006": "$497", "2005": "$539"}, "Edwards Lifesciences Quarterly Total Liabilities (Millions of US $)": {"2020-09-30": "$2,591", "2020-06-30": "$2,585", "2020-03-31": "$2,175", "2019-12-31": "$2,340", "2019-09-30": "$2,152", "2019-06-30": "$2,073", "2019-03-31": "$2,022", "2018-12-31": "$2,183", "2018-09-30": "$2,597", "2018-06-30": "$2,522", "2018-03-31": "$2,579", "2017-12-31": "$2,710", "2017-09-30": "$2,326", "2017-06-30": "$2,199", "2017-03-31": "$2,038", "2016-12-31": "$1,891", "2016-09-30": "$1,647", "2016-06-30": "$1,580", "2016-03-31": "$1,555", "2015-12-31": "$1,553", "2015-09-30": "$1,455", "2015-06-30": "$1,320", "2015-03-31": "$1,275", "2014-12-31": "$1,332", "2014-09-30": "$1,307", "2014-06-30": "$1,412", "2014-03-31": "$1,311", "2013-12-31": "$1,166", "2013-09-30": "$1,093", "2013-06-30": "$760", "2013-03-31": "$705", "2012-12-31": "$742", "2012-09-30": "$660", "2012-06-30": "$641", "2012-03-31": "$614", "2011-12-31": "$643", "2011-09-30": "$628", "2011-06-30": "$617", "2011-03-31": "$573", "2010-12-31": "$459", "2010-09-30": "$492", "2010-06-30": "$524", "2010-03-31": "$453", "2009-12-31": "$458", "2009-09-30": "$512", "2009-06-30": "$462", "2009-03-31": "$416", "2008-12-31": "$521", "2008-09-30": "$507", "2008-06-30": "$451", "2008-03-31": "$533", "2007-12-31": "$515", "2007-09-30": "$476", "2007-06-30": "$444", "2007-03-31": "$464", "2006-12-31": "$497", "2006-09-30": "$512", "2006-06-30": "$537", "2006-03-31": "$516", "2005-12-31": "$539", "2005-09-30": "$486", "2005-06-30": "$489", "2005-03-31": "$475"}}, "total-share-holder-equity": {"Edwards Lifesciences Annual Share Holder Equity (Millions of US $)": {"2019": "$4,148", "2018": "$3,140", "2017": "$2,956", "2016": "$2,619", "2015": "$2,503", "2014": "$2,191", "2013": "$1,544", "2012": "$1,479", "2011": "$1,338", "2010": "$1,308", "2009": "$1,158", "2008": "$879", "2007": "$835", "2006": "$749", "2005": "$690"}, "Edwards Lifesciences Quarterly Share Holder Equity (Millions of US $)": {"2020-09-30": "$4,210", "2020-06-30": "$3,839", "2020-03-31": "$3,901", "2019-12-31": "$4,148", "2019-09-30": "$3,815", "2019-06-30": "$3,500", "2019-03-31": "$3,448", "2018-12-31": "$3,140", "2018-09-30": "$3,361", "2018-06-30": "$3,164", "2018-03-31": "$3,246", "2017-12-31": "$2,956", "2017-09-30": "$3,163", "2017-06-30": "$2,940", "2017-03-31": "$2,743", "2016-12-31": "$2,619", "2016-09-30": "$2,692", "2016-06-30": "$2,471", "2016-03-31": "$2,299", "2015-12-31": "$2,503", "2015-09-30": "$2,421", "2015-06-30": "$2,289", "2015-03-31": "$2,214", "2014-12-31": "$2,191", "2014-09-30": "$2,043", "2014-06-30": "$1,915", "2014-03-31": "$1,341", "2013-12-31": "$1,544", "2013-09-30": "$1,437", "2013-06-30": "$1,580", "2013-03-31": "$1,592", "2012-12-31": "$1,479", "2012-09-30": "$1,536", "2012-06-30": "$1,435", "2012-03-31": "$1,390", "2011-12-31": "$1,338", "2011-09-30": "$1,355", "2011-06-30": "$1,385", "2011-03-31": "$1,358", "2010-12-31": "$1,308", "2010-09-30": "$1,234", "2010-06-30": "$1,118", "2010-03-31": "$1,152", "2009-12-31": "$1,158", "2009-09-30": "$1,090", "2009-06-30": "$1,003", "2009-03-31": "$943", "2008-12-31": "$879", "2008-09-30": "$875", "2008-06-30": "$897", "2008-03-31": "$778", "2007-12-31": "$835", "2007-09-30": "$824", "2007-06-30": "$808", "2007-03-31": "$785", "2006-12-31": "$749", "2006-09-30": "$728", "2006-06-30": "$722", "2006-03-31": "$724", "2005-12-31": "$690", "2005-09-30": "$659", "2005-06-30": "$662", "2005-03-31": "$648"}}, "profit-margins": {"current": "18.77%"}, "gross margin": {"2020-12-31": "75.36%", "2020-09-30": "75.51%", "2020-06-30": "74.99%", "2020-03-31": "74.42%", "2019-12-31": "74.38%", "2019-09-30": "74.40%", "2019-06-30": "74.88%", "2019-03-31": "75.46%", "2018-12-31": "74.76%", "2018-09-30": "74.11%", "2018-06-30": "73.80%", "2018-03-31": "74.04%", "2017-12-31": "74.48%", "2017-09-30": "74.22%", "2017-06-30": "73.96%", "2017-03-31": "73.56%", "2016-12-31": "73.10%", "2016-09-30": "73.52%", "2016-06-30": "74.30%", "2016-03-31": "74.55%", "2015-12-31": "75.22%", "2015-09-30": "75.34%", "2015-06-30": "74.38%", "2015-03-31": "74.27%", "2014-12-31": "73.13%", "2014-09-30": "72.86%", "2014-06-30": "73.27%", "2014-03-31": "73.88%", "2013-12-31": "74.73%", "2013-09-30": "75.50%", "2013-06-30": "75.76%", "2013-03-31": "74.96%", "2012-12-31": "74.14%", "2012-09-30": "73.17%", "2012-06-30": "71.86%", "2012-03-31": "71.15%", "2011-12-31": "70.82%", "2011-09-30": "70.51%", "2011-06-30": "71.21%", "2011-03-31": "71.81%", "2010-12-31": "71.80%", "2010-09-30": "71.68%", "2010-06-30": "70.99%", "2010-03-31": "70.22%", "2009-12-31": "69.77%", "2009-09-30": "69.13%", "2009-06-30": "68.12%", "2009-03-31": "67.04%", "2008-12-31": "66.10%", "2008-09-30": "65.55%", "2008-06-30": "65.56%", "2008-03-31": "65.48%", "2007-12-31": "65.35%", "2007-09-30": "64.66%", "2007-06-30": "64.48%", "2007-03-31": "64.27%", "2006-12-31": "64.03%", "2006-09-30": "64.25%", "2006-06-30": "63.65%", "2006-03-31": "63.02%", "2005-12-31": "62.42%"}, "operating margin": {"2020-12-31": "20.45%", "2020-09-30": "19.62%", "2020-06-30": "18.35%", "2020-03-31": "27.45%", "2019-12-31": "26.38%", "2019-09-30": "20.01%", "2019-06-30": "19.82%", "2019-03-31": "20.15%", "2018-12-31": "20.11%", "2018-09-30": "29.13%", "2018-06-30": "29.24%", "2018-03-31": "30.02%", "2017-12-31": "31.74%", "2017-09-30": "28.86%", "2017-06-30": "28.58%", "2017-03-31": "28.25%", "2016-12-31": "26.43%", "2016-09-30": "27.46%", "2016-06-30": "27.27%", "2016-03-31": "26.14%", "2015-12-31": "25.78%", "2015-09-30": "25.32%", "2015-06-30": "24.34%", "2015-03-31": "23.60%", "2014-12-31": "21.23%", "2014-09-30": "21.03%", "2014-06-30": "21.00%", "2014-03-31": "21.97%", "2013-12-31": "23.12%", "2013-09-30": "24.16%", "2013-06-30": "24.19%", "2013-03-31": "23.03%", "2012-12-31": "22.12%", "2012-09-30": "20.01%", "2012-06-30": "18.44%", "2012-03-31": "17.77%", "2011-12-31": "17.87%", "2011-09-30": "17.92%", "2011-06-30": "19.09%", "2011-03-31": "19.85%", "2010-12-31": "19.70%", "2010-09-30": "19.19%", "2010-06-30": "18.78%", "2010-03-31": "18.37%", "2009-12-31": "18.07%", "2009-09-30": "17.96%", "2009-06-30": "17.17%", "2009-03-31": "16.40%", "2008-12-31": "15.98%", "2008-09-30": "15.22%", "2008-06-30": "15.27%", "2008-03-31": "15.57%", "2007-12-31": "15.86%", "2007-09-30": "16.17%", "2007-06-30": "16.67%", "2007-03-31": "16.67%", "2006-12-31": "16.78%", "2006-09-30": "17.34%", "2006-06-30": "17.34%", "2006-03-31": "17.50%", "2005-12-31": "17.43%"}, "ebitda margin": {"2020-09-30": "21.88%", "2020-06-30": "20.59%", "2020-03-31": "29.53%", "2019-12-31": "28.43%", "2019-09-30": "22.06%", "2019-06-30": "21.87%", "2019-03-31": "22.21%", "2018-12-31": "22.18%", "2018-09-30": "31.28%", "2018-06-30": "31.46%", "2018-03-31": "32.31%", "2017-12-31": "34.10%", "2017-09-30": "31.27%", "2017-06-30": "31.02%", "2017-03-31": "30.73%", "2016-12-31": "28.89%", "2016-09-30": "29.80%", "2016-06-30": "29.68%", "2016-03-31": "28.64%", "2015-12-31": "28.39%", "2015-09-30": "28.19%", "2015-06-30": "27.22%", "2015-03-31": "26.49%", "2014-12-31": "24.20%", "2014-09-30": "24.02%", "2014-06-30": "24.10%", "2014-03-31": "25.06%", "2013-12-31": "26.15%", "2013-09-30": "26.98%", "2013-06-30": "26.93%", "2013-03-31": "25.81%", "2012-12-31": "24.96%", "2012-09-30": "23.09%", "2012-06-30": "21.58%", "2012-03-31": "21.06%", "2011-12-31": "21.32%", "2011-09-30": "21.51%", "2011-06-30": "22.83%", "2011-03-31": "23.63%", "2010-12-31": "23.57%", "2010-09-30": "23.11%", "2010-06-30": "22.84%", "2010-03-31": "22.59%", "2009-12-31": "22.45%", "2009-09-30": "22.47%", "2009-06-30": "21.68%", "2009-03-31": "20.94%", "2008-12-31": "20.50%", "2008-09-30": "19.80%", "2008-06-30": "20.02%", "2008-03-31": "20.55%", "2007-12-31": "20.90%", "2007-09-30": "21.33%", "2007-06-30": "21.90%", "2007-03-31": "21.93%", "2006-12-31": "22.18%", "2006-09-30": "22.92%", "2006-06-30": "22.96%", "2006-03-31": "23.16%", "2005-12-31": "23.15%"}, "pre tax profit margin": {"2020-12-31": "20.90%", "2020-09-30": "20.07%", "2020-06-30": "18.86%", "2020-03-31": "27.97%", "2019-12-31": "26.84%", "2019-09-30": "20.45%", "2019-06-30": "20.08%", "2019-03-31": "20.30%", "2018-12-31": "20.46%", "2018-09-30": "29.93%", "2018-06-30": "29.61%", "2018-03-31": "29.18%", "2017-12-31": "30.14%", "2017-09-30": "27.50%", "2017-06-30": "27.37%", "2017-03-31": "26.92%", "2016-12-31": "24.87%", "2016-09-30": "24.56%", "2016-06-30": "24.43%", "2016-03-31": "24.72%", "2015-12-31": "24.98%", "2015-09-30": "24.13%", "2015-06-30": "22.99%", "2015-03-31": "51.46%", "2014-12-31": "49.27%", "2014-09-30": "49.60%", "2014-06-30": "51.20%", "2014-03-31": "19.22%", "2013-12-31": "25.02%", "2013-09-30": "26.29%", "2013-06-30": "26.57%", "2013-03-31": "25.45%", "2012-12-31": "20.43%", "2012-09-30": "18.58%", "2012-06-30": "16.98%", "2012-03-31": "16.50%", "2011-12-31": "16.97%", "2011-09-30": "17.43%", "2011-06-30": "18.64%", "2011-03-31": "18.99%", "2010-12-31": "18.52%", "2010-09-30": "18.54%", "2010-06-30": "20.88%", "2010-03-31": "21.11%", "2009-12-31": "22.98%", "2009-09-30": "21.46%", "2009-06-30": "17.88%", "2009-03-31": "17.12%", "2008-12-31": "13.32%", "2008-09-30": "12.36%", "2008-06-30": "12.38%", "2008-03-31": "12.54%", "2007-12-31": "13.84%", "2007-09-30": "14.57%", "2007-06-30": "14.57%", "2007-03-31": "14.56%", "2006-12-31": "16.68%", "2006-09-30": "18.90%", "2006-06-30": "16.85%", "2006-03-31": "13.92%", "2005-12-31": "11.72%"}, "net profit margin": {"2020-12-31": "18.78%", "2020-09-30": "18.17%", "2020-06-30": "17.21%", "2020-03-31": "24.71%", "2019-12-31": "24.08%", "2019-09-30": "18.64%", "2019-06-30": "18.28%", "2019-03-31": "20.04%", "2018-12-31": "19.41%", "2018-09-30": "19.61%", "2018-06-30": "18.51%", "2018-03-31": "16.24%", "2017-12-31": "16.96%", "2017-09-30": "22.47%", "2017-06-30": "22.15%", "2017-03-31": "20.86%", "2016-12-31": "19.24%", "2016-09-30": "19.26%", "2016-06-30": "19.29%", "2016-03-31": "19.80%", "2015-12-31": "19.85%", "2015-09-30": "18.97%", "2015-06-30": "18.09%", "2015-03-31": "36.57%", "2014-12-31": "34.93%", "2014-09-30": "34.69%", "2014-06-30": "35.65%", "2014-03-31": "14.73%", "2013-12-31": "19.01%", "2013-09-30": "19.95%", "2013-06-30": "20.03%", "2013-03-31": "19.10%", "2012-12-31": "15.32%", "2012-09-30": "14.57%", "2012-06-30": "13.90%", "2012-03-31": "13.73%", "2011-12-31": "14.12%", "2011-09-30": "14.56%", "2011-06-30": "14.90%", "2011-03-31": "15.55%", "2010-12-31": "15.13%", "2010-09-30": "14.41%", "2010-06-30": "16.53%", "2010-03-31": "16.15%", "2009-12-31": "17.46%", "2009-09-30": "17.19%", "2009-06-30": "14.24%", "2009-03-31": "13.69%", "2008-12-31": "10.41%", "2008-09-30": "8.76%", "2008-06-30": "8.74%", "2008-03-31": "8.72%", "2007-12-31": "10.36%", "2007-09-30": "11.09%", "2007-06-30": "11.14%", "2007-03-31": "11.30%", "2006-12-31": "12.63%", "2006-09-30": "14.59%", "2006-06-30": "11.53%", "2006-03-31": "9.44%", "2005-12-31": "8.02%"}, "pe ratio": {"current": "46.29", "2021-02-11": "108.73", "2020-12-31": "112.63", "2020-09-30": "63.86", "2020-06-30": "59.41", "2020-03-31": "36.07", "2019-12-31": "47.23", "2019-09-30": "60.25", "2019-06-30": "54.18", "2019-03-31": "53.30", "2018-12-31": "45.45", "2018-09-30": "49.60", "2018-06-30": "44.93", "2018-03-31": "50.19", "2017-12-31": "39.14", "2017-09-30": "31.78", "2017-06-30": "35.83", "2017-03-31": "31.15", "2016-12-31": "35.76", "2016-09-30": "47.65", "2016-06-30": "41.30", "2016-03-31": "37.62", "2015-12-31": "35.18", "2015-09-30": "33.77", "2015-06-30": "35.52", "2015-03-31": "17.63", "2014-12-31": "16.94", "2014-09-30": "14.19", "2014-06-30": "12.25", "2014-03-31": "27.07", "2013-12-31": "19.23", "2013-09-30": "19.84", "2013-06-30": "19.70", "2013-03-31": "26.00", "2012-12-31": "36.50", "2012-09-30": "48.14", "2012-06-30": "49.66", "2012-03-31": "36.54", "2011-12-31": "35.89", "2011-09-30": "36.00", "2011-06-30": "44.71", "2011-03-31": "44.62", "2010-12-31": "44.41", "2010-09-30": "39.90", "2010-06-30": "29.40", "2010-03-31": "27.01", "2009-12-31": "22.32", "2009-09-30": "18.64", "2009-06-30": "22.23", "2009-03-31": "20.77", "2008-12-31": "24.98", "2008-09-30": "31.92", "2008-06-30": "35.88", "2008-03-31": "27.34", "2007-12-31": "24.73", "2007-09-30": "25.55", "2007-06-30": "25.97", "2007-03-31": "26.56", "2006-12-31": "22.62"}, "price sales": {"2021-02-11": "12.65", "2020-12-31": "13.10", "2020-09-30": "11.53", "2020-06-30": "10.12", "2020-03-31": "8.92", "2019-12-31": "11.38", "2019-09-30": "11.25", "2019-06-30": "9.91", "2019-03-31": "10.68", "2018-12-31": "8.80", "2018-09-30": "10.28", "2018-06-30": "8.83", "2018-03-31": "8.73", "2017-12-31": "7.09", "2017-09-30": "7.14", "2017-06-30": "7.94", "2017-03-31": "6.49", "2016-12-31": "6.88", "2016-09-30": "9.18", "2016-06-30": "7.95", "2016-03-31": "7.44", "2015-12-31": "6.97", "2015-09-30": "6.39", "2015-06-30": "6.40", "2015-03-31": "6.47", "2014-12-31": "5.93", "2014-09-30": "4.99", "2014-06-30": "4.45", "2014-03-31": "4.03", "2013-12-31": "3.68", "2013-09-30": "3.98", "2013-06-30": "3.99", "2013-03-31": "5.01", "2012-12-31": "5.62", "2012-09-30": "7.00", "2012-06-30": "6.87", "2012-03-31": "5.00", "2011-12-31": "5.04", "2011-09-30": "5.20", "2011-06-30": "6.62", "2011-03-31": "6.87", "2010-12-31": "6.65", "2010-09-30": "5.67", "2010-06-30": "4.81", "2010-03-31": "4.32", "2009-12-31": "3.85", "2009-09-30": "3.20", "2009-06-30": "3.17", "2009-03-31": "2.87", "2008-12-31": "2.63", "2008-09-30": "2.84", "2008-06-30": "3.20", "2008-03-31": "2.44", "2007-12-31": "2.65", "2007-09-30": "2.93", "2007-06-30": "2.98", "2007-03-31": "3.10", "2006-12-31": "2.91"}, "price book": {"current": "11.69", "2021-02-11": "13.03", "2020-09-30": "11.81", "2020-06-30": "11.19", "2020-03-31": "9.98", "2019-12-31": "3.92", "2019-09-30": "12.02", "2019-06-30": "10.97", "2019-03-31": "11.57", "2018-12-31": "10.13", "2018-09-30": "10.83", "2018-06-30": "9.62", "2018-03-31": "9.06", "2017-12-31": "8.00", "2017-09-30": "7.31", "2017-06-30": "8.49", "2017-03-31": "7.22", "2016-12-31": "7.57", "2016-09-30": "9.57", "2016-06-30": "8.58", "2016-03-31": "8.13", "2015-12-31": "6.80", "2015-09-30": "6.32", "2015-06-30": "6.68", "2015-03-31": "6.92", "2014-12-31": "3.13", "2014-09-30": "5.34", "2014-06-30": "4.75", "2014-03-31": "5.82", "2013-12-31": "4.65", "2013-09-30": "5.30", "2013-06-30": "4.77", "2013-03-31": "5.86", "2012-12-31": "6.97", "2012-09-30": "8.11", "2012-06-30": "8.30", "2012-03-31": "5.96", "2011-12-31": "6.03", "2011-09-30": "6.01", "2011-06-30": "7.23", "2011-03-31": "7.36", "2010-12-31": "7.11", "2010-09-30": "6.20", "2010-06-30": "5.67", "2010-03-31": "4.88", "2009-12-31": "2.13", "2009-09-30": "3.62", "2009-06-30": "3.83", "2009-03-31": "3.60", "2008-12-31": "3.50", "2008-09-30": "3.69", "2008-06-30": "3.91", "2008-03-31": "3.13", "2007-12-31": "3.12", "2007-09-30": "3.41", "2007-06-30": "3.51", "2007-03-31": "3.73", "2006-12-31": "3.62", "2006-09-30": "3.70", "2006-06-30": "3.67", "2006-03-31": "3.56"}, "price fcf": {"2021-02-11": "", "2020-09-30": "$1.09", "2020-06-30": "$1.48", "2020-03-31": "$1.71", "2019-12-31": "$1.45", "2019-09-30": "$1.30", "2019-06-30": "$1.14", "2019-03-31": "$0.84", "2018-12-31": "$1.07", "2018-09-30": "$1.19", "2018-06-30": "$1.20", "2018-03-31": "$1.28", "2017-12-31": "$1.29", "2017-09-30": "$1.01", "2017-06-30": "$0.84", "2017-03-31": "$0.86", "2016-12-31": "$0.81", "2016-09-30": "$0.70", "2016-06-30": "$0.72", "2016-03-31": "$0.72", "2015-12-31": "$0.68", "2015-09-30": "$0.67", "2015-06-30": "$0.38", "2015-03-31": "$1.34", "2014-12-31": "$1.45", "2014-09-30": "$1.49", "2014-06-30": "$1.68", "2014-03-31": "$0.64", "2013-12-31": "$0.54", "2013-09-30": "$0.50", "2013-06-30": "$0.49", "2013-03-31": "$0.52", "2012-12-31": "$0.36", "2012-09-30": "$0.35", "2012-06-30": "$0.34", "2012-03-31": "$0.26", "2011-12-31": "$0.33", "2011-09-30": "$0.34", "2011-06-30": "$0.31", "2011-03-31": "$0.27", "2010-12-31": "$0.27", "2010-09-30": "$0.24", "2010-06-30": "$0.30", "2010-03-31": "$0.32", "2009-12-31": "$0.28", "2009-09-30": "$0.33", "2009-06-30": "$0.17", "2009-03-31": "$0.12", "2008-12-31": "$0.28", "2008-09-30": "$0.25", "2008-06-30": "$0.31", "2008-03-31": "$0.32", "2007-12-31": "$0.22", "2007-09-30": "$0.23", "2007-06-30": "$0.20", "2007-03-31": "$0.21", "2006-12-31": "$0.26"}, "net worth": {"value": "$53.47B"}, "current ratio": {"2020-12-31": "3.46", "2020-09-30": "3.52", "2020-06-30": "3.08", "2020-03-31": "3.36", "2019-12-31": "3.31", "2019-09-30": "3.53", "2019-06-30": "3.38", "2019-03-31": "3.66", "2018-12-31": "2.61", "2018-09-30": "2.31", "2018-06-30": "1.86", "2018-03-31": "2.07", "2017-12-31": "1.80", "2017-09-30": "3.49", "2017-06-30": "4.06", "2017-03-31": "3.45", "2016-12-31": "4.21", "2016-09-30": "4.08", "2016-06-30": "4.15", "2016-03-31": "3.97", "2015-12-31": "4.30", "2015-09-30": "4.03", "2015-06-30": "5.16", "2015-03-31": "5.56", "2014-12-31": "5.24", "2014-09-30": "5.40", "2014-06-30": "4.22", "2014-03-31": "4.50", "2013-12-31": "4.99", "2013-09-30": "4.69", "2013-06-30": "4.43", "2013-03-31": "4.53", "2012-12-31": "3.72", "2012-09-30": "4.65", "2012-06-30": "4.50", "2012-03-31": "4.48", "2011-12-31": "3.49", "2011-09-30": "3.91", "2011-06-30": "3.88", "2011-03-31": "2.58", "2010-12-31": "3.06", "2010-09-30": "2.60", "2010-06-30": "3.71", "2010-03-31": "3.60", "2009-12-31": "3.06", "2009-09-30": "2.96", "2009-06-30": "3.04", "2009-03-31": "3.24", "2008-12-31": "2.68", "2008-09-30": "2.94", "2008-06-30": "2.80", "2008-03-31": "1.51", "2007-12-31": "1.54", "2007-09-30": "1.62", "2007-06-30": "1.67", "2007-03-31": "3.02", "2006-12-31": "2.35", "2006-09-30": "2.31", "2006-06-30": "2.39", "2006-03-31": "2.68", "2005-12-31": "2.65", "2005-09-30": "2.10", "2005-06-30": "2.30", "2005-03-31": "2.27"}, "quick ratio": {"2020-12-31": "2.56", "2020-09-30": "2.61", "2020-06-30": "2.24", "2020-03-31": "2.47", "2019-12-31": "2.60", "2019-09-30": "2.74", "2019-06-30": "2.48", "2019-03-31": "2.69", "2018-12-31": "1.92", "2018-09-30": "1.85", "2018-06-30": "1.47", "2018-03-31": "1.63", "2017-12-31": "1.40", "2017-09-30": "2.76", "2017-06-30": "3.19", "2017-03-31": "2.71", "2016-12-31": "3.46", "2016-09-30": "3.32", "2016-06-30": "3.38", "2016-03-31": "3.19", "2015-12-31": "3.59", "2015-09-30": "3.40", "2015-06-30": "4.46", "2015-03-31": "4.83", "2014-12-31": "4.54", "2014-09-30": "4.69", "2014-06-30": "3.63", "2014-03-31": "3.64", "2013-12-31": "4.10", "2013-09-30": "3.75", "2013-06-30": "3.47", "2013-03-31": "3.57", "2012-12-31": "2.91", "2012-09-30": "3.69", "2012-06-30": "3.57", "2012-03-31": "3.47", "2011-12-31": "2.71", "2011-09-30": "3.09", "2011-06-30": "3.15", "2011-03-31": "2.10", "2010-12-31": "2.45", "2010-09-30": "2.04", "2010-06-30": "2.97", "2010-03-31": "2.88", "2009-12-31": "2.49", "2009-09-30": "2.39", "2009-06-30": "2.39", "2009-03-31": "2.51", "2008-12-31": "2.09", "2008-09-30": "2.32", "2008-06-30": "2.20", "2008-03-31": "1.15", "2007-12-31": "1.14", "2007-09-30": "1.17", "2007-06-30": "1.23", "2007-03-31": "2.23", "2006-12-31": "1.72", "2006-09-30": "1.65", "2006-06-30": "1.78", "2006-03-31": "1.99", "2005-12-31": "1.97", "2005-09-30": "1.44", "2005-06-30": "1.61", "2005-03-31": "1.56"}, "debt equity ratio": {"current": "0.13", "2020-12-31": "0.58", "2020-09-30": "0.62", "2020-06-30": "0.67", "2020-03-31": "0.56", "2019-12-31": "0.56", "2019-09-30": "0.56", "2019-06-30": "0.59", "2019-03-31": "0.59", "2018-12-31": "0.70", "2018-09-30": "0.77", "2018-06-30": "0.80", "2018-03-31": "0.80", "2017-12-31": "0.92", "2017-09-30": "0.74", "2017-06-30": "0.75", "2017-03-31": "0.74", "2016-12-31": "0.72", "2016-09-30": "0.61", "2016-06-30": "0.64", "2016-03-31": "0.68", "2015-12-31": "0.62", "2015-09-30": "0.60", "2015-06-30": "0.58", "2015-03-31": "0.58", "2014-12-31": "0.61", "2014-09-30": "0.64", "2014-06-30": "0.74", "2014-03-31": "0.98", "2013-12-31": "0.76", "2013-09-30": "0.76", "2013-06-30": "0.48", "2013-03-31": "0.44", "2012-12-31": "0.50", "2012-09-30": "0.43", "2012-06-30": "0.45", "2012-03-31": "0.44", "2011-12-31": "0.48", "2011-09-30": "0.46", "2011-06-30": "0.45", "2011-03-31": "0.42", "2010-12-31": "0.35", "2010-09-30": "0.40", "2010-06-30": "0.47", "2010-03-31": "0.39", "2009-12-31": "0.40", "2009-09-30": "0.47", "2009-06-30": "0.46", "2009-03-31": "0.44", "2008-12-31": "0.59", "2008-09-30": "0.58", "2008-06-30": "0.50", "2008-03-31": "0.69", "2007-12-31": "0.62", "2007-09-30": "0.58", "2007-06-30": "0.55", "2007-03-31": "0.59", "2006-12-31": "0.66", "2006-09-30": "0.70", "2006-06-30": "0.74", "2006-03-31": "0.71", "2005-12-31": "0.78", "2005-09-30": "0.74", "2005-06-30": "0.74", "2005-03-31": "0.73"}, "return on equity": {"2020-12-31": "19.95%", "2020-09-30": "19.73%", "2020-06-30": "18.95%", "2020-03-31": "28.85%", "2019-12-31": "28.09%", "2019-09-30": "22.27%", "2019-06-30": "21.56%", "2019-03-31": "23.37%", "2018-12-31": "22.40%", "2018-09-30": "22.41%", "2018-06-30": "20.98%", "2018-03-31": "18.20%", "2017-12-31": "19.76%", "2017-09-30": "25.99%", "2017-06-30": "26.05%", "2017-03-31": "24.97%", "2016-12-31": "22.62%", "2016-09-30": "22.16%", "2016-06-30": "21.83%", "2016-03-31": "21.66%", "2015-12-31": "21.00%", "2015-09-30": "20.32%", "2015-06-30": "20.14%", "2015-03-31": "41.80%", "2014-12-31": "43.31%", "2014-09-30": "45.42%", "2014-06-30": "48.68%", "2014-03-31": "20.67%", "2013-12-31": "25.29%", "2013-09-30": "26.48%", "2013-06-30": "25.54%", "2013-03-31": "24.50%", "2012-12-31": "19.93%", "2012-09-30": "18.60%", "2012-06-30": "17.98%", "2012-03-31": "17.41%", "2011-12-31": "17.44%", "2011-09-30": "17.68%", "2011-06-30": "17.79%", "2011-03-31": "18.73%", "2010-12-31": "18.20%", "2010-09-30": "17.33%", "2010-06-30": "20.19%", "2010-03-31": "19.80%", "2009-12-31": "22.03%", "2009-09-30": "22.58%", "2009-06-30": "19.46%", "2009-03-31": "19.14%", "2008-12-31": "15.05%", "2008-09-30": "12.64%", "2008-06-30": "12.36%", "2008-03-31": "12.08%", "2007-12-31": "13.90%", "2007-09-30": "14.91%", "2007-06-30": "15.24%", "2007-03-31": "15.82%", "2006-12-31": "17.93%", "2006-09-30": "20.81%", "2006-06-30": "16.74%", "2006-03-31": "13.89%", "2005-12-31": "12.03%"}, "return on assets": {"2020-12-31": "12.42%", "2020-09-30": "12.32%", "2020-06-30": "11.93%", "2020-03-31": "18.39%", "2019-12-31": "17.82%", "2019-09-30": "13.86%", "2019-06-30": "12.99%", "2019-03-31": "13.66%", "2018-12-31": "12.69%", "2018-09-30": "12.33%", "2018-06-30": "11.59%", "2018-03-31": "10.13%", "2017-12-31": "11.07%", "2017-09-30": "14.96%", "2017-06-30": "15.26%", "2017-03-31": "14.86%", "2016-12-31": "13.61%", "2016-09-30": "13.55%", "2016-06-30": "13.36%", "2016-03-31": "13.38%", "2015-12-31": "13.17%", "2015-09-30": "12.78%", "2015-06-30": "12.60%", "2015-03-31": "25.54%", "2014-12-31": "25.24%", "2014-09-30": "25.82%", "2014-06-30": "27.06%", "2014-03-31": "11.92%", "2013-12-31": "15.75%", "2013-09-30": "17.17%", "2013-06-30": "17.45%", "2013-03-31": "16.84%", "2012-12-31": "13.70%", "2012-09-30": "12.84%", "2012-06-30": "12.33%", "2012-03-31": "11.94%", "2011-12-31": "12.00%", "2011-09-30": "12.44%", "2011-06-30": "12.66%", "2011-03-31": "13.31%", "2010-12-31": "13.00%", "2010-09-30": "12.27%", "2010-06-30": "14.11%", "2010-03-31": "13.87%", "2009-12-31": "15.29%", "2009-09-30": "15.17%", "2009-06-30": "12.85%", "2009-03-31": "12.54%", "2008-12-31": "9.49%", "2008-09-30": "7.94%", "2008-06-30": "7.76%", "2008-03-31": "7.52%", "2007-12-31": "8.77%", "2007-09-30": "9.35%", "2007-06-30": "9.38%", "2007-03-31": "9.45%", "2006-12-31": "10.51%", "2006-09-30": "12.00%", "2006-06-30": "9.60%", "2006-03-31": "7.97%", "2005-12-31": "6.88%"}, "return on investments": {"2020-12-31": "18.98%", "2020-09-30": "18.55%", "2020-06-30": "17.54%", "2020-03-31": "27.75%", "2019-12-31": "26.54%", "2019-09-30": "20.42%", "2019-06-30": "19.87%", "2019-03-31": "19.89%", "2018-12-31": "19.78%", "2018-09-30": "28.60%", "2018-06-30": "27.58%", "2018-03-31": "27.15%", "2017-12-31": "28.83%", "2017-09-30": "25.21%", "2017-06-30": "25.88%", "2017-03-31": "26.57%", "2016-12-31": "24.64%", "2016-09-30": "25.45%", "2016-06-30": "24.72%", "2016-03-31": "22.82%", "2015-12-31": "21.74%", "2015-09-30": "21.45%", "2015-06-30": "21.26%", "2015-03-31": "20.97%", "2014-12-31": "19.70%", "2014-09-30": "20.13%", "2014-06-30": "20.58%", "2014-03-31": "22.80%", "2013-12-31": "24.57%", "2013-09-30": "26.99%", "2013-06-30": "27.36%", "2013-03-31": "26.29%", "2012-12-31": "25.57%", "2012-09-30": "22.79%", "2012-06-30": "21.20%", "2012-03-31": "20.04%", "2011-12-31": "26.21%", "2011-09-30": "38.06%", "2011-06-30": "77.18%", "2011-03-31": "92.66%", "2010-12-31": "44.25%", "2010-09-30": "28.14%", "2010-06-30": "20.65%", "2010-03-31": "20.50%", "2009-12-31": "20.67%", "2009-09-30": "20.86%", "2009-06-30": "20.12%", "2009-03-31": "19.45%", "2008-12-31": "19.75%", "2008-09-30": "19.30%", "2008-06-30": "19.66%", "2008-03-31": "20.07%", "2007-12-31": "18.92%", "2007-09-30": "18.37%", "2007-06-30": "18.22%", "2007-03-31": "17.50%", "2006-12-31": "17.49%", "2006-09-30": "17.70%", "2006-06-30": "17.91%", "2006-03-31": "18.24%", "2005-12-31": "18.45%"}, "return on tangible equity": {"2020-09-30": "31.48%", "2020-06-30": "30.81%", "2020-03-31": "47.85%", "2019-12-31": "47.24%", "2019-09-30": "39.16%", "2019-06-30": "39.19%", "2019-03-31": "43.53%", "2018-12-31": "43.45%", "2018-09-30": "45.03%", "2018-06-30": "41.52%", "2018-03-31": "35.47%", "2017-12-31": "38.29%", "2017-09-30": "45.73%", "2017-06-30": "43.37%", "2017-03-31": "39.39%", "2016-12-31": "33.82%", "2016-09-30": "33.34%", "2016-06-30": "33.27%", "2016-03-31": "31.09%", "2015-12-31": "28.34%", "2015-09-30": "26.05%", "2015-06-30": "24.60%", "2015-03-31": "51.74%", "2014-12-31": "55.40%", "2014-09-30": "59.88%", "2014-06-30": "66.84%", "2014-03-31": "29.22%", "2013-12-31": "35.39%", "2013-09-30": "37.50%", "2013-06-30": "35.63%", "2013-03-31": "34.23%", "2012-12-31": "28.03%", "2012-09-30": "26.20%", "2012-06-30": "25.74%", "2012-03-31": "25.10%", "2011-12-31": "25.28%", "2011-09-30": "25.46%", "2011-06-30": "25.63%", "2011-03-31": "27.38%", "2010-12-31": "26.92%", "2010-09-30": "26.20%", "2010-06-30": "31.22%", "2010-03-31": "31.27%", "2009-12-31": "35.94%", "2009-09-30": "38.75%", "2009-06-30": "35.16%", "2009-03-31": "35.76%", "2008-12-31": "29.67%", "2008-09-30": "26.18%", "2008-06-30": "26.36%", "2008-03-31": "26.98%", "2007-12-31": "31.37%", "2007-09-30": "34.33%", "2007-06-30": "37.05%", "2007-03-31": "40.76%", "2006-12-31": "48.84%", "2006-09-30": "60.08%", "2006-06-30": "51.71%", "2006-03-31": "46.00%", "2005-12-31": "43.24%"}, "dividend yield history": {"last payout": "$0.00", "last yield": "0.00%"}}