{"ticker": "EXAS", "price": {"title": "Exact Sciences Historical Annual Stock Price Data", "value": 144.59, "historical": {"2020": {"Average Stock Price": "92.2277", "Year Open": "95.5800", "Year High": "142.1200", "Year Low": "37.9000", "Year Close": "132.4900", "Annual % Change": "43.26%"}, "2019": {"Average Stock Price": "97.0584", "Year Open": "64.1400", "Year High": "122.4900", "Year Low": "61.9800", "Year Close": "92.4800", "Annual % Change": "46.56%"}, "2018": {"Average Stock Price": "59.1706", "Year Open": "51.7900", "Year High": "82.6600", "Year Low": "37.8400", "Year Close": "63.1000", "Annual % Change": "20.10%"}, "2017": {"Average Stock Price": "36.1470", "Year Open": "13.4100", "Year High": "60.5100", "Year Low": "13.4100", "Year Close": "52.5400", "Annual % Change": "293.26%"}, "2016": {"Average Stock Price": "11.9728", "Year Open": "9.0000", "Year High": "21.4900", "Year Low": "4.9400", "Year Close": "13.3600", "Annual % Change": "44.75%"}, "2015": {"Average Stock Price": "20.6162", "Year Open": "26.7900", "Year High": "31.1600", "Year Low": "7.1300", "Year Close": "9.2300", "Annual % Change": "-66.36%"}, "2014": {"Average Stock Price": "17.5492", "Year Open": "11.8200", "Year High": "29.6500", "Year Low": "11.1700", "Year Close": "27.4400", "Annual % Change": "133.53%"}, "2013": {"Average Stock Price": "11.5220", "Year Open": "11.0500", "Year High": "14.4700", "Year Low": "8.1400", "Year Close": "11.7500", "Annual % Change": "10.95%"}, "2012": {"Average Stock Price": "10.0498", "Year Open": "8.0700", "Year High": "11.8900", "Year Low": "7.9300", "Year Close": "10.5900", "Annual % Change": "30.42%"}, "2011": {"Average Stock Price": "7.2547", "Year Open": "6.1800", "Year High": "9.2000", "Year Low": "4.9700", "Year Close": "8.1200", "Annual % Change": "35.79%"}, "2010": {"Average Stock Price": "4.9898", "Year Open": "3.4000", "Year High": "8.9200", "Year Low": "3.3100", "Year Close": "5.9800", "Annual % Change": "76.40%"}, "2009": {"Average Stock Price": "2.0877", "Year Open": "0.5800", "Year High": "3.3900", "Year Low": "0.5800", "Year Close": "3.3900", "Annual % Change": "494.74%"}, "2008": {"Average Stock Price": "1.5940", "Year Open": "3.3801", "Year High": "3.4700", "Year Low": "0.3500", "Year Close": "0.5700", "Annual % Change": "-82.30%"}, "2007": {"Average Stock Price": "3.1721", "Year Open": "2.7200", "Year High": "6.0200", "Year Low": "2.3299", "Year Close": "3.2200", "Annual % Change": "13.78%"}, "2006": {"Average Stock Price": "2.3746", "Year Open": "2.3200", "Year High": "4.2600", "Year Low": "1.6300", "Year Close": "2.8300", "Annual % Change": "28.05%"}, "2005": {"Average Stock Price": "2.6917", "Year Open": "3.7400", "Year High": "4.6500", "Year Low": "1.3400", "Year Close": "2.2100", "Annual % Change": "-42.30%"}, "2004": {"Average Stock Price": "5.6878", "Year Open": "10.1500", "Year High": "10.2500", "Year Low": "2.4600", "Year Close": "3.8300", "Annual % Change": "-62.15%"}, "2003": {"Average Stock Price": "11.4645", "Year Open": "11.5400", "Year High": "17.5500", "Year Low": "6.5000", "Year Close": "10.1200", "Annual % Change": "-6.56%"}, "2002": {"Average Stock Price": "11.8529", "Year Open": "10.2500", "Year High": "16.5800", "Year Low": "7.9000", "Year Close": "10.8300", "Annual % Change": "5.56%"}, "2001": {"Average Stock Price": "9.3984", "Year Open": "15.0000", "Year High": "15.1700", "Year Low": "5.3000", "Year Close": "10.2600", "Annual % Change": "0.00%"}}}, "market cap": {"value": "$21.75B"}, "income statement": {"Revenue": {"2019-12-31": "876.29300", "2018-12-31": "454.46200", "2017-12-31": "265.98900", "2016-12-31": "99.37600", "2015-12-31": "39.43700", "2014-12-31": "1.79800", "2013-12-31": "4.14400", "2012-12-31": "4.14400", "2011-12-31": "4.16300", "2010-12-31": "5.34400", "2009-12-31": "4.75800", "2008-12-31": "-0.86700", "2007-12-31": "1.79800", "2006-12-31": "4.75000", "2005-12-31": "4.25000"}, "Cost Of Goods Sold": {"2019-12-31": "216.71700", "2018-12-31": "116.64400", "2017-12-31": "78.30500", "2016-12-31": "45.19500", "2015-12-31": "24.50100", "2014-12-31": "4.32500", "2013-12-31": "", "2012-12-31": "", "2011-12-31": "0.02400", "2010-12-31": "0.02400", "2009-12-31": "0.02000", "2008-12-31": "0.00100", "2007-12-31": "0.04900", "2006-12-31": "0.80900", "2005-12-31": "0.56600"}, "Gross Profit": {"2019-12-31": "659.57600", "2018-12-31": "337.81800", "2017-12-31": "187.68400", "2016-12-31": "54.18100", "2015-12-31": "14.93600", "2014-12-31": "-2.52700", "2013-12-31": "4.14400", "2012-12-31": "4.14400", "2011-12-31": "4.13900", "2010-12-31": "5.32000", "2009-12-31": "4.73800", "2008-12-31": "-0.86800", "2007-12-31": "1.74900", "2006-12-31": "3.94100", "2005-12-31": "3.68400"}, "Research And Development Expenses": {"2019-12-31": "139.69400", "2018-12-31": "67.28500", "2017-12-31": "42.09900", "2016-12-31": "33.47300", "2015-12-31": "33.91400", "2014-12-31": "28.66900", "2013-12-31": "27.67800", "2012-12-31": "42.13100", "2011-12-31": "21.96800", "2010-12-31": "9.02300", "2009-12-31": "4.21300", "2008-12-31": "2.03400", "2007-12-31": "4.88700", "2006-12-31": "6.73500", "2005-12-31": "7.95600"}, "SG&A Expenses": {"2019-12-31": "737.62900", "2018-12-31": "427.46400", "2017-12-31": "262.91200", "2016-12-31": "189.72400", "2015-12-31": "140.09000", "2014-12-31": "69.34300", "2013-12-31": "23.22700", "2012-12-31": "14.65500", "2011-12-31": "10.99400", "2010-12-31": "8.12300", "2009-12-31": "9.77500", "2008-12-31": "6.46900", "2007-12-31": "8.53200", "2006-12-31": "10.70200", "2005-12-31": "10.73600"}, "Other Operating Income Or Expenses": {"2019-12-31": "", "2018-12-31": "", "2017-12-31": "", "2016-12-31": "", "2015-12-31": "", "2014-12-31": "", "2013-12-31": "", "2012-12-31": "", "2011-12-31": "", "2010-12-31": "", "2009-12-31": "", "2008-12-31": "", "2007-12-31": "", "2006-12-31": "", "2005-12-31": ""}, "Operating Expenses": {"2019-12-31": "1110.07500", "2018-12-31": "613.93300", "2017-12-31": "384.29900", "2016-12-31": "268.39200", "2015-12-31": "198.50500", "2014-12-31": "102.33700", "2013-12-31": "50.90500", "2012-12-31": "56.78600", "2011-12-31": "32.98600", "2010-12-31": "17.17000", "2009-12-31": "14.00500", "2008-12-31": "9.10600", "2007-12-31": "14.64500", "2006-12-31": "18.91700", "2005-12-31": "19.88400"}, "Operating Income": {"2019-12-31": "-233.78190", "2018-12-31": "-159.47100", "2017-12-31": "-118.31000", "2016-12-31": "-169.01600", "2015-12-31": "-159.06800", "2014-12-31": "-100.53900", "2013-12-31": "-46.76100", "2012-12-31": "-52.64200", "2011-12-31": "-28.82300", "2010-12-31": "-11.82600", "2009-12-31": "-9.24700", "2008-12-31": "-9.97300", "2007-12-31": "-12.84700", "2006-12-31": "-14.16700", "2005-12-31": "-15.63400"}, "Total Non-Operating Income/Expense": {"2019-12-31": "-35.06900", "2018-12-31": "-15.58600", "2017-12-31": "3.72600", "2016-12-31": "1.80500", "2015-12-31": "1.26500", "2014-12-31": "0.49100", "2013-12-31": "0.24700", "2012-12-31": "0.22100", "2011-12-31": "0.14800", "2010-12-31": "0.27000", "2009-12-31": "0.11900", "2008-12-31": "0.23200", "2007-12-31": "0.88800", "2006-12-31": "1.25200", "2005-12-31": "1.11400"}, "Pre-Tax Income": {"2019-12-31": "-268.85100", "2018-12-31": "-175.05700", "2017-12-31": "-114.58400", "2016-12-31": "-167.21100", "2015-12-31": "-157.80300", "2014-12-31": "-100.04800", "2013-12-31": "-46.51400", "2012-12-31": "-52.42100", "2011-12-31": "-28.67500", "2010-12-31": "-11.55600", "2009-12-31": "-9.12800", "2008-12-31": "-9.74100", "2007-12-31": "-11.95900", "2006-12-31": "-12.91500", "2005-12-31": "-14.52000"}, "Income Taxes": {"2019-12-31": "-184.85800", "2018-12-31": "0.09200", "2017-12-31": "-0.18700", "2016-12-31": "", "2015-12-31": "0.00000", "2014-12-31": "", "2013-12-31": "", "2012-12-31": "", "2011-12-31": "", "2010-12-31": "", "2009-12-31": "", "2008-12-31": "", "2007-12-31": "", "2006-12-31": "", "2005-12-31": ""}, "Income After Taxes": {"2019-12-31": "-83.99300", "2018-12-31": "-175.14900", "2017-12-31": "-114.39700", "2016-12-31": "-167.21100", "2015-12-31": "-157.80300", "2014-12-31": "-100.04800", "2013-12-31": "-46.51400", "2012-12-31": "-52.42100", "2011-12-31": "-28.67500", "2010-12-31": "-11.55600", "2009-12-31": "-9.12800", "2008-12-31": "-9.74100", "2007-12-31": "-11.95900", "2006-12-31": "-12.91500", "2005-12-31": "-14.52000"}, "Other Income": {"2019-12-31": "", "2018-12-31": "", "2017-12-31": "", "2016-12-31": "", "2015-12-31": "", "2014-12-31": "", "2013-12-31": "", "2012-12-31": "", "2011-12-31": "", "2010-12-31": "", "2009-12-31": "", "2008-12-31": "", "2007-12-31": "", "2006-12-31": "", "2005-12-31": ""}, "Income From Continuous Operations": {"2019-12-31": "-83.99300", "2018-12-31": "-175.14900", "2017-12-31": "-114.39700", "2016-12-31": "-167.21100", "2015-12-31": "-157.80300", "2014-12-31": "-100.04800", "2013-12-31": "-46.51400", "2012-12-31": "-52.42100", "2011-12-31": "-28.67500", "2010-12-31": "-11.55600", "2009-12-31": "-9.12800", "2008-12-31": "-9.74100", "2007-12-31": "-11.95900", "2006-12-31": "-12.91500", "2005-12-31": "-14.52000"}, "Income From Discontinued Operations": {"2019-12-31": "", "2018-12-31": "", "2017-12-31": "", "2016-12-31": "", "2015-12-31": "", "2014-12-31": "", "2013-12-31": "", "2012-12-31": "", "2011-12-31": "", "2010-12-31": "", "2009-12-31": "", "2008-12-31": "", "2007-12-31": "", "2006-12-31": "", "2005-12-31": ""}, "Net Income": {"2019-12-31": "-83.99300", "2018-12-31": "-175.14900", "2017-12-31": "-114.39700", "2016-12-31": "-167.21100", "2015-12-31": "-157.80300", "2014-12-31": "-100.04800", "2013-12-31": "-46.51400", "2012-12-31": "-52.42100", "2011-12-31": "-28.67500", "2010-12-31": "-11.55600", "2009-12-31": "-9.12800", "2008-12-31": "-9.74100", "2007-12-31": "-11.95900", "2006-12-31": "-12.91500", "2005-12-31": "-14.52000"}, "EBITDA": {"2019-12-31": "-148.84790", "2018-12-31": "-113.73300", "2017-12-31": "-104.28700", "2016-12-31": "-158.00500", "2015-12-31": "-150.52400", "2014-12-31": "-96.28100", "2013-12-31": "-48.85100", "2012-12-31": "-55.26900", "2011-12-31": "-32.19500", "2010-12-31": "-16.87700", "2009-12-31": "-13.80500", "2008-12-31": "-10.69800", "2007-12-31": "-15.09100", "2006-12-31": "-17.17500", "2005-12-31": "-18.56000"}, "EBIT": {"2019-12-31": "-233.78190", "2018-12-31": "-159.47100", "2017-12-31": "-118.31000", "2016-12-31": "-169.01600", "2015-12-31": "-159.06800", "2014-12-31": "-100.53900", "2013-12-31": "-46.76100", "2012-12-31": "-52.64200", "2011-12-31": "-28.82300", "2010-12-31": "-11.82600", "2009-12-31": "-9.24700", "2008-12-31": "-9.97300", "2007-12-31": "-12.84700", "2006-12-31": "-14.16700", "2005-12-31": "-15.63400"}, "Basic Shares Outstanding": {"2019-12-31": "131.25700", "2018-12-31": "122.20700", "2017-12-31": "115.68400", "2016-12-31": "102.33500", "2015-12-31": "92.13500", "2014-12-31": "80.23200", "2013-12-31": "67.49300", "2012-12-31": "59.48100", "2011-12-31": "52.51200", "2010-12-31": "40.45500", "2009-12-31": "32.79100", "2008-12-31": "27.21200", "2007-12-31": "26.94500", "2006-12-31": "26.50900", "2005-12-31": "26.27000"}, "Shares Outstanding": {"2019-12-31": "131.25700", "2018-12-31": "122.20700", "2017-12-31": "115.68400", "2016-12-31": "102.33500", "2015-12-31": "92.13500", "2014-12-31": "80.23200", "2013-12-31": "67.49300", "2012-12-31": "59.48100", "2011-12-31": "52.51200", "2010-12-31": "40.45500", "2009-12-31": "32.79100", "2008-12-31": "27.21200", "2007-12-31": "26.94500", "2006-12-31": "26.50900", "2005-12-31": "26.27000"}, "Basic EPS": {"2019-12-31": "-0.64000", "2018-12-31": "-1.43000", "2017-12-31": "-0.99000", "2016-12-31": "-1.63000", "2015-12-31": "-1.71000", "2014-12-31": "-1.25000", "2013-12-31": "-0.69000", "2012-12-31": "-0.88000", "2011-12-31": "-0.54000", "2010-12-31": "-0.29000", "2009-12-31": "-0.28000", "2008-12-31": "-0.36000", "2007-12-31": "-0.44000", "2006-12-31": "-0.49000", "2005-12-31": "-0.55000"}, "EPS - Earnings Per Share": {"2019-12-31": "-0.64000", "2018-12-31": "-1.43000", "2017-12-31": "-0.99000", "2016-12-31": "-1.63000", "2015-12-31": "-1.71000", "2014-12-31": "-1.25000", "2013-12-31": "-0.69000", "2012-12-31": "-0.88000", "2011-12-31": "-0.54000", "2010-12-31": "-0.29000", "2009-12-31": "-0.28000", "2008-12-31": "-0.36000", "2007-12-31": "-0.44000", "2006-12-31": "-0.49000", "2005-12-31": "-0.55000"}}, "income statement, quarterly": {"Revenue": {"2020-09-30": "408.36300", "2020-06-30": "268.86800", "2020-03-31": "347.82100", "2019-12-31": "295.57500", "2019-09-30": "218.80500", "2019-06-30": "199.87000", "2019-03-31": "162.04300", "2018-12-31": "142.98100", "2018-09-30": "118.29100", "2018-06-30": "102.89400", "2018-03-31": "90.29600", "2017-12-31": "87.40600", "2017-09-30": "72.57400", "2017-06-30": "57.64600", "2017-03-31": "48.36300", "2016-12-31": "35.24100", "2016-09-30": "28.11500", "2016-06-30": "21.18500", "2016-03-31": "14.83500", "2015-12-31": "14.42000", "2015-09-30": "12.63200", "2015-06-30": "8.11900", "2015-03-31": "4.26600", "2014-12-31": "1.50400", "2014-09-30": "", "2014-06-30": "", "2014-03-31": "0.29400", "2013-12-31": "1.03600", "2013-09-30": "1.03600", "2013-06-30": "1.03600", "2013-03-31": "1.03600", "2012-12-31": "1.03600", "2012-09-30": "1.03600", "2012-06-30": "1.03600", "2012-03-31": "1.03600", "2011-12-31": "1.04200", "2011-09-30": "1.03900", "2011-06-30": "1.04200", "2011-03-31": "1.04000", "2010-12-31": "1.37500", "2010-09-30": "1.35600", "2010-06-30": "1.31400", "2010-03-31": "1.29900", "2009-12-31": "1.24400", "2009-09-30": "1.25600", "2009-06-30": "1.25800", "2009-03-31": "1.00000", "2008-12-31": "-0.10900", "2008-09-30": "-0.66300", "2008-06-30": "-0.14600", "2008-03-31": "0.05100", "2007-12-31": "-0.60000", "2007-09-30": "0.11300", "2007-06-30": "1.11500", "2007-03-31": "1.17000", "2006-12-31": "1.18000", "2006-09-30": "1.15500", "2006-06-30": "1.22100", "2006-03-31": "1.19400", "2005-12-31": "1.18500", "2005-09-30": "1.19500", "2005-06-30": "0.62300", "2005-03-31": "1.24700"}, "Cost Of Goods Sold": {"2020-09-30": "95.06100", "2020-06-30": "77.89200", "2020-03-31": "81.60600", "2019-12-31": "70.41600", "2019-09-30": "52.33500", "2019-06-30": "51.13900", "2019-03-31": "42.82700", "2018-12-31": "36.82200", "2018-09-30": "30.02000", "2018-06-30": "26.88800", "2018-03-31": "22.91400", "2017-12-31": "22.60400", "2017-09-30": "20.72900", "2017-06-30": "17.99100", "2017-03-31": "16.98100", "2016-12-31": "13.86500", "2016-09-30": "12.17400", "2016-06-30": "10.09700", "2016-03-31": "9.05900", "2015-12-31": "7.66700", "2015-09-30": "7.52800", "2015-06-30": "5.09400", "2015-03-31": "4.21200", "2014-12-31": "3.40100", "2014-09-30": "0.92400", "2014-06-30": "", "2014-03-31": "", "2013-12-31": "", "2013-09-30": "", "2013-06-30": "", "2013-03-31": "", "2012-12-31": "", "2012-09-30": "", "2012-06-30": "", "2012-03-31": "", "2011-12-31": "0.00600", "2011-09-30": "0.00600", "2011-06-30": "0.00600", "2011-03-31": "0.00600", "2010-12-31": "0.00600", "2010-09-30": "0.00600", "2010-06-30": "0.00600", "2010-03-31": "0.00600", "2009-12-31": "0.00700", "2009-09-30": "0.00500", "2009-06-30": "0.00800", "2009-03-31": "", "2008-12-31": "", "2008-09-30": "", "2008-06-30": "", "2008-03-31": "0.00100", "2007-12-31": "0.00000", "2007-09-30": "0.04600", "2007-06-30": "0.00100", "2007-03-31": "0.00200", "2006-12-31": "0.02600", "2006-09-30": "0.10200", "2006-06-30": "0.09300", "2006-03-31": "0.58800", "2005-12-31": "0.05400", "2005-09-30": "0.33200", "2005-06-30": "0.13200", "2005-03-31": "0.04800"}, "Gross Profit": {"2020-09-30": "313.30200", "2020-06-30": "190.97600", "2020-03-31": "266.21500", "2019-12-31": "225.15910", "2019-09-30": "166.47000", "2019-06-30": "148.73100", "2019-03-31": "119.21600", "2018-12-31": "106.15900", "2018-09-30": "88.27100", "2018-06-30": "76.00600", "2018-03-31": "67.38200", "2017-12-31": "64.80200", "2017-09-30": "51.84500", "2017-06-30": "39.65500", "2017-03-31": "31.38200", "2016-12-31": "21.37600", "2016-09-30": "15.94100", "2016-06-30": "11.08800", "2016-03-31": "5.77600", "2015-12-31": "6.75300", "2015-09-30": "5.10400", "2015-06-30": "3.02500", "2015-03-31": "0.05400", "2014-12-31": "-1.89700", "2014-09-30": "-0.92400", "2014-06-30": "", "2014-03-31": "0.29400", "2013-12-31": "1.03600", "2013-09-30": "1.03600", "2013-06-30": "1.03600", "2013-03-31": "1.03600", "2012-12-31": "1.03600", "2012-09-30": "1.03600", "2012-06-30": "1.03600", "2012-03-31": "1.03600", "2011-12-31": "1.03600", "2011-09-30": "1.03300", "2011-06-30": "1.03600", "2011-03-31": "1.03400", "2010-12-31": "1.36900", "2010-09-30": "1.35000", "2010-06-30": "1.30800", "2010-03-31": "1.29300", "2009-12-31": "1.23700", "2009-09-30": "1.25100", "2009-06-30": "1.25000", "2009-03-31": "1.00000", "2008-12-31": "-0.10900", "2008-09-30": "-0.66300", "2008-06-30": "-0.14600", "2008-03-31": "0.05000", "2007-12-31": "-0.60000", "2007-09-30": "0.06700", "2007-06-30": "1.11400", "2007-03-31": "1.16800", "2006-12-31": "1.15400", "2006-09-30": "1.05300", "2006-06-30": "1.12800", "2006-03-31": "0.60600", "2005-12-31": "1.13100", "2005-09-30": "0.86300", "2005-06-30": "0.49100", "2005-03-31": "1.19900"}, "Research And Development Expenses": {"2020-09-30": "31.47100", "2020-06-30": "32.67300", "2020-03-31": "43.50900", "2019-12-31": "43.22300", "2019-09-30": "34.71400", "2019-06-30": "29.97200", "2019-03-31": "31.78500", "2018-12-31": "20.00700", "2018-09-30": "17.63100", "2018-06-30": "14.71200", "2018-03-31": "14.93500", "2017-12-31": "12.63500", "2017-09-30": "11.72500", "2017-06-30": "9.73700", "2017-03-31": "8.00200", "2016-12-31": "7.08200", "2016-09-30": "7.62500", "2016-06-30": "8.64000", "2016-03-31": "10.12600", "2015-12-31": "9.36500", "2015-09-30": "9.86300", "2015-06-30": "8.11500", "2015-03-31": "6.57100", "2014-12-31": "4.99200", "2014-09-30": "9.07300", "2014-06-30": "7.17400", "2014-03-31": "7.43000", "2013-12-31": "6.71300", "2013-09-30": "6.98200", "2013-06-30": "6.45700", "2013-03-31": "7.52600", "2012-12-31": "10.43900", "2012-09-30": "10.49100", "2012-06-30": "12.20200", "2012-03-31": "8.99900", "2011-12-31": "7.67200", "2011-09-30": "6.11000", "2011-06-30": "5.19700", "2011-03-31": "2.98900", "2010-12-31": "2.47000", "2010-09-30": "2.63500", "2010-06-30": "2.12300", "2010-03-31": "1.79500", "2009-12-31": "1.25300", "2009-09-30": "0.83700", "2009-06-30": "2.01500", "2009-03-31": "0.10800", "2008-12-31": "0.07000", "2008-09-30": "0.57700", "2008-06-30": "0.52800", "2008-03-31": "0.85900", "2007-12-31": "1.26900", "2007-09-30": "1.00900", "2007-06-30": "1.33200", "2007-03-31": "1.27700", "2006-12-31": "1.15200", "2006-09-30": "1.70500", "2006-06-30": "1.91800", "2006-03-31": "1.96000", "2005-12-31": "1.81300", "2005-09-30": "1.90700", "2005-06-30": "1.89400", "2005-03-31": "2.34200"}, "SG&A Expenses": {"2020-09-30": "252.07000", "2020-06-30": "225.54700", "2020-03-31": "281.74000", "2019-12-31": "264.23700", "2019-09-30": "166.73400", "2019-06-30": "151.91300", "2019-03-31": "154.74500", "2018-12-31": "132.92800", "2018-09-30": "111.56500", "2018-06-30": "93.99600", "2018-03-31": "88.97500", "2017-12-31": "74.17300", "2017-09-30": "68.53100", "2017-06-30": "61.33700", "2017-03-31": "58.87100", "2016-12-31": "52.00400", "2016-09-30": "46.60000", "2016-06-30": "47.58500", "2016-03-31": "43.53500", "2015-12-31": "37.80800", "2015-09-30": "38.51100", "2015-06-30": "34.27600", "2015-03-31": "29.49500", "2014-12-31": "25.69400", "2014-09-30": "22.21100", "2014-06-30": "12.39600", "2014-03-31": "9.04200", "2013-12-31": "6.58900", "2013-09-30": "5.30100", "2013-06-30": "6.93000", "2013-03-31": "4.40700", "2012-12-31": "4.63900", "2012-09-30": "3.55300", "2012-06-30": "3.72400", "2012-03-31": "2.73900", "2011-12-31": "3.30000", "2011-09-30": "2.76600", "2011-06-30": "2.48100", "2011-03-31": "2.44700", "2010-12-31": "2.72200", "2010-09-30": "2.11100", "2010-06-30": "1.66900", "2010-03-31": "1.62100", "2009-12-31": "1.83900", "2009-09-30": "1.49000", "2009-06-30": "1.67800", "2009-03-31": "4.76800", "2008-12-31": "1.86800", "2008-09-30": "1.27100", "2008-06-30": "1.49500", "2008-03-31": "1.83500", "2007-12-31": "1.97300", "2007-09-30": "2.67500", "2007-06-30": "1.84700", "2007-03-31": "2.03700", "2006-12-31": "2.05500", "2006-09-30": "2.75100", "2006-06-30": "2.76900", "2006-03-31": "3.12700", "2005-12-31": "2.33000", "2005-09-30": "2.53500", "2005-06-30": "2.80900", "2005-03-31": "3.06200"}, "Other Operating Income Or Expenses": {"2020-09-30": "", "2020-06-30": "23.66500", "2020-03-31": "", "2019-12-31": "", "2019-09-30": "", "2019-06-30": "", "2019-03-31": "", "2018-12-31": "", "2018-09-30": "", "2018-06-30": "", "2018-03-31": "", "2017-12-31": "", "2017-09-30": "", "2017-06-30": "", "2017-03-31": "", "2016-12-31": "", "2016-09-30": "", "2016-06-30": "", "2016-03-31": "", "2015-12-31": "", "2015-09-30": "", "2015-06-30": "", "2015-03-31": "", "2014-12-31": "", "2014-09-30": "", "2014-06-30": "", "2014-03-31": "", "2013-12-31": "", "2013-09-30": "", "2013-06-30": "", "2013-03-31": "", "2012-12-31": "", "2012-09-30": "", "2012-06-30": "", "2012-03-31": "", "2011-12-31": "", "2011-09-30": "", "2011-06-30": "", "2011-03-31": "", "2010-12-31": "", "2010-09-30": "", "2010-06-30": "", "2010-03-31": "", "2009-12-31": "", "2009-09-30": "", "2009-06-30": "", "2009-03-31": "", "2008-12-31": "", "2008-09-30": "", "2008-06-30": "", "2008-03-31": "", "2007-12-31": "", "2007-09-30": "", "2007-06-30": "", "2007-03-31": "", "2006-12-31": "", "2006-09-30": "", "2006-06-30": "", "2006-03-31": "", "2005-12-31": "", "2005-09-30": "", "2005-06-30": "", "2005-03-31": ""}, "Operating Expenses": {"2020-09-30": "611.69800", "2020-06-30": "335.87700", "2020-03-31": "430.19400", "2019-12-31": "391.65500", "2019-09-30": "254.53100", "2019-06-30": "233.77200", "2019-03-31": "230.11700", "2018-12-31": "192.29700", "2018-09-30": "159.21600", "2018-06-30": "135.59600", "2018-03-31": "126.82400", "2017-12-31": "110.39500", "2017-09-30": "100.98500", "2017-06-30": "89.06500", "2017-03-31": "83.85400", "2016-12-31": "72.95100", "2016-09-30": "66.39900", "2016-06-30": "66.32200", "2016-03-31": "62.72000", "2015-12-31": "54.84000", "2015-09-30": "55.90200", "2015-06-30": "47.48500", "2015-03-31": "40.27800", "2014-12-31": "34.08700", "2014-09-30": "32.20800", "2014-06-30": "19.57000", "2014-03-31": "16.47200", "2013-12-31": "13.30200", "2013-09-30": "12.28300", "2013-06-30": "13.38700", "2013-03-31": "11.93300", "2012-12-31": "15.07800", "2012-09-30": "14.04400", "2012-06-30": "15.92600", "2012-03-31": "11.73800", "2011-12-31": "10.97800", "2011-09-30": "8.88200", "2011-06-30": "7.68400", "2011-03-31": "5.44200", "2010-12-31": "5.19800", "2010-09-30": "4.75200", "2010-06-30": "3.79800", "2010-03-31": "3.42200", "2009-12-31": "3.09900", "2009-09-30": "2.33200", "2009-06-30": "3.70100", "2009-03-31": "4.87300", "2008-12-31": "1.99800", "2008-09-30": "2.38700", "2008-06-30": "2.02800", "2008-03-31": "2.69300", "2007-12-31": "3.60000", "2007-09-30": "4.51800", "2007-06-30": "3.17800", "2007-03-31": "3.34900", "2006-12-31": "3.90400", "2006-09-30": "4.55800", "2006-06-30": "4.78000", "2006-03-31": "5.67500", "2005-12-31": "4.19700", "2005-09-30": "4.77400", "2005-06-30": "4.83500", "2005-03-31": "6.07800"}, "Operating Income": {"2020-09-30": "-203.33500", "2020-06-30": "-67.00900", "2020-03-31": "-82.37300", "2019-12-31": "-96.07990", "2019-09-30": "-35.72600", "2019-06-30": "-33.90200", "2019-03-31": "-68.07400", "2018-12-31": "-49.31600", "2018-09-30": "-40.92500", "2018-06-30": "-32.70200", "2018-03-31": "-36.52800", "2017-12-31": "-22.98900", "2017-09-30": "-28.41100", "2017-06-30": "-31.41900", "2017-03-31": "-35.49100", "2016-12-31": "-37.71000", "2016-09-30": "-38.28400", "2016-06-30": "-45.13700", "2016-03-31": "-47.88500", "2015-12-31": "-40.42000", "2015-09-30": "-43.27000", "2015-06-30": "-39.36600", "2015-03-31": "-36.01200", "2014-12-31": "-32.58300", "2014-09-30": "-32.20800", "2014-06-30": "-19.57000", "2014-03-31": "-16.17800", "2013-12-31": "-12.26600", "2013-09-30": "-11.24700", "2013-06-30": "-12.35100", "2013-03-31": "-10.89700", "2012-12-31": "-14.04200", "2012-09-30": "-13.00800", "2012-06-30": "-14.89000", "2012-03-31": "-10.70200", "2011-12-31": "-9.93600", "2011-09-30": "-7.84300", "2011-06-30": "-6.64200", "2011-03-31": "-4.40200", "2010-12-31": "-3.82300", "2010-09-30": "-3.39600", "2010-06-30": "-2.48400", "2010-03-31": "-2.12300", "2009-12-31": "-1.85500", "2009-09-30": "-1.07600", "2009-06-30": "-2.44300", "2009-03-31": "-3.87300", "2008-12-31": "-2.10700", "2008-09-30": "-3.05000", "2008-06-30": "-2.17400", "2008-03-31": "-2.64200", "2007-12-31": "-4.20000", "2007-09-30": "-4.40500", "2007-06-30": "-2.06300", "2007-03-31": "-2.17900", "2006-12-31": "-2.72400", "2006-09-30": "-3.40300", "2006-06-30": "-3.55900", "2006-03-31": "-4.48100", "2005-12-31": "-3.01200", "2005-09-30": "-3.57900", "2005-06-30": "-4.21200", "2005-03-31": "-4.83100"}, "Total Non-Operating Income/Expense": {"2020-09-30": "-21.05900", "2020-06-30": "-20.00000", "2020-03-31": "-25.05600", "2019-12-31": "-10.57500", "2019-09-30": "-4.11600", "2019-06-30": "-5.04300", "2019-03-31": "-15.33500", "2018-12-31": "-4.65100", "2018-09-30": "-4.41200", "2018-06-30": "-3.68600", "2018-03-31": "-2.83700", "2017-12-31": "1.26900", "2017-09-30": "1.28300", "2017-06-30": "0.62900", "2017-03-31": "0.54500", "2016-12-31": "0.54000", "2016-09-30": "0.48100", "2016-06-30": "0.37200", "2016-03-31": "0.41200", "2015-12-31": "0.42900", "2015-09-30": "0.32500", "2015-06-30": "0.30000", "2015-03-31": "0.21100", "2014-12-31": "0.13900", "2014-09-30": "0.14800", "2014-06-30": "0.13300", "2014-03-31": "0.07100", "2013-12-31": "0.08000", "2013-09-30": "0.08700", "2013-06-30": "0.03700", "2013-03-31": "0.04300", "2012-12-31": "0.05400", "2012-09-30": "0.05600", "2012-06-30": "0.05400", "2012-03-31": "0.05700", "2011-12-31": "0.03200", "2011-09-30": "0.07000", "2011-06-30": "0.01700", "2011-03-31": "0.02900", "2010-12-31": "0.25000", "2010-09-30": "0.01400", "2010-06-30": "0.00700", "2010-03-31": "-0.00100", "2009-12-31": "0.00100", "2009-09-30": "0.03500", "2009-06-30": "0.04900", "2009-03-31": "0.03400", "2008-12-31": "0.00800", "2008-09-30": "0.03600", "2008-06-30": "0.06400", "2008-03-31": "0.12400", "2007-12-31": "0.18100", "2007-09-30": "0.21000", "2007-06-30": "0.23800", "2007-03-31": "0.25900", "2006-12-31": "0.30100", "2006-09-30": "0.32000", "2006-06-30": "0.31300", "2006-03-31": "0.31800", "2005-12-31": "0.31700", "2005-09-30": "0.29000", "2005-06-30": "0.26100", "2005-03-31": "0.24600"}, "Pre-Tax Income": {"2020-09-30": "-224.39400", "2020-06-30": "-87.00900", "2020-03-31": "-107.42900", "2019-12-31": "-106.65500", "2019-09-30": "-39.84200", "2019-06-30": "-38.94500", "2019-03-31": "-83.40900", "2018-12-31": "-53.96700", "2018-09-30": "-45.33700", "2018-06-30": "-36.38800", "2018-03-31": "-39.36500", "2017-12-31": "-21.72000", "2017-09-30": "-27.12800", "2017-06-30": "-30.79000", "2017-03-31": "-34.94600", "2016-12-31": "-37.17000", "2016-09-30": "-37.80300", "2016-06-30": "-44.76500", "2016-03-31": "-47.47300", "2015-12-31": "-39.99100", "2015-09-30": "-42.94500", "2015-06-30": "-39.06600", "2015-03-31": "-35.80100", "2014-12-31": "-32.44400", "2014-09-30": "-32.06000", "2014-06-30": "-19.43700", "2014-03-31": "-16.10700", "2013-12-31": "-12.18600", "2013-09-30": "-11.16000", "2013-06-30": "-12.31400", "2013-03-31": "-10.85400", "2012-12-31": "-13.98800", "2012-09-30": "-12.95200", "2012-06-30": "-14.83600", "2012-03-31": "-10.64500", "2011-12-31": "-9.90400", "2011-09-30": "-7.77300", "2011-06-30": "-6.62500", "2011-03-31": "-4.37300", "2010-12-31": "-3.57300", "2010-09-30": "-3.38200", "2010-06-30": "-2.47700", "2010-03-31": "-2.12400", "2009-12-31": "-1.85400", "2009-09-30": "-1.04100", "2009-06-30": "-2.39400", "2009-03-31": "-3.83900", "2008-12-31": "-2.10900", "2008-09-30": "-3.01400", "2008-06-30": "-2.10000", "2008-03-31": "-2.51800", "2007-12-31": "-4.01900", "2007-09-30": "-4.19500", "2007-06-30": "-1.82500", "2007-03-31": "-1.92000", "2006-12-31": "-2.42300", "2006-09-30": "-3.08300", "2006-06-30": "-3.24600", "2006-03-31": "-4.16300", "2005-12-31": "-2.69500", "2005-09-30": "-3.28900", "2005-06-30": "-3.95100", "2005-03-31": "-4.58500"}, "Income Taxes": {"2020-09-30": "-4.51000", "2020-06-30": "-0.86700", "2020-03-31": "-1.73200", "2019-12-31": "-184.62800", "2019-09-30": "0.68300", "2019-06-30": "-0.44300", "2019-03-31": "-0.47000", "2018-12-31": "0.00700", "2018-09-30": "0.02700", "2018-06-30": "-0.00100", "2018-03-31": "0.05900", "2017-12-31": "0.04400", "2017-09-30": "-0.23100", "2017-06-30": "", "2017-03-31": "", "2016-12-31": "", "2016-09-30": "", "2016-06-30": "", "2016-03-31": "", "2015-12-31": "", "2015-09-30": "", "2015-06-30": "", "2015-03-31": "", "2014-12-31": "", "2014-09-30": "", "2014-06-30": "", "2014-03-31": "", "2013-12-31": "", "2013-09-30": "", "2013-06-30": "", "2013-03-31": "", "2012-12-31": "", "2012-09-30": "", "2012-06-30": "", "2012-03-31": "", "2011-12-31": "", "2011-09-30": "", "2011-06-30": "", "2011-03-31": "", "2010-12-31": "", "2010-09-30": "", "2010-06-30": "", "2010-03-31": "", "2009-12-31": "", "2009-09-30": "", "2009-06-30": "", "2009-03-31": "", "2008-12-31": "", "2008-09-30": "", "2008-06-30": "", "2008-03-31": "", "2007-12-31": "", "2007-09-30": "", "2007-06-30": "", "2007-03-31": "", "2006-12-31": "", "2006-09-30": "", "2006-06-30": "", "2006-03-31": "", "2005-12-31": "", "2005-09-30": "", "2005-06-30": "", "2005-03-31": ""}, "Income After Taxes": {"2020-09-30": "-219.88400", "2020-06-30": "-86.14200", "2020-03-31": "-105.69700", "2019-12-31": "77.97300", "2019-09-30": "-40.52500", "2019-06-30": "-38.50200", "2019-03-31": "-82.93900", "2018-12-31": "-53.97400", "2018-09-30": "-45.36400", "2018-06-30": "-36.38700", "2018-03-31": "-39.42400", "2017-12-31": "-21.76400", "2017-09-30": "-26.89700", "2017-06-30": "-30.79000", "2017-03-31": "-34.94600", "2016-12-31": "-37.17000", "2016-09-30": "-37.80300", "2016-06-30": "-44.76500", "2016-03-31": "-47.47300", "2015-12-31": "-39.99100", "2015-09-30": "-42.94500", "2015-06-30": "-39.06600", "2015-03-31": "-35.80100", "2014-12-31": "-32.44400", "2014-09-30": "-32.06000", "2014-06-30": "-19.43700", "2014-03-31": "-16.10700", "2013-12-31": "-12.18600", "2013-09-30": "-11.16000", "2013-06-30": "-12.31400", "2013-03-31": "-10.85400", "2012-12-31": "-13.98800", "2012-09-30": "-12.95200", "2012-06-30": "-14.83600", "2012-03-31": "-10.64500", "2011-12-31": "-9.90400", "2011-09-30": "-7.77300", "2011-06-30": "-6.62500", "2011-03-31": "-4.37300", "2010-12-31": "-3.57300", "2010-09-30": "-3.38200", "2010-06-30": "-2.47700", "2010-03-31": "-2.12400", "2009-12-31": "-1.85400", "2009-09-30": "-1.04100", "2009-06-30": "-2.39400", "2009-03-31": "-3.83900", "2008-12-31": "-2.10900", "2008-09-30": "-3.01400", "2008-06-30": "-2.10000", "2008-03-31": "-2.51800", "2007-12-31": "-4.01900", "2007-09-30": "-4.19500", "2007-06-30": "-1.82500", "2007-03-31": "-1.92000", "2006-12-31": "-2.42300", "2006-09-30": "-3.08300", "2006-06-30": "-3.24600", "2006-03-31": "-4.16300", "2005-12-31": "-2.69500", "2005-09-30": "-3.28900", "2005-06-30": "-3.95100", "2005-03-31": "-4.58500"}, "Other Income": {"2020-09-30": "", "2020-06-30": "", "2020-03-31": "", "2019-12-31": "", "2019-09-30": "", "2019-06-30": "", "2019-03-31": "", "2018-12-31": "", "2018-09-30": "", "2018-06-30": "", "2018-03-31": "", "2017-12-31": "", "2017-09-30": "", "2017-06-30": "", "2017-03-31": "", "2016-12-31": "", "2016-09-30": "", "2016-06-30": "", "2016-03-31": "", "2015-12-31": "", "2015-09-30": "", "2015-06-30": "", "2015-03-31": "", "2014-12-31": "", "2014-09-30": "", "2014-06-30": "", "2014-03-31": "", "2013-12-31": "", "2013-09-30": "", "2013-06-30": "", "2013-03-31": "", "2012-12-31": "", "2012-09-30": "", "2012-06-30": "", "2012-03-31": "", "2011-12-31": "", "2011-09-30": "", "2011-06-30": "", "2011-03-31": "", "2010-12-31": "", "2010-09-30": "", "2010-06-30": "", "2010-03-31": "", "2009-12-31": "", "2009-09-30": "", "2009-06-30": "", "2009-03-31": "", "2008-12-31": "", "2008-09-30": "", "2008-06-30": "", "2008-03-31": "", "2007-12-31": "", "2007-09-30": "", "2007-06-30": "", "2007-03-31": "", "2006-12-31": "", "2006-09-30": "", "2006-06-30": "", "2006-03-31": "", "2005-12-31": "", "2005-09-30": "", "2005-06-30": "", "2005-03-31": ""}, "Income From Continuous Operations": {"2020-09-30": "-219.88400", "2020-06-30": "-86.14200", "2020-03-31": "-105.69700", "2019-12-31": "77.97300", "2019-09-30": "-40.52500", "2019-06-30": "-38.50200", "2019-03-31": "-82.93900", "2018-12-31": "-53.97400", "2018-09-30": "-45.36400", "2018-06-30": "-36.38700", "2018-03-31": "-39.42400", "2017-12-31": "-21.76400", "2017-09-30": "-26.89700", "2017-06-30": "-30.79000", "2017-03-31": "-34.94600", "2016-12-31": "-37.17000", "2016-09-30": "-37.80300", "2016-06-30": "-44.76500", "2016-03-31": "-47.47300", "2015-12-31": "-39.99100", "2015-09-30": "-42.94500", "2015-06-30": "-39.06600", "2015-03-31": "-35.80100", "2014-12-31": "-32.44400", "2014-09-30": "-32.06000", "2014-06-30": "-19.43700", "2014-03-31": "-16.10700", "2013-12-31": "-12.18600", "2013-09-30": "-11.16000", "2013-06-30": "-12.31400", "2013-03-31": "-10.85400", "2012-12-31": "-13.98800", "2012-09-30": "-12.95200", "2012-06-30": "-14.83600", "2012-03-31": "-10.64500", "2011-12-31": "-9.90400", "2011-09-30": "-7.77300", "2011-06-30": "-6.62500", "2011-03-31": "-4.37300", "2010-12-31": "-3.57300", "2010-09-30": "-3.38200", "2010-06-30": "-2.47700", "2010-03-31": "-2.12400", "2009-12-31": "-1.85400", "2009-09-30": "-1.04100", "2009-06-30": "-2.39400", "2009-03-31": "-3.83900", "2008-12-31": "-2.10900", "2008-09-30": "-3.01400", "2008-06-30": "-2.10000", "2008-03-31": "-2.51800", "2007-12-31": "-4.01900", "2007-09-30": "-4.19500", "2007-06-30": "-1.82500", "2007-03-31": "-1.92000", "2006-12-31": "-2.42300", "2006-09-30": "-3.08300", "2006-06-30": "-3.24600", "2006-03-31": "-4.16300", "2005-12-31": "-2.69500", "2005-09-30": "-3.28900", "2005-06-30": "-3.95100", "2005-03-31": "-4.58500"}, "Income From Discontinued Operations": {"2020-09-30": "", "2020-06-30": "", "2020-03-31": "", "2019-12-31": "", "2019-09-30": "", "2019-06-30": "", "2019-03-31": "", "2018-12-31": "", "2018-09-30": "", "2018-06-30": "", "2018-03-31": "", "2017-12-31": "", "2017-09-30": "", "2017-06-30": "", "2017-03-31": "", "2016-12-31": "", "2016-09-30": "", "2016-06-30": "", "2016-03-31": "", "2015-12-31": "", "2015-09-30": "", "2015-06-30": "", "2015-03-31": "", "2014-12-31": "", "2014-09-30": "", "2014-06-30": "", "2014-03-31": "", "2013-12-31": "", "2013-09-30": "", "2013-06-30": "", "2013-03-31": "", "2012-12-31": "", "2012-09-30": "", "2012-06-30": "", "2012-03-31": "", "2011-12-31": "", "2011-09-30": "", "2011-06-30": "", "2011-03-31": "", "2010-12-31": "", "2010-09-30": "", "2010-06-30": "", "2010-03-31": "", "2009-12-31": "", "2009-09-30": "", "2009-06-30": "", "2009-03-31": "", "2008-12-31": "", "2008-09-30": "", "2008-06-30": "", "2008-03-31": "", "2007-12-31": "", "2007-09-30": "", "2007-06-30": "", "2007-03-31": "", "2006-12-31": "", "2006-09-30": "", "2006-06-30": "", "2006-03-31": "", "2005-12-31": "", "2005-09-30": "", "2005-06-30": "", "2005-03-31": ""}, "Net Income": {"2020-09-30": "-219.88400", "2020-06-30": "-86.14200", "2020-03-31": "-105.69700", "2019-12-31": "77.97300", "2019-09-30": "-40.52500", "2019-06-30": "-38.50200", "2019-03-31": "-82.93900", "2018-12-31": "-53.97400", "2018-09-30": "-45.36400", "2018-06-30": "-36.38700", "2018-03-31": "-39.42400", "2017-12-31": "-21.76400", "2017-09-30": "-26.89700", "2017-06-30": "-30.79000", "2017-03-31": "-34.94600", "2016-12-31": "-37.17000", "2016-09-30": "-37.80300", "2016-06-30": "-44.76500", "2016-03-31": "-47.47300", "2015-12-31": "-39.99100", "2015-09-30": "-42.94500", "2015-06-30": "-39.06600", "2015-03-31": "-35.80100", "2014-12-31": "-32.44400", "2014-09-30": "-32.06000", "2014-06-30": "-19.43700", "2014-03-31": "-16.10700", "2013-12-31": "-12.18600", "2013-09-30": "-11.16000", "2013-06-30": "-12.31400", "2013-03-31": "-10.85400", "2012-12-31": "-13.98800", "2012-09-30": "-12.95200", "2012-06-30": "-14.83600", "2012-03-31": "-10.64500", "2011-12-31": "-9.90400", "2011-09-30": "-7.77300", "2011-06-30": "-6.62500", "2011-03-31": "-4.37300", "2010-12-31": "-3.57300", "2010-09-30": "-3.38200", "2010-06-30": "-2.47700", "2010-03-31": "-2.12400", "2009-12-31": "-1.85400", "2009-09-30": "-1.04100", "2009-06-30": "-2.39400", "2009-03-31": "-3.83900", "2008-12-31": "-2.10900", "2008-09-30": "-3.01400", "2008-06-30": "-2.10000", "2008-03-31": "-2.51800", "2007-12-31": "-4.01900", "2007-09-30": "-4.19500", "2007-06-30": "-1.82500", "2007-03-31": "-1.92000", "2006-12-31": "-2.42300", "2006-09-30": "-3.08300", "2006-06-30": "-3.24600", "2006-03-31": "-4.16300", "2005-12-31": "-2.69500", "2005-09-30": "-3.28900", "2005-06-30": "-3.95100", "2005-03-31": "-4.58500"}, "EBITDA": {"2020-09-30": "69.48600", "2020-06-30": "-6.85000", "2020-03-31": "-29.49500", "2019-12-31": "-57.44990", "2019-09-30": "-20.80800", "2019-06-30": "-17.13200", "2019-03-31": "-53.45800", "2018-12-31": "-35.86900", "2018-09-30": "-27.93300", "2018-06-30": "-22.32400", "2018-03-31": "-27.60700", "2017-12-31": "-19.01500", "2017-09-30": "-24.72200", "2017-06-30": "-28.03000", "2017-03-31": "-32.52000", "2016-12-31": "-34.82500", "2016-09-30": "-35.47400", "2016-06-30": "-42.36300", "2016-03-31": "-45.34300", "2015-12-31": "-37.94200", "2015-09-30": "-41.04200", "2015-06-30": "-37.43400", "2015-03-31": "-34.10600", "2014-12-31": "-30.92300", "2014-09-30": "-31.03000", "2014-06-30": "-18.65700", "2014-03-31": "-15.67100", "2013-12-31": "-12.68200", "2013-09-30": "-11.76500", "2013-06-30": "-12.92500", "2013-03-31": "-11.47900", "2012-12-31": "-14.58600", "2012-09-30": "-13.65600", "2012-06-30": "-15.59500", "2012-03-31": "-11.43200", "2011-12-31": "-10.71300", "2011-09-30": "-8.51100", "2011-06-30": "-7.60000", "2011-03-31": "-5.37100", "2010-12-31": "-5.09700", "2010-09-30": "-4.68500", "2010-06-30": "-5.02000", "2010-03-31": "-2.07500", "2009-12-31": "-3.06500", "2009-09-30": "-2.30500", "2009-06-30": "-3.67600", "2009-03-31": "-4.75900", "2008-12-31": "-2.31300", "2008-09-30": "-2.89300", "2008-06-30": "-2.60500", "2008-03-31": "-2.88700", "2007-12-31": "-4.44900", "2007-09-30": "-4.56700", "2007-06-30": "-3.03200", "2007-03-31": "-3.04300", "2006-12-31": "-3.61200", "2006-09-30": "-4.07900", "2006-06-30": "-4.25200", "2006-03-31": "-5.23200", "2005-12-31": "-3.70900", "2005-09-30": "-4.25300", "2005-06-30": "-4.98700", "2005-03-31": "-5.61100"}, "EBIT": {"2020-09-30": "-203.33500", "2020-06-30": "-67.00900", "2020-03-31": "-82.37300", "2019-12-31": "-96.07990", "2019-09-30": "-35.72600", "2019-06-30": "-33.90200", "2019-03-31": "-68.07400", "2018-12-31": "-49.31600", "2018-09-30": "-40.92500", "2018-06-30": "-32.70200", "2018-03-31": "-36.52800", "2017-12-31": "-22.98900", "2017-09-30": "-28.41100", "2017-06-30": "-31.41900", "2017-03-31": "-35.49100", "2016-12-31": "-37.71000", "2016-09-30": "-38.28400", "2016-06-30": "-45.13700", "2016-03-31": "-47.88500", "2015-12-31": "-40.42000", "2015-09-30": "-43.27000", "2015-06-30": "-39.36600", "2015-03-31": "-36.01200", "2014-12-31": "-32.58300", "2014-09-30": "-32.20800", "2014-06-30": "-19.57000", "2014-03-31": "-16.17800", "2013-12-31": "-12.26600", "2013-09-30": "-11.24700", "2013-06-30": "-12.35100", "2013-03-31": "-10.89700", "2012-12-31": "-14.04200", "2012-09-30": "-13.00800", "2012-06-30": "-14.89000", "2012-03-31": "-10.70200", "2011-12-31": "-9.93600", "2011-09-30": "-7.84300", "2011-06-30": "-6.64200", "2011-03-31": "-4.40200", "2010-12-31": "-3.82300", "2010-09-30": "-3.39600", "2010-06-30": "-2.48400", "2010-03-31": "-2.12300", "2009-12-31": "-1.85500", "2009-09-30": "-1.07600", "2009-06-30": "-2.44300", "2009-03-31": "-3.87300", "2008-12-31": "-2.10700", "2008-09-30": "-3.05000", "2008-06-30": "-2.17400", "2008-03-31": "-2.64200", "2007-12-31": "-4.20000", "2007-09-30": "-4.40500", "2007-06-30": "-2.06300", "2007-03-31": "-2.17900", "2006-12-31": "-2.72400", "2006-09-30": "-3.40300", "2006-06-30": "-3.55900", "2006-03-31": "-4.48100", "2005-12-31": "-3.01200", "2005-09-30": "-3.57900", "2005-06-30": "-4.21200", "2005-03-31": "-4.83100"}, "Basic Shares Outstanding": {"2020-09-30": "150.15500", "2020-06-30": "149.72700", "2020-03-31": "148.15100", "2019-12-31": "131.25700", "2019-09-30": "129.56700", "2019-06-30": "129.18200", "2019-03-31": "126.24800", "2018-12-31": "122.20700", "2018-09-30": "122.67100", "2018-06-30": "122.12900", "2018-03-31": "121.01600", "2017-12-31": "115.68400", "2017-09-30": "119.21500", "2017-06-30": "112.84700", "2017-03-31": "110.58200", "2016-12-31": "102.33500", "2016-09-30": "104.80700", "2016-06-30": "97.90200", "2016-03-31": "97.24600", "2015-12-31": "92.13500", "2015-09-30": "94.44400", "2015-06-30": "88.91900", "2015-03-31": "88.66200", "2014-12-31": "80.23200", "2014-09-30": "82.94100", "2014-06-30": "82.04800", "2014-03-31": "70.98700", "2013-12-31": "67.49300", "2013-09-30": "70.55900", "2013-06-30": "64.69900", "2013-03-31": "63.83600", "2012-12-31": "59.48100", "2012-09-30": "60.53100", "2012-06-30": "57.03700", "2012-03-31": "56.71800", "2011-12-31": "52.51200", "2011-09-30": "52.44300", "2011-06-30": "52.01000", "2011-03-31": "51.93000", "2010-12-31": "40.45500", "2010-09-30": "40.15500", "2010-06-30": "39.06700", "2010-03-31": "35.60700", "2009-12-31": "32.79100", "2009-09-30": "34.93200", "2009-06-30": "31.28300", "2009-03-31": "30.23000", "2008-12-31": "27.21200", "2008-09-30": "27.23300", "2008-06-30": "27.17500", "2008-03-31": "27.14500", "2007-12-31": "26.94500", "2007-09-30": "27.01700", "2007-06-30": "26.88000", "2007-03-31": "26.79000", "2006-12-31": "26.50900", "2006-09-30": "26.56200", "2006-06-30": "26.40200", "2006-03-31": "26.37600", "2005-12-31": "26.27000", "2005-09-30": "26.29100", "2005-06-30": "26.25100", "2005-03-31": "26.20300"}, "Shares Outstanding": {"2020-09-30": "150.15500", "2020-06-30": "149.72700", "2020-03-31": "148.15100", "2019-12-31": "131.25700", "2019-09-30": "129.56700", "2019-06-30": "129.18200", "2019-03-31": "126.24800", "2018-12-31": "122.20700", "2018-09-30": "122.67100", "2018-06-30": "122.12900", "2018-03-31": "121.01600", "2017-12-31": "115.68400", "2017-09-30": "119.21500", "2017-06-30": "112.84700", "2017-03-31": "110.58200", "2016-12-31": "102.33500", "2016-09-30": "104.80700", "2016-06-30": "97.90200", "2016-03-31": "97.24600", "2015-12-31": "92.13500", "2015-09-30": "94.44400", "2015-06-30": "88.91900", "2015-03-31": "88.66200", "2014-12-31": "80.23200", "2014-09-30": "82.94100", "2014-06-30": "82.04800", "2014-03-31": "70.98700", "2013-12-31": "67.49300", "2013-09-30": "70.55900", "2013-06-30": "64.69900", "2013-03-31": "63.83600", "2012-12-31": "59.48100", "2012-09-30": "60.53100", "2012-06-30": "57.03700", "2012-03-31": "56.71800", "2011-12-31": "52.51200", "2011-09-30": "52.44300", "2011-06-30": "52.01000", "2011-03-31": "51.93000", "2010-12-31": "40.45500", "2010-09-30": "40.15500", "2010-06-30": "39.06700", "2010-03-31": "35.60700", "2009-12-31": "32.79100", "2009-09-30": "34.93200", "2009-06-30": "31.28300", "2009-03-31": "30.23000", "2008-12-31": "27.21200", "2008-09-30": "27.23300", "2008-06-30": "27.17500", "2008-03-31": "27.14500", "2007-12-31": "26.94500", "2007-09-30": "27.01700", "2007-06-30": "26.88000", "2007-03-31": "26.79000", "2006-12-31": "26.50900", "2006-09-30": "26.56200", "2006-06-30": "26.40200", "2006-03-31": "26.37600", "2005-12-31": "26.27000", "2005-09-30": "26.29100", "2005-06-30": "26.25100", "2005-03-31": "26.20300"}, "Basic EPS": {"2020-09-30": "-1.46000", "2020-06-30": "-0.58000", "2020-03-31": "-0.71000", "2019-12-31": "0.63000", "2019-09-30": "-0.31000", "2019-06-30": "-0.30000", "2019-03-31": "-0.66000", "2018-12-31": "-0.43000", "2018-09-30": "-0.37000", "2018-06-30": "-0.30000", "2018-03-31": "-0.33000", "2017-12-31": "-0.17000", "2017-09-30": "-0.23000", "2017-06-30": "-0.27000", "2017-03-31": "-0.32000", "2016-12-31": "-0.32000", "2016-09-30": "-0.36000", "2016-06-30": "-0.46000", "2016-03-31": "-0.49000", "2015-12-31": "-0.42000", "2015-09-30": "-0.45000", "2015-06-30": "-0.44000", "2015-03-31": "-0.40000", "2014-12-31": "-0.39000", "2014-09-30": "-0.39000", "2014-06-30": "-0.24000", "2014-03-31": "-0.23000", "2013-12-31": "-0.17000", "2013-09-30": "-0.16000", "2013-06-30": "-0.19000", "2013-03-31": "-0.17000", "2012-12-31": "-0.22000", "2012-09-30": "-0.21000", "2012-06-30": "-0.26000", "2012-03-31": "-0.19000", "2011-12-31": "-0.18000", "2011-09-30": "-0.15000", "2011-06-30": "-0.13000", "2011-03-31": "-0.08000", "2010-12-31": "-0.09000", "2010-09-30": "-0.08000", "2010-06-30": "-0.06000", "2010-03-31": "-0.06000", "2009-12-31": "-0.04000", "2009-09-30": "-0.03000", "2009-06-30": "-0.08000", "2009-03-31": "-0.13000", "2008-12-31": "-0.08000", "2008-09-30": "-0.11000", "2008-06-30": "-0.08000", "2008-03-31": "-0.09000", "2007-12-31": "-0.14000", "2007-09-30": "-0.16000", "2007-06-30": "-0.07000", "2007-03-31": "-0.07000", "2006-12-31": "-0.09000", "2006-09-30": "-0.12000", "2006-06-30": "-0.12000", "2006-03-31": "-0.16000", "2005-12-31": "-0.10000", "2005-09-30": "-0.13000", "2005-06-30": "-0.15000", "2005-03-31": "-0.17000"}, "EPS - Earnings Per Share": {"2020-09-30": "-1.46000", "2020-06-30": "-0.58000", "2020-03-31": "-0.71000", "2019-12-31": "0.63000", "2019-09-30": "-0.31000", "2019-06-30": "-0.30000", "2019-03-31": "-0.66000", "2018-12-31": "-0.43000", "2018-09-30": "-0.37000", "2018-06-30": "-0.30000", "2018-03-31": "-0.33000", "2017-12-31": "-0.17000", "2017-09-30": "-0.23000", "2017-06-30": "-0.27000", "2017-03-31": "-0.32000", "2016-12-31": "-0.32000", "2016-09-30": "-0.36000", "2016-06-30": "-0.46000", "2016-03-31": "-0.49000", "2015-12-31": "-0.42000", "2015-09-30": "-0.45000", "2015-06-30": "-0.44000", "2015-03-31": "-0.40000", "2014-12-31": "-0.39000", "2014-09-30": "-0.39000", "2014-06-30": "-0.24000", "2014-03-31": "-0.23000", "2013-12-31": "-0.17000", "2013-09-30": "-0.16000", "2013-06-30": "-0.19000", "2013-03-31": "-0.17000", "2012-12-31": "-0.22000", "2012-09-30": "-0.21000", "2012-06-30": "-0.26000", "2012-03-31": "-0.19000", "2011-12-31": "-0.18000", "2011-09-30": "-0.15000", "2011-06-30": "-0.13000", "2011-03-31": "-0.08000", "2010-12-31": "-0.09000", "2010-09-30": "-0.08000", "2010-06-30": "-0.06000", "2010-03-31": "-0.06000", "2009-12-31": "-0.04000", "2009-09-30": "-0.03000", "2009-06-30": "-0.08000", "2009-03-31": "-0.13000", "2008-12-31": "-0.08000", "2008-09-30": "-0.11000", "2008-06-30": "-0.08000", "2008-03-31": "-0.09000", "2007-12-31": "-0.14000", "2007-09-30": "-0.16000", "2007-06-30": "-0.07000", "2007-03-31": "-0.07000", "2006-12-31": "-0.09000", "2006-09-30": "-0.12000", "2006-06-30": "-0.12000", "2006-03-31": "-0.16000", "2005-12-31": "-0.10000", "2005-09-30": "-0.13000", "2005-06-30": "-0.15000", "2005-03-31": "-0.17000"}}, "balance sheet": {"Cash On Hand": {"2019-12-31": "323.65500", "2018-12-31": "1124.18200", "2017-12-31": "424.71500", "2016-12-31": "311.10000", "2015-12-31": "306.87900", "2014-12-31": "282.75600", "2013-12-31": "133.25900", "2012-12-31": "108.12100", "2011-12-31": "93.36100", "2010-12-31": "95.41500", "2009-12-31": "24.82800", "2008-12-31": "4.93700", "2007-12-31": "12.58700", "2006-12-31": "21.07500", "2005-12-31": "33.09900"}, "Receivables": {"2019-12-31": "130.66700", "2018-12-31": "45.32900", "2017-12-31": "26.41900", "2016-12-31": "8.52600", "2015-12-31": "4.93300", "2014-12-31": "1.37600", "2013-12-31": "", "2012-12-31": "", "2011-12-31": "", "2010-12-31": "", "2009-12-31": "", "2008-12-31": "", "2007-12-31": "", "2006-12-31": "", "2005-12-31": ""}, "Inventory": {"2019-12-31": "61.72400", "2018-12-31": "39.14800", "2017-12-31": "26.02700", "2016-12-31": "6.83300", "2015-12-31": "6.67700", "2014-12-31": "4.01700", "2013-12-31": "", "2012-12-31": "", "2011-12-31": "", "2010-12-31": "", "2009-12-31": "", "2008-12-31": "", "2007-12-31": "", "2006-12-31": "", "2005-12-31": ""}, "Pre-Paid Expenses": {"2019-12-31": "40.91300", "2018-12-31": "19.40800", "2017-12-31": "10.05500", "2016-12-31": "7.11400", "2015-12-31": "7.37500", "2014-12-31": "3.52800", "2013-12-31": "2.19900", "2012-12-31": "0.59300", "2011-12-31": "1.03400", "2010-12-31": "0.24600", "2009-12-31": "0.48400", "2008-12-31": "0.19000", "2007-12-31": "0.27500", "2006-12-31": "0.38600", "2005-12-31": "1.15800"}, "Other Current Assets": {"2019-12-31": "", "2018-12-31": "", "2017-12-31": "", "2016-12-31": "", "2015-12-31": "", "2014-12-31": "", "2013-12-31": "", "2012-12-31": "", "2011-12-31": "", "2010-12-31": "", "2009-12-31": "", "2008-12-31": "", "2007-12-31": "", "2006-12-31": "", "2005-12-31": ""}, "Total Current Assets": {"2019-12-31": "556.95900", "2018-12-31": "1228.06700", "2017-12-31": "487.21600", "2016-12-31": "333.57300", "2015-12-31": "325.86400", "2014-12-31": "291.67700", "2013-12-31": "135.45800", "2012-12-31": "108.71400", "2011-12-31": "94.39500", "2010-12-31": "95.66100", "2009-12-31": "25.31200", "2008-12-31": "5.12700", "2007-12-31": "12.86200", "2006-12-31": "21.46100", "2005-12-31": "34.25700"}, "Property, Plant, And Equipment": {"2019-12-31": "455.32500", "2018-12-31": "245.25900", "2017-12-31": "79.98600", "2016-12-31": "38.14200", "2015-12-31": "34.09600", "2014-12-31": "19.94700", "2013-12-31": "11.16900", "2012-12-31": "3.40500", "2011-12-31": "2.55800", "2010-12-31": "0.85400", "2009-12-31": "0.45800", "2008-12-31": "0.07600", "2007-12-31": "0.60100", "2006-12-31": "0.84400", "2005-12-31": "1.14900"}, "Long-Term Investments": {"2019-12-31": "", "2018-12-31": "", "2017-12-31": "", "2016-12-31": "", "2015-12-31": "", "2014-12-31": "", "2013-12-31": "", "2012-12-31": "", "2011-12-31": "", "2010-12-31": "", "2009-12-31": "", "2008-12-31": "", "2007-12-31": "", "2006-12-31": "", "2005-12-31": ""}, "Goodwill And Intangible Assets": {"2019-12-31": "2346.74700", "2018-12-31": "46.28100", "2017-12-31": "24.20500", "2016-12-31": "1.55000", "2015-12-31": "", "2014-12-31": "", "2013-12-31": "", "2012-12-31": "", "2011-12-31": "", "2010-12-31": "", "2009-12-31": "", "2008-12-31": "0.09500", "2007-12-31": "0.43200", "2006-12-31": "0.76300", "2005-12-31": "1.41900"}, "Other Long-Term Assets": {"2019-12-31": "20.29300", "2018-12-31": "4.41500", "2017-12-31": "7.15300", "2016-12-31": "3.77500", "2015-12-31": "4.07000", "2014-12-31": "1.20000", "2013-12-31": "", "2012-12-31": "", "2011-12-31": "", "2010-12-31": "", "2009-12-31": "", "2008-12-31": "0.60000", "2007-12-31": "0.70000", "2006-12-31": "0.80000", "2005-12-31": "1.02000"}, "Total Long-Term Assets": {"2019-12-31": "2948.80900", "2018-12-31": "295.95500", "2017-12-31": "111.34400", "2016-12-31": "43.46700", "2015-12-31": "38.16600", "2014-12-31": "21.14700", "2013-12-31": "11.16900", "2012-12-31": "3.40500", "2011-12-31": "2.55800", "2010-12-31": "0.85400", "2009-12-31": "0.45800", "2008-12-31": "0.77100", "2007-12-31": "1.73300", "2006-12-31": "2.40700", "2005-12-31": "3.58800"}, "Total Assets": {"2019-12-31": "3505.76800", "2018-12-31": "1524.02200", "2017-12-31": "598.56000", "2016-12-31": "377.04000", "2015-12-31": "364.03000", "2014-12-31": "312.82400", "2013-12-31": "146.62700", "2012-12-31": "112.11900", "2011-12-31": "96.95300", "2010-12-31": "96.51500", "2009-12-31": "25.77000", "2008-12-31": "5.89800", "2007-12-31": "14.59500", "2006-12-31": "23.86800", "2005-12-31": "37.84500"}, "Total Current Liabilities": {"2019-12-31": "236.49400", "2018-12-31": "136.16900", "2017-12-31": "68.12400", "2016-12-31": "30.69200", "2015-12-31": "26.72300", "2014-12-31": "17.52100", "2013-12-31": "7.75200", "2012-12-31": "11.45500", "2011-12-31": "7.97700", "2010-12-31": "7.15800", "2009-12-31": "6.52600", "2008-12-31": "5.03100", "2007-12-31": "4.40600", "2006-12-31": "6.36500", "2005-12-31": "6.31600"}, "Long Term Debt": {"2019-12-31": "827.63700", "2018-12-31": "689.24300", "2017-12-31": "4.26900", "2016-12-31": "5.31900", "2015-12-31": "5.85000", "2014-12-31": "2.61400", "2013-12-31": "3.47500", "2012-12-31": "1.71100", "2011-12-31": "1.00000", "2010-12-31": "1.00000", "2009-12-31": "1.00000", "2008-12-31": "", "2007-12-31": "", "2006-12-31": "", "2005-12-31": ""}, "Other Non-Current Liabilities": {"2019-12-31": "34.91100", "2018-12-31": "17.66900", "2017-12-31": "5.74900", "2016-12-31": "5.73400", "2015-12-31": "4.60100", "2014-12-31": "3.70500", "2013-12-31": "0.08400", "2012-12-31": "0.06300", "2011-12-31": "0.04200", "2010-12-31": "0.02100", "2009-12-31": "0.98900", "2008-12-31": "1.95000", "2007-12-31": "1.20000", "2006-12-31": "", "2005-12-31": ""}, "Total Long Term Liabilities": {"2019-12-31": "981.21300", "2018-12-31": "706.91200", "2017-12-31": "10.01800", "2016-12-31": "11.05300", "2015-12-31": "10.45100", "2014-12-31": "6.31900", "2013-12-31": "3.55900", "2012-12-31": "2.06900", "2011-12-31": "5.48100", "2010-12-31": "9.60300", "2009-12-31": "13.15000", "2008-12-31": "3.30000", "2007-12-31": "3.90100", "2006-12-31": "2.54500", "2005-12-31": "6.90800"}, "Total Liabilities": {"2019-12-31": "1217.70700", "2018-12-31": "843.08100", "2017-12-31": "78.14200", "2016-12-31": "41.74500", "2015-12-31": "37.17400", "2014-12-31": "23.84000", "2013-12-31": "11.31100", "2012-12-31": "13.52400", "2011-12-31": "13.45800", "2010-12-31": "16.76100", "2009-12-31": "19.67600", "2008-12-31": "8.33100", "2007-12-31": "8.30700", "2006-12-31": "8.91000", "2005-12-31": "13.22400"}, "Common Stock Net": {"2019-12-31": "1.47700", "2018-12-31": "1.23200", "2017-12-31": "1.20500", "2016-12-31": "1.10200", "2015-12-31": "0.96700", "2014-12-31": "0.88700", "2013-12-31": "0.71100", "2012-12-31": "0.63900", "2011-12-31": "0.56600", "2010-12-31": "0.52200", "2009-12-31": "0.35500", "2008-12-31": "0.27500", "2007-12-31": "0.27300", "2006-12-31": "0.26900", "2005-12-31": "0.26400"}, "Retained Earnings (Accumulated Deficit)": {"2019-12-31": "-1119.75600", "2018-12-31": "-1035.76300", "2017-12-31": "-860.61400", "2016-12-31": "-745.82100", "2015-12-31": "-578.61000", "2014-12-31": "-420.80700", "2013-12-31": "-320.75900", "2012-12-31": "-274.24500", "2011-12-31": "-221.82400", "2010-12-31": "-193.14900", "2009-12-31": "-181.59300", "2008-12-31": "-172.46500", "2007-12-31": "-162.72400", "2006-12-31": "-150.76500", "2005-12-31": "-137.85000"}, "Comprehensive Income": {"2019-12-31": "-0.10000", "2018-12-31": "-1.42200", "2017-12-31": "-0.75000", "2016-12-31": "-0.41800", "2015-12-31": "-0.43300", "2014-12-31": "-0.11500", "2013-12-31": "0.12500", "2012-12-31": "0.07800", "2011-12-31": "-0.01400", "2010-12-31": "0.00100", "2009-12-31": "-0.00100", "2008-12-31": "", "2007-12-31": "0.02300", "2006-12-31": "0.00600", "2005-12-31": "-0.04500"}, "Other Share Holders Equity": {"2019-12-31": "", "2018-12-31": "", "2017-12-31": "", "2016-12-31": "", "2015-12-31": "", "2014-12-31": "", "2013-12-31": "", "2012-12-31": "", "2011-12-31": "", "2010-12-31": "", "2009-12-31": "", "2008-12-31": "", "2007-12-31": "", "2006-12-31": "", "2005-12-31": ""}, "Share Holder Equity": {"2019-12-31": "2288.06100", "2018-12-31": "680.94100", "2017-12-31": "520.41800", "2016-12-31": "335.29500", "2015-12-31": "326.85600", "2014-12-31": "288.98400", "2013-12-31": "135.31600", "2012-12-31": "98.59500", "2011-12-31": "83.49500", "2010-12-31": "79.75400", "2009-12-31": "6.09400", "2008-12-31": "-2.43300", "2007-12-31": "6.28800", "2006-12-31": "14.95800", "2005-12-31": "24.62100"}, "Total Liabilities And Share Holders Equity": {"2019-12-31": "3505.76800", "2018-12-31": "1524.02200", "2017-12-31": "598.56000", "2016-12-31": "377.04000", "2015-12-31": "364.03000", "2014-12-31": "312.82400", "2013-12-31": "146.62700", "2012-12-31": "112.11900", "2011-12-31": "96.95300", "2010-12-31": "96.51500", "2009-12-31": "25.77000", "2008-12-31": "5.89800", "2007-12-31": "14.59500", "2006-12-31": "23.86800", "2005-12-31": "37.84500"}}, "balance sheet, quarterly": {"Cash On Hand": {"2020-09-30": "1283.00200", "2020-06-30": "1222.65700", "2020-03-31": "1231.11600", "2019-12-31": "323.65500", "2019-09-30": "1160.54500", "2019-06-30": "1239.42200", "2019-03-31": "1282.70600", "2018-12-31": "1124.18200", "2018-09-30": "1185.21700", "2018-06-30": "1222.16200", "2018-03-31": "1042.16900", "2017-12-31": "424.71500", "2017-09-30": "462.52100", "2017-06-30": "484.26000", "2017-03-31": "274.67000", "2016-12-31": "311.10000", "2016-09-30": "337.83000", "2016-06-30": "224.07700", "2016-03-31": "262.59200", "2015-12-31": "306.87900", "2015-09-30": "343.50900", "2015-06-30": "210.81800", "2015-03-31": "245.15100", "2014-12-31": "282.75600", "2014-09-30": "211.14400", "2014-06-30": "234.79700", "2014-03-31": "116.01000", "2013-12-31": "133.25900", "2013-09-30": "147.84100", "2013-06-30": "157.72900", "2013-03-31": "95.48200", "2012-12-31": "108.12100", "2012-09-30": "118.57200", "2012-06-30": "70.86500", "2012-03-31": "83.53600", "2011-12-31": "93.36100", "2011-09-30": "75.43100", "2011-06-30": "83.46800", "2011-03-31": "89.73300", "2010-12-31": "95.41500", "2010-09-30": "34.84100", "2010-06-30": "37.82400", "2010-03-31": "22.89200", "2009-12-31": "24.82800", "2009-09-30": "26.94400", "2009-06-30": "27.79800", "2009-03-31": "20.61300", "2008-12-31": "4.93700", "2008-09-30": "6.06900", "2008-06-30": "7.74800", "2008-03-31": "9.48700", "2007-12-31": "12.58700", "2007-09-30": "14.77500", "2007-06-30": "16.94300", "2007-03-31": "18.55900", "2006-12-31": "21.07500", "2006-09-30": "24.37500", "2006-06-30": "27.04000", "2006-03-31": "29.78600", "2005-12-31": "33.09900", "2005-09-30": "37.22500", "2005-06-30": "40.54100", "2005-03-31": "44.33400"}, "Receivables": {"2020-09-30": "206.60600", "2020-06-30": "163.60800", "2020-03-31": "140.04600", "2019-12-31": "130.66700", "2019-09-30": "82.20000", "2019-06-30": "63.90300", "2019-03-31": "56.09500", "2018-12-31": "45.32900", "2018-09-30": "41.91600", "2018-06-30": "36.26800", "2018-03-31": "34.57500", "2017-12-31": "26.41900", "2017-09-30": "24.55300", "2017-06-30": "22.59100", "2017-03-31": "16.21400", "2016-12-31": "8.52600", "2016-09-30": "7.86300", "2016-06-30": "7.44100", "2016-03-31": "5.62100", "2015-12-31": "4.93300", "2015-09-30": "4.20900", "2015-06-30": "2.15100", "2015-03-31": "1.58100", "2014-12-31": "1.37600", "2014-09-30": "", "2014-06-30": "", "2014-03-31": "", "2013-12-31": "", "2013-09-30": "", "2013-06-30": "", "2013-03-31": "", "2012-12-31": "", "2012-09-30": "", "2012-06-30": "", "2012-03-31": "", "2011-12-31": "", "2011-09-30": "", "2011-06-30": "", "2011-03-31": "", "2010-12-31": "", "2010-09-30": "", "2010-06-30": "", "2010-03-31": "", "2009-12-31": "", "2009-09-30": "", "2009-06-30": "", "2009-03-31": "", "2008-12-31": "", "2008-09-30": "", "2008-06-30": "", "2008-03-31": "", "2007-12-31": "", "2007-09-30": "", "2007-06-30": "", "2007-03-31": "", "2006-12-31": "", "2006-09-30": "", "2006-06-30": "", "2006-03-31": "", "2005-12-31": "", "2005-09-30": "", "2005-06-30": "", "2005-03-31": ""}, "Inventory": {"2020-09-30": "80.42700", "2020-06-30": "82.21500", "2020-03-31": "69.42400", "2019-12-31": "61.72400", "2019-09-30": "53.67300", "2019-06-30": "47.78100", "2019-03-31": "44.26900", "2018-12-31": "39.14800", "2018-09-30": "38.61700", "2018-06-30": "35.40900", "2018-03-31": "32.38000", "2017-12-31": "26.02700", "2017-09-30": "18.06400", "2017-06-30": "12.41000", "2017-03-31": "7.85900", "2016-12-31": "6.83300", "2016-09-30": "7.66600", "2016-06-30": "8.40400", "2016-03-31": "8.15700", "2015-12-31": "6.67700", "2015-09-30": "6.03200", "2015-06-30": "6.27500", "2015-03-31": "5.42300", "2014-12-31": "4.01700", "2014-09-30": "2.71900", "2014-06-30": "", "2014-03-31": "", "2013-12-31": "", "2013-09-30": "", "2013-06-30": "", "2013-03-31": "", "2012-12-31": "", "2012-09-30": "", "2012-06-30": "", "2012-03-31": "", "2011-12-31": "", "2011-09-30": "", "2011-06-30": "", "2011-03-31": "", "2010-12-31": "", "2010-09-30": "", "2010-06-30": "", "2010-03-31": "", "2009-12-31": "", "2009-09-30": "", "2009-06-30": "", "2009-03-31": "", "2008-12-31": "", "2008-09-30": "", "2008-06-30": "", "2008-03-31": "", "2007-12-31": "", "2007-09-30": "", "2007-06-30": "", "2007-03-31": "", "2006-12-31": "", "2006-09-30": "", "2006-06-30": "", "2006-03-31": "", "2005-12-31": "", "2005-09-30": "", "2005-06-30": "", "2005-03-31": ""}, "Pre-Paid Expenses": {"2020-09-30": "36.59200", "2020-06-30": "36.37800", "2020-03-31": "43.73200", "2019-12-31": "40.91300", "2019-09-30": "23.56000", "2019-06-30": "23.69000", "2019-03-31": "24.05000", "2018-12-31": "19.40800", "2018-09-30": "23.83200", "2018-06-30": "16.46500", "2018-03-31": "12.86700", "2017-12-31": "10.05500", "2017-09-30": "8.55100", "2017-06-30": "6.87200", "2017-03-31": "7.44300", "2016-12-31": "7.11400", "2016-09-30": "5.67300", "2016-06-30": "7.29500", "2016-03-31": "7.72200", "2015-12-31": "7.37500", "2015-09-30": "5.60200", "2015-06-30": "4.01900", "2015-03-31": "3.89200", "2014-12-31": "3.52800", "2014-09-30": "2.37700", "2014-06-30": "3.98700", "2014-03-31": "2.84200", "2013-12-31": "2.19900", "2013-09-30": "0.90400", "2013-06-30": "1.08700", "2013-03-31": "1.06700", "2012-12-31": "0.59300", "2012-09-30": "1.25200", "2012-06-30": "2.34700", "2012-03-31": "1.91800", "2011-12-31": "1.03400", "2011-09-30": "0.86700", "2011-06-30": "0.61100", "2011-03-31": "0.46800", "2010-12-31": "0.24600", "2010-09-30": "0.33900", "2010-06-30": "0.53300", "2010-03-31": "0.60600", "2009-12-31": "0.48400", "2009-09-30": "0.40500", "2009-06-30": "0.42600", "2009-03-31": "0.69000", "2008-12-31": "0.19000", "2008-09-30": "0.25500", "2008-06-30": "0.40200", "2008-03-31": "0.45300", "2007-12-31": "0.27500", "2007-09-30": "0.28100", "2007-06-30": "0.35600", "2007-03-31": "0.54000", "2006-12-31": "0.38600", "2006-09-30": "0.51700", "2006-06-30": "0.89500", "2006-03-31": "1.21300", "2005-12-31": "1.15800", "2005-09-30": "1.21600", "2005-06-30": "1.94500", "2005-03-31": "2.11200"}, "Other Current Assets": {"2020-09-30": "", "2020-06-30": "", "2020-03-31": "", "2019-12-31": "", "2019-09-30": "", "2019-06-30": "", "2019-03-31": "", "2018-12-31": "", "2018-09-30": "", "2018-06-30": "", "2018-03-31": "", "2017-12-31": "", "2017-09-30": "", "2017-06-30": "", "2017-03-31": "", "2016-12-31": "", "2016-09-30": "", "2016-06-30": "", "2016-03-31": "", "2015-12-31": "", "2015-09-30": "", "2015-06-30": "", "2015-03-31": "", "2014-12-31": "", "2014-09-30": "", "2014-06-30": "", "2014-03-31": "", "2013-12-31": "", "2013-09-30": "", "2013-06-30": "", "2013-03-31": "", "2012-12-31": "", "2012-09-30": "", "2012-06-30": "", "2012-03-31": "", "2011-12-31": "", "2011-09-30": "", "2011-06-30": "", "2011-03-31": "", "2010-12-31": "", "2010-09-30": "", "2010-06-30": "", "2010-03-31": "", "2009-12-31": "", "2009-09-30": "", "2009-06-30": "", "2009-03-31": "", "2008-12-31": "", "2008-09-30": "", "2008-06-30": "", "2008-03-31": "", "2007-12-31": "", "2007-09-30": "", "2007-06-30": "", "2007-03-31": "", "2006-12-31": "", "2006-09-30": "", "2006-06-30": "", "2006-03-31": "", "2005-12-31": "", "2005-09-30": "", "2005-06-30": "", "2005-03-31": ""}, "Total Current Assets": {"2020-09-30": "1606.62700", "2020-06-30": "1504.85800", "2020-03-31": "1484.31800", "2019-12-31": "556.95900", "2019-09-30": "1319.97800", "2019-06-30": "1374.79600", "2019-03-31": "1407.12000", "2018-12-31": "1228.06700", "2018-09-30": "1289.58200", "2018-06-30": "1310.30400", "2018-03-31": "1121.99100", "2017-12-31": "487.21600", "2017-09-30": "513.68900", "2017-06-30": "526.13300", "2017-03-31": "306.18600", "2016-12-31": "333.57300", "2016-09-30": "359.03200", "2016-06-30": "247.21700", "2016-03-31": "284.09200", "2015-12-31": "325.86400", "2015-09-30": "359.35200", "2015-06-30": "223.26300", "2015-03-31": "256.04700", "2014-12-31": "291.67700", "2014-09-30": "216.24000", "2014-06-30": "238.78400", "2014-03-31": "118.85200", "2013-12-31": "135.45800", "2013-09-30": "148.74500", "2013-06-30": "158.81600", "2013-03-31": "96.54900", "2012-12-31": "108.71400", "2012-09-30": "119.82400", "2012-06-30": "73.21200", "2012-03-31": "85.45400", "2011-12-31": "94.39500", "2011-09-30": "76.29800", "2011-06-30": "84.07900", "2011-03-31": "90.20100", "2010-12-31": "95.66100", "2010-09-30": "35.18000", "2010-06-30": "38.35700", "2010-03-31": "23.49800", "2009-12-31": "25.31200", "2009-09-30": "27.34900", "2009-06-30": "28.22400", "2009-03-31": "21.30300", "2008-12-31": "5.12700", "2008-09-30": "6.32400", "2008-06-30": "8.15000", "2008-03-31": "9.94000", "2007-12-31": "12.86200", "2007-09-30": "15.05600", "2007-06-30": "17.29900", "2007-03-31": "19.09900", "2006-12-31": "21.46100", "2006-09-30": "24.89200", "2006-06-30": "27.93500", "2006-03-31": "30.99900", "2005-12-31": "34.25700", "2005-09-30": "38.44100", "2005-06-30": "42.48600", "2005-03-31": "46.44600"}, "Property, Plant, And Equipment": {"2020-09-30": "456.45500", "2020-06-30": "463.43700", "2020-03-31": "465.47600", "2019-12-31": "455.32500", "2019-09-30": "370.53200", "2019-06-30": "335.49900", "2019-03-31": "291.62900", "2018-12-31": "245.25900", "2018-09-30": "188.48600", "2018-06-30": "140.46700", "2018-03-31": "103.44800", "2017-12-31": "79.98600", "2017-09-30": "55.70600", "2017-06-30": "42.04800", "2017-03-31": "38.39500", "2016-12-31": "38.14200", "2016-09-30": "38.47300", "2016-06-30": "36.23300", "2016-03-31": "35.04600", "2015-12-31": "34.09600", "2015-09-30": "32.07500", "2015-06-30": "27.31200", "2015-03-31": "21.56700", "2014-12-31": "19.94700", "2014-09-30": "18.42700", "2014-06-30": "17.02100", "2014-03-31": "15.27600", "2013-12-31": "11.16900", "2013-09-30": "6.75100", "2013-06-30": "4.39400", "2013-03-31": "3.44200", "2012-12-31": "3.40500", "2012-09-30": "3.62900", "2012-06-30": "2.87000", "2012-03-31": "2.55100", "2011-12-31": "2.55800", "2011-09-30": "2.19100", "2011-06-30": "1.41900", "2011-03-31": "1.03200", "2010-12-31": "0.85400", "2010-09-30": "0.79300", "2010-06-30": "0.73700", "2010-03-31": "0.58900", "2009-12-31": "0.45800", "2009-09-30": "0.12000", "2009-06-30": "0.11800", "2009-03-31": "0.07300", "2008-12-31": "0.07600", "2008-09-30": "0.15000", "2008-06-30": "0.48500", "2008-03-31": "0.54200", "2007-12-31": "0.60100", "2007-09-30": "0.67000", "2007-06-30": "0.73600", "2007-03-31": "0.79000", "2006-12-31": "0.84400", "2006-09-30": "0.84100", "2006-06-30": "0.92300", "2006-03-31": "1.01300", "2005-12-31": "1.14900", "2005-09-30": "1.29000", "2005-06-30": "1.45200", "2005-03-31": "1.48500"}, "Long-Term Investments": {"2020-09-30": "", "2020-06-30": "", "2020-03-31": "", "2019-12-31": "", "2019-09-30": "", "2019-06-30": "", "2019-03-31": "", "2018-12-31": "", "2018-09-30": "", "2018-06-30": "", "2018-03-31": "", "2017-12-31": "", "2017-09-30": "", "2017-06-30": "", "2017-03-31": "", "2016-12-31": "", "2016-09-30": "", "2016-06-30": "", "2016-03-31": "", "2015-12-31": "", "2015-09-30": "", "2015-06-30": "", "2015-03-31": "", "2014-12-31": "", "2014-09-30": "", "2014-06-30": "", "2014-03-31": "", "2013-12-31": "", "2013-09-30": "", "2013-06-30": "", "2013-03-31": "", "2012-12-31": "", "2012-09-30": "", "2012-06-30": "", "2012-03-31": "", "2011-12-31": "", "2011-09-30": "", "2011-06-30": "", "2011-03-31": "", "2010-12-31": "", "2010-09-30": "", "2010-06-30": "", "2010-03-31": "", "2009-12-31": "", "2009-09-30": "", "2009-06-30": "", "2009-03-31": "", "2008-12-31": "", "2008-09-30": "", "2008-06-30": "", "2008-03-31": "", "2007-12-31": "", "2007-09-30": "", "2007-06-30": "", "2007-03-31": "", "2006-12-31": "", "2006-09-30": "", "2006-06-30": "", "2006-03-31": "", "2005-12-31": "", "2005-09-30": "", "2005-06-30": "", "2005-03-31": ""}, "Goodwill And Intangible Assets": {"2020-09-30": "2109.33200", "2020-06-30": "2342.78700", "2020-03-31": "2365.42200", "2019-12-31": "2346.74700", "2019-09-30": "44.38500", "2019-06-30": "45.04600", "2019-03-31": "45.61000", "2018-12-31": "46.28100", "2018-09-30": "22.49300", "2018-06-30": "23.10800", "2018-03-31": "21.55800", "2017-12-31": "24.20500", "2017-09-30": "", "2017-06-30": "", "2017-03-31": "", "2016-12-31": "1.55000", "2016-09-30": "", "2016-06-30": "", "2016-03-31": "", "2015-12-31": "", "2015-09-30": "", "2015-06-30": "", "2015-03-31": "", "2014-12-31": "", "2014-09-30": "", "2014-06-30": "", "2014-03-31": "", "2013-12-31": "", "2013-09-30": "", "2013-06-30": "", "2013-03-31": "", "2012-12-31": "", "2012-09-30": "", "2012-06-30": "", "2012-03-31": "", "2011-12-31": "", "2011-09-30": "", "2011-06-30": "", "2011-03-31": "", "2010-12-31": "", "2010-09-30": "", "2010-06-30": "", "2010-03-31": "", "2009-12-31": "", "2009-09-30": "", "2009-06-30": "", "2009-03-31": "", "2008-12-31": "0.09500", "2008-09-30": "0.21300", "2008-06-30": "0.20000", "2008-03-31": "0.45200", "2007-12-31": "0.43200", "2007-09-30": "0.45000", "2007-06-30": "0.55700", "2007-03-31": "0.60900", "2006-12-31": "0.76300", "2006-09-30": "0.83900", "2006-06-30": "1.11500", "2006-03-31": "1.32200", "2005-12-31": "1.41900", "2005-09-30": "1.61400", "2005-06-30": "1.83000", "2005-03-31": "1.92200"}, "Other Long-Term Assets": {"2020-09-30": "52.11900", "2020-06-30": "23.90200", "2020-03-31": "21.54000", "2019-12-31": "20.29300", "2019-09-30": "24.37300", "2019-06-30": "26.60200", "2019-03-31": "26.18900", "2018-12-31": "4.41500", "2018-09-30": "9.01500", "2018-06-30": "8.77300", "2018-03-31": "9.91900", "2017-12-31": "7.15300", "2017-09-30": "17.78400", "2017-06-30": "14.42000", "2017-03-31": "5.68000", "2016-12-31": "3.77500", "2016-09-30": "5.70600", "2016-06-30": "5.07900", "2016-03-31": "4.65000", "2015-12-31": "4.07000", "2015-09-30": "2.56200", "2015-06-30": "2.44200", "2015-03-31": "1.20000", "2014-12-31": "1.20000", "2014-09-30": "", "2014-06-30": "", "2014-03-31": "", "2013-12-31": "", "2013-09-30": "", "2013-06-30": "", "2013-03-31": "", "2012-12-31": "", "2012-09-30": "", "2012-06-30": "", "2012-03-31": "", "2011-12-31": "", "2011-09-30": "", "2011-06-30": "", "2011-03-31": "", "2010-12-31": "", "2010-09-30": "", "2010-06-30": "", "2010-03-31": "", "2009-12-31": "", "2009-09-30": "0.50000", "2009-06-30": "0.60000", "2009-03-31": "0.60000", "2008-12-31": "0.60000", "2008-09-30": "0.60000", "2008-06-30": "0.70000", "2008-03-31": "0.70000", "2007-12-31": "0.70000", "2007-09-30": "0.70000", "2007-06-30": "0.80000", "2007-03-31": "0.80000", "2006-12-31": "0.80000", "2006-09-30": "", "2006-06-30": "", "2006-03-31": "", "2005-12-31": "1.02000", "2005-09-30": "", "2005-06-30": "", "2005-03-31": ""}, "Total Long-Term Assets": {"2020-09-30": "2747.74300", "2020-06-30": "2962.87700", "2020-03-31": "2976.80700", "2019-12-31": "2948.80900", "2019-09-30": "439.29000", "2019-06-30": "407.14700", "2019-03-31": "363.42800", "2018-12-31": "295.95500", "2018-09-30": "219.99400", "2018-06-30": "172.34800", "2018-03-31": "134.92500", "2017-12-31": "111.34400", "2017-09-30": "73.49000", "2017-06-30": "56.46800", "2017-03-31": "44.07500", "2016-12-31": "43.46700", "2016-09-30": "44.17900", "2016-06-30": "41.31200", "2016-03-31": "39.69600", "2015-12-31": "38.16600", "2015-09-30": "34.63700", "2015-06-30": "29.75400", "2015-03-31": "22.76700", "2014-12-31": "21.14700", "2014-09-30": "18.42700", "2014-06-30": "17.02100", "2014-03-31": "15.27600", "2013-12-31": "11.16900", "2013-09-30": "6.75100", "2013-06-30": "4.39400", "2013-03-31": "3.44200", "2012-12-31": "3.40500", "2012-09-30": "3.62900", "2012-06-30": "2.87000", "2012-03-31": "2.55100", "2011-12-31": "2.55800", "2011-09-30": "2.19100", "2011-06-30": "1.41900", "2011-03-31": "1.03200", "2010-12-31": "0.85400", "2010-09-30": "0.79300", "2010-06-30": "0.73700", "2010-03-31": "0.58900", "2009-12-31": "0.45800", "2009-09-30": "0.62000", "2009-06-30": "0.71800", "2009-03-31": "0.67300", "2008-12-31": "0.77100", "2008-09-30": "0.96300", "2008-06-30": "1.38500", "2008-03-31": "1.69400", "2007-12-31": "1.73300", "2007-09-30": "1.82000", "2007-06-30": "2.09300", "2007-03-31": "2.19900", "2006-12-31": "2.40700", "2006-09-30": "1.68000", "2006-06-30": "2.03800", "2006-03-31": "2.33500", "2005-12-31": "3.58800", "2005-09-30": "2.90400", "2005-06-30": "3.28200", "2005-03-31": "3.40700"}, "Total Assets": {"2020-09-30": "4354.37000", "2020-06-30": "4467.73500", "2020-03-31": "4461.12500", "2019-12-31": "3505.76800", "2019-09-30": "1759.26800", "2019-06-30": "1781.94300", "2019-03-31": "1770.54800", "2018-12-31": "1524.02200", "2018-09-30": "1509.57600", "2018-06-30": "1482.65200", "2018-03-31": "1256.91600", "2017-12-31": "598.56000", "2017-09-30": "587.17900", "2017-06-30": "582.60100", "2017-03-31": "350.26100", "2016-12-31": "377.04000", "2016-09-30": "403.21100", "2016-06-30": "288.52900", "2016-03-31": "323.78800", "2015-12-31": "364.03000", "2015-09-30": "393.98900", "2015-06-30": "253.01700", "2015-03-31": "278.81400", "2014-12-31": "312.82400", "2014-09-30": "234.66700", "2014-06-30": "255.80500", "2014-03-31": "134.12800", "2013-12-31": "146.62700", "2013-09-30": "155.49600", "2013-06-30": "163.21000", "2013-03-31": "99.99100", "2012-12-31": "112.11900", "2012-09-30": "123.45300", "2012-06-30": "76.08200", "2012-03-31": "88.00500", "2011-12-31": "96.95300", "2011-09-30": "78.48900", "2011-06-30": "85.49800", "2011-03-31": "91.23300", "2010-12-31": "96.51500", "2010-09-30": "35.97300", "2010-06-30": "39.09400", "2010-03-31": "24.08700", "2009-12-31": "25.77000", "2009-09-30": "27.96900", "2009-06-30": "28.94200", "2009-03-31": "21.97600", "2008-12-31": "5.89800", "2008-09-30": "7.28700", "2008-06-30": "9.53500", "2008-03-31": "11.63400", "2007-12-31": "14.59500", "2007-09-30": "16.87600", "2007-06-30": "19.39200", "2007-03-31": "21.29800", "2006-12-31": "23.86800", "2006-09-30": "26.57200", "2006-06-30": "29.97300", "2006-03-31": "33.33400", "2005-12-31": "37.84500", "2005-09-30": "41.34500", "2005-06-30": "45.76800", "2005-03-31": "49.85300"}, "Total Current Liabilities": {"2020-09-30": "252.83200", "2020-06-30": "222.27400", "2020-03-31": "243.58100", "2019-12-31": "236.49400", "2019-09-30": "480.69200", "2019-06-30": "492.46300", "2019-03-31": "167.65700", "2018-12-31": "136.16900", "2018-09-30": "106.73500", "2018-06-30": "82.96200", "2018-03-31": "73.33000", "2017-12-31": "68.12400", "2017-09-30": "49.68900", "2017-06-30": "31.29300", "2017-03-31": "29.93700", "2016-12-31": "30.69200", "2016-09-30": "30.06100", "2016-06-30": "28.39500", "2016-03-31": "24.67800", "2015-12-31": "26.72300", "2015-09-30": "23.51400", "2015-06-30": "18.73000", "2015-03-31": "14.47600", "2014-12-31": "17.52100", "2014-09-30": "16.75200", "2014-06-30": "9.81800", "2014-03-31": "9.03300", "2013-12-31": "7.75200", "2013-09-30": "8.50200", "2013-06-30": "8.01900", "2013-03-31": "9.16500", "2012-12-31": "11.45500", "2012-09-30": "9.61200", "2012-06-30": "8.63900", "2012-03-31": "7.69200", "2011-12-31": "7.97700", "2011-09-30": "7.38600", "2011-06-30": "7.06600", "2011-03-31": "6.38300", "2010-12-31": "7.15800", "2010-09-30": "7.53800", "2010-06-30": "7.58400", "2010-03-31": "7.41000", "2009-12-31": "6.52600", "2009-09-30": "7.34700", "2009-06-30": "7.35500", "2009-03-31": "7.25400", "2008-12-31": "5.03100", "2008-09-30": "6.10600", "2008-06-30": "5.26800", "2008-03-31": "5.23000", "2007-12-31": "4.40600", "2007-09-30": "3.84200", "2007-06-30": "3.46400", "2007-03-31": "6.27300", "2006-12-31": "6.36500", "2006-09-30": "6.08600", "2006-06-30": "6.25700", "2006-03-31": "5.97700", "2005-12-31": "6.31600", "2005-09-30": "6.08300", "2005-06-30": "6.12700", "2005-03-31": "5.91900"}, "Long Term Debt": {"2020-09-30": "1577.61000", "2020-06-30": "1557.32700", "2020-03-31": "1514.30600", "2019-12-31": "827.63700", "2019-09-30": "500.78100", "2019-06-30": "494.02400", "2019-03-31": "795.29700", "2018-12-31": "689.24300", "2018-09-30": "673.42100", "2018-06-30": "648.80100", "2018-03-31": "490.92500", "2017-12-31": "4.26900", "2017-09-30": "4.73500", "2017-06-30": "4.93000", "2017-03-31": "5.12400", "2016-12-31": "5.31900", "2016-09-30": "5.51300", "2016-06-30": "5.69200", "2016-03-31": "5.88400", "2015-12-31": "5.85000", "2015-09-30": "4.73400", "2015-06-30": "4.82600", "2015-03-31": "2.47600", "2014-12-31": "2.61400", "2014-09-30": "2.71000", "2014-06-30": "3.02200", "2014-03-31": "3.24900", "2013-12-31": "3.47500", "2013-09-30": "1.82500", "2013-06-30": "1.53800", "2013-03-31": "1.62500", "2012-12-31": "1.71100", "2012-09-30": "1.79600", "2012-06-30": "1.00000", "2012-03-31": "1.00000", "2011-12-31": "1.00000", "2011-09-30": "1.00000", "2011-06-30": "1.00000", "2011-03-31": "1.00000", "2010-12-31": "1.00000", "2010-09-30": "1.00000", "2010-06-30": "1.00000", "2010-03-31": "1.00000", "2009-12-31": "1.00000", "2009-09-30": "", "2009-06-30": "", "2009-03-31": "", "2008-12-31": "", "2008-09-30": "", "2008-06-30": "", "2008-03-31": "", "2007-12-31": "", "2007-09-30": "", "2007-06-30": "", "2007-03-31": "", "2006-12-31": "", "2006-09-30": "", "2006-06-30": "", "2006-03-31": "", "2005-12-31": "", "2005-09-30": "", "2005-06-30": "", "2005-03-31": ""}, "Other Non-Current Liabilities": {"2020-09-30": "62.82100", "2020-06-30": "50.31100", "2020-03-31": "47.25200", "2019-12-31": "34.91100", "2019-09-30": "29.51100", "2019-06-30": "29.92400", "2019-03-31": "30.65400", "2018-12-31": "17.66900", "2018-09-30": "12.69100", "2018-06-30": "6.50100", "2018-03-31": "5.64300", "2017-12-31": "5.74900", "2017-09-30": "5.61100", "2017-06-30": "5.68400", "2017-03-31": "5.68000", "2016-12-31": "5.73400", "2016-09-30": "5.30800", "2016-06-30": "5.05400", "2016-03-31": "4.89300", "2015-12-31": "4.60100", "2015-09-30": "4.45500", "2015-06-30": "4.62000", "2015-03-31": "3.65300", "2014-12-31": "3.70500", "2014-09-30": "0.10000", "2014-06-30": "0.09500", "2014-03-31": "0.09000", "2013-12-31": "0.08400", "2013-09-30": "0.07900", "2013-06-30": "0.07300", "2013-03-31": "0.06800", "2012-12-31": "0.06300", "2012-09-30": "0.05700", "2012-06-30": "0.05200", "2012-03-31": "0.04700", "2011-12-31": "0.04200", "2011-09-30": "0.03600", "2011-06-30": "0.03100", "2011-03-31": "0.02600", "2010-12-31": "0.02100", "2010-09-30": "0.01600", "2010-06-30": "0.01100", "2010-03-31": "0.00600", "2009-12-31": "0.98900", "2009-09-30": "0.96500", "2009-06-30": "0.96500", "2009-03-31": "0.96500", "2008-12-31": "1.95000", "2008-09-30": "", "2008-06-30": "", "2008-03-31": "", "2007-12-31": "1.20000", "2007-09-30": "0.25000", "2007-06-30": "", "2007-03-31": "", "2006-12-31": "", "2006-09-30": "", "2006-06-30": "", "2006-03-31": "", "2005-12-31": "", "2005-09-30": "", "2005-06-30": "", "2005-03-31": ""}, "Total Long Term Liabilities": {"2020-09-30": "1764.43800", "2020-06-30": "1734.26800", "2020-03-31": "1679.89100", "2019-12-31": "981.21300", "2019-09-30": "530.29200", "2019-06-30": "523.94800", "2019-03-31": "825.95100", "2018-12-31": "706.91200", "2018-09-30": "686.11200", "2018-06-30": "655.30190", "2018-03-31": "496.56800", "2017-12-31": "10.01800", "2017-09-30": "10.34600", "2017-06-30": "10.61400", "2017-03-31": "10.80400", "2016-12-31": "11.05300", "2016-09-30": "10.82100", "2016-06-30": "10.74600", "2016-03-31": "10.77700", "2015-12-31": "10.45100", "2015-09-30": "9.18900", "2015-06-30": "9.44600", "2015-03-31": "6.12900", "2014-12-31": "6.31900", "2014-09-30": "2.81000", "2014-06-30": "3.11700", "2014-03-31": "3.33900", "2013-12-31": "3.55900", "2013-09-30": "1.90400", "2013-06-30": "1.61100", "2013-03-31": "1.69300", "2012-12-31": "2.06900", "2012-09-30": "3.18400", "2012-06-30": "3.41900", "2012-03-31": "4.45000", "2011-12-31": "5.48100", "2011-09-30": "6.51100", "2011-06-30": "7.54100", "2011-03-31": "8.57200", "2010-12-31": "9.60300", "2010-09-30": "10.63400", "2010-06-30": "10.97500", "2010-03-31": "11.94000", "2009-12-31": "13.15000", "2009-09-30": "13.37300", "2009-06-30": "14.61900", "2009-03-31": "15.86600", "2008-12-31": "3.30000", "2008-09-30": "1.68800", "2008-06-30": "2.02500", "2008-03-31": "2.36300", "2007-12-31": "3.90100", "2007-09-30": "3.28800", "2007-06-30": "3.37600", "2007-03-31": "1.45400", "2006-12-31": "2.54500", "2006-09-30": "3.63600", "2006-06-30": "4.72600", "2006-03-31": "5.81700", "2005-12-31": "6.90800", "2005-09-30": "7.99800", "2005-06-30": "9.08900", "2005-03-31": "10.18000"}, "Total Liabilities": {"2020-09-30": "2017.27000", "2020-06-30": "1956.54200", "2020-03-31": "1923.47200", "2019-12-31": "1217.70700", "2019-09-30": "1010.98400", "2019-06-30": "1016.41100", "2019-03-31": "993.60800", "2018-12-31": "843.08100", "2018-09-30": "792.84700", "2018-06-30": "738.26400", "2018-03-31": "569.89800", "2017-12-31": "78.14200", "2017-09-30": "60.03500", "2017-06-30": "41.90700", "2017-03-31": "40.74100", "2016-12-31": "41.74500", "2016-09-30": "40.88200", "2016-06-30": "39.14100", "2016-03-31": "35.45500", "2015-12-31": "37.17400", "2015-09-30": "32.70300", "2015-06-30": "28.17600", "2015-03-31": "20.60500", "2014-12-31": "23.84000", "2014-09-30": "19.56200", "2014-06-30": "12.93500", "2014-03-31": "12.37200", "2013-12-31": "11.31100", "2013-09-30": "10.40600", "2013-06-30": "9.63000", "2013-03-31": "10.85800", "2012-12-31": "13.52400", "2012-09-30": "12.79600", "2012-06-30": "12.05800", "2012-03-31": "12.14200", "2011-12-31": "13.45800", "2011-09-30": "13.89700", "2011-06-30": "14.60700", "2011-03-31": "14.95500", "2010-12-31": "16.76100", "2010-09-30": "18.17200", "2010-06-30": "18.55900", "2010-03-31": "19.35000", "2009-12-31": "19.67600", "2009-09-30": "20.72000", "2009-06-30": "21.97400", "2009-03-31": "23.12000", "2008-12-31": "8.33100", "2008-09-30": "7.79400", "2008-06-30": "7.29300", "2008-03-31": "7.59300", "2007-12-31": "8.30700", "2007-09-30": "7.13000", "2007-06-30": "6.84000", "2007-03-31": "7.72700", "2006-12-31": "8.91000", "2006-09-30": "9.72200", "2006-06-30": "10.98300", "2006-03-31": "11.79400", "2005-12-31": "13.22400", "2005-09-30": "14.08100", "2005-06-30": "15.21600", "2005-03-31": "16.09900"}, "Common Stock Net": {"2020-09-30": "1.50500", "2020-06-30": "1.50100", "2020-03-31": "1.49500", "2019-12-31": "1.47700", "2019-09-30": "1.29900", "2019-06-30": "1.29500", "2019-03-31": "1.29200", "2018-12-31": "1.23200", "2018-09-30": "1.22900", "2018-06-30": "1.22600", "2018-03-31": "1.21900", "2017-12-31": "1.20500", "2017-09-30": "1.19600", "2017-06-30": "1.19000", "2017-03-31": "1.11200", "2016-12-31": "1.10200", "2016-09-30": "1.08400", "2016-06-30": "0.98300", "2016-03-31": "0.97800", "2015-12-31": "0.96700", "2015-09-30": "0.96400", "2015-06-30": "0.89100", "2015-03-31": "0.88900", "2014-12-31": "0.88700", "2014-09-30": "0.83200", "2014-06-30": "0.82900", "2014-03-31": "0.71300", "2013-12-31": "0.71100", "2013-09-30": "0.70900", "2013-06-30": "0.70700", "2013-03-31": "0.64100", "2012-12-31": "0.63900", "2012-09-30": "0.63800", "2012-06-30": "0.57300", "2012-03-31": "0.57100", "2011-12-31": "0.56600", "2011-09-30": "0.52900", "2011-06-30": "0.52500", "2011-03-31": "0.52200", "2010-12-31": "0.52200", "2010-09-30": "0.40500", "2010-06-30": "0.40200", "2010-03-31": "0.35800", "2009-12-31": "0.35500", "2009-09-30": "0.35500", "2009-06-30": "0.35300", "2009-03-31": "0.30800", "2008-12-31": "0.27500", "2008-09-30": "0.27300", "2008-06-30": "0.27300", "2008-03-31": "0.27300", "2007-12-31": "0.27300", "2007-09-30": "0.27100", "2007-06-30": "0.27000", "2007-03-31": "0.26900", "2006-12-31": "0.26900", "2006-09-30": "0.26700", "2006-06-30": "0.26500", "2006-03-31": "0.26500", "2005-12-31": "0.26400", "2005-09-30": "0.26400", "2005-06-30": "0.26400", "2005-03-31": "0.26300"}, "Retained Earnings (Accumulated Deficit)": {"2020-09-30": "-1531.47900", "2020-06-30": "-1311.59500", "2020-03-31": "-1225.45300", "2019-12-31": "-1119.75600", "2019-09-30": "-1197.70100", "2019-06-30": "-1157.24200", "2019-03-31": "-1118.82200", "2018-12-31": "-1035.76300", "2018-09-30": "-981.78900", "2018-06-30": "-936.42500", "2018-03-31": "-900.03800", "2017-12-31": "-860.61400", "2017-09-30": "-838.85000", "2017-06-30": "-811.95300", "2017-03-31": "-781.16300", "2016-12-31": "-745.82100", "2016-09-30": "-708.65100", "2016-06-30": "-670.84800", "2016-03-31": "-626.08300", "2015-12-31": "-578.61000", "2015-09-30": "-538.61900", "2015-06-30": "-495.67400", "2015-03-31": "-456.60800", "2014-12-31": "-420.80700", "2014-09-30": "-388.36300", "2014-06-30": "-356.30300", "2014-03-31": "-336.86600", "2013-12-31": "-320.75900", "2013-09-30": "-308.57300", "2013-06-30": "-297.41300", "2013-03-31": "-285.09900", "2012-12-31": "-274.24500", "2012-09-30": "-260.25700", "2012-06-30": "-247.30500", "2012-03-31": "-232.46900", "2011-12-31": "-221.82400", "2011-09-30": "-211.92000", "2011-06-30": "-204.14700", "2011-03-31": "-197.52200", "2010-12-31": "-193.14900", "2010-09-30": "-189.57600", "2010-06-30": "-186.19400", "2010-03-31": "-183.71700", "2009-12-31": "-181.59300", "2009-09-30": "-179.73900", "2009-06-30": "-178.69800", "2009-03-31": "-176.30400", "2008-12-31": "-172.46500", "2008-09-30": "-170.35600", "2008-06-30": "-167.34200", "2008-03-31": "-165.24200", "2007-12-31": "-162.72400", "2007-09-30": "-158.70500", "2007-06-30": "-154.51000", "2007-03-31": "-152.68500", "2006-12-31": "-150.76500", "2006-09-30": "-148.34200", "2006-06-30": "-145.25900", "2006-03-31": "-142.01300", "2005-12-31": "-137.85000", "2005-09-30": "-135.15500", "2005-06-30": "-131.86600", "2005-03-31": "-127.91500"}, "Comprehensive Income": {"2020-09-30": "1.08400", "2020-06-30": "1.48900", "2020-03-31": "-1.71700", "2019-12-31": "-0.10000", "2019-09-30": "-0.36000", "2019-06-30": "1.76000", "2019-03-31": "0.35400", "2018-12-31": "-1.42200", "2018-09-30": "-1.40600", "2018-06-30": "-1.87800", "2018-03-31": "-2.33600", "2017-12-31": "-0.75000", "2017-09-30": "-0.31400", "2017-06-30": "-0.37900", "2017-03-31": "-0.43100", "2016-12-31": "-0.41800", "2016-09-30": "-0.18700", "2016-06-30": "-0.01700", "2016-03-31": "-0.01700", "2015-12-31": "-0.43300", "2015-09-30": "0.15500", "2015-06-30": "-0.01100", "2015-03-31": "0.07000", "2014-12-31": "-0.11500", "2014-09-30": "-0.00600", "2014-06-30": "0.08900", "2014-03-31": "0.13300", "2013-12-31": "0.12500", "2013-09-30": "0.11800", "2013-06-30": "0.01700", "2013-03-31": "0.07100", "2012-12-31": "0.07800", "2012-09-30": "0.09200", "2012-06-30": "0.05300", "2012-03-31": "0.02100", "2011-12-31": "-0.01400", "2011-09-30": "-0.05000", "2011-06-30": "-0.01200", "2011-03-31": "0.00300", "2010-12-31": "0.00100", "2010-09-30": "-0.02100", "2010-06-30": "-0.00300", "2010-03-31": "", "2009-12-31": "-0.00100", "2009-09-30": "0.00500", "2009-06-30": "0.03800", "2009-03-31": "0.07100", "2008-12-31": "", "2008-09-30": "", "2008-06-30": "0.00100", "2008-03-31": "0.02400", "2007-12-31": "0.02300", "2007-09-30": "0.01400", "2007-06-30": "0.01200", "2007-03-31": "0.00500", "2006-12-31": "0.00600", "2006-09-30": "0.00900", "2006-06-30": "-0.01500", "2006-03-31": "-0.03300", "2005-12-31": "-0.04500", "2005-09-30": "-0.05100", "2005-06-30": "-0.06900", "2005-03-31": "-0.13100"}, "Other Share Holders Equity": {"2020-09-30": "", "2020-06-30": "", "2020-03-31": "", "2019-12-31": "", "2019-09-30": "", "2019-06-30": "", "2019-03-31": "", "2018-12-31": "", "2018-09-30": "", "2018-06-30": "", "2018-03-31": "", "2017-12-31": "", "2017-09-30": "", "2017-06-30": "", "2017-03-31": "", "2016-12-31": "", "2016-09-30": "", "2016-06-30": "", "2016-03-31": "", "2015-12-31": "", "2015-09-30": "", "2015-06-30": "", "2015-03-31": "", "2014-12-31": "", "2014-09-30": "", "2014-06-30": "", "2014-03-31": "", "2013-12-31": "", "2013-09-30": "", "2013-06-30": "", "2013-03-31": "", "2012-12-31": "", "2012-09-30": "", "2012-06-30": "", "2012-03-31": "", "2011-12-31": "", "2011-09-30": "", "2011-06-30": "", "2011-03-31": "", "2010-12-31": "", "2010-09-30": "", "2010-06-30": "", "2010-03-31": "", "2009-12-31": "", "2009-09-30": "", "2009-06-30": "", "2009-03-31": "", "2008-12-31": "", "2008-09-30": "", "2008-06-30": "", "2008-03-31": "", "2007-12-31": "", "2007-09-30": "", "2007-06-30": "", "2007-03-31": "", "2006-12-31": "", "2006-09-30": "", "2006-06-30": "", "2006-03-31": "", "2005-12-31": "", "2005-09-30": "-0.00500", "2005-06-30": "-0.00500", "2005-03-31": "-0.00500"}, "Share Holder Equity": {"2020-09-30": "2337.10000", "2020-06-30": "2511.19300", "2020-03-31": "2537.65300", "2019-12-31": "2288.06100", "2019-09-30": "748.28400", "2019-06-30": "765.53200", "2019-03-31": "776.94000", "2018-12-31": "680.94100", "2018-09-30": "716.72900", "2018-06-30": "744.38800", "2018-03-31": "687.01800", "2017-12-31": "520.41800", "2017-09-30": "527.14400", "2017-06-30": "540.69400", "2017-03-31": "309.52000", "2016-12-31": "335.29500", "2016-09-30": "362.32900", "2016-06-30": "249.38800", "2016-03-31": "288.33300", "2015-12-31": "326.85600", "2015-09-30": "361.28600", "2015-06-30": "224.84100", "2015-03-31": "258.20900", "2014-12-31": "288.98400", "2014-09-30": "215.10500", "2014-06-30": "242.87000", "2014-03-31": "121.75600", "2013-12-31": "135.31600", "2013-09-30": "145.09000", "2013-06-30": "153.58000", "2013-03-31": "89.13300", "2012-12-31": "98.59500", "2012-09-30": "110.65700", "2012-06-30": "64.02400", "2012-03-31": "75.86300", "2011-12-31": "83.49500", "2011-09-30": "64.59200", "2011-06-30": "70.89100", "2011-03-31": "76.27800", "2010-12-31": "79.75400", "2010-09-30": "17.80100", "2010-06-30": "20.53500", "2010-03-31": "4.73700", "2009-12-31": "6.09400", "2009-09-30": "7.24900", "2009-06-30": "6.96800", "2009-03-31": "-1.14400", "2008-12-31": "-2.43300", "2008-09-30": "-0.50700", "2008-06-30": "2.24200", "2008-03-31": "4.04100", "2007-12-31": "6.28800", "2007-09-30": "9.74600", "2007-06-30": "12.55200", "2007-03-31": "13.57100", "2006-12-31": "14.95800", "2006-09-30": "16.85000", "2006-06-30": "18.99000", "2006-03-31": "21.54000", "2005-12-31": "24.62100", "2005-09-30": "27.26400", "2005-06-30": "30.55200", "2005-03-31": "33.75400"}, "Total Liabilities And Share Holders Equity": {"2020-09-30": "4354.37000", "2020-06-30": "4467.73500", "2020-03-31": "4461.12500", "2019-12-31": "3505.76800", "2019-09-30": "1759.26800", "2019-06-30": "1781.94300", "2019-03-31": "1770.54800", "2018-12-31": "1524.02200", "2018-09-30": "1509.57600", "2018-06-30": "1482.65200", "2018-03-31": "1256.91600", "2017-12-31": "598.56000", "2017-09-30": "587.17900", "2017-06-30": "582.60100", "2017-03-31": "350.26100", "2016-12-31": "377.04000", "2016-09-30": "403.21100", "2016-06-30": "288.52900", "2016-03-31": "323.78800", "2015-12-31": "364.03000", "2015-09-30": "393.98900", "2015-06-30": "253.01700", "2015-03-31": "278.81400", "2014-12-31": "312.82400", "2014-09-30": "234.66700", "2014-06-30": "255.80500", "2014-03-31": "134.12800", "2013-12-31": "146.62700", "2013-09-30": "155.49600", "2013-06-30": "163.21000", "2013-03-31": "99.99100", "2012-12-31": "112.11900", "2012-09-30": "123.45300", "2012-06-30": "76.08200", "2012-03-31": "88.00500", "2011-12-31": "96.95300", "2011-09-30": "78.48900", "2011-06-30": "85.49800", "2011-03-31": "91.23300", "2010-12-31": "96.51500", "2010-09-30": "35.97300", "2010-06-30": "39.09400", "2010-03-31": "24.08700", "2009-12-31": "25.77000", "2009-09-30": "27.96900", "2009-06-30": "28.94200", "2009-03-31": "21.97600", "2008-12-31": "5.89800", "2008-09-30": "7.28700", "2008-06-30": "9.53500", "2008-03-31": "11.63400", "2007-12-31": "14.59500", "2007-09-30": "16.87600", "2007-06-30": "19.39200", "2007-03-31": "21.29800", "2006-12-31": "23.86800", "2006-09-30": "26.57200", "2006-06-30": "29.97300", "2006-03-31": "33.33400", "2005-12-31": "37.84500", "2005-09-30": "41.34500", "2005-06-30": "45.76800", "2005-03-31": "49.85300"}}, "cash flow statement": {"Net Income/Loss": {"2019-12-31": "-83.99300", "2018-12-31": "-175.14900", "2017-12-31": "-114.39700", "2016-12-31": "-167.21100", "2015-12-31": "-157.80300", "2014-12-31": "-100.04800", "2013-12-31": "-46.51400", "2012-12-31": "-52.42100", "2011-12-31": "-28.67500", "2010-12-31": "-11.55600", "2009-12-31": "-9.12800", "2008-12-31": "-9.74100", "2007-12-31": "-11.95900", "2006-12-31": "-12.91500", "2005-12-31": "-14.52000"}, "Total Depreciation And Amortization - Cash Flow": {"2019-12-31": "84.93400", "2018-12-31": "45.73800", "2017-12-31": "14.02300", "2016-12-31": "11.01100", "2015-12-31": "8.54400", "2014-12-31": "4.25800", "2013-12-31": "-2.09000", "2012-12-31": "-2.62700", "2011-12-31": "-3.37200", "2010-12-31": "-5.05100", "2009-12-31": "-4.55800", "2008-12-31": "-0.72500", "2007-12-31": "-2.24400", "2006-12-31": "-3.00800", "2005-12-31": "-2.92600"}, "Other Non-Cash Items": {"2019-12-31": "-62.39500", "2018-12-31": "60.99700", "2017-12-31": "36.32800", "2016-12-31": "24.37100", "2015-12-31": "16.53700", "2014-12-31": "11.08200", "2013-12-31": "10.49900", "2012-12-31": "6.64500", "2011-12-31": "4.07100", "2010-12-31": "2.22800", "2009-12-31": "4.41000", "2008-12-31": "1.07600", "2007-12-31": "2.89100", "2006-12-31": "3.00600", "2005-12-31": "1.41700"}, "Total Non-Cash Items": {"2019-12-31": "22.53900", "2018-12-31": "106.73500", "2017-12-31": "50.35100", "2016-12-31": "35.38200", "2015-12-31": "25.08100", "2014-12-31": "15.34000", "2013-12-31": "8.40900", "2012-12-31": "4.01800", "2011-12-31": "0.69900", "2010-12-31": "-2.82300", "2009-12-31": "-0.14800", "2008-12-31": "0.35100", "2007-12-31": "0.64700", "2006-12-31": "-0.00200", "2005-12-31": "-1.50900"}, "Change In Accounts Receivable": {"2019-12-31": "-27.93800", "2018-12-31": "-17.29200", "2017-12-31": "-17.52900", "2016-12-31": "-3.59300", "2015-12-31": "-3.55700", "2014-12-31": "-1.37600", "2013-12-31": "", "2012-12-31": "", "2011-12-31": "", "2010-12-31": "", "2009-12-31": "", "2008-12-31": "", "2007-12-31": "", "2006-12-31": "", "2005-12-31": ""}, "Change In Inventories": {"2019-12-31": "", "2018-12-31": "", "2017-12-31": "", "2016-12-31": "", "2015-12-31": "", "2014-12-31": "", "2013-12-31": "", "2012-12-31": "", "2011-12-31": "", "2010-12-31": "", "2009-12-31": "", "2008-12-31": "", "2007-12-31": "", "2006-12-31": "", "2005-12-31": ""}, "Change In Accounts Payable": {"2019-12-31": "3.46900", "2018-12-31": "33.07600", "2017-12-31": "30.53700", "2016-12-31": "-2.59800", "2015-12-31": "0.66100", "2014-12-31": "1.88600", "2013-12-31": "-2.89100", "2012-12-31": "2.88700", "2011-12-31": "-0.26300", "2010-12-31": "0.87300", "2009-12-31": "-0.52800", "2008-12-31": "0.43800", "2007-12-31": "0.08700", "2006-12-31": "-0.31000", "2005-12-31": "0.10300"}, "Change In Assets/Liabilities": {"2019-12-31": "-29.08700", "2018-12-31": "-16.69500", "2017-12-31": "-20.68600", "2016-12-31": "0.60500", "2015-12-31": "-5.71700", "2014-12-31": "-5.34600", "2013-12-31": "-1.60600", "2012-12-31": "0.44100", "2011-12-31": "-0.78800", "2010-12-31": "-0.75000", "2009-12-31": "-2.75600", "2008-12-31": "2.33500", "2007-12-31": "1.31100", "2006-12-31": "0.77200", "2005-12-31": "0.68200"}, "Total Change In Assets/Liabilities": {"2019-12-31": "-53.55600", "2018-12-31": "-0.91100", "2017-12-31": "-7.67800", "2016-12-31": "1.76300", "2015-12-31": "-1.29500", "2014-12-31": "3.25000", "2013-12-31": "-2.17700", "2012-12-31": "3.88100", "2011-12-31": "0.51200", "2010-12-31": "0.93800", "2009-12-31": "-3.36400", "2008-12-31": "1.48600", "2007-12-31": "2.54500", "2006-12-31": "0.76300", "2005-12-31": "0.04700"}, "Cash Flow From Operating Activities": {"2019-12-31": "-115.01000", "2018-12-31": "-69.32500", "2017-12-31": "-71.72400", "2016-12-31": "-130.06600", "2015-12-31": "-134.01700", "2014-12-31": "-81.45800", "2013-12-31": "-40.28200", "2012-12-31": "-44.52200", "2011-12-31": "-27.46400", "2010-12-31": "-13.44100", "2009-12-31": "-12.64000", "2008-12-31": "-7.90400", "2007-12-31": "-8.76700", "2006-12-31": "-12.15400", "2005-12-31": "-15.98200"}, "Net Change In Property, Plant, And Equipment": {"2019-12-31": "-171.80200", "2018-12-31": "-150.09300", "2017-12-31": "-48.48000", "2016-12-31": "-14.85100", "2015-12-31": "-20.08400", "2014-12-31": "-11.99100", "2013-12-31": "-8.74800", "2012-12-31": "-0.68100", "2011-12-31": "-2.11500", "2010-12-31": "-0.62600", "2009-12-31": "-0.46200", "2008-12-31": "0.27000", "2007-12-31": "-0.07000", "2006-12-31": "-0.14900", "2005-12-31": "-0.22700"}, "Net Change In Intangible Assets": {"2019-12-31": "0.00000", "2018-12-31": "0.00000", "2017-12-31": "-20.69000", "2016-12-31": "0.00000", "2015-12-31": "-1.90000", "2014-12-31": "", "2013-12-31": "", "2012-12-31": "", "2011-12-31": "", "2010-12-31": "", "2009-12-31": "", "2008-12-31": "-0.10000", "2007-12-31": "-0.05400", "2006-12-31": "-0.24500", "2005-12-31": "-0.15900"}, "Net Acquisitions/Divestitures": {"2019-12-31": "-973.86100", "2018-12-31": "-17.90800", "2017-12-31": "-2.98000", "2016-12-31": "", "2015-12-31": "", "2014-12-31": "", "2013-12-31": "", "2012-12-31": "", "2011-12-31": "", "2010-12-31": "", "2009-12-31": "", "2008-12-31": "", "2007-12-31": "", "2006-12-31": "", "2005-12-31": ""}, "Net Change In Short-term Investments": {"2019-12-31": "1026.44200", "2018-12-31": "-613.33500", "2017-12-31": "-85.58500", "2016-12-31": "3.33200", "2015-12-31": "-42.77100", "2014-12-31": "-105.29900", "2013-12-31": "-26.22100", "2012-12-31": "-37.63600", "2011-12-31": "-41.29200", "2010-12-31": "-14.29400", "2009-12-31": "-2.40500", "2008-12-31": "8.07800", "2007-12-31": "8.16000", "2006-12-31": "4.91900", "2005-12-31": "16.14600"}, "Net Change In Long-Term Investments": {"2019-12-31": "", "2018-12-31": "", "2017-12-31": "", "2016-12-31": "", "2015-12-31": "", "2014-12-31": "", "2013-12-31": "", "2012-12-31": "", "2011-12-31": "", "2010-12-31": "", "2009-12-31": "", "2008-12-31": "", "2007-12-31": "", "2006-12-31": "", "2005-12-31": ""}, "Net Change In Investments - Total": {"2019-12-31": "1026.44200", "2018-12-31": "-613.33500", "2017-12-31": "-85.58500", "2016-12-31": "3.33200", "2015-12-31": "-42.77100", "2014-12-31": "-105.29900", "2013-12-31": "-26.22100", "2012-12-31": "-37.63600", "2011-12-31": "-41.29200", "2010-12-31": "-14.29400", "2009-12-31": "-2.40500", "2008-12-31": "8.07800", "2007-12-31": "8.16000", "2006-12-31": "4.91900", "2005-12-31": "16.14600"}, "Investing Activities - Other": {"2019-12-31": "-1.85200", "2018-12-31": "-0.57800", "2017-12-31": "-3.07000", "2016-12-31": "", "2015-12-31": "", "2014-12-31": "", "2013-12-31": "", "2012-12-31": "", "2011-12-31": "", "2010-12-31": "", "2009-12-31": "", "2008-12-31": "", "2007-12-31": "", "2006-12-31": "", "2005-12-31": ""}, "Cash Flow From Investing Activities": {"2019-12-31": "-121.07300", "2018-12-31": "-781.91400", "2017-12-31": "-160.80500", "2016-12-31": "-11.51900", "2015-12-31": "-64.75500", "2014-12-31": "-117.29000", "2013-12-31": "-34.96900", "2012-12-31": "-38.31700", "2011-12-31": "-43.40700", "2010-12-31": "-14.92000", "2009-12-31": "-2.86700", "2008-12-31": "8.24800", "2007-12-31": "8.03600", "2006-12-31": "4.52500", "2005-12-31": "15.76000"}, "Net Long-Term Debt": {"2019-12-31": "236.12100", "2018-12-31": "896.43000", "2017-12-31": "", "2016-12-31": "-0.16600", "2015-12-31": "4.65800", "2014-12-31": "-0.35100", "2013-12-31": "-0.33300", "2012-12-31": "-0.10700", "2011-12-31": "", "2010-12-31": "", "2009-12-31": "1.00000", "2008-12-31": "", "2007-12-31": "", "2006-12-31": "", "2005-12-31": ""}, "Net Current Debt": {"2019-12-31": "", "2018-12-31": "", "2017-12-31": "", "2016-12-31": "", "2015-12-31": "", "2014-12-31": "", "2013-12-31": "", "2012-12-31": "", "2011-12-31": "", "2010-12-31": "1.89600", "2009-12-31": "16.65000", "2008-12-31": "", "2007-12-31": "", "2006-12-31": "", "2005-12-31": ""}, "Debt Issuance/Retirement Net - Total": {"2019-12-31": "236.12100", "2018-12-31": "896.43000", "2017-12-31": "", "2016-12-31": "-0.16600", "2015-12-31": "4.65800", "2014-12-31": "-0.35100", "2013-12-31": "-0.33300", "2012-12-31": "-0.10700", "2011-12-31": "", "2010-12-31": "1.89600", "2009-12-31": "17.65000", "2008-12-31": "", "2007-12-31": "", "2006-12-31": "", "2005-12-31": ""}, "Net Common Equity Issued/Repurchased": {"2019-12-31": "17.18300", "2018-12-31": "11.53100", "2017-12-31": "261.33200", "2016-12-31": "149.75200", "2015-12-31": "177.10700", "2014-12-31": "241.98000", "2013-12-31": "75.09000", "2012-12-31": "60.51000", "2011-12-31": "27.90000", "2010-12-31": "82.79300", "2009-12-31": "14.74400", "2008-12-31": "0.00700", "2007-12-31": "0.28600", "2006-12-31": "0.25300", "2005-12-31": "0.13700"}, "Net Total Equity Issued/Repurchased": {"2019-12-31": "17.18300", "2018-12-31": "11.53100", "2017-12-31": "261.33200", "2016-12-31": "149.75200", "2015-12-31": "177.10700", "2014-12-31": "241.98000", "2013-12-31": "75.09000", "2012-12-31": "60.51000", "2011-12-31": "27.90000", "2010-12-31": "82.79300", "2009-12-31": "14.74400", "2008-12-31": "0.00700", "2007-12-31": "0.28600", "2006-12-31": "0.25300", "2005-12-31": "0.13700"}, "Total Common And Preferred Stock Dividends Paid": {"2019-12-31": "", "2018-12-31": "", "2017-12-31": "", "2016-12-31": "", "2015-12-31": "", "2014-12-31": "", "2013-12-31": "", "2012-12-31": "", "2011-12-31": "", "2010-12-31": "", "2009-12-31": "", "2008-12-31": "", "2007-12-31": "", "2006-12-31": "", "2005-12-31": ""}, "Financial Activities - Other": {"2019-12-31": "-0.12300", "2018-12-31": "26.18100", "2017-12-31": "-0.37600", "2016-12-31": "", "2015-12-31": "", "2014-12-31": "2.39900", "2013-12-31": "", "2012-12-31": "", "2011-12-31": "", "2010-12-31": "0.50000", "2009-12-31": "0.10000", "2008-12-31": "0.10000", "2007-12-31": "0.10000", "2006-12-31": "0.22000", "2005-12-31": "-0.00500"}, "Cash Flow From Financial Activities": {"2019-12-31": "253.18100", "2018-12-31": "934.14200", "2017-12-31": "260.95600", "2016-12-31": "149.58600", "2015-12-31": "181.76500", "2014-12-31": "244.02800", "2013-12-31": "74.75700", "2012-12-31": "60.40300", "2011-12-31": "27.90000", "2010-12-31": "85.18900", "2009-12-31": "32.49400", "2008-12-31": "0.10700", "2007-12-31": "0.38600", "2006-12-31": "0.47300", "2005-12-31": "0.13200"}, "Net Cash Flow": {"2019-12-31": "17.09800", "2018-12-31": "82.93900", "2017-12-31": "28.57000", "2016-12-31": "7.78600", "2015-12-31": "-16.99600", "2014-12-31": "45.28000", "2013-12-31": "-0.49400", "2012-12-31": "-22.43600", "2011-12-31": "-42.97100", "2010-12-31": "56.82800", "2009-12-31": "16.98700", "2008-12-31": "0.45100", "2007-12-31": "-0.34500", "2006-12-31": "-7.15600", "2005-12-31": "-0.09000"}, "Stock-Based Compensation": {"2019-12-31": "108.48300", "2018-12-31": "60.26400", "2017-12-31": "35.51200", "2016-12-31": "23.73200", "2015-12-31": "18.05000", "2014-12-31": "11.52000", "2013-12-31": "7.74400", "2012-12-31": "5.49300", "2011-12-31": "3.96400", "2010-12-31": "2.12100", "2009-12-31": "2.63100", "2008-12-31": "1.01000", "2007-12-31": "2.80600", "2006-12-31": "3.00600", "2005-12-31": "0.50500"}, "Common Stock Dividends Paid": {"2019-12-31": "", "2018-12-31": "", "2017-12-31": "", "2016-12-31": "", "2015-12-31": "", "2014-12-31": "", "2013-12-31": "", "2012-12-31": "", "2011-12-31": "", "2010-12-31": "", "2009-12-31": "", "2008-12-31": "", "2007-12-31": "", "2006-12-31": "", "2005-12-31": ""}}, "cash flow statement, quarterly": {"Net Income/Loss": {"2020-09-30": -219.884, "2020-06-30": -86.142, "2020-03-31": "-105.69700", "2019-12-31": 77.973, "2019-09-30": -40.525, "2019-06-30": -38.502, "2019-03-31": "-82.93900", "2018-12-31": -53.974, "2018-09-30": -45.364, "2018-06-30": -36.387, "2018-03-31": "-39.42400", "2017-12-31": -21.764, "2017-09-30": -26.897, "2017-06-30": -30.79, "2017-03-31": "-34.94600", "2016-12-31": -37.17, "2016-09-30": -37.803, "2016-06-30": -44.765, "2016-03-31": "-47.47300", "2015-12-31": -39.991, "2015-09-30": -42.945, "2015-06-30": -39.066, "2015-03-31": "-35.80100", "2014-12-31": -32.444, "2014-09-30": -32.06, "2014-06-30": -19.437, "2014-03-31": "-16.10700", "2013-12-31": -12.186, "2013-09-30": -11.16, "2013-06-30": -12.314, "2013-03-31": "-10.85400", "2012-12-31": -13.988, "2012-09-30": -12.952, "2012-06-30": -14.836, "2012-03-31": "-10.64500", "2011-12-31": -9.904, "2011-09-30": -7.773, "2011-06-30": -6.625, "2011-03-31": "-4.37300", "2010-12-31": -3.573, "2010-09-30": -3.382, "2010-06-30": -2.477, "2010-03-31": "-2.12400", "2009-12-31": -1.854, "2009-09-30": -1.041, "2009-06-30": -2.394, "2009-03-31": "-3.83900", "2008-12-31": -2.109, "2008-09-30": -3.014, "2008-06-30": -2.1, "2008-03-31": "-2.51800", "2007-12-31": -4.019, "2007-09-30": -4.195, "2007-06-30": -1.825, "2007-03-31": "-1.92000", "2006-12-31": -2.423, "2006-09-30": -3.083, "2006-06-30": -3.246, "2006-03-31": "-4.16300", "2005-12-31": -2.695, "2005-09-30": -3.289, "2005-06-30": -3.951, "2005-03-31": "-4.58500"}, "Total Depreciation And Amortization - Cash Flow": {"2020-09-30": 272.821, "2020-06-30": 60.159, "2020-03-31": "52.87800", "2019-12-31": 38.63, "2019-09-30": 14.918, "2019-06-30": 16.77, "2019-03-31": "14.61600", "2018-12-31": 13.447, "2018-09-30": 12.992, "2018-06-30": 10.378, "2018-03-31": "8.92100", "2017-12-31": 3.974, "2017-09-30": 3.689, "2017-06-30": 3.389, "2017-03-31": "2.97100", "2016-12-31": 2.885, "2016-09-30": 2.81, "2016-06-30": 2.774, "2016-03-31": "2.54200", "2015-12-31": 2.478, "2015-09-30": 2.228, "2015-06-30": 1.932, "2015-03-31": "1.90600", "2014-12-31": 1.66, "2014-09-30": 1.178, "2014-06-30": 0.913, "2014-03-31": "0.50700", "2013-12-31": -0.416, "2013-09-30": -0.518, "2013-06-30": -0.574, "2013-03-31": "-0.58200", "2012-12-31": -0.544, "2012-09-30": -0.648, "2012-06-30": -0.705, "2012-03-31": "-0.73000", "2011-12-31": -0.777, "2011-09-30": -0.668, "2011-06-30": -0.958, "2011-03-31": "-0.96900", "2010-12-31": -1.274, "2010-09-30": -1.289, "2010-06-30": -2.536, "2010-03-31": "0.04800", "2009-12-31": -1.21, "2009-09-30": -1.229, "2009-06-30": -1.233, "2009-03-31": "-0.88600", "2008-12-31": -0.206, "2008-09-30": 0.157, "2008-06-30": -0.431, "2008-03-31": "-0.24500", "2007-12-31": -0.249, "2007-09-30": -0.162, "2007-06-30": -0.969, "2007-03-31": "-0.86400", "2006-12-31": -0.888, "2006-09-30": -0.676, "2006-06-30": -0.693, "2006-03-31": "-0.75100", "2005-12-31": -0.697, "2005-09-30": -0.674, "2005-06-30": -0.775, "2005-03-31": "-0.78000"}, "Other Non-Cash Items": {"2020-09-30": 39.667, "2020-06-30": 35.447, "2020-03-31": "46.72700", "2019-12-31": -136.83, "2019-09-30": 26.579, "2019-06-30": 20.693, "2019-03-31": "27.16300", "2018-12-31": 15.833, "2018-09-30": 17.012, "2018-06-30": 15.744, "2018-03-31": "12.40800", "2017-12-31": 13.718, "2017-09-30": 10.603, "2017-06-30": 5.858, "2017-03-31": "6.14900", "2016-12-31": 7.656, "2016-09-30": 6.087, "2016-06-30": 4.398, "2016-03-31": "6.23000", "2015-12-31": 4.804, "2015-09-30": 4.841, "2015-06-30": 3.41, "2015-03-31": "3.48200", "2014-12-31": 2.844, "2014-09-30": 4.03, "2014-06-30": 2.348, "2014-03-31": "1.86000", "2013-12-31": 3.877, "2013-09-30": 2.72, "2013-06-30": 2.922, "2013-03-31": "0.98000", "2012-12-31": 1.469, "2012-09-30": 1.565, "2012-06-30": 2.549, "2012-03-31": "1.06200", "2011-12-31": 1.284, "2011-09-30": 1.181, "2011-06-30": 0.893, "2011-03-31": "0.71300", "2010-12-31": 0.473, "2010-09-30": 0.666, "2010-06-30": 0.535, "2010-03-31": "0.55400", "2009-12-31": 0.699, "2009-09-30": 0.652, "2009-06-30": 2.436, "2009-03-31": "0.62300", "2008-12-31": 0, "2008-09-30": 0.546, "2008-06-30": 0.229, "2008-03-31": "0.30100", "2007-12-31": 0.386, "2007-09-30": 1.376, "2007-06-30": 0.72, "2007-03-31": "0.40900", "2006-12-31": 0.561, "2006-09-30": 0.668, "2006-06-30": 0.71, "2006-03-31": "1.06700", "2005-12-31": 0.231, "2005-09-30": -0.081, "2005-06-30": 0.682, "2005-03-31": "0.58500"}, "Total Non-Cash Items": {"2020-09-30": 312.4879, "2020-06-30": 95.606, "2020-03-31": "99.60500", "2019-12-31": -98.2, "2019-09-30": 41.497, "2019-06-30": 37.463, "2019-03-31": "41.77900", "2018-12-31": 29.28, "2018-09-30": 30.004, "2018-06-30": 26.122, "2018-03-31": "21.32900", "2017-12-31": 17.692, "2017-09-30": 14.292, "2017-06-30": 9.247, "2017-03-31": "9.12000", "2016-12-31": 10.541, "2016-09-30": 8.897, "2016-06-30": 7.172, "2016-03-31": "8.77200", "2015-12-31": 7.282, "2015-09-30": 7.069, "2015-06-30": 5.342, "2015-03-31": "5.38800", "2014-12-31": 4.504, "2014-09-30": 5.208, "2014-06-30": 3.261, "2014-03-31": "2.36700", "2013-12-31": 3.461, "2013-09-30": 2.202, "2013-06-30": 2.348, "2013-03-31": "0.39800", "2012-12-31": 0.925, "2012-09-30": 0.917, "2012-06-30": 1.844, "2012-03-31": "0.33200", "2011-12-31": 0.507, "2011-09-30": 0.513, "2011-06-30": -0.065, "2011-03-31": "-0.25600", "2010-12-31": -0.801, "2010-09-30": -0.623, "2010-06-30": -2.001, "2010-03-31": "0.60200", "2009-12-31": -0.511, "2009-09-30": -0.577, "2009-06-30": 1.203, "2009-03-31": "-0.26300", "2008-12-31": -0.206, "2008-09-30": 0.703, "2008-06-30": -0.202, "2008-03-31": "0.05600", "2007-12-31": 0.137, "2007-09-30": 1.214, "2007-06-30": -0.249, "2007-03-31": "-0.45500", "2006-12-31": -0.327, "2006-09-30": -0.008, "2006-06-30": 0.017, "2006-03-31": "0.31600", "2005-12-31": -0.466, "2005-09-30": -0.755, "2005-06-30": -0.093, "2005-03-31": "-0.19500"}, "Change In Accounts Receivable": {"2020-09-30": -42.998, "2020-06-30": -24.322, "2020-03-31": "-6.32200", "2019-12-31": 8.933, "2019-09-30": -18.297, "2019-06-30": -6.718, "2019-03-31": "-11.85600", "2018-12-31": -1.795, "2018-09-30": -5.648, "2018-06-30": -1.693, "2018-03-31": "-8.15600", "2017-12-31": -1.866, "2017-09-30": -1.598, "2017-06-30": -6.377, "2017-03-31": "-7.68800", "2016-12-31": -0.663, "2016-09-30": -0.422, "2016-06-30": -1.82, "2016-03-31": "-0.68800", "2015-12-31": -0.724, "2015-09-30": -2.058, "2015-06-30": -0.57, "2015-03-31": "-0.20500", "2014-12-31": -1.376, "2014-09-30": 0, "2014-06-30": 0, "2014-03-31": "", "2013-12-31": 0, "2013-09-30": 0, "2013-06-30": 0, "2013-03-31": "", "2012-12-31": 0, "2012-09-30": 0, "2012-06-30": 0, "2012-03-31": "", "2011-12-31": 0, "2011-09-30": 0, "2011-06-30": 0, "2011-03-31": "", "2010-12-31": 0, "2010-09-30": 0, "2010-06-30": 0, "2010-03-31": "", "2009-12-31": 0, "2009-09-30": 0, "2009-06-30": 0, "2009-03-31": "", "2008-12-31": 0, "2008-09-30": 0, "2008-06-30": 0, "2008-03-31": "", "2007-12-31": 0, "2007-09-30": 0, "2007-06-30": 0, "2007-03-31": "", "2006-12-31": 0, "2006-09-30": 0, "2006-06-30": 0, "2006-03-31": "", "2005-12-31": 0, "2005-09-30": 0, "2005-06-30": 0, "2005-03-31": ""}, "Change In Inventories": {"2020-09-30": 0, "2020-06-30": 0, "2020-03-31": "", "2019-12-31": 0, "2019-09-30": 0, "2019-06-30": 0, "2019-03-31": "", "2018-12-31": 0, "2018-09-30": 0, "2018-06-30": 0, "2018-03-31": "", "2017-12-31": 0, "2017-09-30": 0, "2017-06-30": 0, "2017-03-31": "", "2016-12-31": 0, "2016-09-30": 0, "2016-06-30": 0, "2016-03-31": "", "2015-12-31": 0, "2015-09-30": 0, "2015-06-30": 0, "2015-03-31": "", "2014-12-31": 0, "2014-09-30": 0, "2014-06-30": 0, "2014-03-31": "", "2013-12-31": 0, "2013-09-30": 0, "2013-06-30": 0, "2013-03-31": "", "2012-12-31": 0, "2012-09-30": 0, "2012-06-30": 0, "2012-03-31": "", "2011-12-31": 0, "2011-09-30": 0, "2011-06-30": 0, "2011-03-31": "", "2010-12-31": 0, "2010-09-30": 0, "2010-06-30": 0, "2010-03-31": "", "2009-12-31": 0, "2009-09-30": 0, "2009-06-30": 0, "2009-03-31": "", "2008-12-31": 0, "2008-09-30": 0, "2008-06-30": 0, "2008-03-31": "", "2007-12-31": 0, "2007-09-30": 0, "2007-06-30": 0, "2007-03-31": "", "2006-12-31": 0, "2006-09-30": 0, "2006-06-30": 0, "2006-03-31": "", "2005-12-31": 0, "2005-09-30": 0, "2005-06-30": 0, "2005-03-31": ""}, "Change In Accounts Payable": {"2020-09-30": 39.979, "2020-06-30": -29.291, "2020-03-31": "-18.29600", "2019-12-31": -12.81, "2019-09-30": -9.446, "2019-06-30": 27.941, "2019-03-31": "-2.21600", "2018-12-31": 16.473, "2018-09-30": 21.746, "2018-06-30": -1.282, "2018-03-31": "-3.86100", "2017-12-31": 22.515, "2017-09-30": 6.495, "2017-06-30": 1.346, "2017-03-31": "0.18100", "2016-12-31": -1.625, "2016-09-30": -0.8, "2016-06-30": 0.294, "2016-03-31": "-0.46700", "2015-12-31": 1.805, "2015-09-30": 0.158, "2015-06-30": -0.656, "2015-03-31": "-0.64600", "2014-12-31": -1.988, "2014-09-30": 4.278, "2014-06-30": -0.974, "2014-03-31": "0.57000", "2013-12-31": 0.156, "2013-09-30": -0.479, "2013-06-30": -0.997, "2013-03-31": "-1.57100", "2012-12-31": 2.622, "2012-09-30": 0.263, "2012-06-30": -0.182, "2012-03-31": "0.18400", "2011-12-31": -0.212, "2011-09-30": -0.109, "2011-06-30": 0.266, "2011-03-31": "-0.20800", "2010-12-31": 0.649, "2010-09-30": -0.182, "2010-06-30": 0.272, "2010-03-31": "0.13400", "2009-12-31": -0.048, "2009-09-30": -0.081, "2009-06-30": 0.25, "2009-03-31": "-0.64900", "2008-12-31": 0.447, "2008-09-30": -0.114, "2008-06-30": 0.075, "2008-03-31": "0.03000", "2007-12-31": -0.021, "2007-09-30": 0.103, "2007-06-30": 0.024, "2007-03-31": "-0.01900", "2006-12-31": -0.172, "2006-09-30": 0.097, "2006-06-30": -0.033, "2006-03-31": "-0.20200", "2005-12-31": 0.195, "2005-09-30": -0.066, "2005-06-30": 0.24, "2005-03-31": "-0.26600"}, "Change In Assets/Liabilities": {"2020-09-30": -7.81, "2020-06-30": 37.279, "2020-03-31": "-19.11700", "2019-12-31": -4.552, "2019-09-30": -2.375, "2019-06-30": -3.238, "2019-03-31": "-18.92200", "2018-12-31": 9.081, "2018-09-30": -10.736, "2018-06-30": -5.846, "2018-03-31": "-9.19400", "2017-12-31": -8.035, "2017-09-30": -7.316, "2017-06-30": -3.826, "2017-03-31": "-1.50900", "2016-12-31": -0.108, "2016-09-30": 2.36, "2016-06-30": 0.18, "2016-03-31": "-1.82700", "2015-12-31": -1.795, "2015-09-30": -1.373, "2015-06-30": -0.779, "2015-03-31": "-1.77000", "2014-12-31": -2.449, "2014-09-30": -1.109, "2014-06-30": -1.145, "2014-03-31": "-0.64300", "2013-12-31": -1.295, "2013-09-30": 0.183, "2013-06-30": -0.02, "2013-03-31": "-0.47400", "2012-12-31": 0.659, "2012-09-30": 1.095, "2012-06-30": -0.429, "2012-03-31": "-0.88400", "2011-12-31": -0.167, "2011-09-30": -0.256, "2011-06-30": -0.143, "2011-03-31": "-0.22200", "2010-12-31": -0.895, "2010-09-30": 0.194, "2010-06-30": 1.359, "2010-03-31": "-1.40800", "2009-12-31": -1.056, "2009-09-30": 0.021, "2009-06-30": 0.264, "2009-03-31": "-1.98500", "2008-12-31": 0.515, "2008-09-30": 1.147, "2008-06-30": 0.551, "2008-03-31": "0.12200", "2007-12-31": 1.206, "2007-09-30": 0.075, "2007-06-30": 0.184, "2007-03-31": "-0.15400", "2006-12-31": 0.131, "2006-09-30": 0.378, "2006-06-30": 0.318, "2006-03-31": "-0.05500", "2005-12-31": 0.063, "2005-09-30": 0.729, "2005-06-30": 0.167, "2005-03-31": "-0.27700"}, "Total Change In Assets/Liabilities": {"2020-09-30": -10.829, "2020-06-30": -16.334, "2020-03-31": "-43.73500", "2019-12-31": -8.429, "2019-09-30": -30.118, "2019-06-30": 17.985, "2019-03-31": "-32.99400", "2018-12-31": 23.458, "2018-09-30": 11.307, "2018-06-30": -15.249, "2018-03-31": "-20.42700", "2017-12-31": 3.308, "2017-09-30": 7.155, "2017-06-30": -10.329, "2017-03-31": "-7.81200", "2016-12-31": -0.5, "2016-09-30": 3.94, "2016-06-30": 1.969, "2016-03-31": "-3.64600", "2015-12-31": 2.426, "2015-09-30": -1.201, "2015-06-30": 2.404, "2015-03-31": "-4.92400", "2014-12-31": -3.521, "2014-09-30": 5.742, "2014-06-30": -0.36, "2014-03-31": "1.38900", "2013-12-31": -1.587, "2013-09-30": 1.208, "2013-06-30": -0.13, "2013-03-31": "-1.66800", "2012-12-31": 2.336, "2012-09-30": 1.718, "2012-06-30": 0.717, "2012-03-31": "-0.89000", "2011-12-31": 0.573, "2011-09-30": 0.069, "2011-06-30": 0.694, "2011-03-31": "-0.82400", "2010-12-31": 0.184, "2010-09-30": 0.224, "2010-06-30": 1.875, "2010-03-31": "-1.34500", "2009-12-31": -0.876, "2009-09-30": 0.013, "2009-06-30": 0.397, "2009-03-31": "-2.89800", "2008-12-31": 0.907, "2008-09-30": 0.986, "2008-06-30": 0.184, "2008-03-31": "-0.59100", "2007-12-31": 1.52, "2007-09-30": 0.694, "2007-06-30": 0.466, "2007-03-31": "-0.13500", "2006-12-31": 0.248, "2006-09-30": 0.411, "2006-06-30": 0.548, "2006-03-31": "-0.44400", "2005-12-31": 0.107, "2005-09-30": 0.705, "2005-06-30": 0.413, "2005-03-31": "-1.17800"}, "Cash Flow From Operating Activities": {"2020-09-30": 81.775, "2020-06-30": -6.87, "2020-03-31": "-49.82700", "2019-12-31": -28.656, "2019-09-30": -29.146, "2019-06-30": 16.946, "2019-03-31": "-74.15400", "2018-12-31": -1.236, "2018-09-30": -4.053, "2018-06-30": -25.514, "2018-03-31": "-38.52200", "2017-12-31": -0.764, "2017-09-30": -5.45, "2017-06-30": -31.872, "2017-03-31": "-33.63800", "2016-12-31": -27.129, "2016-09-30": -24.966, "2016-06-30": -35.624, "2016-03-31": "-42.34700", "2015-12-31": -30.283, "2015-09-30": -37.077, "2015-06-30": -31.32, "2015-03-31": "-35.33700", "2014-12-31": -31.461, "2014-09-30": -21.11, "2014-06-30": -16.536, "2014-03-31": "-12.35100", "2013-12-31": -10.312, "2013-09-30": -7.75, "2013-06-30": -10.096, "2013-03-31": "-12.12400", "2012-12-31": -10.727, "2012-09-30": -10.317, "2012-06-30": -12.275, "2012-03-31": "-11.20300", "2011-12-31": -8.824, "2011-09-30": -7.191, "2011-06-30": -5.996, "2011-03-31": "-5.45300", "2010-12-31": -4.19, "2010-09-30": -3.781, "2010-06-30": -2.603, "2010-03-31": "-2.86700", "2009-12-31": -3.241, "2009-09-30": -1.605, "2009-06-30": -0.794, "2009-03-31": "-7.00000", "2008-12-31": -1.408, "2008-09-30": -1.756, "2008-06-30": -1.687, "2008-03-31": "-3.05300", "2007-12-31": -2.362, "2007-09-30": -2.287, "2007-06-30": -1.608, "2007-03-31": "-2.51000", "2006-12-31": -2.502, "2006-09-30": -2.68, "2006-06-30": -2.681, "2006-03-31": "-4.29100", "2005-12-31": -3.054, "2005-09-30": -3.339, "2005-06-30": -3.631, "2005-03-31": "-5.95800"}, "Net Change In Property, Plant, And Equipment": {"2020-09-30": -14.327, "2020-06-30": -20.77, "2020-03-31": "-12.68500", "2019-12-31": -40.832, "2019-09-30": -51.522, "2019-06-30": -68.791, "2019-03-31": "-10.65700", "2018-12-31": -52.106, "2018-09-30": -53.623, "2018-06-30": -29.036, "2018-03-31": "-15.32800", "2017-12-31": -24.038, "2017-09-30": -15.794, "2017-06-30": -5.903, "2017-03-31": "-2.74500", "2016-12-31": -2.685, "2016-09-30": -5.751, "2016-06-30": -4.026, "2016-03-31": "-2.38900", "2015-12-31": -6.065, "2015-09-30": -4.246, "2015-06-30": -7.402, "2015-03-31": "-2.37100", "2014-12-31": -2.469, "2014-09-30": -2.326, "2014-06-30": -2.433, "2014-03-31": "-4.76300", "2013-12-31": -4.335, "2013-09-30": -2.687, "2013-06-30": -1.35, "2013-03-31": "-0.37600", "2012-12-31": -0.095, "2012-09-30": 0.143, "2012-06-30": -0.534, "2012-03-31": "-0.19500", "2011-12-31": -0.516, "2011-09-30": -0.888, "2011-06-30": -0.466, "2011-03-31": "-0.24500", "2010-12-31": -0.124, "2010-09-30": -0.118, "2010-06-30": -0.205, "2010-03-31": "-0.17900", "2009-12-31": -0.374, "2009-09-30": -0.02, "2009-06-30": -0.059, "2009-03-31": "-0.00900", "2008-12-31": 0.274, "2008-09-30": -0.004, "2008-06-30": 0, "2008-03-31": "", "2007-12-31": -0.071, "2007-09-30": 0.003, "2007-06-30": 0, "2007-03-31": "-0.00200", "2006-12-31": -0.069, "2006-09-30": -0.007, "2006-06-30": -0.011, "2006-03-31": "-0.06200", "2005-12-31": -0.011, "2005-09-30": 0, "2005-06-30": -0.193, "2005-03-31": "-0.02300"}, "Net Change In Intangible Assets": {"2020-09-30": 0, "2020-06-30": 0, "2020-03-31": "", "2019-12-31": 0, "2019-09-30": 0, "2019-06-30": 0, "2019-03-31": "", "2018-12-31": 0.135, "2018-09-30": -0.004, "2018-06-30": -0.069, "2018-03-31": "-0.06200", "2017-12-31": -12.223, "2017-09-30": -0.025, "2017-06-30": -8.442, "2017-03-31": "", "2016-12-31": 0, "2016-09-30": 0, "2016-06-30": 0, "2016-03-31": "", "2015-12-31": -1.9, "2015-09-30": 0, "2015-06-30": 0, "2015-03-31": "", "2014-12-31": 0, "2014-09-30": 0, "2014-06-30": 0, "2014-03-31": "", "2013-12-31": 0, "2013-09-30": 0, "2013-06-30": 0, "2013-03-31": "", "2012-12-31": 0, "2012-09-30": 0, "2012-06-30": 0, "2012-03-31": "", "2011-12-31": 0, "2011-09-30": 0, "2011-06-30": 0, "2011-03-31": "", "2010-12-31": 0, "2010-09-30": 0, "2010-06-30": 0, "2010-03-31": "", "2009-12-31": 0, "2009-09-30": 0, "2009-06-30": 0, "2009-03-31": "", "2008-12-31": 0.001, "2008-09-30": -0.018, "2008-06-30": -0.029, "2008-03-31": "-0.05400", "2007-12-31": -0.018, "2007-09-30": -0.003, "2007-06-30": -0.016, "2007-03-31": "-0.01700", "2006-12-31": -0.06, "2006-09-30": -0.05, "2006-06-30": -0.09, "2006-03-31": "-0.04500", "2005-12-31": -0.046, "2005-09-30": -0.059, "2005-06-30": -0.036, "2005-03-31": "-0.01800"}, "Net Acquisitions/Divestitures": {"2020-09-30": -0.004, "2020-06-30": 0.153, "2020-03-31": "-6.80700", "2019-12-31": -973.861, "2019-09-30": 0, "2019-06-30": 0, "2019-03-31": "", "2018-12-31": -17.908, "2018-09-30": 0, "2018-06-30": 0, "2018-03-31": "", "2017-12-31": 0.016, "2017-09-30": -2.996, "2017-06-30": 0, "2017-03-31": "", "2016-12-31": 0, "2016-09-30": 0, "2016-06-30": 0, "2016-03-31": "", "2015-12-31": 0, "2015-09-30": 0, "2015-06-30": 0, "2015-03-31": "", "2014-12-31": 0, "2014-09-30": 0, "2014-06-30": 0, "2014-03-31": "", "2013-12-31": 0, "2013-09-30": 0, "2013-06-30": 0, "2013-03-31": "", "2012-12-31": 0, "2012-09-30": 0, "2012-06-30": 0, "2012-03-31": "", "2011-12-31": 0, "2011-09-30": 0, "2011-06-30": 0, "2011-03-31": "", "2010-12-31": 0, "2010-09-30": 0, "2010-06-30": 0, "2010-03-31": "", "2009-12-31": 0, "2009-09-30": 0, "2009-06-30": 0, "2009-03-31": "", "2008-12-31": 0, "2008-09-30": 0, "2008-06-30": 0, "2008-03-31": "", "2007-12-31": 0, "2007-09-30": 0, "2007-06-30": 0, "2007-03-31": "", "2006-12-31": 0, "2006-09-30": 0, "2006-06-30": 0, "2006-03-31": "", "2005-12-31": 0, "2005-09-30": 0, "2005-06-30": 0, "2005-03-31": ""}, "Net Change In Short-term Investments": {"2020-09-30": 41.497, "2020-06-30": 14.423, "2020-03-31": "-386.02500", "2019-12-31": 181.241, "2019-09-30": 909.114, "2019-06-30": -33.508, "2019-03-31": "-30.40500", "2018-12-31": 61.04, "2018-09-30": -25.361, "2018-06-30": -101.673, "2018-03-31": "-547.34100", "2017-12-31": 63.969, "2017-09-30": -107.781, "2017-06-30": -68.446, "2017-03-31": "26.67300", "2016-12-31": 11.975, "2016-09-30": -99.529, "2016-06-30": 35.324, "2016-03-31": "55.56200", "2015-12-31": 45.4, "2015-09-30": -135.177, "2015-06-30": 27.035, "2015-03-31": "19.97100", "2014-12-31": -41.633, "2014-09-30": 30.421, "2014-06-30": -116.154, "2014-03-31": "22.06700", "2013-12-31": 17.552, "2013-09-30": -2.007, "2013-06-30": -48.966, "2013-03-31": "7.20000", "2012-12-31": 10.949, "2012-09-30": -41.173, "2012-06-30": 6.321, "2012-03-31": "-13.73300", "2011-12-31": 12.782, "2011-09-30": -25.521, "2011-06-30": -27.558, "2011-03-31": "-0.99500", "2010-12-31": -2.652, "2010-09-30": -0.952, "2010-06-30": -8.874, "2010-03-31": "-1.81600", "2009-12-31": 1.755, "2009-09-30": 11.312, "2009-06-30": 1.475, "2009-03-31": "-16.94700", "2008-12-31": 0, "2008-09-30": 2.243, "2008-06-30": 3.221, "2008-03-31": "2.61400", "2007-12-31": -0.481, "2007-09-30": 5.499, "2007-06-30": 1.607, "2007-03-31": "1.53500", "2006-12-31": 0.137, "2006-09-30": -3.152, "2006-06-30": 6.205, "2006-03-31": "1.72900", "2005-12-31": -1.005, "2005-09-30": 2.832, "2005-06-30": 12.148, "2005-03-31": "2.17100"}, "Net Change In Long-Term Investments": {"2020-09-30": -10.61, "2020-06-30": 0, "2020-03-31": "", "2019-12-31": 0, "2019-09-30": 0, "2019-06-30": 0, "2019-03-31": "", "2018-12-31": 0, "2018-09-30": 0, "2018-06-30": 0, "2018-03-31": "", "2017-12-31": 0, "2017-09-30": 0, "2017-06-30": 0, "2017-03-31": "", "2016-12-31": 0, "2016-09-30": 0, "2016-06-30": 0, "2016-03-31": "", "2015-12-31": 0, "2015-09-30": 0, "2015-06-30": 0, "2015-03-31": "", "2014-12-31": 0, "2014-09-30": 0, "2014-06-30": 0, "2014-03-31": "", "2013-12-31": 0, "2013-09-30": 0, "2013-06-30": 0, "2013-03-31": "", "2012-12-31": 0, "2012-09-30": 0, "2012-06-30": 0, "2012-03-31": "", "2011-12-31": 0, "2011-09-30": 0, "2011-06-30": 0, "2011-03-31": "", "2010-12-31": 0, "2010-09-30": 0, "2010-06-30": 0, "2010-03-31": "", "2009-12-31": 0, "2009-09-30": 0, "2009-06-30": 0, "2009-03-31": "", "2008-12-31": 0, "2008-09-30": 0, "2008-06-30": 0, "2008-03-31": "", "2007-12-31": 0, "2007-09-30": 0, "2007-06-30": 0, "2007-03-31": "", "2006-12-31": 0, "2006-09-30": 0, "2006-06-30": 0, "2006-03-31": "", "2005-12-31": 0, "2005-09-30": 0, "2005-06-30": 0, "2005-03-31": ""}, "Net Change In Investments - Total": {"2020-09-30": 30.887, "2020-06-30": 14.423, "2020-03-31": "-386.02500", "2019-12-31": 181.241, "2019-09-30": 909.114, "2019-06-30": -33.508, "2019-03-31": "-30.40500", "2018-12-31": 61.04, "2018-09-30": -25.361, "2018-06-30": -101.673, "2018-03-31": "-547.34100", "2017-12-31": 63.969, "2017-09-30": -107.781, "2017-06-30": -68.446, "2017-03-31": "26.67300", "2016-12-31": 11.975, "2016-09-30": -99.529, "2016-06-30": 35.324, "2016-03-31": "55.56200", "2015-12-31": 45.4, "2015-09-30": -135.177, "2015-06-30": 27.035, "2015-03-31": "19.97100", "2014-12-31": -41.633, "2014-09-30": 30.421, "2014-06-30": -116.154, "2014-03-31": "22.06700", "2013-12-31": 17.552, "2013-09-30": -2.007, "2013-06-30": -48.966, "2013-03-31": "7.20000", "2012-12-31": 10.949, "2012-09-30": -41.173, "2012-06-30": 6.321, "2012-03-31": "-13.73300", "2011-12-31": 12.782, "2011-09-30": -25.521, "2011-06-30": -27.558, "2011-03-31": "-0.99500", "2010-12-31": -2.652, "2010-09-30": -0.952, "2010-06-30": -8.874, "2010-03-31": "-1.81600", "2009-12-31": 1.755, "2009-09-30": 11.312, "2009-06-30": 1.475, "2009-03-31": "-16.94700", "2008-12-31": 0, "2008-09-30": 2.243, "2008-06-30": 3.221, "2008-03-31": "2.61400", "2007-12-31": -0.481, "2007-09-30": 5.499, "2007-06-30": 1.607, "2007-03-31": "1.53500", "2006-12-31": 0.137, "2006-09-30": -3.152, "2006-06-30": 6.205, "2006-03-31": "1.72900", "2005-12-31": -1.005, "2005-09-30": 2.832, "2005-06-30": 12.148, "2005-03-31": "2.17100"}, "Investing Activities - Other": {"2020-09-30": 0.272, "2020-06-30": -0.186, "2020-03-31": "-0.33000", "2019-12-31": -1.322, "2019-09-30": -0.15, "2019-06-30": -0.24, "2019-03-31": "-0.14000", "2018-12-31": -0.578, "2018-09-30": 0, "2018-06-30": 0, "2018-03-31": "", "2017-12-31": -3.07, "2017-09-30": 0, "2017-06-30": 0, "2017-03-31": "", "2016-12-31": 0, "2016-09-30": 0, "2016-06-30": 0, "2016-03-31": "", "2015-12-31": 0, "2015-09-30": 0, "2015-06-30": 0, "2015-03-31": "", "2014-12-31": 0, "2014-09-30": 0, "2014-06-30": 0, "2014-03-31": "", "2013-12-31": 0, "2013-09-30": 0, "2013-06-30": 0, "2013-03-31": "", "2012-12-31": 0, "2012-09-30": 0, "2012-06-30": 0, "2012-03-31": "", "2011-12-31": 0, "2011-09-30": 0, "2011-06-30": 0, "2011-03-31": "", "2010-12-31": 0, "2010-09-30": 0, "2010-06-30": 0, "2010-03-31": "", "2009-12-31": 0, "2009-09-30": 0, "2009-06-30": 0, "2009-03-31": "", "2008-12-31": 0, "2008-09-30": 0, "2008-06-30": 0, "2008-03-31": "", "2007-12-31": 0, "2007-09-30": 0, "2007-06-30": 0, "2007-03-31": "", "2006-12-31": 0, "2006-09-30": 0, "2006-06-30": 0, "2006-03-31": "", "2005-12-31": 0, "2005-09-30": 0, "2005-06-30": 0, "2005-03-31": ""}, "Cash Flow From Investing Activities": {"2020-09-30": 16.828, "2020-06-30": -6.38, "2020-03-31": "-405.84700", "2019-12-31": -834.774, "2019-09-30": 857.442, "2019-06-30": -102.539, "2019-03-31": "-41.20200", "2018-12-31": -9.417, "2018-09-30": -78.988, "2018-06-30": -130.778, "2018-03-31": "-562.73100", "2017-12-31": 24.654, "2017-09-30": -126.596, "2017-06-30": -82.791, "2017-03-31": "23.92800", "2016-12-31": 9.29, "2016-09-30": -105.28, "2016-06-30": 31.298, "2016-03-31": "53.17300", "2015-12-31": 37.435, "2015-09-30": -139.423, "2015-06-30": 19.633, "2015-03-31": "17.60000", "2014-12-31": -44.102, "2014-09-30": 28.095, "2014-06-30": -118.587, "2014-03-31": "17.30400", "2013-12-31": 13.217, "2013-09-30": -4.694, "2013-06-30": -50.316, "2013-03-31": "6.82400", "2012-12-31": 10.854, "2012-09-30": -41.03, "2012-06-30": 5.787, "2012-03-31": "-13.92800", "2011-12-31": 12.266, "2011-09-30": -26.409, "2011-06-30": -28.024, "2011-03-31": "-1.24000", "2010-12-31": -2.776, "2010-09-30": -1.07, "2010-06-30": -9.079, "2010-03-31": "-1.99500", "2009-12-31": 1.381, "2009-09-30": 11.292, "2009-06-30": 1.416, "2009-03-31": "-16.95600", "2008-12-31": 0.275, "2008-09-30": 2.221, "2008-06-30": 3.192, "2008-03-31": "2.56000", "2007-12-31": -0.57, "2007-09-30": 5.499, "2007-06-30": 1.591, "2007-03-31": "1.51600", "2006-12-31": 0.008, "2006-09-30": -3.209, "2006-06-30": 6.104, "2006-03-31": "1.62200", "2005-12-31": -1.062, "2005-09-30": 2.773, "2005-06-30": 11.919, "2005-03-31": "2.13000"}, "Net Long-Term Debt": {"2020-09-30": 0, "2020-06-30": 0, "2020-03-31": "975.49300", "2019-12-31": 0, "2019-09-30": -0.002, "2019-06-30": -0.058, "2019-03-31": "236.18100", "2018-12-31": 4.6769, "2018-09-30": -4.5819, "2018-06-30": 225.289, "2018-03-31": "671.04600", "2017-12-31": 0.13, "2017-09-30": -0.044, "2017-06-30": -0.042, "2017-03-31": "-0.04400", "2016-12-31": -0.042, "2016-09-30": -0.042, "2016-06-30": -0.041, "2016-03-31": "-0.04100", "2015-12-31": 1.262, "2015-09-30": -0.077, "2015-06-30": 3.564, "2015-03-31": "-0.09100", "2014-12-31": -0.089, "2014-09-30": -0.089, "2014-06-30": -0.087, "2014-03-31": "-0.08600", "2013-12-31": -0.085, "2013-09-30": -0.084, "2013-06-30": -0.082, "2013-03-31": "-0.08200", "2012-12-31": -0.107, "2012-09-30": 0, "2012-06-30": 0, "2012-03-31": "", "2011-12-31": 0, "2011-09-30": 0, "2011-06-30": 0, "2011-03-31": "", "2010-12-31": 0, "2010-09-30": 0, "2010-06-30": 0, "2010-03-31": "", "2009-12-31": 1, "2009-09-30": 0, "2009-06-30": 0, "2009-03-31": "", "2008-12-31": 0, "2008-09-30": 0, "2008-06-30": 0, "2008-03-31": "", "2007-12-31": 0, "2007-09-30": 0, "2007-06-30": 0, "2007-03-31": "", "2006-12-31": 0, "2006-09-30": 0, "2006-06-30": 0, "2006-03-31": "", "2005-12-31": 0, "2005-09-30": 0, "2005-06-30": 0, "2005-03-31": ""}, "Net Current Debt": {"2020-09-30": 0, "2020-06-30": 0, "2020-03-31": "", "2019-12-31": 0, "2019-09-30": 0, "2019-06-30": 0, "2019-03-31": "", "2018-12-31": 0, "2018-09-30": 0, "2018-06-30": 0, "2018-03-31": "", "2017-12-31": 0, "2017-09-30": 0, "2017-06-30": 0, "2017-03-31": "", "2016-12-31": 0, "2016-09-30": 0, "2016-06-30": 0, "2016-03-31": "", "2015-12-31": 0, "2015-09-30": 0, "2015-06-30": 0, "2015-03-31": "", "2014-12-31": 0, "2014-09-30": 0, "2014-06-30": 0, "2014-03-31": "", "2013-12-31": 0, "2013-09-30": 0, "2013-06-30": 0, "2013-03-31": "", "2012-12-31": 0, "2012-09-30": 0, "2012-06-30": 0, "2012-03-31": "", "2011-12-31": 0, "2011-09-30": 0, "2011-06-30": 0, "2011-03-31": "", "2010-12-31": 0, "2010-09-30": 0.934, "2010-06-30": 0, "2010-03-31": "0.96200", "2009-12-31": 0, "2009-09-30": 0, "2009-06-30": 0, "2009-03-31": "16.65000", "2008-12-31": 0, "2008-09-30": 0, "2008-06-30": 0, "2008-03-31": "", "2007-12-31": 0, "2007-09-30": 0, "2007-06-30": 0, "2007-03-31": "", "2006-12-31": 0, "2006-09-30": 0, "2006-06-30": 0, "2006-03-31": "", "2005-12-31": 0, "2005-09-30": 0, "2005-06-30": 0, "2005-03-31": ""}, "Debt Issuance/Retirement Net - Total": {"2020-09-30": 0, "2020-06-30": 0, "2020-03-31": "975.49300", "2019-12-31": 0, "2019-09-30": -0.002, "2019-06-30": -0.058, "2019-03-31": "236.18100", "2018-12-31": 4.6769, "2018-09-30": -4.5819, "2018-06-30": 225.289, "2018-03-31": "671.04600", "2017-12-31": 0.13, "2017-09-30": -0.044, "2017-06-30": -0.042, "2017-03-31": "-0.04400", "2016-12-31": -0.042, "2016-09-30": -0.042, "2016-06-30": -0.041, "2016-03-31": "-0.04100", "2015-12-31": 1.262, "2015-09-30": -0.077, "2015-06-30": 3.564, "2015-03-31": "-0.09100", "2014-12-31": -0.089, "2014-09-30": -0.089, "2014-06-30": -0.087, "2014-03-31": "-0.08600", "2013-12-31": -0.085, "2013-09-30": -0.084, "2013-06-30": -0.082, "2013-03-31": "-0.08200", "2012-12-31": -0.107, "2012-09-30": 0, "2012-06-30": 0, "2012-03-31": "", "2011-12-31": 0, "2011-09-30": 0, "2011-06-30": 0, "2011-03-31": "", "2010-12-31": 0, "2010-09-30": 0.934, "2010-06-30": 0, "2010-03-31": "0.96200", "2009-12-31": 1, "2009-09-30": 0, "2009-06-30": 0, "2009-03-31": "16.65000", "2008-12-31": 0, "2008-09-30": 0, "2008-06-30": 0, "2008-03-31": "", "2007-12-31": 0, "2007-09-30": 0, "2007-06-30": 0, "2007-03-31": "", "2006-12-31": 0, "2006-09-30": 0, "2006-06-30": 0, "2006-03-31": "", "2005-12-31": 0, "2005-09-30": 0, "2005-06-30": 0, "2005-03-31": ""}, "Net Common Equity Issued/Repurchased": {"2020-09-30": 4.47, "2020-06-30": 16.437, "2020-03-31": "4.30000", "2019-12-31": 6.657, "2019-09-30": 1.391, "2019-06-30": 5.485, "2019-03-31": "3.65000", "2018-12-31": 2.492, "2018-09-30": 0.733, "2018-06-30": 6.915, "2018-03-31": "1.39100", "2017-12-31": 2.964, "2017-09-30": 2.504, "2017-06-30": 255.817, "2017-03-31": "0.04700", "2016-12-31": 3.408, "2016-09-30": 144.748, "2016-06-30": 1.308, "2016-03-31": "0.28800", "2015-12-31": 1.247, "2015-09-30": 174.243, "2015-06-30": 1.231, "2015-03-31": "0.38600", "2014-12-31": 103.555, "2014-09-30": 0.225, "2014-06-30": 138.112, "2014-03-31": "0.08800", "2013-12-31": 0.321, "2013-09-30": 0.72, "2013-06-30": 73.959, "2013-03-31": "0.09000", "2012-12-31": 0.665, "2012-09-30": 57.981, "2012-06-30": 0.222, "2012-03-31": "1.64200", "2011-12-31": 27.344, "2011-09-30": 0.331, "2011-06-30": 0.211, "2011-03-31": "0.01400", "2010-12-31": 64.903, "2010-09-30": 0, "2010-06-30": 17.743, "2010-03-31": "0.14700", "2009-12-31": 0.005, "2009-09-30": 0.654, "2009-06-30": 8.121, "2009-03-31": "5.96400", "2008-12-31": 0.001, "2008-09-30": 0, "2008-06-30": 0, "2008-03-31": "0.00600", "2007-12-31": 0.254, "2007-09-30": 0.017, "2007-06-30": 0, "2007-03-31": "0.01500", "2006-12-31": 0.134, "2006-09-30": 0.048, "2006-06-30": 0.018, "2006-03-31": "0.05300", "2005-12-31": -0.001, "2005-09-30": 0.065, "2005-06-30": 0.005, "2005-03-31": "0.06800"}, "Net Total Equity Issued/Repurchased": {"2020-09-30": 4.47, "2020-06-30": 16.437, "2020-03-31": "4.30000", "2019-12-31": 6.657, "2019-09-30": 1.391, "2019-06-30": 5.485, "2019-03-31": "3.65000", "2018-12-31": 2.492, "2018-09-30": 0.733, "2018-06-30": 6.915, "2018-03-31": "1.39100", "2017-12-31": 2.964, "2017-09-30": 2.504, "2017-06-30": 255.817, "2017-03-31": "0.04700", "2016-12-31": 3.408, "2016-09-30": 144.748, "2016-06-30": 1.308, "2016-03-31": "0.28800", "2015-12-31": 1.247, "2015-09-30": 174.243, "2015-06-30": 1.231, "2015-03-31": "0.38600", "2014-12-31": 103.555, "2014-09-30": 0.225, "2014-06-30": 138.112, "2014-03-31": "0.08800", "2013-12-31": 0.321, "2013-09-30": 0.72, "2013-06-30": 73.959, "2013-03-31": "0.09000", "2012-12-31": 0.665, "2012-09-30": 57.981, "2012-06-30": 0.222, "2012-03-31": "1.64200", "2011-12-31": 27.344, "2011-09-30": 0.331, "2011-06-30": 0.211, "2011-03-31": "0.01400", "2010-12-31": 64.903, "2010-09-30": 0, "2010-06-30": 17.743, "2010-03-31": "0.14700", "2009-12-31": 0.005, "2009-09-30": 0.654, "2009-06-30": 8.121, "2009-03-31": "5.96400", "2008-12-31": 0.001, "2008-09-30": 0, "2008-06-30": 0, "2008-03-31": "0.00600", "2007-12-31": 0.254, "2007-09-30": 0.017, "2007-06-30": 0, "2007-03-31": "0.01500", "2006-12-31": 0.134, "2006-09-30": 0.048, "2006-06-30": 0.018, "2006-03-31": "0.05300", "2005-12-31": -0.001, "2005-09-30": 0.065, "2005-06-30": 0.005, "2005-03-31": "0.06800"}, "Total Common And Preferred Stock Dividends Paid": {"2020-09-30": 0, "2020-06-30": 0, "2020-03-31": "", "2019-12-31": 0, "2019-09-30": 0, "2019-06-30": 0, "2019-03-31": "", "2018-12-31": 0, "2018-09-30": 0, "2018-06-30": 0, "2018-03-31": "", "2017-12-31": 0, "2017-09-30": 0, "2017-06-30": 0, "2017-03-31": "", "2016-12-31": 0, "2016-09-30": 0, "2016-06-30": 0, "2016-03-31": "", "2015-12-31": 0, "2015-09-30": 0, "2015-06-30": 0, "2015-03-31": "", "2014-12-31": 0, "2014-09-30": 0, "2014-06-30": 0, "2014-03-31": "", "2013-12-31": 0, "2013-09-30": 0, "2013-06-30": 0, "2013-03-31": "", "2012-12-31": 0, "2012-09-30": 0, "2012-06-30": 0, "2012-03-31": "", "2011-12-31": 0, "2011-09-30": 0, "2011-06-30": 0, "2011-03-31": "", "2010-12-31": 0, "2010-09-30": 0, "2010-06-30": 0, "2010-03-31": "", "2009-12-31": 0, "2009-09-30": 0, "2009-06-30": 0, "2009-03-31": "", "2008-12-31": 0, "2008-09-30": 0, "2008-06-30": 0, "2008-03-31": "", "2007-12-31": 0, "2007-09-30": 0, "2007-06-30": 0, "2007-03-31": "", "2006-12-31": 0, "2006-09-30": 0, "2006-06-30": 0, "2006-03-31": "", "2005-12-31": 0, "2005-09-30": 0, "2005-06-30": 0, "2005-03-31": ""}, "Financial Activities - Other": {"2020-09-30": -0.312, "2020-06-30": -0.313, "2020-03-31": "-0.31300", "2019-12-31": -0.033, "2019-09-30": -0.409, "2019-06-30": 0.024, "2019-03-31": "0.29500", "2018-12-31": 2.185, "2018-09-30": 22.923, "2018-06-30": 1.073, "2018-03-31": "", "2017-12-31": -0.376, "2017-09-30": 0, "2017-06-30": 0, "2017-03-31": "", "2016-12-31": 0, "2016-09-30": 0, "2016-06-30": 0, "2016-03-31": "", "2015-12-31": 0, "2015-09-30": 0, "2015-06-30": 0, "2015-03-31": "", "2014-12-31": 2.399, "2014-09-30": 0, "2014-06-30": 0, "2014-03-31": "", "2013-12-31": 0, "2013-09-30": 0, "2013-06-30": 0, "2013-03-31": "", "2012-12-31": 0, "2012-09-30": 0, "2012-06-30": 0, "2012-03-31": "", "2011-12-31": 0, "2011-09-30": 0, "2011-06-30": 0, "2011-03-31": "", "2010-12-31": 0, "2010-09-30": 0.5, "2010-06-30": 0, "2010-03-31": "", "2009-12-31": 0, "2009-09-30": 0.15, "2009-06-30": -0.05, "2009-03-31": "", "2008-12-31": 0, "2008-09-30": 0.1, "2008-06-30": 0, "2008-03-31": "", "2007-12-31": 0, "2007-09-30": 0.1, "2007-06-30": 0, "2007-03-31": "", "2006-12-31": 0, "2006-09-30": 0.2, "2006-06-30": 0.021, "2006-03-31": "-0.00100", "2005-12-31": -0.005, "2005-09-30": 0, "2005-06-30": -0.001, "2005-03-31": "0.00100"}, "Cash Flow From Financial Activities": {"2020-09-30": 4.158, "2020-06-30": 16.124, "2020-03-31": "979.48000", "2019-12-31": 6.624, "2019-09-30": 0.98, "2019-06-30": 5.451, "2019-03-31": "240.12600", "2018-12-31": 9.354, "2018-09-30": 19.074, "2018-06-30": 233.277, "2018-03-31": "672.43700", "2017-12-31": 2.718, "2017-09-30": 2.46, "2017-06-30": 255.775, "2017-03-31": "0.00300", "2016-12-31": 3.366, "2016-09-30": 144.706, "2016-06-30": 1.267, "2016-03-31": "0.24700", "2015-12-31": 2.509, "2015-09-30": 174.166, "2015-06-30": 4.795, "2015-03-31": "0.29500", "2014-12-31": 105.865, "2014-09-30": 0.136, "2014-06-30": 138.025, "2014-03-31": "0.00200", "2013-12-31": 0.236, "2013-09-30": 0.636, "2013-06-30": 73.877, "2013-03-31": "0.00800", "2012-12-31": 0.558, "2012-09-30": 57.981, "2012-06-30": 0.222, "2012-03-31": "1.64200", "2011-12-31": 27.344, "2011-09-30": 0.331, "2011-06-30": 0.211, "2011-03-31": "0.01400", "2010-12-31": 64.903, "2010-09-30": 1.434, "2010-06-30": 17.743, "2010-03-31": "1.10900", "2009-12-31": 1.005, "2009-09-30": 0.804, "2009-06-30": 8.071, "2009-03-31": "22.61400", "2008-12-31": 0.001, "2008-09-30": 0.1, "2008-06-30": 0, "2008-03-31": "0.00600", "2007-12-31": 0.254, "2007-09-30": 0.117, "2007-06-30": 0, "2007-03-31": "0.01500", "2006-12-31": 0.134, "2006-09-30": 0.248, "2006-06-30": 0.039, "2006-03-31": "0.05200", "2005-12-31": -0.006, "2005-09-30": 0.065, "2005-06-30": 0.004, "2005-03-31": "0.06900"}, "Net Cash Flow": {"2020-09-30": 102.761, "2020-06-30": 2.874, "2020-03-31": "523.80600", "2019-12-31": -856.806, "2019-09-30": 829.276, "2019-06-30": -80.142, "2019-03-31": "124.77000", "2018-12-31": -1.275, "2018-09-30": -63.957, "2018-06-30": 76.967, "2018-03-31": "71.20400", "2017-12-31": 26.654, "2017-09-30": -129.57, "2017-06-30": 141.201, "2017-03-31": "-9.71500", "2016-12-31": -14.524, "2016-09-30": 14.435, "2016-06-30": -3.141, "2016-03-31": "11.01600", "2015-12-31": 9.613, "2015-09-30": -2.243, "2015-06-30": -6.914, "2015-03-31": "-17.45200", "2014-12-31": 30.302, "2014-09-30": 7.121, "2014-06-30": 2.902, "2014-03-31": "4.95500", "2013-12-31": 3.141, "2013-09-30": -11.808, "2013-06-30": 13.465, "2013-03-31": "-5.29200", "2012-12-31": 0.685, "2012-09-30": 6.634, "2012-06-30": -6.266, "2012-03-31": "-23.48900", "2011-12-31": 30.786, "2011-09-30": -33.269, "2011-06-30": -33.809, "2011-03-31": "-6.67900", "2010-12-31": 57.937, "2010-09-30": -3.417, "2010-06-30": 6.061, "2010-03-31": "-3.75300", "2009-12-31": -0.855, "2009-09-30": 10.491, "2009-06-30": 8.693, "2009-03-31": "-1.34200", "2008-12-31": -1.132, "2008-09-30": 0.565, "2008-06-30": 1.505, "2008-03-31": "-0.48700", "2007-12-31": -2.678, "2007-09-30": 3.329, "2007-06-30": -0.017, "2007-03-31": "-0.97900", "2006-12-31": -2.36, "2006-09-30": -5.641, "2006-06-30": 3.462, "2006-03-31": "-2.61700", "2005-12-31": -4.122, "2005-09-30": -0.501, "2005-06-30": 8.292, "2005-03-31": "-3.75900"}, "Stock-Based Compensation": {"2020-09-30": 41.476, "2020-06-30": 40.039, "2020-03-31": "29.56000", "2019-12-31": 47.826, "2019-09-30": 24.348, "2019-06-30": 20.143, "2019-03-31": "16.16600", "2018-12-31": 15.71, "2018-09-30": 16.498, "2018-06-30": 15.593, "2018-03-31": "12.46300", "2017-12-31": 12.51, "2017-09-30": 10.778, "2017-06-30": 6.095, "2017-03-31": "6.12900", "2016-12-31": 6.959, "2016-09-30": 6.166, "2016-06-30": 4.507, "2016-03-31": "6.10000", "2015-12-31": 4.902, "2015-09-30": 4.98, "2015-06-30": 4.548, "2015-03-31": "3.62000", "2014-12-31": 2.877, "2014-09-30": 4.165, "2014-06-30": 2.483, "2014-03-31": "1.99500", "2013-12-31": 2.084, "2013-09-30": 1.849, "2013-06-30": 2.856, "2013-03-31": "0.95500", "2012-12-31": 1.469, "2012-09-30": 1.565, "2012-06-30": 1.424, "2012-03-31": "1.03500", "2011-12-31": 1.257, "2011-09-30": 1.155, "2011-06-30": 0.866, "2011-03-31": "0.68600", "2010-12-31": 0.446, "2010-09-30": 0.64, "2010-06-30": 0.508, "2010-03-31": "0.52700", "2009-12-31": 0.673, "2009-09-30": 0.624, "2009-06-30": 0.711, "2009-03-31": "0.62300", "2008-12-31": 0.215, "2008-09-30": 0.265, "2008-06-30": 0.229, "2008-03-31": "0.30100", "2007-12-31": 0.301, "2007-09-30": 1.376, "2007-06-30": 0.72, "2007-03-31": "0.40900", "2006-12-31": 0.561, "2006-09-30": 0.668, "2006-06-30": 0.71, "2006-03-31": "1.06700", "2005-12-31": 0.231, "2005-09-30": -0.081, "2005-06-30": 0.052, "2005-03-31": "0.30300"}, "Common Stock Dividends Paid": {"2020-09-30": 0, "2020-06-30": 0, "2020-03-31": "", "2019-12-31": 0, "2019-09-30": 0, "2019-06-30": 0, "2019-03-31": "", "2018-12-31": 0, "2018-09-30": 0, "2018-06-30": 0, "2018-03-31": "", "2017-12-31": 0, "2017-09-30": 0, "2017-06-30": 0, "2017-03-31": "", "2016-12-31": 0, "2016-09-30": 0, "2016-06-30": 0, "2016-03-31": "", "2015-12-31": 0, "2015-09-30": 0, "2015-06-30": 0, "2015-03-31": "", "2014-12-31": 0, "2014-09-30": 0, "2014-06-30": 0, "2014-03-31": "", "2013-12-31": 0, "2013-09-30": 0, "2013-06-30": 0, "2013-03-31": "", "2012-12-31": 0, "2012-09-30": 0, "2012-06-30": 0, "2012-03-31": "", "2011-12-31": 0, "2011-09-30": 0, "2011-06-30": 0, "2011-03-31": "", "2010-12-31": 0, "2010-09-30": 0, "2010-06-30": 0, "2010-03-31": "", "2009-12-31": 0, "2009-09-30": 0, "2009-06-30": 0, "2009-03-31": "", "2008-12-31": 0, "2008-09-30": 0, "2008-06-30": 0, "2008-03-31": "", "2007-12-31": 0, "2007-09-30": 0, "2007-06-30": 0, "2007-03-31": "", "2006-12-31": 0, "2006-09-30": 0, "2006-06-30": 0, "2006-03-31": "", "2005-12-31": 0, "2005-09-30": 0, "2005-06-30": 0, "2005-03-31": ""}}, "financial ratios": {"Current Ratio": {"2019-12-31": "2.35510", "2018-12-31": "9.01870", "2017-12-31": "7.15190", "2016-12-31": "10.86840", "2015-12-31": "12.19410", "2014-12-31": "16.64730", "2013-12-31": "17.47390", "2012-12-31": "9.49050", "2011-12-31": "11.83340", "2010-12-31": "13.36420", "2009-12-31": "3.87860", "2008-12-31": "1.01910", "2007-12-31": "2.91920", "2006-12-31": "3.37170", "2005-12-31": "5.42380"}, "Long-term Debt / Capital": {"2019-12-31": "0.26560", "2018-12-31": "0.50300", "2017-12-31": "0.00810", "2016-12-31": "0.01560", "2015-12-31": "0.01760", "2014-12-31": "0.00900", "2013-12-31": "0.02500", "2012-12-31": "0.01710", "2011-12-31": "0.01180", "2010-12-31": "0.01240", "2009-12-31": "0.14100", "2008-12-31": "", "2007-12-31": "", "2006-12-31": "", "2005-12-31": ""}, "Debt/Equity Ratio": {"2019-12-31": "0.36210", "2018-12-31": "1.01220", "2017-12-31": "0.00860", "2016-12-31": "0.01640", "2015-12-31": "0.01840", "2014-12-31": "0.01030", "2013-12-31": "0.03230", "2012-12-31": "0.02070", "2011-12-31": "0.01200", "2010-12-31": "0.01250", "2009-12-31": "0.16410", "2008-12-31": "", "2007-12-31": "", "2006-12-31": "", "2005-12-31": ""}, "Gross Margin": {"2019-12-31": "75.26890", "2018-12-31": "74.33360", "2017-12-31": "70.56080", "2016-12-31": "54.52120", "2015-12-31": "37.87310", "2014-12-31": "-140.54500", "2013-12-31": "100.00000", "2012-12-31": "100.00000", "2011-12-31": "99.42350", "2010-12-31": "99.55090", "2009-12-31": "99.57970", "2008-12-31": "100.11530", "2007-12-31": "97.27480", "2006-12-31": "82.96840", "2005-12-31": "86.68240"}, "Operating Margin": {"2019-12-31": "-26.67850", "2018-12-31": "-35.09010", "2017-12-31": "-44.47930", "2016-12-31": "-170.07730", "2015-12-31": "-403.34710", "2014-12-31": "-5591.71400", "2013-12-31": "-1128.40200", "2012-12-31": "-1270.31800", "2011-12-31": "-692.36130", "2010-12-31": "-221.29490", "2009-12-31": "-194.34640", "2008-12-31": "1150.28800", "2007-12-31": "-714.51610", "2006-12-31": "-298.25260", "2005-12-31": "-367.85880"}, "EBIT Margin": {"2019-12-31": "-26.67850", "2018-12-31": "-35.09010", "2017-12-31": "-44.47930", "2016-12-31": "-170.07730", "2015-12-31": "-403.34710", "2014-12-31": "-5591.71400", "2013-12-31": "-1128.40200", "2012-12-31": "-1270.31800", "2011-12-31": "-692.36130", "2010-12-31": "-221.29490", "2009-12-31": "-194.34640", "2008-12-31": "1150.28800", "2007-12-31": "-714.51610", "2006-12-31": "-298.25260", "2005-12-31": "-367.85880"}, "EBITDA Margin": {"2019-12-31": "-16.98610", "2018-12-31": "-25.02590", "2017-12-31": "-39.20720", "2016-12-31": "-158.99710", "2015-12-31": "-381.68220", "2014-12-31": "-5354.89500", "2013-12-31": "-1178.83700", "2012-12-31": "-1333.71100", "2011-12-31": "-773.36050", "2010-12-31": "-315.81210", "2009-12-31": "-290.14290", "2008-12-31": "1233.91000", "2007-12-31": "-839.32140", "2006-12-31": "-361.57890", "2005-12-31": "-436.70590"}, "Pre-Tax Profit Margin": {"2019-12-31": "-30.68050", "2018-12-31": "-38.51960", "2017-12-31": "-43.07850", "2016-12-31": "-168.26090", "2015-12-31": "-400.13940", "2014-12-31": "-5564.40500", "2013-12-31": "-1122.44200", "2012-12-31": "-1264.98600", "2011-12-31": "-688.80610", "2010-12-31": "-216.24250", "2009-12-31": "-191.84530", "2008-12-31": "1123.52900", "2007-12-31": "-665.12790", "2006-12-31": "-271.89470", "2005-12-31": "-341.64710"}, "Net Profit Margin": {"2019-12-31": "-9.58500", "2018-12-31": "-38.53990", "2017-12-31": "-43.00820", "2016-12-31": "-168.26090", "2015-12-31": "-400.13940", "2014-12-31": "-5564.40500", "2013-12-31": "-1122.44200", "2012-12-31": "-1264.98600", "2011-12-31": "-688.80610", "2010-12-31": "-216.24250", "2009-12-31": "-191.84530", "2008-12-31": "1123.52900", "2007-12-31": "-665.12790", "2006-12-31": "-271.89470", "2005-12-31": "-341.64710"}, "Asset Turnover": {"2019-12-31": "0.25000", "2018-12-31": "0.29820", "2017-12-31": "0.44440", "2016-12-31": "0.26360", "2015-12-31": "0.10830", "2014-12-31": "0.00570", "2013-12-31": "0.02830", "2012-12-31": "0.03700", "2011-12-31": "0.04290", "2010-12-31": "0.05540", "2009-12-31": "0.18460", "2008-12-31": "-0.14700", "2007-12-31": "0.12320", "2006-12-31": "0.19900", "2005-12-31": "0.11230"}, "Inventory Turnover Ratio": {"2019-12-31": "3.51110", "2018-12-31": "2.97960", "2017-12-31": "3.00860", "2016-12-31": "6.61420", "2015-12-31": "3.66950", "2014-12-31": "1.07670", "2013-12-31": "", "2012-12-31": "", "2011-12-31": "", "2010-12-31": "", "2009-12-31": "", "2008-12-31": "", "2007-12-31": "", "2006-12-31": "", "2005-12-31": ""}, "Receiveable Turnover": {"2019-12-31": "6.70630", "2018-12-31": "10.02590", "2017-12-31": "10.06810", "2016-12-31": "11.65560", "2015-12-31": "7.99450", "2014-12-31": "1.30670", "2013-12-31": "", "2012-12-31": "", "2011-12-31": "", "2010-12-31": "", "2009-12-31": "", "2008-12-31": "", "2007-12-31": "", "2006-12-31": "", "2005-12-31": ""}, "Days Sales In Receivables": {"2019-12-31": "54.42640", "2018-12-31": "36.40590", "2017-12-31": "36.25310", "2016-12-31": "31.31530", "2015-12-31": "45.65620", "2014-12-31": "279.33260", "2013-12-31": "", "2012-12-31": "", "2011-12-31": "", "2010-12-31": "", "2009-12-31": "", "2008-12-31": "", "2007-12-31": "", "2006-12-31": "", "2005-12-31": ""}, "ROE - Return On Equity": {"2019-12-31": "-3.67090", "2018-12-31": "-25.72160", "2017-12-31": "-21.98180", "2016-12-31": "-49.86980", "2015-12-31": "-48.27910", "2014-12-31": "-34.62060", "2013-12-31": "-34.37440", "2012-12-31": "-53.16800", "2011-12-31": "-34.34340", "2010-12-31": "-14.48960", "2009-12-31": "-149.78700", "2008-12-31": "400.37010", "2007-12-31": "-190.18770", "2006-12-31": "-86.34180", "2005-12-31": "-58.97400"}, "Return On Tangible Equity": {"2019-12-31": "143.12270", "2018-12-31": "-27.59730", "2017-12-31": "-23.05400", "2016-12-31": "-50.10140", "2015-12-31": "-48.27910", "2014-12-31": "-34.62060", "2013-12-31": "-34.37440", "2012-12-31": "-53.16800", "2011-12-31": "-34.34340", "2010-12-31": "-14.48960", "2009-12-31": "-149.78670", "2008-12-31": "385.32430", "2007-12-31": "-204.21790", "2006-12-31": "-90.98270", "2005-12-31": "-62.58080"}, "ROA - Return On Assets": {"2019-12-31": "-2.39590", "2018-12-31": "-11.49260", "2017-12-31": "-19.11200", "2016-12-31": "-44.34830", "2015-12-31": "-43.34890", "2014-12-31": "-31.98220", "2013-12-31": "-31.72270", "2012-12-31": "-46.75480", "2011-12-31": "-29.57620", "2010-12-31": "-11.97330", "2009-12-31": "-35.42100", "2008-12-31": "-165.15770", "2007-12-31": "-81.93900", "2006-12-31": "-54.11010", "2005-12-31": "-38.36700"}, "ROI - Return On Investment": {"2019-12-31": "-2.69580", "2018-12-31": "-12.78290", "2017-12-31": "-21.80290", "2016-12-31": "-49.09110", "2015-12-31": "-47.43020", "2014-12-31": "-34.31030", "2013-12-31": "-33.51370", "2012-12-31": "-52.26110", "2011-12-31": "-33.93690", "2010-12-31": "-14.31010", "2009-12-31": "-128.67210", "2008-12-31": "400.36990", "2007-12-31": "-190.18770", "2006-12-31": "-86.34180", "2005-12-31": "-58.97400"}, "Book Value Per Share": {"2019-12-31": "15.49900", "2018-12-31": "5.52740", "2017-12-31": "4.31890", "2016-12-31": "3.04160", "2015-12-31": "3.38100", "2014-12-31": "3.26070", "2013-12-31": "1.90390", "2012-12-31": "1.54270", "2011-12-31": "1.47450", "2010-12-31": "1.52890", "2009-12-31": "0.17160", "2008-12-31": "-0.08870", "2007-12-31": "0.23170", "2006-12-31": "0.55860", "2005-12-31": "0.93430"}, "Operating Cash Flow Per Share": {"2019-12-31": -0.3089, "2018-12-31": 0.0527, "2017-12-31": 0.651, "2016-12-31": 0.1836, "2015-12-31": -0.4393, "2014-12-31": -0.4185, "2013-12-31": 0.1517, "2012-12-31": -0.2255, "2011-12-31": -0.1908, "2010-12-31": 0.0533, "2009-12-31": -0.095, "2008-12-31": 0.0349, "2007-12-31": 0.1331, "2006-12-31": 0.1499, "2005-12-31": -0.6084}, "Free Cash Flow Per Share": {"2019-12-31": -0.3896, "2018-12-31": -0.7564, "2017-12-31": 0.377, "2016-12-31": 0.2565, "2015-12-31": -0.5079, "2014-12-31": -0.4383, "2013-12-31": 0.0336, "2012-12-31": -0.1967, "2011-12-31": -0.2156, "2010-12-31": 0.0519, "2009-12-31": -0.1191, "2008-12-31": 0.0475, "2007-12-31": 0.1361, "2006-12-31": 0.1529, "2005-12-31": -0.617}}, "financial ratios, quarterly": {"Current Ratio": {"2020-09-30": "6.35450", "2020-06-30": "6.77030", "2020-03-31": "6.09370", "2019-12-31": "2.35510", "2019-09-30": "2.74600", "2019-06-30": "2.79170", "2019-03-31": "8.39290", "2018-12-31": "9.01870", "2018-09-30": "12.08210", "2018-06-30": "15.79400", "2018-03-31": "15.30060", "2017-12-31": "7.15190", "2017-09-30": "10.33810", "2017-06-30": "16.81310", "2017-03-31": "10.22770", "2016-12-31": "10.86840", "2016-09-30": "11.94350", "2016-06-30": "8.70640", "2016-03-31": "11.51200", "2015-12-31": "12.19410", "2015-09-30": "15.28250", "2015-06-30": "11.92010", "2015-03-31": "17.68770", "2014-12-31": "16.64730", "2014-09-30": "12.90830", "2014-06-30": "24.32100", "2014-03-31": "13.15750", "2013-12-31": "17.47390", "2013-09-30": "17.49530", "2013-06-30": "19.80500", "2013-03-31": "10.53450", "2012-12-31": "9.49050", "2012-09-30": "12.46610", "2012-06-30": "8.47460", "2012-03-31": "11.10950", "2011-12-31": "11.83340", "2011-09-30": "10.33010", "2011-06-30": "11.89910", "2011-03-31": "14.13140", "2010-12-31": "13.36420", "2010-09-30": "4.66700", "2010-06-30": "5.05760", "2010-03-31": "3.17110", "2009-12-31": "3.87860", "2009-09-30": "3.72250", "2009-06-30": "3.83740", "2009-03-31": "2.93670", "2008-12-31": "1.01910", "2008-09-30": "1.03570", "2008-06-30": "1.54710", "2008-03-31": "1.90060", "2007-12-31": "2.91920", "2007-09-30": "3.91880", "2007-06-30": "4.99390", "2007-03-31": "3.04460", "2006-12-31": "3.37170", "2006-09-30": "4.09000", "2006-06-30": "4.46460", "2006-03-31": "5.18640", "2005-12-31": "5.42380", "2005-09-30": "6.31940", "2005-06-30": "6.93420", "2005-03-31": "7.84690"}, "Long-term Debt / Capital": {"2020-09-30": "0.40300", "2020-06-30": "0.38280", "2020-03-31": "0.37370", "2019-12-31": "0.26560", "2019-09-30": "0.40090", "2019-06-30": "0.39220", "2019-03-31": "0.50580", "2018-12-31": "0.50300", "2018-09-30": "0.48440", "2018-06-30": "0.46570", "2018-03-31": "0.41680", "2017-12-31": "0.00810", "2017-09-30": "0.00890", "2017-06-30": "0.00900", "2017-03-31": "0.01630", "2016-12-31": "0.01560", "2016-09-30": "0.01500", "2016-06-30": "0.02230", "2016-03-31": "0.02000", "2015-12-31": "0.01760", "2015-09-30": "0.01290", "2015-06-30": "0.02100", "2015-03-31": "0.00950", "2014-12-31": "0.00900", "2014-09-30": "0.01240", "2014-06-30": "0.01230", "2014-03-31": "0.02600", "2013-12-31": "0.02500", "2013-09-30": "0.01240", "2013-06-30": "0.00990", "2013-03-31": "0.01790", "2012-12-31": "0.01710", "2012-09-30": "0.01600", "2012-06-30": "0.01540", "2012-03-31": "0.01300", "2011-12-31": "0.01180", "2011-09-30": "0.01520", "2011-06-30": "0.01390", "2011-03-31": "0.01290", "2010-12-31": "0.01240", "2010-09-30": "0.05320", "2010-06-30": "0.04640", "2010-03-31": "0.17430", "2009-12-31": "0.14100", "2009-09-30": "", "2009-06-30": "", "2009-03-31": "", "2008-12-31": "", "2008-09-30": "", "2008-06-30": "", "2008-03-31": "", "2007-12-31": "", "2007-09-30": "", "2007-06-30": "", "2007-03-31": "", "2006-12-31": "", "2006-09-30": "", "2006-06-30": "", "2006-03-31": "", "2005-12-31": "", "2005-09-30": "", "2005-06-30": "", "2005-03-31": ""}, "Debt/Equity Ratio": {"2020-09-30": "0.67560", "2020-06-30": "0.62070", "2020-03-31": "0.60640", "2019-12-31": "0.36210", "2019-09-30": "1.09190", "2019-06-30": "1.05290", "2019-03-31": "1.02370", "2018-12-31": "1.01220", "2018-09-30": "0.93960", "2018-06-30": "0.87780", "2018-03-31": "0.71480", "2017-12-31": "0.00860", "2017-09-30": "0.00930", "2017-06-30": "0.00940", "2017-03-31": "0.01710", "2016-12-31": "0.01640", "2016-09-30": "0.01570", "2016-06-30": "0.02350", "2016-03-31": "0.02100", "2015-12-31": "0.01840", "2015-09-30": "0.01370", "2015-06-30": "0.02630", "2015-03-31": "0.01280", "2014-12-31": "0.01030", "2014-09-30": "0.01720", "2014-06-30": "0.01620", "2014-03-31": "0.03400", "2013-12-31": "0.03230", "2013-09-30": "0.01840", "2013-06-30": "0.01220", "2013-03-31": "0.02200", "2012-12-31": "0.02070", "2012-09-30": "0.01940", "2012-06-30": "0.01560", "2012-03-31": "0.01320", "2011-12-31": "0.01200", "2011-09-30": "0.01550", "2011-06-30": "0.01410", "2011-03-31": "0.01310", "2010-12-31": "0.01250", "2010-09-30": "0.05620", "2010-06-30": "0.04870", "2010-03-31": "0.21110", "2009-12-31": "0.16410", "2009-09-30": "", "2009-06-30": "", "2009-03-31": "", "2008-12-31": "", "2008-09-30": "", "2008-06-30": "", "2008-03-31": "", "2007-12-31": "", "2007-09-30": "", "2007-06-30": "", "2007-03-31": "", "2006-12-31": "", "2006-09-30": "", "2006-06-30": "", "2006-03-31": "", "2005-12-31": "", "2005-09-30": "", "2005-06-30": "", "2005-03-31": ""}, "Gross Margin": {"2020-09-30": "76.72150", "2020-06-30": "71.02970", "2020-03-31": "76.53790", "2019-12-31": "76.17660", "2019-09-30": "76.08140", "2019-06-30": "74.41390", "2019-03-31": "73.57060", "2018-12-31": "74.24690", "2018-09-30": "74.62190", "2018-06-30": "73.86830", "2018-03-31": "74.62350", "2017-12-31": "74.13910", "2017-09-30": "71.43740", "2017-06-30": "68.79060", "2017-03-31": "64.88850", "2016-12-31": "60.65660", "2016-09-30": "56.69930", "2016-06-30": "52.33890", "2016-03-31": "38.93500", "2015-12-31": "46.83080", "2015-09-30": "40.40530", "2015-06-30": "37.25830", "2015-03-31": "1.26580", "2014-12-31": "-126.13030", "2014-09-30": "", "2014-06-30": "", "2014-03-31": "100.00000", "2013-12-31": "100.00000", "2013-09-30": "100.00000", "2013-06-30": "100.00000", "2013-03-31": "100.00000", "2012-12-31": "100.00000", "2012-09-30": "100.00000", "2012-06-30": "100.00000", "2012-03-31": "100.00000", "2011-12-31": "99.42420", "2011-09-30": "99.42250", "2011-06-30": "99.42420", "2011-03-31": "99.42310", "2010-12-31": "99.56370", "2010-09-30": "99.55750", "2010-06-30": "99.54340", "2010-03-31": "99.53810", "2009-12-31": "99.43730", "2009-09-30": "99.60190", "2009-06-30": "99.36410", "2009-03-31": "100.00000", "2008-12-31": "100.00000", "2008-09-30": "100.00000", "2008-06-30": "100.00000", "2008-03-31": "98.03920", "2007-12-31": "100.00000", "2007-09-30": "59.29200", "2007-06-30": "99.91030", "2007-03-31": "99.82910", "2006-12-31": "97.79660", "2006-09-30": "91.16880", "2006-06-30": "92.38330", "2006-03-31": "50.75380", "2005-12-31": "95.44310", "2005-09-30": "72.21760", "2005-06-30": "78.81220", "2005-03-31": "96.15080"}, "Operating Margin": {"2020-09-30": "-49.79270", "2020-06-30": "-24.92260", "2020-03-31": "-23.68260", "2019-12-31": "-32.50610", "2019-09-30": "-16.32780", "2019-06-30": "-16.96200", "2019-03-31": "-42.00980", "2018-12-31": "-34.49130", "2018-09-30": "-34.59690", "2018-06-30": "-31.78220", "2018-03-31": "-40.45360", "2017-12-31": "-26.30130", "2017-09-30": "-39.14760", "2017-06-30": "-54.50340", "2017-03-31": "-73.38460", "2016-12-31": "-107.00600", "2016-09-30": "-136.16930", "2016-06-30": "-213.06110", "2016-03-31": "-322.78400", "2015-12-31": "-280.30510", "2015-09-30": "-342.54280", "2015-06-30": "-484.86270", "2015-03-31": "-844.16320", "2014-12-31": "-2166.42300", "2014-09-30": "", "2014-06-30": "", "2014-03-31": "-5502.72100", "2013-12-31": "-1183.97700", "2013-09-30": "-1085.61800", "2013-06-30": "-1192.18100", "2013-03-31": "-1051.83400", "2012-12-31": "-1355.40500", "2012-09-30": "-1255.59800", "2012-06-30": "-1437.25900", "2012-03-31": "-1033.01100", "2011-12-31": "-953.55080", "2011-09-30": "-754.86040", "2011-06-30": "-637.42800", "2011-03-31": "-423.26930", "2010-12-31": "-278.03650", "2010-09-30": "-250.44250", "2010-06-30": "-189.04110", "2010-03-31": "-163.43340", "2009-12-31": "-149.11570", "2009-09-30": "-85.66880", "2009-06-30": "-194.19710", "2009-03-31": "-387.30000", "2008-12-31": "1933.02700", "2008-09-30": "460.03020", "2008-06-30": "1489.04100", "2008-03-31": "-5180.39300", "2007-12-31": "699.99980", "2007-09-30": "-3898.23000", "2007-06-30": "-185.02240", "2007-03-31": "-186.23930", "2006-12-31": "-230.84740", "2006-09-30": "-294.63200", "2006-06-30": "-291.48240", "2006-03-31": "-375.29310", "2005-12-31": "-254.17720", "2005-09-30": "-299.49790", "2005-06-30": "-676.08340", "2005-03-31": "-387.40980"}, "EBIT Margin": {"2020-09-30": "-49.79270", "2020-06-30": "-24.92260", "2020-03-31": "-23.68260", "2019-12-31": "-32.50610", "2019-09-30": "-16.32780", "2019-06-30": "-16.96200", "2019-03-31": "-42.00980", "2018-12-31": "-34.49130", "2018-09-30": "-34.59690", "2018-06-30": "-31.78220", "2018-03-31": "-40.45360", "2017-12-31": "-26.30140", "2017-09-30": "-39.14760", "2017-06-30": "-54.50340", "2017-03-31": "-73.38460", "2016-12-31": "-107.00600", "2016-09-30": "-136.16930", "2016-06-30": "-213.06110", "2016-03-31": "-322.78400", "2015-12-31": "-280.30510", "2015-09-30": "-342.54280", "2015-06-30": "-484.86270", "2015-03-31": "-844.16320", "2014-12-31": "-2166.42300", "2014-09-30": "", "2014-06-30": "", "2014-03-31": "-5502.72100", "2013-12-31": "-1183.97700", "2013-09-30": "-1085.61800", "2013-06-30": "-1192.18100", "2013-03-31": "-1051.83400", "2012-12-31": "-1355.40500", "2012-09-30": "-1255.59800", "2012-06-30": "-1437.25900", "2012-03-31": "-1033.01100", "2011-12-31": "-953.55070", "2011-09-30": "-754.86040", "2011-06-30": "-637.42800", "2011-03-31": "-423.26930", "2010-12-31": "-278.03640", "2010-09-30": "-250.44250", "2010-06-30": "-189.04110", "2010-03-31": "-163.43340", "2009-12-31": "-149.11570", "2009-09-30": "-85.66880", "2009-06-30": "-194.19710", "2009-03-31": "-387.30000", "2008-12-31": "1933.02700", "2008-09-30": "460.03020", "2008-06-30": "1489.04100", "2008-03-31": "-5180.39300", "2007-12-31": "699.99990", "2007-09-30": "-3898.23000", "2007-06-30": "-185.02240", "2007-03-31": "-186.23930", "2006-12-31": "-230.84750", "2006-09-30": "-294.63200", "2006-06-30": "-291.48240", "2006-03-31": "-375.29310", "2005-12-31": "-254.17710", "2005-09-30": "-299.49790", "2005-06-30": "-676.08340", "2005-03-31": "-387.40980"}, "EBITDA Margin": {"2020-09-30": "", "2020-06-30": "", "2020-03-31": "", "2019-12-31": "", "2019-09-30": "", "2019-06-30": "", "2019-03-31": "", "2018-12-31": "", "2018-09-30": "", "2018-06-30": "", "2018-03-31": "", "2017-12-31": "", "2017-09-30": "", "2017-06-30": "", "2017-03-31": "", "2016-12-31": "", "2016-09-30": "", "2016-06-30": "", "2016-03-31": "", "2015-12-31": "", "2015-09-30": "", "2015-06-30": "", "2015-03-31": "", "2014-12-31": "", "2014-09-30": "", "2014-06-30": "", "2014-03-31": "", "2013-12-31": "", "2013-09-30": "", "2013-06-30": "", "2013-03-31": "", "2012-12-31": "", "2012-09-30": "", "2012-06-30": "", "2012-03-31": "", "2011-12-31": "", "2011-09-30": "", "2011-06-30": "", "2011-03-31": "", "2010-12-31": "", "2010-09-30": "", "2010-06-30": "", "2010-03-31": "", "2009-12-31": "", "2009-09-30": "", "2009-06-30": "", "2009-03-31": "", "2008-12-31": "", "2008-09-30": "", "2008-06-30": "", "2008-03-31": "", "2007-12-31": "", "2007-09-30": "", "2007-06-30": "", "2007-03-31": "", "2006-12-31": "", "2006-09-30": "", "2006-06-30": "", "2006-03-31": "", "2005-12-31": "", "2005-09-30": "", "2005-06-30": "", "2005-03-31": ""}, "Pre-Tax Profit Margin": {"2020-09-30": "-54.94960", "2020-06-30": "-32.36120", "2020-03-31": "-30.88630", "2019-12-31": "-36.08390", "2019-09-30": "-18.20890", "2019-06-30": "-19.48520", "2019-03-31": "-51.47340", "2018-12-31": "-37.74420", "2018-09-30": "-38.32670", "2018-06-30": "-35.36460", "2018-03-31": "-43.59550", "2017-12-31": "-24.84960", "2017-09-30": "-37.37980", "2017-06-30": "-53.41220", "2017-03-31": "-72.25770", "2016-12-31": "-105.47370", "2016-09-30": "-134.45850", "2016-06-30": "-211.30520", "2016-03-31": "-320.00670", "2015-12-31": "-277.33000", "2015-09-30": "-339.96990", "2015-06-30": "-481.16770", "2015-03-31": "-839.21720", "2014-12-31": "-2157.18000", "2014-09-30": "", "2014-06-30": "", "2014-03-31": "-5478.57200", "2013-12-31": "-1176.25500", "2013-09-30": "-1077.22000", "2013-06-30": "-1188.61000", "2013-03-31": "-1047.68300", "2012-12-31": "-1350.19300", "2012-09-30": "-1250.19300", "2012-06-30": "-1432.04600", "2012-03-31": "-1027.51000", "2011-12-31": "-950.47980", "2011-09-30": "-748.12320", "2011-06-30": "-635.79650", "2011-03-31": "-420.48080", "2010-12-31": "-259.85460", "2010-09-30": "-249.41000", "2010-06-30": "-188.50840", "2010-03-31": "-163.51040", "2009-12-31": "-149.03530", "2009-09-30": "-82.88220", "2009-06-30": "-190.30210", "2009-03-31": "-383.90000", "2008-12-31": "1934.86300", "2008-09-30": "454.60030", "2008-06-30": "1438.35600", "2008-03-31": "-4937.25500", "2007-12-31": "669.83310", "2007-09-30": "-3712.39000", "2007-06-30": "-163.67710", "2007-03-31": "-164.10260", "2006-12-31": "-205.33890", "2006-09-30": "-266.92640", "2006-06-30": "-265.84770", "2006-03-31": "-348.66000", "2005-12-31": "-227.42630", "2005-09-30": "-275.23010", "2005-06-30": "-634.18940", "2005-03-31": "-367.68250"}, "Net Profit Margin": {"2020-09-30": "-53.84520", "2020-06-30": "-32.03880", "2020-03-31": "-30.38830", "2019-12-31": "26.38010", "2019-09-30": "-18.52110", "2019-06-30": "-19.26350", "2019-03-31": "-51.18330", "2018-12-31": "-37.74910", "2018-09-30": "-38.34950", "2018-06-30": "-35.36360", "2018-03-31": "-43.66090", "2017-12-31": "-24.89990", "2017-09-30": "-37.06150", "2017-06-30": "-53.41220", "2017-03-31": "-72.25770", "2016-12-31": "-105.47370", "2016-09-30": "-134.45850", "2016-06-30": "-211.30520", "2016-03-31": "-320.00670", "2015-12-31": "-277.33000", "2015-09-30": "-339.96990", "2015-06-30": "-481.16770", "2015-03-31": "-839.21710", "2014-12-31": "-2157.18000", "2014-09-30": "", "2014-06-30": "", "2014-03-31": "-5478.57200", "2013-12-31": "-1176.25500", "2013-09-30": "-1077.22000", "2013-06-30": "-1188.61000", "2013-03-31": "-1047.68300", "2012-12-31": "-1350.19300", "2012-09-30": "-1250.19300", "2012-06-30": "-1432.04600", "2012-03-31": "-1027.51000", "2011-12-31": "-950.47980", "2011-09-30": "-748.12320", "2011-06-30": "-635.79650", "2011-03-31": "-420.48080", "2010-12-31": "-259.85460", "2010-09-30": "-249.41000", "2010-06-30": "-188.50840", "2010-03-31": "-163.51040", "2009-12-31": "-149.03540", "2009-09-30": "-82.88220", "2009-06-30": "-190.30210", "2009-03-31": "-383.90000", "2008-12-31": "1934.86300", "2008-09-30": "454.60030", "2008-06-30": "1438.35600", "2008-03-31": "-4937.25500", "2007-12-31": "669.83310", "2007-09-30": "-3712.39000", "2007-06-30": "-163.67710", "2007-03-31": "-164.10260", "2006-12-31": "-205.33890", "2006-09-30": "-266.92640", "2006-06-30": "-265.84770", "2006-03-31": "-348.66000", "2005-12-31": "-227.42630", "2005-09-30": "-275.23010", "2005-06-30": "-634.18940", "2005-03-31": "-367.68250"}, "Asset Turnover": {"2020-09-30": "0.09380", "2020-06-30": "0.06020", "2020-03-31": "0.07800", "2019-12-31": "0.08430", "2019-09-30": "0.12440", "2019-06-30": "0.11220", "2019-03-31": "0.09150", "2018-12-31": "0.09380", "2018-09-30": "0.07840", "2018-06-30": "0.06940", "2018-03-31": "0.07180", "2017-12-31": "0.14600", "2017-09-30": "0.12360", "2017-06-30": "0.09890", "2017-03-31": "0.13810", "2016-12-31": "0.09350", "2016-09-30": "0.06970", "2016-06-30": "0.07340", "2016-03-31": "0.04580", "2015-12-31": "0.03960", "2015-09-30": "0.03210", "2015-06-30": "0.03210", "2015-03-31": "0.01530", "2014-12-31": "0.00480", "2014-09-30": "", "2014-06-30": "", "2014-03-31": "0.00220", "2013-12-31": "0.00710", "2013-09-30": "0.00670", "2013-06-30": "0.00630", "2013-03-31": "0.01040", "2012-12-31": "0.00920", "2012-09-30": "0.00840", "2012-06-30": "0.01360", "2012-03-31": "0.01180", "2011-12-31": "0.01070", "2011-09-30": "0.01320", "2011-06-30": "0.01220", "2011-03-31": "0.01140", "2010-12-31": "0.01420", "2010-09-30": "0.03770", "2010-06-30": "0.03360", "2010-03-31": "0.05390", "2009-12-31": "0.04830", "2009-09-30": "0.04490", "2009-06-30": "0.04350", "2009-03-31": "0.04550", "2008-12-31": "-0.01850", "2008-09-30": "-0.09100", "2008-06-30": "-0.01530", "2008-03-31": "0.00440", "2007-12-31": "-0.04110", "2007-09-30": "0.00670", "2007-06-30": "0.05750", "2007-03-31": "0.05490", "2006-12-31": "0.04940", "2006-09-30": "0.04350", "2006-06-30": "0.04070", "2006-03-31": "0.03580", "2005-12-31": "0.03130", "2005-09-30": "0.02890", "2005-06-30": "0.01360", "2005-03-31": "0.02500"}, "Inventory Turnover Ratio": {"2020-09-30": "1.18200", "2020-06-30": "0.94740", "2020-03-31": "1.17550", "2019-12-31": "1.14080", "2019-09-30": "0.97510", "2019-06-30": "1.07030", "2019-03-31": "0.96740", "2018-12-31": "0.94060", "2018-09-30": "0.77740", "2018-06-30": "0.75940", "2018-03-31": "0.70770", "2017-12-31": "0.86850", "2017-09-30": "1.14750", "2017-06-30": "1.44970", "2017-03-31": "2.16070", "2016-12-31": "2.02910", "2016-09-30": "1.58810", "2016-06-30": "1.20150", "2016-03-31": "1.11060", "2015-12-31": "1.14830", "2015-09-30": "1.24800", "2015-06-30": "0.81180", "2015-03-31": "0.77670", "2014-12-31": "0.84670", "2014-09-30": "0.33980", "2014-06-30": "", "2014-03-31": "", "2013-12-31": "", "2013-09-30": "", "2013-06-30": "", "2013-03-31": "", "2012-12-31": "", "2012-09-30": "", "2012-06-30": "", "2012-03-31": "", "2011-12-31": "", "2011-09-30": "", "2011-06-30": "", "2011-03-31": "", "2010-12-31": "", "2010-09-30": "", "2010-06-30": "", "2010-03-31": "", "2009-12-31": "", "2009-09-30": "", "2009-06-30": "", "2009-03-31": "", "2008-12-31": "", "2008-09-30": "", "2008-06-30": "", "2008-03-31": "", "2007-12-31": "", "2007-09-30": "", "2007-06-30": "", "2007-03-31": "", "2006-12-31": "", "2006-09-30": "", "2006-06-30": "", "2006-03-31": "", "2005-12-31": "", "2005-09-30": "", "2005-06-30": "", "2005-03-31": ""}, "Receiveable Turnover": {"2020-09-30": "1.97650", "2020-06-30": "1.64340", "2020-03-31": "2.48360", "2019-12-31": "2.26200", "2019-09-30": "2.66190", "2019-06-30": "3.12770", "2019-03-31": "2.88870", "2018-12-31": "3.15430", "2018-09-30": "2.82210", "2018-06-30": "2.83700", "2018-03-31": "2.61160", "2017-12-31": "3.30850", "2017-09-30": "2.95580", "2017-06-30": "2.55170", "2017-03-31": "2.98280", "2016-12-31": "4.13340", "2016-09-30": "3.57560", "2016-06-30": "2.84710", "2016-03-31": "2.63920", "2015-12-31": "2.92320", "2015-09-30": "3.00120", "2015-06-30": "3.77450", "2015-03-31": "2.69830", "2014-12-31": "1.09300", "2014-09-30": "", "2014-06-30": "", "2014-03-31": "", "2013-12-31": "", "2013-09-30": "", "2013-06-30": "", "2013-03-31": "", "2012-12-31": "", "2012-09-30": "", "2012-06-30": "", "2012-03-31": "", "2011-12-31": "", "2011-09-30": "", "2011-06-30": "", "2011-03-31": "", "2010-12-31": "", "2010-09-30": "", "2010-06-30": "", "2010-03-31": "", "2009-12-31": "", "2009-09-30": "", "2009-06-30": "", "2009-03-31": "", "2008-12-31": "", "2008-09-30": "", "2008-06-30": "", "2008-03-31": "", "2007-12-31": "", "2007-09-30": "", "2007-06-30": "", "2007-03-31": "", "2006-12-31": "", "2006-09-30": "", "2006-06-30": "", "2006-03-31": "", "2005-12-31": "", "2005-09-30": "", "2005-06-30": "", "2005-03-31": ""}, "Days Sales In Receivables": {"2020-09-30": "45.53430", "2020-06-30": "54.76560", "2020-03-31": "36.23740", "2019-12-31": "39.78700", "2019-09-30": "33.81090", "2019-06-30": "28.77510", "2019-03-31": "31.15560", "2018-12-31": "28.53250", "2018-09-30": "31.89120", "2018-06-30": "31.72310", "2018-03-31": "34.46170", "2017-12-31": "27.20310", "2017-09-30": "30.44850", "2017-06-30": "35.27030", "2017-03-31": "30.17310", "2016-12-31": "21.77410", "2016-09-30": "25.17060", "2016-06-30": "31.61150", "2016-03-31": "34.10110", "2015-12-31": "30.78850", "2015-09-30": "29.98810", "2015-06-30": "23.84410", "2015-03-31": "33.35440", "2014-12-31": "82.34040", "2014-09-30": "", "2014-06-30": "", "2014-03-31": "", "2013-12-31": "", "2013-09-30": "", "2013-06-30": "", "2013-03-31": "", "2012-12-31": "", "2012-09-30": "", "2012-06-30": "", "2012-03-31": "", "2011-12-31": "", "2011-09-30": "", "2011-06-30": "", "2011-03-31": "", "2010-12-31": "", "2010-09-30": "", "2010-06-30": "", "2010-03-31": "", "2009-12-31": "", "2009-09-30": "", "2009-06-30": "", "2009-03-31": "", "2008-12-31": "", "2008-09-30": "", "2008-06-30": "", "2008-03-31": "", "2007-12-31": "", "2007-09-30": "", "2007-06-30": "", "2007-03-31": "", "2006-12-31": "", "2006-09-30": "", "2006-06-30": "", "2006-03-31": "", "2005-12-31": "", "2005-09-30": "", "2005-06-30": "", "2005-03-31": ""}, "ROE - Return On Equity": {"2020-09-30": "-9.40840", "2020-06-30": "-3.43030", "2020-03-31": "-4.16510", "2019-12-31": "3.40780", "2019-09-30": "-5.41570", "2019-06-30": "-5.02940", "2019-03-31": "-10.67510", "2018-12-31": "-7.92640", "2018-09-30": "-6.32930", "2018-06-30": "-4.88820", "2018-03-31": "-5.73840", "2017-12-31": "-4.18200", "2017-09-30": "-5.10240", "2017-06-30": "-5.69450", "2017-03-31": "-11.29040", "2016-12-31": "-11.08580", "2016-09-30": "-10.43330", "2016-06-30": "-17.94990", "2016-03-31": "-16.46460", "2015-12-31": "-12.23510", "2015-09-30": "-11.88670", "2015-06-30": "-17.37500", "2015-03-31": "-13.86510", "2014-12-31": "-11.22690", "2014-09-30": "-14.90440", "2014-06-30": "-8.00300", "2014-03-31": "-13.22890", "2013-12-31": "-9.00560", "2013-09-30": "-7.69180", "2013-06-30": "-8.01800", "2013-03-31": "-12.17730", "2012-12-31": "-14.18730", "2012-09-30": "-11.70460", "2012-06-30": "-23.17260", "2012-03-31": "-14.03190", "2011-12-31": "-11.86180", "2011-09-30": "-12.03400", "2011-06-30": "-9.34530", "2011-03-31": "-5.73300", "2010-12-31": "-4.48000", "2010-09-30": "-18.99890", "2010-06-30": "-12.06230", "2010-03-31": "-44.83850", "2009-12-31": "-30.42340", "2009-09-30": "-14.36060", "2009-06-30": "-34.35710", "2009-03-31": "335.57800", "2008-12-31": "86.68320", "2008-09-30": "594.47300", "2008-06-30": "-93.66650", "2008-03-31": "-62.31160", "2007-12-31": "-63.91540", "2007-09-30": "-43.04330", "2007-06-30": "-14.53950", "2007-03-31": "-14.14780", "2006-12-31": "-16.19870", "2006-09-30": "-18.29670", "2006-06-30": "-17.09320", "2006-03-31": "-19.32680", "2005-12-31": "-10.94590", "2005-09-30": "-12.06350", "2005-06-30": "-12.93210", "2005-03-31": "-13.58360"}, "Return On Tangible Equity": {"2020-09-30": "-96.53860", "2020-06-30": "-51.15150", "2020-03-31": "-61.36930", "2019-12-31": "-132.86460", "2019-09-30": "-5.75720", "2019-06-30": "-5.34390", "2019-03-31": "-11.34080", "2018-12-31": "-8.50440", "2018-09-30": "-6.53440", "2018-06-30": "-5.04480", "2018-03-31": "-5.92430", "2017-12-31": "-4.38600", "2017-09-30": "-5.10240", "2017-06-30": "-5.69450", "2017-03-31": "-11.29040", "2016-12-31": "-11.13720", "2016-09-30": "-10.43330", "2016-06-30": "-17.94990", "2016-03-31": "-16.46460", "2015-12-31": "-12.23510", "2015-09-30": "-11.88670", "2015-06-30": "-17.37500", "2015-03-31": "-13.86510", "2014-12-31": "-11.22690", "2014-09-30": "-14.90440", "2014-06-30": "-8.00300", "2014-03-31": "-13.22890", "2013-12-31": "-9.00560", "2013-09-30": "-7.69180", "2013-06-30": "-8.01800", "2013-03-31": "-12.17730", "2012-12-31": "-14.18730", "2012-09-30": "-11.70460", "2012-06-30": "-23.17260", "2012-03-31": "-14.03190", "2011-12-31": "-11.86180", "2011-09-30": "-12.03400", "2011-06-30": "-9.34530", "2011-03-31": "-5.73300", "2010-12-31": "-4.48000", "2010-09-30": "-18.99890", "2010-06-30": "-12.06230", "2010-03-31": "-44.83850", "2009-12-31": "-30.42340", "2009-09-30": "-14.36060", "2009-06-30": "-34.35710", "2009-03-31": "335.57670", "2008-12-31": "83.42560", "2008-09-30": "418.61110", "2008-06-30": "-102.84040", "2008-03-31": "-70.15880", "2007-12-31": "-68.63050", "2007-09-30": "-45.12690", "2007-06-30": "-15.21470", "2007-03-31": "-14.81250", "2006-12-31": "-17.06940", "2006-09-30": "-19.25550", "2006-06-30": "-18.15940", "2006-03-31": "-20.59060", "2005-12-31": "-11.61540", "2005-09-30": "-12.82260", "2005-06-30": "-13.75600", "2005-03-31": "-14.40380"}, "ROA - Return On Assets": {"2020-09-30": "-5.04970", "2020-06-30": "-1.92810", "2020-03-31": "-2.36930", "2019-12-31": "2.22410", "2019-09-30": "-2.30350", "2019-06-30": "-2.16070", "2019-03-31": "-4.68440", "2018-12-31": "-3.54160", "2018-09-30": "-3.00510", "2018-06-30": "-2.45420", "2018-03-31": "-3.13660", "2017-12-31": "-3.63610", "2017-09-30": "-4.58070", "2017-06-30": "-5.28490", "2017-03-31": "-9.97710", "2016-12-31": "-9.85840", "2016-09-30": "-9.37550", "2016-06-30": "-15.51490", "2016-03-31": "-14.66180", "2015-12-31": "-10.98560", "2015-09-30": "-10.90010", "2015-06-30": "-15.44010", "2015-03-31": "-12.84050", "2014-12-31": "-10.37130", "2014-09-30": "-13.66190", "2014-06-30": "-7.59840", "2014-03-31": "-12.00870", "2013-12-31": "-8.31090", "2013-09-30": "-7.17700", "2013-06-30": "-7.54490", "2013-03-31": "-10.85500", "2012-12-31": "-12.47600", "2012-09-30": "-10.49140", "2012-06-30": "-19.50000", "2012-03-31": "-12.09590", "2011-12-31": "-10.21530", "2011-09-30": "-9.90330", "2011-06-30": "-7.74870", "2011-03-31": "-4.79320", "2010-12-31": "-3.70200", "2010-09-30": "-9.40150", "2010-06-30": "-6.33600", "2010-03-31": "-8.81800", "2009-12-31": "-7.19440", "2009-09-30": "-3.72200", "2009-06-30": "-8.27170", "2009-03-31": "-17.46910", "2008-12-31": "-35.75790", "2008-09-30": "-41.36130", "2008-06-30": "-22.02410", "2008-03-31": "-21.64350", "2007-12-31": "-27.53680", "2007-09-30": "-24.85780", "2007-06-30": "-9.41110", "2007-03-31": "-9.01490", "2006-12-31": "-10.15170", "2006-09-30": "-11.60240", "2006-06-30": "-10.82980", "2006-03-31": "-12.48880", "2005-12-31": "-7.12120", "2005-09-30": "-7.95500", "2005-06-30": "-8.63270", "2005-03-31": "-9.19700"}, "ROI - Return On Investment": {"2020-09-30": "-5.61690", "2020-06-30": "-2.11730", "2020-03-31": "-2.60850", "2019-12-31": "2.50260", "2019-09-30": "-3.24440", "2019-06-30": "-3.05680", "2019-03-31": "-5.27520", "2018-12-31": "-3.93920", "2018-09-30": "-3.26320", "2018-06-30": "-2.61180", "2018-03-31": "-3.34690", "2017-12-31": "-4.14800", "2017-09-30": "-5.05700", "2017-06-30": "-5.64310", "2017-03-31": "-11.10650", "2016-12-31": "-10.91260", "2016-09-30": "-10.27700", "2016-06-30": "-17.54940", "2016-03-31": "-16.13540", "2015-12-31": "-12.01990", "2015-09-30": "-11.73300", "2015-06-30": "-17.00990", "2015-03-31": "-13.73340", "2014-12-31": "-11.12630", "2014-09-30": "-14.71890", "2014-06-30": "-7.90470", "2014-03-31": "-12.88510", "2013-12-31": "-8.78010", "2013-09-30": "-7.59620", "2013-06-30": "-7.93850", "2013-03-31": "-11.95930", "2012-12-31": "-13.94530", "2012-09-30": "-11.51770", "2012-06-30": "-22.81620", "2012-03-31": "-13.84930", "2011-12-31": "-11.72140", "2011-09-30": "-11.85050", "2011-06-30": "-9.21530", "2011-03-31": "-5.65880", "2010-12-31": "-4.42450", "2010-09-30": "-17.98840", "2010-06-30": "-11.50220", "2010-03-31": "-37.02280", "2009-12-31": "-26.13480", "2009-09-30": "-14.36060", "2009-06-30": "-34.35710", "2009-03-31": "335.57690", "2008-12-31": "86.68310", "2008-09-30": "594.47730", "2008-06-30": "-93.66640", "2008-03-31": "-62.31130", "2007-12-31": "-63.91540", "2007-09-30": "-43.04330", "2007-06-30": "-14.53950", "2007-03-31": "-14.14780", "2006-12-31": "-16.19870", "2006-09-30": "-18.29670", "2006-06-30": "-17.09320", "2006-03-31": "-19.32680", "2005-12-31": "-10.94590", "2005-09-30": "-12.06350", "2005-06-30": "-12.93210", "2005-03-31": "-13.58360"}, "Book Value Per Share": {"2020-09-30": "15.54200", "2020-06-30": "16.74340", "2020-03-31": "16.98030", "2019-12-31": "15.49900", "2019-09-30": "5.76410", "2019-06-30": "5.91780", "2019-03-31": "6.01890", "2018-12-31": "5.52740", "2018-09-30": "5.83230", "2018-06-30": "6.07140", "2018-03-31": "5.63740", "2017-12-31": "4.31890", "2017-09-30": "4.40790", "2017-06-30": "4.54180", "2017-03-31": "2.78350", "2016-12-31": "3.04160", "2016-09-30": "3.34220", "2016-06-30": "2.53780", "2016-03-31": "2.95010", "2015-12-31": "3.38100", "2015-09-30": "3.75120", "2015-06-30": "2.52460", "2015-03-31": "2.90410", "2014-12-31": "3.26070", "2014-09-30": "2.58650", "2014-06-30": "2.92900", "2014-03-31": "1.70850", "2013-12-31": "1.90390", "2013-09-30": "2.04650", "2013-06-30": "2.17340", "2013-03-31": "1.39070", "2012-12-31": "1.54270", "2012-09-30": "1.73570", "2012-06-30": "1.11660", "2012-03-31": "1.32840", "2011-12-31": "1.47450", "2011-09-30": "1.22080", "2011-06-30": "1.35060", "2011-03-31": "1.46150", "2010-12-31": "1.52890", "2010-09-30": "0.43970", "2010-06-30": "0.51080", "2010-03-31": "0.13220", "2009-12-31": "0.17160", "2009-09-30": "0.20410", "2009-06-30": "0.19810", "2009-03-31": "-0.03720", "2008-12-31": "-0.08870", "2008-09-30": "-0.01860", "2008-06-30": "0.08250", "2008-03-31": "0.14890", "2007-12-31": "0.23170", "2007-09-30": "0.36030", "2007-06-30": "0.46530", "2007-03-31": "0.50560", "2006-12-31": "0.55860", "2006-09-30": "0.63330", "2006-06-30": "0.71800", "2006-03-31": "0.81630", "2005-12-31": "0.93430", "2005-09-30": "1.03610", "2005-06-30": "1.16320", "2005-03-31": "1.28600"}, "Operating Cash Flow Per Share": {"2020-09-30": 0.5457, "2020-06-30": -0.0424, "2020-03-31": "-0.33630", "2019-12-31": -0.2097, "2019-09-30": -0.2237, "2019-06-30": 0.1446, "2019-03-31": "-0.58740", "2018-12-31": -0.0122, "2018-09-30": -0.0308, "2018-06-30": -0.206, "2018-03-31": "-0.31830", "2017-12-31": -0.0248, "2017-09-30": -0.0147, "2017-06-30": -0.2763, "2017-03-31": "-0.30420", "2016-12-31": -0.2888, "2016-09-30": -0.1858, "2016-06-30": -0.3609, "2016-03-31": "-0.43550", "2015-12-31": -0.3562, "2015-09-30": -0.3488, "2015-06-30": -0.351, "2015-03-31": "-0.39860", "2014-12-31": -0.4125, "2014-09-30": -0.2507, "2014-06-30": -0.1781, "2014-03-31": "-0.17400", "2013-12-31": -0.172, "2013-09-30": -0.0814, "2013-06-30": -0.1535, "2013-03-31": "-0.18990", "2012-12-31": -0.1902, "2012-09-30": -0.1467, "2012-06-30": -0.2141, "2012-03-31": "-0.19750", "2011-12-31": -0.1676, "2011-09-30": -0.1353, "2011-06-30": -0.1151, "2011-03-31": "-0.10500", "2010-12-31": -0.1018, "2010-09-30": -0.0904, "2010-06-30": -0.0595, "2010-03-31": "-0.08050", "2009-12-31": -0.1164, "2009-09-30": -0.02, "2009-06-30": -0.0175, "2009-03-31": "-0.23160", "2008-12-31": -0.052, "2008-09-30": -0.0641, "2008-06-30": -0.0619, "2008-03-31": "-0.11250", "2007-12-31": -0.0883, "2007-09-30": -0.0839, "2007-06-30": -0.0595, "2007-03-31": "-0.09370", "2006-12-31": -0.0951, "2006-09-30": -0.0993, "2006-06-30": -0.1014, "2006-03-31": "-0.16270", "2005-12-31": -0.1167, "2005-09-30": -0.1264, "2005-06-30": -0.1379, "2005-03-31": "-0.22740"}, "Free Cash Flow Per Share": {"2020-09-30": 0.4509, "2020-06-30": -0.1802, "2020-03-31": "-0.42190", "2019-12-31": -0.5078, "2019-09-30": -0.6194, "2019-06-30": -0.3861, "2019-03-31": "-0.67180", "2018-12-31": -0.4417, "2018-09-30": -0.4662, "2018-06-30": -0.4426, "2018-03-31": "-0.44500", "2017-12-31": -0.2388, "2017-09-30": -0.1431, "2017-06-30": -0.3282, "2017-03-31": "-0.32900", "2016-12-31": -0.3179, "2016-09-30": -0.2363, "2016-06-30": -0.4019, "2016-03-31": "-0.46000", "2015-12-31": -0.4258, "2015-09-30": -0.3873, "2015-06-30": -0.4342, "2015-03-31": "-0.42530", "2014-12-31": -0.4471, "2014-09-30": -0.2778, "2014-06-30": -0.1987, "2014-03-31": "-0.24110", "2013-12-31": -0.2391, "2013-09-30": -0.1172, "2013-06-30": -0.1743, "2013-03-31": "-0.19580", "2012-12-31": -0.192, "2012-09-30": -0.1436, "2012-06-30": -0.2234, "2012-03-31": "-0.20100", "2011-12-31": -0.1774, "2011-09-30": -0.1521, "2011-06-30": -0.1241, "2011-03-31": "-0.10970", "2010-12-31": -0.1048, "2010-09-30": -0.0931, "2010-06-30": -0.0643, "2010-03-31": "-0.08550", "2009-12-31": -0.128, "2009-09-30": -0.0203, "2009-06-30": -0.0194, "2009-03-31": "-0.23190", "2008-12-31": -0.0418, "2008-09-30": -0.0643, "2008-06-30": -0.0619, "2008-03-31": "-0.11250", "2007-12-31": -0.091, "2007-09-30": -0.0837, "2007-06-30": -0.0595, "2007-03-31": "-0.09380", "2006-12-31": -0.0977, "2006-09-30": -0.0996, "2006-06-30": -0.1018, "2006-03-31": "-0.16500", "2005-12-31": -0.1171, "2005-09-30": -0.1264, "2005-06-30": -0.1452, "2005-03-31": "-0.22830"}}, "revenue": {"Exact Sciences Annual Revenue (Millions of US $)": {"2019": "$876", "2018": "$454", "2017": "$266", "2016": "$99", "2015": "$39", "2014": "$2", "2013": "$4", "2012": "$4", "2011": "$4", "2010": "$5", "2009": "$5", "2008": "$-1", "2007": "$2", "2006": "$5", "2005": "$4"}, "Exact Sciences Quarterly Revenue (Millions of US $)": {"2020-09-30": "$408", "2020-06-30": "$269", "2020-03-31": "$348", "2019-12-31": "$296", "2019-09-30": "$219", "2019-06-30": "$200", "2019-03-31": "$162", "2018-12-31": "$143", "2018-09-30": "$118", "2018-06-30": "$103", "2018-03-31": "$90", "2017-12-31": "$87", "2017-09-30": "$73", "2017-06-30": "$58", "2017-03-31": "$48", "2016-12-31": "$35", "2016-09-30": "$28", "2016-06-30": "$21", "2016-03-31": "$15", "2015-12-31": "$14", "2015-09-30": "$13", "2015-06-30": "$8", "2015-03-31": "$4", "2014-12-31": "$2", "2014-09-30": "", "2014-06-30": "", "2014-03-31": "$0", "2013-12-31": "$1", "2013-09-30": "$1", "2013-06-30": "$1", "2013-03-31": "$1", "2012-12-31": "$1", "2012-09-30": "$1", "2012-06-30": "$1", "2012-03-31": "$1", "2011-12-31": "$1", "2011-09-30": "$1", "2011-06-30": "$1", "2011-03-31": "$1", "2010-12-31": "$1", "2010-09-30": "$1", "2010-06-30": "$1", "2010-03-31": "$1", "2009-12-31": "$1", "2009-09-30": "$1", "2009-06-30": "$1", "2009-03-31": "$1", "2008-12-31": "$-0", "2008-09-30": "$-1", "2008-06-30": "$-0", "2008-03-31": "$0", "2007-12-31": "$-1", "2007-09-30": "$0", "2007-06-30": "$1", "2007-03-31": "$1", "2006-12-31": "$1", "2006-09-30": "$1", "2006-06-30": "$1", "2006-03-31": "$1", "2005-12-31": "$1", "2005-09-30": "$1", "2005-06-30": "$1", "2005-03-31": "$1"}}, "gross-profit": {"Exact Sciences Annual Gross Profit (Millions of US $)": {"2019": "$660", "2018": "$338", "2017": "$188", "2016": "$54", "2015": "$15", "2014": "$-3", "2013": "$4", "2012": "$4", "2011": "$4", "2010": "$5", "2009": "$5", "2008": "$-1", "2007": "$2", "2006": "$4", "2005": "$4"}, "Exact Sciences Quarterly Gross Profit (Millions of US $)": {"2020-09-30": "$313", "2020-06-30": "$191", "2020-03-31": "$266", "2019-12-31": "$225", "2019-09-30": "$166", "2019-06-30": "$149", "2019-03-31": "$119", "2018-12-31": "$106", "2018-09-30": "$88", "2018-06-30": "$76", "2018-03-31": "$67", "2017-12-31": "$65", "2017-09-30": "$52", "2017-06-30": "$40", "2017-03-31": "$31", "2016-12-31": "$21", "2016-09-30": "$16", "2016-06-30": "$11", "2016-03-31": "$6", "2015-12-31": "$7", "2015-09-30": "$5", "2015-06-30": "$3", "2015-03-31": "$0", "2014-12-31": "$-2", "2014-09-30": "$-1", "2014-06-30": "", "2014-03-31": "$0", "2013-12-31": "$1", "2013-09-30": "$1", "2013-06-30": "$1", "2013-03-31": "$1", "2012-12-31": "$1", "2012-09-30": "$1", "2012-06-30": "$1", "2012-03-31": "$1", "2011-12-31": "$1", "2011-09-30": "$1", "2011-06-30": "$1", "2011-03-31": "$1", "2010-12-31": "$1", "2010-09-30": "$1", "2010-06-30": "$1", "2010-03-31": "$1", "2009-12-31": "$1", "2009-09-30": "$1", "2009-06-30": "$1", "2009-03-31": "$1", "2008-12-31": "$-0", "2008-09-30": "$-1", "2008-06-30": "$-0", "2008-03-31": "$0", "2007-12-31": "$-1", "2007-09-30": "$0", "2007-06-30": "$1", "2007-03-31": "$1", "2006-12-31": "$1", "2006-09-30": "$1", "2006-06-30": "$1", "2006-03-31": "$1", "2005-12-31": "$1", "2005-09-30": "$1", "2005-06-30": "$0", "2005-03-31": "$1"}}, "operating-income": {"Exact Sciences Annual Operating Income (Millions of US $)": {"2019": "$-234", "2018": "$-159", "2017": "$-118", "2016": "$-169", "2015": "$-159", "2014": "$-101", "2013": "$-47", "2012": "$-53", "2011": "$-29", "2010": "$-12", "2009": "$-9", "2008": "$-10", "2007": "$-13", "2006": "$-14", "2005": "$-16"}, "Exact Sciences Quarterly Operating Income (Millions of US $)": {"2020-09-30": "$-203", "2020-06-30": "$-67", "2020-03-31": "$-82", "2019-12-31": "$-96", "2019-09-30": "$-36", "2019-06-30": "$-34", "2019-03-31": "$-68", "2018-12-31": "$-49", "2018-09-30": "$-41", "2018-06-30": "$-33", "2018-03-31": "$-37", "2017-12-31": "$-23", "2017-09-30": "$-28", "2017-06-30": "$-31", "2017-03-31": "$-35", "2016-12-31": "$-38", "2016-09-30": "$-38", "2016-06-30": "$-45", "2016-03-31": "$-48", "2015-12-31": "$-40", "2015-09-30": "$-43", "2015-06-30": "$-39", "2015-03-31": "$-36", "2014-12-31": "$-33", "2014-09-30": "$-32", "2014-06-30": "$-20", "2014-03-31": "$-16", "2013-12-31": "$-12", "2013-09-30": "$-11", "2013-06-30": "$-12", "2013-03-31": "$-11", "2012-12-31": "$-14", "2012-09-30": "$-13", "2012-06-30": "$-15", "2012-03-31": "$-11", "2011-12-31": "$-10", "2011-09-30": "$-8", "2011-06-30": "$-7", "2011-03-31": "$-4", "2010-12-31": "$-4", "2010-09-30": "$-3", "2010-06-30": "$-2", "2010-03-31": "$-2", "2009-12-31": "$-2", "2009-09-30": "$-1", "2009-06-30": "$-2", "2009-03-31": "$-4", "2008-12-31": "$-2", "2008-09-30": "$-3", "2008-06-30": "$-2", "2008-03-31": "$-3", "2007-12-31": "$-4", "2007-09-30": "$-4", "2007-06-30": "$-2", "2007-03-31": "$-2", "2006-12-31": "$-3", "2006-09-30": "$-3", "2006-06-30": "$-4", "2006-03-31": "$-4", "2005-12-31": "$-3", "2005-09-30": "$-4", "2005-06-30": "$-4", "2005-03-31": "$-5"}}, "ebitda": {"Exact Sciences Annual EBITDA (Millions of US $)": {"2019": "$-149", "2018": "$-114", "2017": "$-104", "2016": "$-158", "2015": "$-151", "2014": "$-96", "2013": "$-49", "2012": "$-55", "2011": "$-32", "2010": "$-17", "2009": "$-14", "2008": "$-11", "2007": "$-15", "2006": "$-17", "2005": "$-19"}, "Exact Sciences Quarterly EBITDA (Millions of US $)": {"2020-09-30": "$69", "2020-06-30": "$-7", "2020-03-31": "$-29", "2019-12-31": "$-57", "2019-09-30": "$-21", "2019-06-30": "$-17", "2019-03-31": "$-53", "2018-12-31": "$-36", "2018-09-30": "$-28", "2018-06-30": "$-22", "2018-03-31": "$-28", "2017-12-31": "$-19", "2017-09-30": "$-25", "2017-06-30": "$-28", "2017-03-31": "$-33", "2016-12-31": "$-35", "2016-09-30": "$-35", "2016-06-30": "$-42", "2016-03-31": "$-45", "2015-12-31": "$-38", "2015-09-30": "$-41", "2015-06-30": "$-37", "2015-03-31": "$-34", "2014-12-31": "$-31", "2014-09-30": "$-31", "2014-06-30": "$-19", "2014-03-31": "$-16", "2013-12-31": "$-13", "2013-09-30": "$-12", "2013-06-30": "$-13", "2013-03-31": "$-11", "2012-12-31": "$-15", "2012-09-30": "$-14", "2012-06-30": "$-16", "2012-03-31": "$-11", "2011-12-31": "$-11", "2011-09-30": "$-9", "2011-06-30": "$-8", "2011-03-31": "$-5", "2010-12-31": "$-5", "2010-09-30": "$-5", "2010-06-30": "$-5", "2010-03-31": "$-2", "2009-12-31": "$-3", "2009-09-30": "$-2", "2009-06-30": "$-4", "2009-03-31": "$-5", "2008-12-31": "$-2", "2008-09-30": "$-3", "2008-06-30": "$-3", "2008-03-31": "$-3", "2007-12-31": "$-4", "2007-09-30": "$-5", "2007-06-30": "$-3", "2007-03-31": "$-3", "2006-12-31": "$-4", "2006-09-30": "$-4", "2006-06-30": "$-4", "2006-03-31": "$-5", "2005-12-31": "$-4", "2005-09-30": "$-4", "2005-06-30": "$-5", "2005-03-31": "$-6"}}, "net-income": {"Exact Sciences Annual Net Income (Millions of US $)": {"2019": "$-84", "2018": "$-175", "2017": "$-114", "2016": "$-167", "2015": "$-158", "2014": "$-100", "2013": "$-47", "2012": "$-52", "2011": "$-29", "2010": "$-12", "2009": "$-9", "2008": "$-10", "2007": "$-12", "2006": "$-13", "2005": "$-15"}, "Exact Sciences Quarterly Net Income (Millions of US $)": {"2020-09-30": "$-220", "2020-06-30": "$-86", "2020-03-31": "$-106", "2019-12-31": "$78", "2019-09-30": "$-41", "2019-06-30": "$-39", "2019-03-31": "$-83", "2018-12-31": "$-54", "2018-09-30": "$-45", "2018-06-30": "$-36", "2018-03-31": "$-39", "2017-12-31": "$-22", "2017-09-30": "$-27", "2017-06-30": "$-31", "2017-03-31": "$-35", "2016-12-31": "$-37", "2016-09-30": "$-38", "2016-06-30": "$-45", "2016-03-31": "$-47", "2015-12-31": "$-40", "2015-09-30": "$-43", "2015-06-30": "$-39", "2015-03-31": "$-36", "2014-12-31": "$-32", "2014-09-30": "$-32", "2014-06-30": "$-19", "2014-03-31": "$-16", "2013-12-31": "$-12", "2013-09-30": "$-11", "2013-06-30": "$-12", "2013-03-31": "$-11", "2012-12-31": "$-14", "2012-09-30": "$-13", "2012-06-30": "$-15", "2012-03-31": "$-11", "2011-12-31": "$-10", "2011-09-30": "$-8", "2011-06-30": "$-7", "2011-03-31": "$-4", "2010-12-31": "$-4", "2010-09-30": "$-3", "2010-06-30": "$-2", "2010-03-31": "$-2", "2009-12-31": "$-2", "2009-09-30": "$-1", "2009-06-30": "$-2", "2009-03-31": "$-4", "2008-12-31": "$-2", "2008-09-30": "$-3", "2008-06-30": "$-2", "2008-03-31": "$-3", "2007-12-31": "$-4", "2007-09-30": "$-4", "2007-06-30": "$-2", "2007-03-31": "$-2", "2006-12-31": "$-2", "2006-09-30": "$-3", "2006-06-30": "$-3", "2006-03-31": "$-4", "2005-12-31": "$-3", "2005-09-30": "$-3", "2005-06-30": "$-4", "2005-03-31": "$-5"}}, "eps-earnings-per-share-diluted": {"Exact Sciences Annual EPS": {"2019": "$-0.64", "2018": "$-1.43", "2017": "$-0.99", "2016": "$-1.63", "2015": "$-1.71", "2014": "$-1.25", "2013": "$-0.69", "2012": "$-0.88", "2011": "$-0.54", "2010": "$-0.29", "2009": "$-0.28", "2008": "$-0.36", "2007": "$-0.44", "2006": "$-0.49", "2005": "$-0.55"}, "Exact Sciences Quarterly EPS": {"2020-09-30": "$-1.46", "2020-06-30": "$-0.58", "2020-03-31": "$-0.71", "2019-12-31": "$0.63", "2019-09-30": "$-0.31", "2019-06-30": "$-0.30", "2019-03-31": "$-0.66", "2018-12-31": "$-0.43", "2018-09-30": "$-0.37", "2018-06-30": "$-0.30", "2018-03-31": "$-0.33", "2017-12-31": "$-0.17", "2017-09-30": "$-0.23", "2017-06-30": "$-0.27", "2017-03-31": "$-0.32", "2016-12-31": "$-0.32", "2016-09-30": "$-0.36", "2016-06-30": "$-0.46", "2016-03-31": "$-0.49", "2015-12-31": "$-0.42", "2015-09-30": "$-0.45", "2015-06-30": "$-0.44", "2015-03-31": "$-0.40", "2014-12-31": "$-0.39", "2014-09-30": "$-0.39", "2014-06-30": "$-0.24", "2014-03-31": "$-0.23", "2013-12-31": "$-0.17", "2013-09-30": "$-0.16", "2013-06-30": "$-0.19", "2013-03-31": "$-0.17", "2012-12-31": "$-0.22", "2012-09-30": "$-0.21", "2012-06-30": "$-0.26", "2012-03-31": "$-0.19", "2011-12-31": "$-0.18", "2011-09-30": "$-0.15", "2011-06-30": "$-0.13", "2011-03-31": "$-0.08", "2010-12-31": "$-0.09", "2010-09-30": "$-0.08", "2010-06-30": "$-0.06", "2010-03-31": "$-0.06", "2009-12-31": "$-0.04", "2009-09-30": "$-0.03", "2009-06-30": "$-0.08", "2009-03-31": "$-0.13", "2008-12-31": "$-0.08", "2008-09-30": "$-0.11", "2008-06-30": "$-0.08", "2008-03-31": "$-0.09", "2007-12-31": "$-0.14", "2007-09-30": "$-0.16", "2007-06-30": "$-0.07", "2007-03-31": "$-0.07", "2006-12-31": "$-0.09", "2006-09-30": "$-0.12", "2006-06-30": "$-0.12", "2006-03-31": "$-0.16", "2005-12-31": "$-0.10", "2005-09-30": "$-0.13", "2005-06-30": "$-0.15", "2005-03-31": "$-0.17"}}, "shares-outstanding": {"Exact Sciences Annual Shares Outstanding (Millions of Shares)": {"2019": "131", "2018": "122", "2017": "116", "2016": "102", "2015": "92", "2014": "80", "2013": "67", "2012": "59", "2011": "53", "2010": "40", "2009": "33", "2008": "27", "2007": "27", "2006": "27", "2005": "26"}, "Exact Sciences Quarterly Shares Outstanding (Millions of Shares)": {"2020-09-30": "150", "2020-06-30": "150", "2020-03-31": "148", "2019-12-31": "131", "2019-09-30": "130", "2019-06-30": "129", "2019-03-31": "126", "2018-12-31": "122", "2018-09-30": "123", "2018-06-30": "122", "2018-03-31": "121", "2017-12-31": "116", "2017-09-30": "119", "2017-06-30": "113", "2017-03-31": "111", "2016-12-31": "102", "2016-09-30": "105", "2016-06-30": "98", "2016-03-31": "97", "2015-12-31": "92", "2015-09-30": "94", "2015-06-30": "89", "2015-03-31": "89", "2014-12-31": "80", "2014-09-30": "83", "2014-06-30": "82", "2014-03-31": "71", "2013-12-31": "67", "2013-09-30": "71", "2013-06-30": "65", "2013-03-31": "64", "2012-12-31": "59", "2012-09-30": "61", "2012-06-30": "57", "2012-03-31": "57", "2011-12-31": "53", "2011-09-30": "52", "2011-06-30": "52", "2011-03-31": "52", "2010-12-31": "40", "2010-09-30": "40", "2010-06-30": "39", "2010-03-31": "36", "2009-12-31": "33", "2009-09-30": "35", "2009-06-30": "31", "2009-03-31": "30", "2008-12-31": "27", "2008-09-30": "27", "2008-06-30": "27", "2008-03-31": "27", "2007-12-31": "27", "2007-09-30": "27", "2007-06-30": "27", "2007-03-31": "27", "2006-12-31": "27", "2006-09-30": "27", "2006-06-30": "26", "2006-03-31": "26", "2005-12-31": "26", "2005-09-30": "26", "2005-06-30": "26", "2005-03-31": "26"}}, "total-assets": {"Exact Sciences Annual Total Assets (Millions of US $)": {"2019": "$3,506", "2018": "$1,524", "2017": "$599", "2016": "$377", "2015": "$364", "2014": "$313", "2013": "$147", "2012": "$112", "2011": "$97", "2010": "$97", "2009": "$26", "2008": "$6", "2007": "$15", "2006": "$24", "2005": "$38"}, "Exact Sciences Quarterly Total Assets (Millions of US $)": {"2020-09-30": "$4,354", "2020-06-30": "$4,468", "2020-03-31": "$4,461", "2019-12-31": "$3,506", "2019-09-30": "$1,759", "2019-06-30": "$1,782", "2019-03-31": "$1,771", "2018-12-31": "$1,524", "2018-09-30": "$1,510", "2018-06-30": "$1,483", "2018-03-31": "$1,257", "2017-12-31": "$599", "2017-09-30": "$587", "2017-06-30": "$583", "2017-03-31": "$350", "2016-12-31": "$377", "2016-09-30": "$403", "2016-06-30": "$289", "2016-03-31": "$324", "2015-12-31": "$364", "2015-09-30": "$394", "2015-06-30": "$253", "2015-03-31": "$279", "2014-12-31": "$313", "2014-09-30": "$235", "2014-06-30": "$256", "2014-03-31": "$134", "2013-12-31": "$147", "2013-09-30": "$155", "2013-06-30": "$163", "2013-03-31": "$100", "2012-12-31": "$112", "2012-09-30": "$123", "2012-06-30": "$76", "2012-03-31": "$88", "2011-12-31": "$97", "2011-09-30": "$78", "2011-06-30": "$85", "2011-03-31": "$91", "2010-12-31": "$97", "2010-09-30": "$36", "2010-06-30": "$39", "2010-03-31": "$24", "2009-12-31": "$26", "2009-09-30": "$28", "2009-06-30": "$29", "2009-03-31": "$22", "2008-12-31": "$6", "2008-09-30": "$7", "2008-06-30": "$10", "2008-03-31": "$12", "2007-12-31": "$15", "2007-09-30": "$17", "2007-06-30": "$19", "2007-03-31": "$21", "2006-12-31": "$24", "2006-09-30": "$27", "2006-06-30": "$30", "2006-03-31": "$33", "2005-12-31": "$38", "2005-09-30": "$41", "2005-06-30": "$46", "2005-03-31": "$50"}}, "cash-on-hand": {"Exact Sciences Annual Cash on Hand (Millions of US $)": {"2019": "$324", "2018": "$1,124", "2017": "$425", "2016": "$311", "2015": "$307", "2014": "$283", "2013": "$133", "2012": "$108", "2011": "$93", "2010": "$95", "2009": "$25", "2008": "$5", "2007": "$13", "2006": "$21", "2005": "$33"}, "Exact Sciences Quarterly Cash on Hand (Millions of US $)": {"2020-09-30": "$1,283", "2020-06-30": "$1,223", "2020-03-31": "$1,231", "2019-12-31": "$324", "2019-09-30": "$1,161", "2019-06-30": "$1,239", "2019-03-31": "$1,283", "2018-12-31": "$1,124", "2018-09-30": "$1,185", "2018-06-30": "$1,222", "2018-03-31": "$1,042", "2017-12-31": "$425", "2017-09-30": "$463", "2017-06-30": "$484", "2017-03-31": "$275", "2016-12-31": "$311", "2016-09-30": "$338", "2016-06-30": "$224", "2016-03-31": "$263", "2015-12-31": "$307", "2015-09-30": "$344", "2015-06-30": "$211", "2015-03-31": "$245", "2014-12-31": "$283", "2014-09-30": "$211", "2014-06-30": "$235", "2014-03-31": "$116", "2013-12-31": "$133", "2013-09-30": "$148", "2013-06-30": "$158", "2013-03-31": "$95", "2012-12-31": "$108", "2012-09-30": "$119", "2012-06-30": "$71", "2012-03-31": "$84", "2011-12-31": "$93", "2011-09-30": "$75", "2011-06-30": "$83", "2011-03-31": "$90", "2010-12-31": "$95", "2010-09-30": "$35", "2010-06-30": "$38", "2010-03-31": "$23", "2009-12-31": "$25", "2009-09-30": "$27", "2009-06-30": "$28", "2009-03-31": "$21", "2008-12-31": "$5", "2008-09-30": "$6", "2008-06-30": "$8", "2008-03-31": "$9", "2007-12-31": "$13", "2007-09-30": "$15", "2007-06-30": "$17", "2007-03-31": "$19", "2006-12-31": "$21", "2006-09-30": "$24", "2006-06-30": "$27", "2006-03-31": "$30", "2005-12-31": "$33", "2005-09-30": "$37", "2005-06-30": "$41", "2005-03-31": "$44"}}, "long-term-debt": {"Exact Sciences Annual Long Term Debt (Millions of US $)": {"2019": "$828", "2018": "$689", "2017": "$4", "2016": "$5", "2015": "$6", "2014": "$3", "2013": "$3", "2012": "$2", "2011": "$1", "2010": "$1", "2009": "$1", "2008": "$", "2007": "$", "2006": "$", "2005": "$"}, "Exact Sciences Quarterly Long Term Debt (Millions of US $)": {"2020-09-30": "$1,578", "2020-06-30": "$1,557", "2020-03-31": "$1,514", "2019-12-31": "$828", "2019-09-30": "$501", "2019-06-30": "$494", "2019-03-31": "$795", "2018-12-31": "$689", "2018-09-30": "$673", "2018-06-30": "$649", "2018-03-31": "$491", "2017-12-31": "$4", "2017-09-30": "$5", "2017-06-30": "$5", "2017-03-31": "$5", "2016-12-31": "$5", "2016-09-30": "$6", "2016-06-30": "$6", "2016-03-31": "$6", "2015-12-31": "$6", "2015-09-30": "$5", "2015-06-30": "$5", "2015-03-31": "$2", "2014-12-31": "$3", "2014-09-30": "$3", "2014-06-30": "$3", "2014-03-31": "$3", "2013-12-31": "$3", "2013-09-30": "$2", "2013-06-30": "$2", "2013-03-31": "$2", "2012-12-31": "$2", "2012-09-30": "$2", "2012-06-30": "$1", "2012-03-31": "$1", "2011-12-31": "$1", "2011-09-30": "$1", "2011-06-30": "$1", "2011-03-31": "$1", "2010-12-31": "$1", "2010-09-30": "$1", "2010-06-30": "$1", "2010-03-31": "$1", "2009-12-31": "$1", "2009-09-30": "", "2009-06-30": "", "2009-03-31": "", "2008-12-31": "", "2008-09-30": "", "2008-06-30": "", "2008-03-31": "", "2007-12-31": "", "2007-09-30": "", "2007-06-30": "", "2007-03-31": "", "2006-12-31": "", "2006-09-30": "", "2006-06-30": "", "2006-03-31": "", "2005-12-31": "", "2005-09-30": "", "2005-06-30": "", "2005-03-31": ""}}, "total-liabilities": {"Exact Sciences Annual Total Liabilities (Millions of US $)": {"2019": "$1,218", "2018": "$843", "2017": "$78", "2016": "$42", "2015": "$37", "2014": "$24", "2013": "$11", "2012": "$14", "2011": "$13", "2010": "$17", "2009": "$20", "2008": "$8", "2007": "$8", "2006": "$9", "2005": "$13"}, "Exact Sciences Quarterly Total Liabilities (Millions of US $)": {"2020-09-30": "$2,017", "2020-06-30": "$1,957", "2020-03-31": "$1,923", "2019-12-31": "$1,218", "2019-09-30": "$1,011", "2019-06-30": "$1,016", "2019-03-31": "$994", "2018-12-31": "$843", "2018-09-30": "$793", "2018-06-30": "$738", "2018-03-31": "$570", "2017-12-31": "$78", "2017-09-30": "$60", "2017-06-30": "$42", "2017-03-31": "$41", "2016-12-31": "$42", "2016-09-30": "$41", "2016-06-30": "$39", "2016-03-31": "$35", "2015-12-31": "$37", "2015-09-30": "$33", "2015-06-30": "$28", "2015-03-31": "$21", "2014-12-31": "$24", "2014-09-30": "$20", "2014-06-30": "$13", "2014-03-31": "$12", "2013-12-31": "$11", "2013-09-30": "$10", "2013-06-30": "$10", "2013-03-31": "$11", "2012-12-31": "$14", "2012-09-30": "$13", "2012-06-30": "$12", "2012-03-31": "$12", "2011-12-31": "$13", "2011-09-30": "$14", "2011-06-30": "$15", "2011-03-31": "$15", "2010-12-31": "$17", "2010-09-30": "$18", "2010-06-30": "$19", "2010-03-31": "$19", "2009-12-31": "$20", "2009-09-30": "$21", "2009-06-30": "$22", "2009-03-31": "$23", "2008-12-31": "$8", "2008-09-30": "$8", "2008-06-30": "$7", "2008-03-31": "$8", "2007-12-31": "$8", "2007-09-30": "$7", "2007-06-30": "$7", "2007-03-31": "$8", "2006-12-31": "$9", "2006-09-30": "$10", "2006-06-30": "$11", "2006-03-31": "$12", "2005-12-31": "$13", "2005-09-30": "$14", "2005-06-30": "$15", "2005-03-31": "$16"}}, "total-share-holder-equity": {"Exact Sciences Annual Share Holder Equity (Millions of US $)": {"2019": "$2,288", "2018": "$681", "2017": "$520", "2016": "$335", "2015": "$327", "2014": "$289", "2013": "$135", "2012": "$99", "2011": "$83", "2010": "$80", "2009": "$6", "2008": "$-2", "2007": "$6", "2006": "$15", "2005": "$25"}, "Exact Sciences Quarterly Share Holder Equity (Millions of US $)": {"2020-09-30": "$2,337", "2020-06-30": "$2,511", "2020-03-31": "$2,538", "2019-12-31": "$2,288", "2019-09-30": "$748", "2019-06-30": "$766", "2019-03-31": "$777", "2018-12-31": "$681", "2018-09-30": "$717", "2018-06-30": "$744", "2018-03-31": "$687", "2017-12-31": "$520", "2017-09-30": "$527", "2017-06-30": "$541", "2017-03-31": "$310", "2016-12-31": "$335", "2016-09-30": "$362", "2016-06-30": "$249", "2016-03-31": "$288", "2015-12-31": "$327", "2015-09-30": "$361", "2015-06-30": "$225", "2015-03-31": "$258", "2014-12-31": "$289", "2014-09-30": "$215", "2014-06-30": "$243", "2014-03-31": "$122", "2013-12-31": "$135", "2013-09-30": "$145", "2013-06-30": "$154", "2013-03-31": "$89", "2012-12-31": "$99", "2012-09-30": "$111", "2012-06-30": "$64", "2012-03-31": "$76", "2011-12-31": "$83", "2011-09-30": "$65", "2011-06-30": "$71", "2011-03-31": "$76", "2010-12-31": "$80", "2010-09-30": "$18", "2010-06-30": "$21", "2010-03-31": "$5", "2009-12-31": "$6", "2009-09-30": "$7", "2009-06-30": "$7", "2009-03-31": "$-1", "2008-12-31": "$-2", "2008-09-30": "$-1", "2008-06-30": "$2", "2008-03-31": "$4", "2007-12-31": "$6", "2007-09-30": "$10", "2007-06-30": "$13", "2007-03-31": "$14", "2006-12-31": "$15", "2006-09-30": "$17", "2006-06-30": "$19", "2006-03-31": "$22", "2005-12-31": "$25", "2005-09-30": "$27", "2005-06-30": "$31", "2005-03-31": "$34"}}, "profit-margins": {"current": "-25.27%"}, "gross margin": {"2020-09-30": "75.32%", "2020-06-30": "74.91%", "2020-03-31": "75.82%", "2019-12-31": "75.14%", "2019-09-30": "74.59%", "2019-06-30": "74.16%", "2019-03-31": "73.95%", "2018-12-31": "74.23%", "2018-09-30": "74.37%", "2018-06-30": "73.65%", "2018-03-31": "72.73%", "2017-12-31": "70.68%", "2017-09-30": "67.29%", "2017-06-30": "63.91%", "2017-03-31": "59.85%", "2016-12-31": "54.55%", "2016-09-30": "51.28%", "2016-06-30": "46.03%", "2016-03-31": "42.00%", "2015-12-31": "38.46%", "2015-09-30": "22.22%", "2014-12-31": "-150.00%", "2014-03-31": "100.00%", "2013-12-31": "100.00%", "2013-09-30": "100.00%", "2013-06-30": "100.00%", "2013-03-31": "100.00%", "2012-12-31": "100.00%", "2012-09-30": "100.00%", "2012-06-30": "100.00%", "2012-03-31": "100.00%", "2011-12-31": "100.00%", "2011-09-30": "100.00%", "2011-06-30": "100.00%", "2011-03-31": "100.00%", "2010-12-31": "100.00%", "2010-09-30": "100.00%", "2010-06-30": "100.00%", "2010-03-31": "100.00%", "2009-12-31": "100.00%", "2009-09-30": "100.00%", "2009-06-30": "100.00%", "2009-03-31": "nan%", "2008-12-31": "100.00%", "2008-09-30": "100.00%", "2008-06-30": "100.00%", "2008-03-31": "nan%", "2007-12-31": "100.00%", "2007-09-30": "100.00%", "2007-06-30": "100.00%", "2007-03-31": "100.00%", "2006-12-31": "100.00%", "2006-09-30": "100.00%", "2006-06-30": "100.00%", "2006-03-31": "75.00%", "2005-12-31": "75.00%"}, "operating margin": {"2020-09-30": "-33.91%", "2020-06-30": "-24.82%", "2020-03-31": "-23.33%", "2019-12-31": "-26.68%", "2019-09-30": "-25.83%", "2019-06-30": "-30.82%", "2019-03-31": "-36.31%", "2018-12-31": "-35.24%", "2018-09-30": "-33.67%", "2018-06-30": "-34.28%", "2018-03-31": "-38.64%", "2017-12-31": "-43.98%", "2017-09-30": "-61.68%", "2017-06-30": "-84.02%", "2017-03-31": "-118.18%", "2016-12-31": "-170.71%", "2016-09-30": "-219.23%", "2016-06-30": "-279.37%", "2016-03-31": "-340.00%", "2015-12-31": "-405.13%", "2015-09-30": "-559.26%", "2014-12-31": "-5050.00%", "2014-03-31": "-1700.00%", "2013-12-31": "-1150.00%", "2013-09-30": "-1200.00%", "2013-06-30": "-1250.00%", "2013-03-31": "-1325.00%", "2012-12-31": "-1325.00%", "2012-09-30": "-1225.00%", "2012-06-30": "-1100.00%", "2012-03-31": "-900.00%", "2011-12-31": "-725.00%", "2011-09-30": "-575.00%", "2011-06-30": "-450.00%", "2011-03-31": "-325.00%", "2010-12-31": "-275.00%", "2010-09-30": "-225.00%", "2010-06-30": "-175.00%", "2010-03-31": "-175.00%", "2009-12-31": "-225.00%", "2009-09-30": "-300.00%", "2009-06-30": "-1100.00%", "2009-03-31": "inf%", "2008-12-31": "1000.00%", "2008-09-30": "600.00%", "2008-06-30": "1300.00%", "2008-03-31": "inf%", "2007-12-31": "-1200.00%", "2007-09-30": "-366.67%", "2007-06-30": "-250.00%", "2007-03-31": "-300.00%", "2006-12-31": "-350.00%", "2006-09-30": "-350.00%", "2006-06-30": "-375.00%", "2006-03-31": "-375.00%", "2005-12-31": "-400.00%"}, "ebitda margin": {"2020-09-30": "-1.82%", "2020-06-30": "-10.07%", "2020-03-31": "-11.67%", "2019-12-31": "-16.88%", "2019-09-30": "-17.54%", "2019-06-30": "-21.51%", "2019-03-31": "-26.43%", "2018-12-31": "-25.11%", "2018-09-30": "-24.37%", "2018-06-30": "-26.63%", "2018-03-31": "-32.47%", "2017-12-31": "-39.47%", "2017-09-30": "-56.54%", "2017-06-30": "-77.51%", "2017-03-31": "-109.85%", "2016-12-31": "-158.59%", "2016-09-30": "-205.13%", "2016-06-30": "-263.49%", "2016-03-31": "-322.00%", "2015-12-31": "-384.62%", "2015-09-30": "-529.63%", "2014-12-31": "-4850.00%", "2014-03-31": "-1800.00%", "2013-12-31": "-1225.00%", "2013-09-30": "-1275.00%", "2013-06-30": "-1325.00%", "2013-03-31": "-1400.00%", "2012-12-31": "-1400.00%", "2012-09-30": "-1300.00%", "2012-06-30": "-1175.00%", "2012-03-31": "-975.00%", "2011-12-31": "-825.00%", "2011-09-30": "-675.00%", "2011-06-30": "-575.00%", "2011-03-31": "-500.00%", "2010-12-31": "-425.00%", "2010-09-30": "-375.00%", "2010-06-30": "-300.00%", "2010-03-31": "-275.00%", "2009-12-31": "-350.00%", "2009-09-30": "-433.33%", "2009-06-30": "-1400.00%", "2009-03-31": "inf%", "2008-12-31": "1100.00%", "2008-09-30": "650.00%", "2008-06-30": "1500.00%", "2008-03-31": "inf%", "2007-12-31": "-1500.00%", "2007-09-30": "-500.00%", "2007-06-30": "-350.00%", "2007-03-31": "-375.00%", "2006-12-31": "-425.00%", "2006-09-30": "-425.00%", "2006-06-30": "-425.00%", "2006-03-31": "-450.00%", "2005-12-31": "-475.00%"}, "pre tax profit margin": {"2020-09-30": "-39.74%", "2020-06-30": "-30.12%", "2020-03-31": "-27.56%", "2019-12-31": "-30.67%", "2019-09-30": "-29.83%", "2019-06-30": "-35.47%", "2019-03-31": "-41.44%", "2018-12-31": "-38.33%", "2018-09-30": "-35.68%", "2018-06-30": "-35.13%", "2018-03-31": "-38.64%", "2017-12-31": "-43.23%", "2017-09-30": "-60.75%", "2017-06-30": "-83.43%", "2017-03-31": "-117.42%", "2016-12-31": "-168.69%", "2016-09-30": "-217.95%", "2016-06-30": "-277.78%", "2016-03-31": "-338.00%", "2015-12-31": "-405.13%", "2015-09-30": "-555.56%", "2014-12-31": "-4950.00%", "2014-03-31": "-1700.00%", "2013-12-31": "-1150.00%", "2013-09-30": "-1200.00%", "2013-06-30": "-1250.00%", "2013-03-31": "-1325.00%", "2012-12-31": "-1325.00%", "2012-09-30": "-1225.00%", "2012-06-30": "-1100.00%", "2012-03-31": "-900.00%", "2011-12-31": "-725.00%", "2011-09-30": "-575.00%", "2011-06-30": "-450.00%", "2011-03-31": "-325.00%", "2010-12-31": "-275.00%", "2010-09-30": "-225.00%", "2010-06-30": "-175.00%", "2010-03-31": "-175.00%", "2009-12-31": "-225.00%", "2009-09-30": "-300.00%", "2009-06-30": "-1100.00%", "2009-03-31": "inf%", "2008-12-31": "1000.00%", "2008-09-30": "600.00%", "2008-06-30": "1300.00%", "2008-03-31": "inf%", "2007-12-31": "-1200.00%", "2007-09-30": "-333.33%", "2007-06-30": "-225.00%", "2007-03-31": "-250.00%", "2006-12-31": "-300.00%", "2006-09-30": "-325.00%", "2006-06-30": "-325.00%", "2006-03-31": "-350.00%", "2005-12-31": "-375.00%"}, "net profit margin": {"2020-09-30": "-25.28%", "2020-06-30": "-13.69%", "2020-03-31": "-10.16%", "2019-12-31": "-9.69%", "2019-09-30": "-29.97%", "2019-06-30": "-35.47%", "2019-03-31": "-41.44%", "2018-12-31": "-38.33%", "2018-09-30": "-35.68%", "2018-06-30": "-35.13%", "2018-03-31": "-38.64%", "2017-12-31": "-43.23%", "2017-09-30": "-60.75%", "2017-06-30": "-83.43%", "2017-03-31": "-117.42%", "2016-12-31": "-168.69%", "2016-09-30": "-217.95%", "2016-06-30": "-277.78%", "2016-03-31": "-338.00%", "2015-12-31": "-405.13%", "2015-09-30": "-555.56%", "2014-12-31": "-4950.00%", "2014-03-31": "-1700.00%", "2013-12-31": "-1150.00%", "2013-09-30": "-1200.00%", "2013-06-30": "-1250.00%", "2013-03-31": "-1325.00%", "2012-12-31": "-1325.00%", "2012-09-30": "-1225.00%", "2012-06-30": "-1100.00%", "2012-03-31": "-900.00%", "2011-12-31": "-725.00%", "2011-09-30": "-575.00%", "2011-06-30": "-450.00%", "2011-03-31": "-325.00%", "2010-12-31": "-275.00%", "2010-09-30": "-225.00%", "2010-06-30": "-175.00%", "2010-03-31": "-175.00%", "2009-12-31": "-225.00%", "2009-09-30": "-300.00%", "2009-06-30": "-1100.00%", "2009-03-31": "inf%", "2008-12-31": "1000.00%", "2008-09-30": "600.00%", "2008-06-30": "1300.00%", "2008-03-31": "inf%", "2007-12-31": "-1200.00%", "2007-09-30": "-333.33%", "2007-06-30": "-225.00%", "2007-03-31": "-250.00%", "2006-12-31": "-300.00%", "2006-09-30": "-325.00%", "2006-06-30": "-325.00%", "2006-03-31": "-350.00%", "2005-12-31": "-375.00%"}, "pe ratio": {"current": "0.00", "2021-02-05": "0.00", "2020-09-30": "0.00", "2020-06-30": "0.00", "2020-03-31": "0.00", "2019-12-31": "0.00", "2019-09-30": "0.00", "2019-06-30": "0.00", "2019-03-31": "0.00", "2018-12-31": "0.00", "2018-09-30": "0.00", "2018-06-30": "0.00", "2018-03-31": "0.00", "2017-12-31": "0.00", "2017-09-30": "0.00", "2017-06-30": "0.00", "2017-03-31": "0.00", "2016-12-31": "0.00", "2016-09-30": "0.00", "2016-06-30": "0.00", "2016-03-31": "0.00", "2015-12-31": "0.00", "2015-09-30": "0.00", "2015-06-30": "0.00", "2015-03-31": "0.00", "2014-12-31": "0.00", "2014-09-30": "0.00", "2014-06-30": "0.00", "2014-03-31": "0.00", "2013-12-31": "0.00", "2013-09-30": "0.00", "2013-06-30": "0.00", "2013-03-31": "0.00", "2012-12-31": "0.00", "2012-09-30": "0.00", "2012-06-30": "0.00", "2012-03-31": "0.00", "2011-12-31": "0.00", "2011-09-30": "0.00", "2011-06-30": "0.00", "2011-03-31": "0.00", "2010-12-31": "0.00", "2010-09-30": "0.00", "2010-06-30": "0.00", "2010-03-31": "0.00", "2009-12-31": "0.00", "2009-09-30": "0.00", "2009-06-30": "0.00", "2009-03-31": "0.00", "2008-12-31": "0.00", "2008-09-30": "0.00", "2008-06-30": "0.00", "2008-03-31": "0.00", "2007-12-31": "0.00", "2007-09-30": "0.00", "2007-06-30": "0.00", "2007-03-31": "0.00", "2006-12-31": "0.00"}, "price sales": {"2021-02-05": "15.86", "2020-09-30": "11.18", "2020-06-30": "10.75", "2020-03-31": "7.40", "2019-12-31": "13.66", "2019-09-30": "15.88", "2019-06-30": "23.77", "2019-03-31": "20.33", "2018-12-31": "16.95", "2018-09-30": "23.85", "2018-06-30": "20.25", "2018-03-31": "15.39", "2017-12-31": "22.72", "2017-09-30": "24.78", "2017-06-30": "22.66", "2017-03-31": "18.65", "2016-12-31": "13.61", "2016-09-30": "23.40", "2016-06-30": "18.58", "2016-03-31": "12.62", "2015-12-31": "21.48", "2015-09-30": "61.63", "2015-06-30": "188.03", "2015-03-31": "329.34", "2014-12-31": "1198.92", "2014-09-30": "994.29", "2014-06-30": "498.33", "2014-03-31": "282.35", "2013-12-31": "188.68", "2013-09-30": "183.40", "2013-06-30": "208.31", "2013-03-31": "142.18", "2012-12-31": "149.23", "2012-09-30": "149.89", "2012-06-30": "140.90", "2012-03-31": "143.16", "2011-12-31": "101.86", "2011-09-30": "70.64", "2011-06-30": "79.76", "2011-03-31": "60.45", "2010-12-31": "43.37", "2010-09-30": "51.05", "2010-06-30": "30.55", "2010-03-31": "29.55", "2009-12-31": "23.03", "2009-09-30": "26.41", "2009-06-30": "58.96", "2009-03-31": "0.00", "2008-12-31": "0.00", "2008-09-30": "0.00", "2008-06-30": "0.00", "2008-03-31": "115.14", "2007-12-31": "48.01", "2007-09-30": "25.33", "2007-06-30": "16.69", "2007-03-31": "15.06", "2006-12-31": "15.77"}, "price book": {"current": "9.31", "2021-02-05": "9.30", "2020-09-30": "6.56", "2020-06-30": "5.19", "2020-03-31": "3.42", "2019-12-31": "5.97", "2019-09-30": "15.68", "2019-06-30": "19.95", "2019-03-31": "14.39", "2018-12-31": "11.42", "2018-09-30": "13.53", "2018-06-30": "9.85", "2018-03-31": "7.15", "2017-12-31": "12.17", "2017-09-30": "10.69", "2017-06-30": "7.79", "2017-03-31": "8.49", "2016-12-31": "4.39", "2016-09-30": "5.56", "2016-06-30": "4.83", "2016-03-31": "2.28", "2015-12-31": "2.73", "2015-09-30": "4.80", "2015-06-30": "11.78", "2015-03-31": "7.58", "2014-12-31": "8.42", "2014-09-30": "7.49", "2014-06-30": "5.81", "2014-03-31": "8.29", "2013-12-31": "6.17", "2013-09-30": "5.77", "2013-06-30": "6.40", "2013-03-31": "7.05", "2012-12-31": "6.86", "2012-09-30": "6.34", "2012-06-30": "9.60", "2012-03-31": "8.40", "2011-12-31": "5.51", "2011-09-30": "5.43", "2011-06-30": "6.37", "2011-03-31": "5.02", "2010-12-31": "3.91", "2010-09-30": "16.47", "2010-06-30": "8.61", "2010-03-31": "33.66", "2009-12-31": "19.76", "2009-09-30": "13.62", "2009-06-30": "13.38", "2009-03-31": "-33.60", "2008-12-31": "-6.43", "2008-09-30": "-46.77", "2008-06-30": "21.82", "2008-03-31": "19.54", "2007-12-31": "13.90", "2007-09-30": "9.41", "2007-06-30": "6.21", "2007-03-31": "5.30", "2006-12-31": "5.07", "2006-09-30": "3.21", "2006-06-30": "2.92", "2006-03-31": "3.76"}, "price fcf": {"2021-02-05": "", "2020-09-30": "$-0.66", "2020-06-30": "$-1.73", "2020-03-31": "$-1.94", "2019-12-31": "$-2.19", "2019-09-30": "$-2.12", "2019-06-30": "$-1.97", "2019-03-31": "$-2.02", "2018-12-31": "$-1.80", "2018-09-30": "$-1.59", "2018-06-30": "$-1.27", "2018-03-31": "$-1.16", "2017-12-31": "$-1.04", "2017-09-30": "$-1.12", "2017-06-30": "$-1.21", "2017-03-31": "$-1.29", "2016-12-31": "$-1.42", "2016-09-30": "$-1.52", "2016-06-30": "$-1.68", "2016-03-31": "$-1.71", "2015-12-31": "$-1.67", "2015-09-30": "$-1.69", "2015-06-30": "$-1.58", "2015-03-31": "$-1.35", "2014-12-31": "$-1.16", "2014-09-30": "$-0.96", "2014-06-30": "$-0.80", "2014-03-31": "$-0.77", "2013-12-31": "$-0.73", "2013-09-30": "$-0.68", "2013-06-30": "$-0.71", "2013-03-31": "$-0.75", "2012-12-31": "$-0.76", "2012-09-30": "$-0.75", "2012-06-30": "$-0.75", "2012-03-31": "$-0.65", "2011-12-31": "$-0.56", "2011-09-30": "$-0.49", "2011-06-30": "$-0.43", "2011-03-31": "$-0.37", "2010-12-31": "$-0.35", "2010-09-30": "$-0.37", "2010-06-30": "$-0.30", "2010-03-31": "$-0.25", "2009-12-31": "$-0.40", "2009-09-30": "$-0.31", "2009-06-30": "$-0.36", "2009-03-31": "$-0.40", "2008-12-31": "$-0.28", "2008-09-30": "$-0.33", "2008-06-30": "$-0.35", "2008-03-31": "$-0.35", "2007-12-31": "$-0.33", "2007-09-30": "$-0.33", "2007-06-30": "$-0.35", "2007-03-31": "$-0.39", "2006-12-31": "$-0.46"}, "net worth": {"value": "$21.75B"}, "current ratio": {"current": "6.36", "2020-09-30": "6.36", "2020-06-30": "6.77", "2020-03-31": "6.09", "2019-12-31": "2.36", "2019-09-30": "2.75", "2019-06-30": "2.79", "2019-03-31": "8.39", "2018-12-31": "9.02", "2018-09-30": "12.08", "2018-06-30": "15.79", "2018-03-31": "15.30", "2017-12-31": "7.15", "2017-09-30": "10.34", "2017-06-30": "16.81", "2017-03-31": "10.23", "2016-12-31": "10.87", "2016-09-30": "11.94", "2016-06-30": "8.71", "2016-03-31": "11.51", "2015-12-31": "12.19", "2015-09-30": "15.28", "2015-06-30": "11.92", "2015-03-31": "17.69", "2014-12-31": "16.65", "2014-09-30": "12.91", "2014-06-30": "24.32", "2014-03-31": "13.16", "2013-12-31": "17.47", "2013-09-30": "17.50", "2013-06-30": "19.81", "2013-03-31": "10.54", "2012-12-31": "9.49", "2012-09-30": "12.47", "2012-06-30": "8.48", "2012-03-31": "11.11", "2011-12-31": "11.83", "2011-09-30": "10.33", "2011-06-30": "11.90", "2011-03-31": "14.13", "2010-12-31": "13.36", "2010-09-30": "4.67", "2010-06-30": "5.06", "2010-03-31": "3.17", "2009-12-31": "3.88", "2009-09-30": "3.72", "2009-06-30": "3.84", "2009-03-31": "2.94", "2008-12-31": "1.02", "2008-09-30": "1.04", "2008-06-30": "1.55", "2008-03-31": "1.90", "2007-12-31": "2.92", "2007-09-30": "3.92", "2007-06-30": "4.99", "2007-03-31": "3.05", "2006-12-31": "3.37", "2006-09-30": "4.09", "2006-06-30": "4.47", "2006-03-31": "5.19", "2005-12-31": "5.42", "2005-09-30": "6.32", "2005-06-30": "6.93", "2005-03-31": "7.85"}, "quick ratio": {"2020-09-30": "6.04", "2020-06-30": "6.40", "2020-03-31": "5.81", "2019-12-31": "2.09", "2019-09-30": "2.63", "2019-06-30": "2.70", "2019-03-31": "8.13", "2018-12-31": "8.73", "2018-09-30": "11.72", "2018-06-30": "15.37", "2018-03-31": "14.86", "2017-12-31": "6.77", "2017-09-30": "9.98", "2017-06-30": "16.42", "2017-03-31": "9.97", "2016-12-31": "10.65", "2016-09-30": "11.69", "2016-06-30": "8.41", "2016-03-31": "11.18", "2015-12-31": "11.94", "2015-09-30": "15.03", "2015-06-30": "11.59", "2015-03-31": "17.31", "2014-12-31": "16.42", "2014-09-30": "12.75", "2014-06-30": "0.00", "2014-03-31": "0.00", "2013-12-31": "0.00", "2013-09-30": "0.00", "2013-06-30": "0.00", "2013-03-31": "0.00", "2012-12-31": "0.00", "2012-09-30": "0.00", "2012-06-30": "0.00", "2012-03-31": "0.00", "2011-12-31": "0.00", "2011-09-30": "0.00", "2011-06-30": "0.00", "2011-03-31": "0.00", "2010-12-31": "0.00", "2010-09-30": "0.00", "2010-06-30": "0.00", "2010-03-31": "0.00", "2009-12-31": "0.00", "2009-09-30": "0.00", "2009-06-30": "0.00", "2009-03-31": "0.00", "2008-12-31": "0.00", "2008-09-30": "0.00", "2008-06-30": "0.00", "2008-03-31": "0.00", "2007-12-31": "0.00", "2007-09-30": "0.00", "2007-06-30": "0.00", "2007-03-31": "0.00", "2006-12-31": "0.00", "2006-09-30": "0.00", "2006-06-30": "0.00", "2006-03-31": "0.00", "2005-12-31": "0.00", "2005-09-30": "0.00", "2005-06-30": "0.00", "2005-03-31": "0.00"}, "debt equity ratio": {"current": "0.68", "2020-09-30": "0.86", "2020-06-30": "0.78", "2020-03-31": "0.76", "2019-12-31": "0.53", "2019-09-30": "1.35", "2019-06-30": "1.33", "2019-03-31": "1.28", "2018-12-31": "1.24", "2018-09-30": "1.11", "2018-06-30": "0.99", "2018-03-31": "0.83", "2017-12-31": "0.15", "2017-09-30": "0.11", "2017-06-30": "0.08", "2017-03-31": "0.13", "2016-12-31": "0.13", "2016-09-30": "0.11", "2016-06-30": "0.16", "2016-03-31": "0.12", "2015-12-31": "0.11", "2015-09-30": "0.09", "2015-06-30": "0.13", "2015-03-31": "0.08", "2014-12-31": "0.08", "2014-09-30": "0.09", "2014-06-30": "0.05", "2014-03-31": "0.10", "2013-12-31": "0.08", "2013-09-30": "0.07", "2013-06-30": "0.06", "2013-03-31": "0.12", "2012-12-31": "0.14", "2012-09-30": "0.12", "2012-06-30": "0.19", "2012-03-31": "0.16", "2011-12-31": "0.16", "2011-09-30": "0.22", "2011-06-30": "0.21", "2011-03-31": "0.20", "2010-12-31": "0.21", "2010-09-30": "1.02", "2010-06-30": "0.90", "2010-03-31": "4.09", "2009-12-31": "3.23", "2009-09-30": "2.86", "2009-06-30": "3.15", "2009-03-31": "-20.21", "2008-12-31": "-3.42", "2008-09-30": "-15.37", "2008-06-30": "3.25", "2008-03-31": "1.88", "2007-12-31": "1.32", "2007-09-30": "0.73", "2007-06-30": "0.55", "2007-03-31": "0.57", "2006-12-31": "0.60", "2006-09-30": "0.58", "2006-06-30": "0.58", "2006-03-31": "0.55", "2005-12-31": "0.54", "2005-09-30": "0.52", "2005-06-30": "0.50", "2005-03-31": "0.48"}, "return on equity": {"2020-09-30": "-13.81%", "2020-06-30": "-7.67%", "2020-03-31": "-6.81%", "2019-12-31": "-7.43%", "2019-09-30": "-29.21%", "2019-06-30": "-30.06%", "2019-03-31": "-29.87%", "2018-12-31": "-24.60%", "2018-09-30": "-21.29%", "2018-06-30": "-20.02%", "2018-03-31": "-20.92%", "2017-12-31": "-24.24%", "2017-09-30": "-30.36%", "2017-06-30": "-36.43%", "2017-03-31": "-49.36%", "2016-12-31": "-54.13%", "2016-09-30": "-55.46%", "2016-06-30": "-57.14%", "2016-03-31": "-56.29%", "2015-12-31": "-53.97%", "2015-09-30": "-52.96%", "2015-06-30": "-56.33%", "2015-03-31": "-47.36%", "2014-12-31": "-45.57%", "2014-09-30": "-44.20%", "2014-06-30": "-35.97%", "2014-03-31": "-36.69%", "2013-12-31": "-35.18%", "2013-09-30": "-39.43%", "2013-06-30": "-44.15%", "2013-03-31": "-58.40%", "2012-12-31": "-60.57%", "2012-09-30": "-58.68%", "2012-06-30": "-61.11%", "2012-03-31": "-48.81%", "2011-12-31": "-39.32%", "2011-09-30": "-31.51%", "2011-06-30": "-29.39%", "2011-03-31": "-26.67%", "2010-12-31": "-35.48%", "2010-09-30": "-72.00%", "2010-06-30": "-71.79%", "2010-03-31": "-112.00%", "2009-12-31": "-189.47%", "2009-09-30": "-327.27%", "2009-06-30": "-1466.67%", "2009-03-31": "2200.00%", "2008-12-31": "-1333.33%", "2008-09-30": "-436.36%", "2008-06-30": "-236.36%", "2008-03-31": "-157.58%", "2007-12-31": "-111.63%", "2007-09-30": "-76.92%", "2007-06-30": "-61.02%", "2007-03-31": "-61.54%", "2006-12-31": "-65.75%", "2006-09-30": "-62.65%", "2006-06-30": "-55.91%", "2006-03-31": "-53.33%", "2005-12-31": "-51.28%"}, "return on assets": {"2020-09-30": "-7.96%", "2020-06-30": "-4.37%", "2020-03-31": "-3.75%", "2019-12-31": "-3.86%", "2019-09-30": "-12.70%", "2019-06-30": "-13.42%", "2019-03-31": "-13.87%", "2018-12-31": "-12.05%", "2018-09-30": "-11.71%", "2018-06-30": "-12.63%", "2018-03-31": "-15.73%", "2017-12-31": "-21.71%", "2017-09-30": "-27.41%", "2017-06-30": "-32.92%", "2017-03-31": "-43.69%", "2016-12-31": "-47.95%", "2016-09-30": "-49.28%", "2016-06-30": "-51.06%", "2016-03-31": "-50.64%", "2015-12-31": "-48.99%", "2015-09-30": "-48.43%", "2015-06-30": "-51.48%", "2015-03-31": "-43.95%", "2014-12-31": "-42.22%", "2014-09-30": "-40.93%", "2014-06-30": "-33.53%", "2014-03-31": "-34.06%", "2013-12-31": "-32.57%", "2013-09-30": "-36.23%", "2013-06-30": "-40.16%", "2013-03-31": "-51.58%", "2012-12-31": "-53.13%", "2012-09-30": "-51.04%", "2012-06-30": "-51.92%", "2012-03-31": "-41.38%", "2011-12-31": "-33.05%", "2011-09-30": "-26.21%", "2011-06-30": "-23.30%", "2011-03-31": "-19.77%", "2010-12-31": "-22.45%", "2010-09-30": "-28.80%", "2010-06-30": "-23.93%", "2010-03-31": "-26.17%", "2009-12-31": "-34.29%", "2009-09-30": "-42.35%", "2009-06-30": "-68.75%", "2009-03-31": "-97.78%", "2008-12-31": "-114.29%", "2008-09-30": "-109.09%", "2008-06-30": "-96.30%", "2008-03-31": "-82.54%", "2007-12-31": "-66.67%", "2007-09-30": "-49.38%", "2007-06-30": "-39.56%", "2007-03-31": "-39.22%", "2006-12-31": "-42.11%", "2006-09-30": "-40.63%", "2006-06-30": "-36.62%", "2006-03-31": "-35.44%", "2005-12-31": "-34.29%"}, "return on investments": {"2020-09-30": "-11.83%", "2020-06-30": "-9.00%", "2020-03-31": "-10.25%", "2019-12-31": "-13.01%", "2019-09-30": "-13.72%", "2019-06-30": "-13.73%", "2019-03-31": "-13.34%", "2018-12-31": "-12.01%", "2018-09-30": "-11.95%", "2018-06-30": "-13.34%", "2018-03-31": "-17.12%", "2017-12-31": "-24.40%", "2017-09-30": "-30.45%", "2017-06-30": "-36.18%", "2017-03-31": "-48.79%", "2016-12-31": "-53.74%", "2016-09-30": "-54.72%", "2016-06-30": "-56.41%", "2016-03-31": "-55.60%", "2015-12-31": "-53.11%", "2015-09-30": "-52.57%", "2015-06-30": "-55.94%", "2015-03-31": "-47.59%", "2014-12-31": "-45.86%", "2014-09-30": "-43.96%", "2014-06-30": "-35.92%", "2014-03-31": "-36.04%", "2013-12-31": "-34.59%", "2013-09-30": "-38.95%", "2013-06-30": "-43.67%", "2013-03-31": "-57.61%", "2012-12-31": "-59.89%", "2012-09-30": "-57.99%", "2012-06-30": "-60.27%", "2012-03-31": "-48.16%", "2011-12-31": "-38.80%", "2011-09-30": "-31.08%", "2011-06-30": "-28.92%", "2011-03-31": "-26.13%", "2010-12-31": "-34.38%", "2010-09-30": "-66.67%", "2010-06-30": "-80.00%", "2010-03-31": "-215.38%", "2009-12-31": "-514.29%", "2009-09-30": "inf%", "2009-06-30": "inf%", "2009-03-31": "inf%", "2008-12-31": "inf%", "2008-09-30": "inf%", "2008-06-30": "inf%", "2008-03-31": "inf%", "2007-12-31": "inf%", "2007-09-30": "inf%", "2007-06-30": "inf%", "2007-03-31": "inf%", "2006-12-31": "inf%", "2006-09-30": "inf%", "2006-06-30": "inf%", "2006-03-31": "inf%", "2005-12-31": "inf%"}, "return on tangible equity": {"2020-09-30": "-262.48%", "2020-06-30": "-62.94%", "2020-03-31": "-28.11%", "2019-12-31": "-16.22%", "2019-09-30": "-31.11%", "2019-06-30": "-31.80%", "2019-03-31": "-31.36%", "2018-12-31": "-25.64%", "2018-09-30": "-22.05%", "2018-06-30": "-20.59%", "2018-03-31": "-21.35%", "2017-12-31": "-24.55%", "2017-09-30": "-30.37%", "2017-06-30": "-36.46%", "2017-03-31": "-49.40%", "2016-12-31": "-54.18%", "2016-09-30": "-55.46%", "2016-06-30": "-57.14%", "2016-03-31": "-56.29%", "2015-12-31": "-53.97%", "2015-09-30": "-52.96%", "2015-06-30": "-56.33%", "2015-03-31": "-47.36%", "2014-12-31": "-45.57%", "2014-09-30": "-44.20%", "2014-06-30": "-35.97%", "2014-03-31": "-36.69%", "2013-12-31": "-35.18%", "2013-09-30": "-39.43%", "2013-06-30": "-44.15%", "2013-03-31": "-58.40%", "2012-12-31": "-60.57%", "2012-09-30": "-58.68%", "2012-06-30": "-61.11%", "2012-03-31": "-48.81%", "2011-12-31": "-39.32%", "2011-09-30": "-31.51%", "2011-06-30": "-29.39%", "2011-03-31": "-26.67%", "2010-12-31": "-35.48%", "2010-09-30": "-72.00%", "2010-06-30": "-71.79%", "2010-03-31": "-112.00%", "2009-12-31": "-189.47%", "2009-09-30": "-360.00%", "2009-06-30": "-2200.00%", "2009-03-31": "1466.67%", "2008-12-31": "-2000.00%", "2008-09-30": "-436.36%", "2008-06-30": "-247.62%", "2008-03-31": "-167.74%", "2007-12-31": "-120.00%", "2007-09-30": "-83.33%", "2007-06-30": "-65.45%", "2007-03-31": "-65.57%", "2006-12-31": "-70.59%", "2006-09-30": "-67.53%", "2006-06-30": "-59.77%", "2006-03-31": "-57.14%", "2005-12-31": "-54.55%"}, "dividend yield history": {"last payout": "$0.00", "last yield": "0.00%"}}