{"ticker": "EXC", "price": {"title": "Exelon Historical Annual Stock Price Data", "value": 43.32, "historical": {"2021": {"Average Stock Price": "42.5663", "Year Open": "41.1700", "Year High": "43.7400", "Year Low": "41.0200", "Year Close": "43.3200", "Annual % Change": "2.61%"}, "2020": {"Average Stock Price": "39.9426", "Year Open": "45.4300", "Year High": "50.3800", "Year Low": "29.9800", "Year Close": "42.2200", "Annual % Change": "-7.39%"}, "2019": {"Average Stock Price": "47.4101", "Year Open": "44.0700", "Year High": "50.9500", "Year Low": "43.8200", "Year Close": "45.5900", "Annual % Change": "1.09%"}, "2018": {"Average Stock Price": "41.5183", "Year Open": "39.5900", "Year High": "47.0600", "Year Low": "35.9800", "Year Close": "45.1000", "Annual % Change": "14.44%"}, "2017": {"Average Stock Price": "37.3043", "Year Open": "35.1900", "Year High": "42.3900", "Year Low": "33.5000", "Year Close": "39.4100", "Annual % Change": "11.05%"}, "2016": {"Average Stock Price": "33.6672", "Year Open": "27.9700", "Year High": "37.5000", "Year Low": "26.7800", "Year Close": "35.4900", "Annual % Change": "27.80%"}, "2015": {"Average Stock Price": "32.0228", "Year Open": "37.5700", "Year High": "37.9900", "Year Low": "25.4600", "Year Close": "27.7700", "Annual % Change": "-25.11%"}, "2014": {"Average Stock Price": "33.5572", "Year Open": "27.1700", "Year High": "38.6300", "Year Low": "26.6200", "Year Close": "37.0800", "Annual % Change": "35.38%"}, "2013": {"Average Stock Price": "31.0365", "Year Open": "29.8200", "Year High": "37.7800", "Year Low": "26.9000", "Year Close": "27.3900", "Annual % Change": "-7.90%"}, "2012": {"Average Stock Price": "36.7034", "Year Open": "42.0700", "Year High": "42.0700", "Year Low": "28.5700", "Year Close": "29.7400", "Annual % Change": "-31.43%"}, "2011": {"Average Stock Price": "42.3852", "Year Open": "41.9400", "Year High": "45.3400", "Year Low": "39.7700", "Year Close": "43.3700", "Annual % Change": "4.15%"}, "2010": {"Average Stock Price": "42.3862", "Year Open": "48.8800", "Year High": "49.6600", "Year Low": "37.6300", "Year Close": "41.6400", "Annual % Change": "-14.79%"}, "2009": {"Average Stock Price": "49.3279", "Year Open": "57.1700", "Year High": "57.8100", "Year Low": "40.1500", "Year Close": "48.8700", "Annual % Change": "-12.12%"}, "2008": {"Average Stock Price": "73.5093", "Year Open": "80.1800", "Year High": "91.6400", "Year Low": "45.0000", "Year Close": "55.6100", "Annual % Change": "-31.88%"}, "2007": {"Average Stock Price": "73.3067", "Year Open": "62.4300", "Year High": "86.1800", "Year Low": "59.0500", "Year Close": "81.6400", "Annual % Change": "31.91%"}, "2006": {"Average Stock Price": "57.8420", "Year Open": "54.6200", "Year High": "63.4600", "Year Low": "51.5400", "Year Close": "61.8900", "Annual % Change": "16.47%"}, "2005": {"Average Stock Price": "49.4410", "Year Open": "43.2300", "Year High": "56.9200", "Year Low": "42.0300", "Year Close": "53.1400", "Annual % Change": "20.58%"}, "2004": {"Average Stock Price": "35.7168", "Year Open": "33.0000", "Year High": "44.7000", "Year Low": "31.2900", "Year Close": "44.0700", "Annual % Change": "32.82%"}, "2003": {"Average Stock Price": "28.6043", "Year Open": "26.8950", "Year High": "33.1800", "Year Low": "23.4150", "Year Close": "33.1800", "Annual % Change": "25.75%"}, "2002": {"Average Stock Price": "25.0011", "Year Open": "24.2400", "Year High": "28.4600", "Year Low": "20.1750", "Year Close": "26.3850", "Annual % Change": "10.21%"}, "2001": {"Average Stock Price": "28.8639", "Year Open": "33.9400", "Year High": "34.8950", "Year Low": "20.5250", "Year Close": "23.9400", "Annual % Change": "-31.80%"}, "2000": {"Average Stock Price": "24.0079", "Year Open": "16.9400", "Year High": "35.4250", "Year Low": "16.8100", "Year Close": "35.1050", "Annual % Change": "102.04%"}, "1999": {"Average Stock Price": "20.3731", "Year Open": "20.4700", "Year High": "25.0000", "Year Low": "15.7500", "Year Close": "17.3750", "Annual % Change": "-16.77%"}, "1998": {"Average Stock Price": "14.8514", "Year Open": "12.2500", "Year High": "21.0950", "Year Low": "9.4700", "Year Close": "20.8750", "Annual % Change": "72.16%"}, "1997": {"Average Stock Price": "11.1605", "Year Open": "12.5000", "Year High": "13.0000", "Year Low": "9.5000", "Year Close": "12.1250", "Annual % Change": "-3.96%"}, "1996": {"Average Stock Price": "12.9715", "Year Open": "15.1250", "Year High": "16.0000", "Year Low": "11.5000", "Year Close": "12.6250", "Annual % Change": "-16.17%"}, "1995": {"Average Stock Price": "13.6592", "Year Open": "12.3750", "Year High": "15.0600", "Year Low": "12.1900", "Year Close": "15.0600", "Annual % Change": "22.94%"}, "1994": {"Average Stock Price": "13.2362", "Year Open": "14.6250", "Year High": "14.6250", "Year Low": "11.8100", "Year Close": "12.2500", "Annual % Change": "-19.01%"}, "1993": {"Average Stock Price": "14.9891", "Year Open": "13.1250", "Year High": "16.5600", "Year Low": "12.9400", "Year Close": "15.1250", "Annual % Change": "15.81%"}, "1992": {"Average Stock Price": "12.7419", "Year Open": "12.7500", "Year High": "13.3750", "Year Low": "11.3750", "Year Close": "13.0600", "Annual % Change": "0.93%"}, "1991": {"Average Stock Price": "10.4884", "Year Open": "8.8750", "Year High": "12.9400", "Year Low": "8.7500", "Year Close": "12.9400", "Annual % Change": "43.78%"}, "1990": {"Average Stock Price": "8.6188", "Year Open": "11.6250", "Year High": "11.6250", "Year Low": "7.3100", "Year Close": "9.0000", "Annual % Change": "-22.15%"}, "1989": {"Average Stock Price": "10.8405", "Year Open": "9.8750", "Year High": "12.0600", "Year Low": "9.5600", "Year Close": "11.5600", "Annual % Change": "15.60%"}, "1988": {"Average Stock Price": "9.4119", "Year Open": "9.3750", "Year High": "10.5600", "Year Low": "8.5000", "Year Close": "10.0000", "Annual % Change": "8.11%"}, "1987": {"Average Stock Price": "10.7312", "Year Open": "11.5000", "Year High": "12.8100", "Year Low": "8.8100", "Year Close": "9.2500", "Annual % Change": "-18.21%"}, "1986": {"Average Stock Price": "10.3232", "Year Open": "8.6250", "Year High": "12.0600", "Year Low": "8.5000", "Year Close": "11.3100", "Annual % Change": "30.15%"}, "1985": {"Average Stock Price": "7.7460", "Year Open": "7.5000", "Year High": "8.7500", "Year Low": "7.0000", "Year Close": "8.6900", "Annual % Change": "16.80%"}, "1984": {"Average Stock Price": "6.7549", "Year Open": "7.1250", "Year High": "7.9400", "Year Low": "5.1900", "Year Close": "7.4400", "Annual % Change": "3.48%"}, "1983": {"Average Stock Price": "8.4246", "Year Open": "8.5000", "Year High": "9.1250", "Year Low": "6.9400", "Year Close": "7.1900", "Annual % Change": "-15.41%"}, "1982": {"Average Stock Price": "7.4675", "Year Open": "6.8750", "Year High": "8.7500", "Year Low": "6.6900", "Year Close": "8.5000", "Annual % Change": "24.82%"}, "1981": {"Average Stock Price": "6.5294", "Year Open": "6.4400", "Year High": "7.1250", "Year Low": "6.0000", "Year Close": "6.8100", "Annual % Change": "8.96%"}}}, "market cap": {"value": "$42.51B"}, "income statement": {"Revenue": {"2019-12-31": "34438.00000", "2018-12-31": "35978.00000", "2017-12-31": "33558.00000", "2016-12-31": "31366.00000", "2015-12-31": "29447.00000", "2014-12-31": "27429.00000", "2013-12-31": "24888.00000", "2012-12-31": "23489.00000", "2011-12-31": "19063.00000", "2010-12-31": "18644.00000", "2009-12-31": "17318.00000", "2008-12-31": "18859.00000", "2007-12-31": "18916.00000", "2006-12-31": "15655.00000", "2005-12-31": "15357.00000"}, "Cost Of Goods Sold": {"2019-12-31": "15497.00000", "2018-12-31": "16670.00000", "2017-12-31": "14035.00000", "2016-12-31": "12640.00000", "2015-12-31": "13084.00000", "2014-12-31": "13003.00000", "2013-12-31": "10724.00000", "2012-12-31": "10157.00000", "2011-12-31": "7267.00000", "2010-12-31": "6435.00000", "2009-12-31": "5281.00000", "2008-12-31": "6582.00000", "2007-12-31": "7642.00000", "2006-12-31": "5232.00000", "2005-12-31": "5670.00000"}, "Gross Profit": {"2019-12-31": "18941.00000", "2018-12-31": "19308.00000", "2017-12-31": "19523.00000", "2016-12-31": "18726.00000", "2015-12-31": "16363.00000", "2014-12-31": "14426.00000", "2013-12-31": "14164.00000", "2012-12-31": "13332.00000", "2011-12-31": "11796.00000", "2010-12-31": "12209.00000", "2009-12-31": "12037.00000", "2008-12-31": "12277.00000", "2007-12-31": "11274.00000", "2006-12-31": "10423.00000", "2005-12-31": "9687.00000"}, "Research And Development Expenses": {"2019-12-31": "", "2018-12-31": "", "2017-12-31": "", "2016-12-31": "", "2015-12-31": "", "2014-12-31": "", "2013-12-31": "", "2012-12-31": "", "2011-12-31": "", "2010-12-31": "", "2009-12-31": "", "2008-12-31": "", "2007-12-31": "", "2006-12-31": "", "2005-12-31": ""}, "SG&A Expenses": {"2019-12-31": "10347.00000", "2018-12-31": "11120.00000", "2017-12-31": "11756.00000", "2016-12-31": "11530.00000", "2015-12-31": "9522.00000", "2014-12-31": "9722.00000", "2013-12-31": "8365.00000", "2012-12-31": "8980.00000", "2011-12-31": "5969.00000", "2010-12-31": "5408.00000", "2009-12-31": "5453.00000", "2008-12-31": "5344.00000", "2007-12-31": "5086.00000", "2006-12-31": "4639.00000", "2005-12-31": "4422.00000"}, "Other Operating Income Or Expenses": {"2019-12-31": "32.00000", "2018-12-31": "56.00000", "2017-12-31": "449.00000", "2016-12-31": "-48.00000", "2015-12-31": "18.00000", "2014-12-31": "706.00000", "2013-12-31": "23.00000", "2012-12-31": "-98.00000", "2011-12-31": "-1.00000", "2010-12-31": "", "2009-12-31": "", "2008-12-31": "", "2007-12-31": "", "2006-12-31": "", "2005-12-31": ""}, "Operating Expenses": {"2019-12-31": "30064.00000", "2018-12-31": "32087.00000", "2017-12-31": "29170.00000", "2016-12-31": "28154.00000", "2015-12-31": "25038.00000", "2014-12-31": "24333.00000", "2013-12-31": "21219.00000", "2012-12-31": "21116.00000", "2011-12-31": "14584.00000", "2010-12-31": "13918.00000", "2009-12-31": "12568.00000", "2008-12-31": "13560.00000", "2007-12-31": "14248.00000", "2006-12-31": "12134.00000", "2005-12-31": "12633.00000"}, "Operating Income": {"2019-12-31": "4374.00000", "2018-12-31": "3891.00000", "2017-12-31": "4388.00000", "2016-12-31": "3212.00000", "2015-12-31": "4409.00000", "2014-12-31": "3096.00000", "2013-12-31": "3669.00000", "2012-12-31": "2373.00000", "2011-12-31": "4479.00000", "2010-12-31": "4726.00000", "2009-12-31": "4750.00000", "2008-12-31": "5299.00000", "2007-12-31": "4668.00000", "2006-12-31": "3521.00000", "2005-12-31": "2724.00000"}, "Total Non-Operating Income/Expense": {"2019-12-31": "-389.00000", "2018-12-31": "-1666.00000", "2017-12-31": "-613.00000", "2016-12-31": "-1239.00000", "2015-12-31": "-1079.00000", "2014-12-31": "-610.00000", "2013-12-31": "-896.00000", "2012-12-31": "-575.00000", "2011-12-31": "-523.00000", "2010-12-31": "-505.00000", "2009-12-31": "-331.00000", "2008-12-31": "-1265.00000", "2007-12-31": "-496.00000", "2006-12-31": "-725.00000", "2005-12-31": "-829.00000"}, "Pre-Tax Income": {"2019-12-31": "3985.00000", "2018-12-31": "2225.00000", "2017-12-31": "3775.00000", "2016-12-31": "1973.00000", "2015-12-31": "3330.00000", "2014-12-31": "2486.00000", "2013-12-31": "2773.00000", "2012-12-31": "1798.00000", "2011-12-31": "3956.00000", "2010-12-31": "4221.00000", "2009-12-31": "4419.00000", "2008-12-31": "4034.00000", "2007-12-31": "4172.00000", "2006-12-31": "2796.00000", "2005-12-31": "1895.00000"}, "Income Taxes": {"2019-12-31": "774.00000", "2018-12-31": "118.00000", "2017-12-31": "-126.00000", "2016-12-31": "753.00000", "2015-12-31": "1073.00000", "2014-12-31": "666.00000", "2013-12-31": "1044.00000", "2012-12-31": "627.00000", "2011-12-31": "1457.00000", "2010-12-31": "1658.00000", "2009-12-31": "1712.00000", "2008-12-31": "1317.00000", "2007-12-31": "1446.00000", "2006-12-31": "1206.00000", "2005-12-31": "944.00000"}, "Income After Taxes": {"2019-12-31": "3211.00000", "2018-12-31": "2107.00000", "2017-12-31": "3901.00000", "2016-12-31": "1220.00000", "2015-12-31": "2257.00000", "2014-12-31": "1820.00000", "2013-12-31": "1729.00000", "2012-12-31": "1171.00000", "2011-12-31": "2499.00000", "2010-12-31": "2563.00000", "2009-12-31": "2707.00000", "2008-12-31": "2717.00000", "2007-12-31": "2726.00000", "2006-12-31": "1590.00000", "2005-12-31": "951.00000"}, "Other Income": {"2019-12-31": "", "2018-12-31": "", "2017-12-31": "", "2016-12-31": "", "2015-12-31": "", "2014-12-31": "", "2013-12-31": "", "2012-12-31": "", "2011-12-31": "", "2010-12-31": "", "2009-12-31": "", "2008-12-31": "", "2007-12-31": "", "2006-12-31": "", "2005-12-31": ""}, "Income From Continuous Operations": {"2019-12-31": "3028.00000", "2018-12-31": "2079.00000", "2017-12-31": "3869.00000", "2016-12-31": "1196.00000", "2015-12-31": "2250.00000", "2014-12-31": "1820.00000", "2013-12-31": "1729.00000", "2012-12-31": "1171.00000", "2011-12-31": "2499.00000", "2010-12-31": "2563.00000", "2009-12-31": "2707.00000", "2008-12-31": "2717.00000", "2007-12-31": "2726.00000", "2006-12-31": "1590.00000", "2005-12-31": "951.00000"}, "Income From Discontinued Operations": {"2019-12-31": "", "2018-12-31": "", "2017-12-31": "", "2016-12-31": "", "2015-12-31": "", "2014-12-31": "", "2013-12-31": "", "2012-12-31": "", "2011-12-31": "", "2010-12-31": "", "2009-12-31": "", "2008-12-31": "20.00000", "2007-12-31": "10.00000", "2006-12-31": "2.00000", "2005-12-31": "14.00000"}, "Net Income": {"2019-12-31": "2936.00000", "2018-12-31": "2005.00000", "2017-12-31": "3779.00000", "2016-12-31": "1121.00000", "2015-12-31": "2269.00000", "2014-12-31": "1623.00000", "2013-12-31": "1719.00000", "2012-12-31": "1160.00000", "2011-12-31": "2495.00000", "2010-12-31": "2563.00000", "2009-12-31": "2707.00000", "2008-12-31": "2737.00000", "2007-12-31": "2736.00000", "2006-12-31": "1592.00000", "2005-12-31": "923.00000"}, "EBITDA": {"2019-12-31": "10154.00000", "2018-12-31": "9862.00000", "2017-12-31": "9815.00000", "2016-12-31": "8788.00000", "2015-12-31": "8432.00000", "2014-12-31": "7651.00000", "2013-12-31": "7619.00000", "2012-12-31": "6452.00000", "2011-12-31": "6795.00000", "2010-12-31": "7669.00000", "2009-12-31": "7351.00000", "2008-12-31": "7607.00000", "2007-12-31": "6851.00000", "2006-12-31": "5653.00000", "2005-12-31": "4691.00000"}, "EBIT": {"2019-12-31": "4374.00000", "2018-12-31": "3891.00000", "2017-12-31": "4388.00000", "2016-12-31": "3212.00000", "2015-12-31": "4409.00000", "2014-12-31": "3096.00000", "2013-12-31": "3669.00000", "2012-12-31": "2373.00000", "2011-12-31": "4479.00000", "2010-12-31": "4726.00000", "2009-12-31": "4750.00000", "2008-12-31": "5299.00000", "2007-12-31": "4668.00000", "2006-12-31": "3521.00000", "2005-12-31": "2724.00000"}, "Basic Shares Outstanding": {"2019-12-31": "973.00000", "2018-12-31": "967.00000", "2017-12-31": "947.00000", "2016-12-31": "924.00000", "2015-12-31": "890.00000", "2014-12-31": "860.00000", "2013-12-31": "856.00000", "2012-12-31": "816.00000", "2011-12-31": "663.00000", "2010-12-31": "661.00000", "2009-12-31": "659.00000", "2008-12-31": "658.00000", "2007-12-31": "670.00000", "2006-12-31": "670.00000", "2005-12-31": "669.00000"}, "Shares Outstanding": {"2019-12-31": "974.00000", "2018-12-31": "969.00000", "2017-12-31": "949.00000", "2016-12-31": "927.00000", "2015-12-31": "893.00000", "2014-12-31": "864.00000", "2013-12-31": "860.00000", "2012-12-31": "819.00000", "2011-12-31": "665.00000", "2010-12-31": "663.00000", "2009-12-31": "662.00000", "2008-12-31": "662.00000", "2007-12-31": "676.00000", "2006-12-31": "676.00000", "2005-12-31": "676.00000"}, "Basic EPS": {"2019-12-31": "3.02000", "2018-12-31": "2.07000", "2017-12-31": "3.99000", "2016-12-31": "1.21000", "2015-12-31": "2.55000", "2014-12-31": "1.89000", "2013-12-31": "2.01000", "2012-12-31": "1.42000", "2011-12-31": "3.76000", "2010-12-31": "3.88000", "2009-12-31": "4.10000", "2008-12-31": "4.16000", "2007-12-31": "4.08000", "2006-12-31": "2.37000", "2005-12-31": "1.38000"}, "EPS - Earnings Per Share": {"2019-12-31": "3.01000", "2018-12-31": "2.07000", "2017-12-31": "3.98000", "2016-12-31": "1.21000", "2015-12-31": "2.54000", "2014-12-31": "1.88000", "2013-12-31": "2.00000", "2012-12-31": "1.42000", "2011-12-31": "3.75000", "2010-12-31": "3.87000", "2009-12-31": "4.09000", "2008-12-31": "4.13000", "2007-12-31": "4.05000", "2006-12-31": "2.35000", "2005-12-31": "1.36000"}}, "income statement, quarterly": {"Revenue": {"2020-09-30": "8853.00000", "2020-06-30": "7322.00000", "2020-03-31": "8747.00000", "2019-12-31": "8343.00000", "2019-09-30": "8929.00000", "2019-06-30": "7689.00000", "2019-03-31": "9477.00000", "2018-12-31": "8806.00000", "2018-09-30": "9403.00000", "2018-06-30": "8076.00000", "2018-03-31": "9693.00000", "2017-12-31": "8378.00000", "2017-09-30": "8768.00000", "2017-06-30": "7665.00000", "2017-03-31": "8747.00000", "2016-12-31": "7881.00000", "2016-09-30": "9002.00000", "2016-06-30": "6910.00000", "2016-03-31": "7573.00000", "2015-12-31": "6702.00000", "2015-09-30": "7401.00000", "2015-06-30": "6514.00000", "2015-03-31": "8830.00000", "2014-12-31": "7256.00000", "2014-09-30": "6912.00000", "2014-06-30": "6024.00000", "2014-03-31": "7237.00000", "2013-12-31": "6163.00000", "2013-09-30": "6502.00000", "2013-06-30": "6141.00000", "2013-03-31": "6082.00000", "2012-12-31": "6254.00000", "2012-09-30": "6579.00000", "2012-06-30": "5966.00000", "2012-03-31": "4690.00000", "2011-12-31": "4357.00000", "2011-09-30": "5254.00000", "2011-06-30": "4496.00000", "2011-03-31": "4956.00000", "2010-12-31": "4494.00000", "2010-09-30": "5291.00000", "2010-06-30": "4398.00000", "2010-03-31": "4461.00000", "2009-12-31": "4116.00000", "2009-09-30": "4339.00000", "2009-06-30": "4141.00000", "2009-03-31": "4722.00000", "2008-12-31": "4492.00000", "2008-09-30": "5228.00000", "2008-06-30": "4622.00000", "2008-03-31": "4517.00000", "2007-12-31": "4554.00000", "2007-09-30": "5032.00000", "2007-06-30": "4501.00000", "2007-03-31": "4829.00000", "2006-12-31": "3696.00000", "2006-09-30": "4401.00000", "2006-06-30": "3697.00000", "2006-03-31": "3861.00000", "2005-12-31": "3839.00000", "2005-09-30": "4473.00000", "2005-06-30": "3484.00000", "2005-03-31": "3561.00000"}, "Cost Of Goods Sold": {"2020-09-30": "3614.00000", "2020-06-30": "2924.00000", "2020-03-31": "3867.00000", "2019-12-31": "3767.00000", "2019-09-30": "3952.00000", "2019-06-30": "3225.00000", "2019-03-31": "4553.00000", "2018-12-31": "4296.00000", "2018-09-30": "4332.00000", "2018-06-30": "3315.00000", "2018-03-31": "4727.00000", "2017-12-31": "3508.00000", "2017-09-30": "3542.00000", "2017-06-30": "3086.00000", "2017-03-31": "3899.00000", "2016-12-31": "3178.00000", "2016-09-30": "3754.00000", "2016-06-30": "2454.00000", "2016-03-31": "3254.00000", "2015-12-31": "2874.00000", "2015-09-30": "3291.00000", "2015-06-30": "2449.00000", "2015-03-31": "4470.00000", "2014-12-31": "3603.00000", "2014-09-30": "2648.00000", "2014-06-30": "2412.00000", "2014-03-31": "4340.00000", "2013-12-31": "2581.00000", "2013-09-30": "2743.00000", "2013-06-30": "2419.00000", "2013-03-31": "2981.00000", "2012-12-31": "2760.00000", "2012-09-30": "3026.00000", "2012-06-30": "2606.00000", "2012-03-31": "1765.00000", "2011-12-31": "1429.00000", "2011-09-30": "2121.00000", "2011-06-30": "1716.00000", "2011-03-31": "2001.00000", "2010-12-31": "1693.00000", "2010-09-30": "1956.00000", "2010-06-30": "1527.00000", "2010-03-31": "1259.00000", "2009-12-31": "1241.00000", "2009-09-30": "1200.00000", "2009-06-30": "1381.00000", "2009-03-31": "1459.00000", "2008-12-31": "1409.00000", "2008-09-30": "2045.00000", "2008-06-30": "1518.00000", "2008-03-31": "1610.00000", "2007-12-31": "1916.00000", "2007-09-30": "2071.00000", "2007-06-30": "1640.00000", "2007-03-31": "2015.00000", "2006-12-31": "1212.00000", "2006-09-30": "1485.00000", "2006-06-30": "1073.00000", "2006-03-31": "1462.00000", "2005-12-31": "1632.00000", "2005-09-30": "1692.00000", "2005-06-30": "1156.00000", "2005-03-31": "1190.00000"}, "Gross Profit": {"2020-09-30": "5239.00000", "2020-06-30": "4398.00000", "2020-03-31": "4880.00000", "2019-12-31": "4576.00000", "2019-09-30": "4977.00000", "2019-06-30": "4464.00000", "2019-03-31": "4924.00000", "2018-12-31": "4510.00000", "2018-09-30": "5071.00000", "2018-06-30": "4761.00000", "2018-03-31": "4966.00000", "2017-12-31": "4870.00000", "2017-09-30": "5226.00000", "2017-06-30": "4579.00000", "2017-03-31": "4848.00000", "2016-12-31": "4703.00000", "2016-09-30": "5248.00000", "2016-06-30": "4456.00000", "2016-03-31": "4319.00000", "2015-12-31": "3828.00000", "2015-09-30": "4110.00000", "2015-06-30": "4065.00000", "2015-03-31": "4360.00000", "2014-12-31": "3653.00000", "2014-09-30": "4264.00000", "2014-06-30": "3612.00000", "2014-03-31": "2897.00000", "2013-12-31": "3582.00000", "2013-09-30": "3759.00000", "2013-06-30": "3722.00000", "2013-03-31": "3101.00000", "2012-12-31": "3494.00000", "2012-09-30": "3553.00000", "2012-06-30": "3360.00000", "2012-03-31": "2925.00000", "2011-12-31": "2928.00000", "2011-09-30": "3133.00000", "2011-06-30": "2780.00000", "2011-03-31": "2955.00000", "2010-12-31": "2801.00000", "2010-09-30": "3335.00000", "2010-06-30": "2871.00000", "2010-03-31": "3202.00000", "2009-12-31": "2875.00000", "2009-09-30": "3139.00000", "2009-06-30": "2760.00000", "2009-03-31": "3263.00000", "2008-12-31": "3083.00000", "2008-09-30": "3183.00000", "2008-06-30": "3104.00000", "2008-03-31": "2907.00000", "2007-12-31": "2638.00000", "2007-09-30": "2961.00000", "2007-06-30": "2861.00000", "2007-03-31": "2814.00000", "2006-12-31": "2484.00000", "2006-09-30": "2916.00000", "2006-06-30": "2624.00000", "2006-03-31": "2399.00000", "2005-12-31": "2207.00000", "2005-09-30": "2781.00000", "2005-06-30": "2328.00000", "2005-03-31": "2371.00000"}, "Research And Development Expenses": {"2020-09-30": "", "2020-06-30": "", "2020-03-31": "", "2019-12-31": "", "2019-09-30": "", "2019-06-30": "", "2019-03-31": "", "2018-12-31": "", "2018-09-30": "", "2018-06-30": "", "2018-03-31": "", "2017-12-31": "", "2017-09-30": "", "2017-06-30": "", "2017-03-31": "", "2016-12-31": "", "2016-09-30": "", "2016-06-30": "", "2016-03-31": "", "2015-12-31": "", "2015-09-30": "", "2015-06-30": "", "2015-03-31": "", "2014-12-31": "", "2014-09-30": "", "2014-06-30": "", "2014-03-31": "", "2013-12-31": "", "2013-09-30": "", "2013-06-30": "", "2013-03-31": "", "2012-12-31": "", "2012-09-30": "", "2012-06-30": "", "2012-03-31": "", "2011-12-31": "", "2011-09-30": "", "2011-06-30": "", "2011-03-31": "", "2010-12-31": "", "2010-09-30": "", "2010-06-30": "", "2010-03-31": "", "2009-12-31": "", "2009-09-30": "", "2009-06-30": "", "2009-03-31": "", "2008-12-31": "", "2008-09-30": "", "2008-06-30": "", "2008-03-31": "", "2007-12-31": "", "2007-09-30": "", "2007-06-30": "", "2007-03-31": "", "2006-12-31": "", "2006-09-30": "", "2006-06-30": "", "2006-03-31": "", "2005-12-31": "", "2005-09-30": "", "2005-06-30": "", "2005-03-31": ""}, "SG&A Expenses": {"2020-09-30": "3184.00000", "2020-06-30": "2844.00000", "2020-03-31": "2641.00000", "2019-12-31": "2612.00000", "2019-09-30": "2524.00000", "2019-06-30": "2577.00000", "2019-03-31": "2634.00000", "2018-12-31": "2740.00000", "2018-09-30": "2815.00000", "2018-06-30": "2735.00000", "2018-03-31": "2830.00000", "2017-12-31": "2786.00000", "2017-09-30": "2731.00000", "2017-06-30": "3365.00000", "2017-03-31": "2874.00000", "2016-12-31": "2684.00000", "2016-09-30": "2787.00000", "2016-06-30": "2899.00000", "2016-03-31": "3160.00000", "2015-12-31": "2495.00000", "2015-09-30": "2306.00000", "2015-06-30": "2336.00000", "2015-03-31": "2385.00000", "2014-12-31": "2829.00000", "2014-09-30": "2288.00000", "2014-06-30": "2454.00000", "2014-03-31": "2151.00000", "2013-12-31": "2149.00000", "2013-09-30": "2012.00000", "2013-06-30": "2163.00000", "2013-03-31": "2041.00000", "2012-12-31": "2263.00000", "2012-09-30": "2460.00000", "2012-06-30": "2095.00000", "2012-03-31": "2162.00000", "2011-12-31": "1506.00000", "2011-09-30": "1620.00000", "2011-06-30": "1417.00000", "2011-03-31": "1426.00000", "2010-12-31": "1397.00000", "2010-09-30": "1391.00000", "2010-06-30": "1334.00000", "2010-03-31": "1286.00000", "2009-12-31": "1325.00000", "2009-09-30": "1251.00000", "2009-06-30": "1305.00000", "2009-03-31": "1572.00000", "2008-12-31": "1347.00000", "2008-09-30": "1339.00000", "2008-06-30": "1272.00000", "2008-03-31": "1386.00000", "2007-12-31": "1369.00000", "2007-09-30": "1202.00000", "2007-06-30": "1261.00000", "2007-03-31": "1254.00000", "2006-12-31": "1068.00000", "2006-09-30": "1302.00000", "2006-06-30": "1051.00000", "2006-03-31": "1218.00000", "2005-12-31": "1084.00000", "2005-09-30": "1111.00000", "2005-06-30": "1106.00000", "2005-03-31": "1121.00000"}, "Other Operating Income Or Expenses": {"2020-09-30": "3.00000", "2020-06-30": "12.00000", "2020-03-31": "2.00000", "2019-12-31": "13.00000", "2019-09-30": "-17.00000", "2019-06-30": "33.00000", "2019-03-31": "3.00000", "2018-12-31": "1.00000", "2018-09-30": "-5.00000", "2018-06-30": "4.00000", "2018-03-31": "56.00000", "2017-12-31": "212.00000", "2017-09-30": "6.00000", "2017-06-30": "1.00000", "2017-03-31": "230.00000", "2016-12-31": "-89.00000", "2016-09-30": "1.00000", "2016-06-30": "31.00000", "2016-03-31": "9.00000", "2015-12-31": "8.00000", "2015-09-30": "2.00000", "2015-06-30": "7.00000", "2015-03-31": "1.00000", "2014-12-31": "107.00000", "2014-09-30": "339.00000", "2014-06-30": "274.00000", "2014-03-31": "-14.00000", "2013-12-31": "16.00000", "2013-09-30": "37.00000", "2013-06-30": "-21.00000", "2013-03-31": "-9.00000", "2012-12-31": "-29.00000", "2012-09-30": "10.00000", "2012-06-30": "-57.00000", "2012-03-31": "-22.00000", "2011-12-31": "", "2011-09-30": "", "2011-06-30": "", "2011-03-31": "", "2010-12-31": "", "2010-09-30": "", "2010-06-30": "", "2010-03-31": "", "2009-12-31": "", "2009-09-30": "", "2009-06-30": "", "2009-03-31": "", "2008-12-31": "", "2008-09-30": "", "2008-06-30": "", "2008-03-31": "", "2007-12-31": "", "2007-09-30": "", "2007-06-30": "", "2007-03-31": "", "2006-12-31": "", "2006-09-30": "", "2006-06-30": "", "2006-03-31": "", "2005-12-31": "", "2005-09-30": "", "2005-06-30": "", "2005-03-31": ""}, "Operating Expenses": {"2020-09-30": "8084.00000", "2020-06-30": "6757.00000", "2020-03-31": "7527.00000", "2019-12-31": "7381.00000", "2019-09-30": "7576.00000", "2019-06-30": "6848.00000", "2019-03-31": "8259.00000", "2018-12-31": "8104.00000", "2018-09-30": "8257.00000", "2018-06-30": "7134.00000", "2018-03-31": "8592.00000", "2017-12-31": "7097.00000", "2017-09-30": "7269.00000", "2017-06-30": "7365.00000", "2017-03-31": "7439.00000", "2016-12-31": "7066.00000", "2016-09-30": "7735.00000", "2016-06-30": "6263.00000", "2016-03-31": "7090.00000", "2015-12-31": "5993.00000", "2015-09-30": "6201.00000", "2015-06-30": "5380.00000", "2015-03-31": "7464.00000", "2014-12-31": "6908.00000", "2014-09-30": "5174.00000", "2014-06-30": "5182.00000", "2014-03-31": "7069.00000", "2013-12-31": "5261.00000", "2013-09-30": "5248.00000", "2013-06-30": "5136.00000", "2013-03-31": "5574.00000", "2012-12-31": "5557.00000", "2012-09-30": "5976.00000", "2012-06-30": "5252.00000", "2012-03-31": "4331.00000", "2011-12-31": "3295.00000", "2011-09-30": "4073.00000", "2011-06-30": "3462.00000", "2011-03-31": "3754.00000", "2010-12-31": "3554.00000", "2010-09-30": "3925.00000", "2010-06-30": "3380.00000", "2010-03-31": "3059.00000", "2009-12-31": "3040.00000", "2009-09-30": "2936.00000", "2009-06-30": "3125.00000", "2009-03-31": "3467.00000", "2008-12-31": "3159.00000", "2008-09-30": "3815.00000", "2008-06-30": "3192.00000", "2008-03-31": "3394.00000", "2007-12-31": "3659.00000", "2007-09-30": "3681.00000", "2007-06-30": "3270.00000", "2007-03-31": "3638.00000", "2006-12-31": "2633.00000", "2006-09-30": "3963.00000", "2006-06-30": "2495.00000", "2006-03-31": "3043.00000", "2005-12-31": "4255.00000", "2005-09-30": "3161.00000", "2005-06-30": "2587.00000", "2005-03-31": "2630.00000"}, "Operating Income": {"2020-09-30": "769.00000", "2020-06-30": "565.00000", "2020-03-31": "1220.00000", "2019-12-31": "962.00000", "2019-09-30": "1353.00000", "2019-06-30": "841.00000", "2019-03-31": "1218.00000", "2018-12-31": "702.00000", "2018-09-30": "1146.00000", "2018-06-30": "942.00000", "2018-03-31": "1101.00000", "2017-12-31": "1281.00000", "2017-09-30": "1499.00000", "2017-06-30": "300.00000", "2017-03-31": "1308.00000", "2016-12-31": "815.00000", "2016-09-30": "1267.00000", "2016-06-30": "647.00000", "2016-03-31": "483.00000", "2015-12-31": "709.00000", "2015-09-30": "1200.00000", "2015-06-30": "1134.00000", "2015-03-31": "1366.00000", "2014-12-31": "348.00000", "2014-09-30": "1738.00000", "2014-06-30": "842.00000", "2014-03-31": "168.00000", "2013-12-31": "902.00000", "2013-09-30": "1254.00000", "2013-06-30": "1005.00000", "2013-03-31": "508.00000", "2012-12-31": "697.00000", "2012-09-30": "603.00000", "2012-06-30": "714.00000", "2012-03-31": "359.00000", "2011-12-31": "1062.00000", "2011-09-30": "1181.00000", "2011-06-30": "1034.00000", "2011-03-31": "1202.00000", "2010-12-31": "940.00000", "2010-09-30": "1366.00000", "2010-06-30": "1018.00000", "2010-03-31": "1402.00000", "2009-12-31": "1076.00000", "2009-09-30": "1403.00000", "2009-06-30": "1016.00000", "2009-03-31": "1255.00000", "2008-12-31": "1333.00000", "2008-09-30": "1413.00000", "2008-06-30": "1430.00000", "2008-03-31": "1123.00000", "2007-12-31": "895.00000", "2007-09-30": "1351.00000", "2007-06-30": "1231.00000", "2007-03-31": "1191.00000", "2006-12-31": "1063.00000", "2006-09-30": "438.00000", "2006-06-30": "1202.00000", "2006-03-31": "818.00000", "2005-12-31": "-416.00000", "2005-09-30": "1312.00000", "2005-06-30": "897.00000", "2005-03-31": "931.00000"}, "Total Non-Operating Income/Expense": {"2020-09-30": "17.00000", "2020-06-30": "229.00000", "2020-03-31": "-1135.00000", "2019-12-31": "-5.00000", "2019-09-30": "-251.00000", "2019-06-30": "-197.00000", "2019-03-31": "64.00000", "2018-12-31": "-739.00000", "2018-09-30": "-199.00000", "2018-06-30": "-329.00000", "2018-03-31": "-399.00000", "2017-12-31": "-62.00000", "2017-09-30": "-176.00000", "2017-06-30": "-259.00000", "2017-03-31": "-116.00000", "2016-12-31": "-438.00000", "2016-09-30": "-396.00000", "2016-06-30": "-232.00000", "2016-03-31": "-173.00000", "2015-12-31": "-145.00000", "2015-09-30": "-497.00000", "2015-06-30": "-172.00000", "2015-03-31": "-265.00000", "2014-12-31": "-231.00000", "2014-09-30": "-242.00000", "2014-06-30": "-8.00000", "2014-03-31": "-129.00000", "2013-12-31": "-97.00000", "2013-09-30": "-79.00000", "2013-06-30": "-269.00000", "2013-03-31": "-451.00000", "2012-12-31": "-130.00000", "2012-09-30": "-145.00000", "2012-06-30": "-299.00000", "2012-03-31": "-1.00000", "2011-12-31": "-31.00000", "2011-09-30": "-324.00000", "2011-06-30": "-81.00000", "2011-03-31": "-87.00000", "2010-12-31": "-49.00000", "2010-09-30": "31.00000", "2010-06-30": "-397.00000", "2010-03-31": "-90.00000", "2009-12-31": "-122.00000", "2009-09-30": "-48.00000", "2009-06-30": "71.00000", "2009-03-31": "-232.00000", "2008-12-31": "-352.00000", "2008-09-30": "-367.00000", "2008-06-30": "-262.00000", "2008-03-31": "-284.00000", "2007-12-31": "7.00000", "2007-09-30": "-113.00000", "2007-06-30": "-214.00000", "2007-03-31": "-176.00000", "2006-12-31": "-192.00000", "2006-09-30": "-117.00000", "2006-06-30": "-198.00000", "2006-03-31": "-218.00000", "2005-12-31": "-214.00000", "2005-09-30": "-244.00000", "2005-06-30": "-174.00000", "2005-03-31": "-197.00000"}, "Pre-Tax Income": {"2020-09-30": "786.00000", "2020-06-30": "794.00000", "2020-03-31": "85.00000", "2019-12-31": "957.00000", "2019-09-30": "1102.00000", "2019-06-30": "644.00000", "2019-03-31": "1282.00000", "2018-12-31": "-37.00000", "2018-09-30": "947.00000", "2018-06-30": "613.00000", "2018-03-31": "702.00000", "2017-12-31": "1219.00000", "2017-09-30": "1323.00000", "2017-06-30": "41.00000", "2017-03-31": "1192.00000", "2016-12-31": "377.00000", "2016-09-30": "871.00000", "2016-06-30": "415.00000", "2016-03-31": "310.00000", "2015-12-31": "564.00000", "2015-09-30": "703.00000", "2015-06-30": "962.00000", "2015-03-31": "1101.00000", "2014-12-31": "117.00000", "2014-09-30": "1496.00000", "2014-06-30": "834.00000", "2014-03-31": "39.00000", "2013-12-31": "805.00000", "2013-09-30": "1175.00000", "2013-06-30": "736.00000", "2013-03-31": "57.00000", "2012-12-31": "567.00000", "2012-09-30": "458.00000", "2012-06-30": "415.00000", "2012-03-31": "358.00000", "2011-12-31": "1031.00000", "2011-09-30": "857.00000", "2011-06-30": "953.00000", "2011-03-31": "1115.00000", "2010-12-31": "891.00000", "2010-09-30": "1397.00000", "2010-06-30": "621.00000", "2010-03-31": "1312.00000", "2009-12-31": "954.00000", "2009-09-30": "1355.00000", "2009-06-30": "1087.00000", "2009-03-31": "1023.00000", "2008-12-31": "981.00000", "2008-09-30": "1046.00000", "2008-06-30": "1168.00000", "2008-03-31": "839.00000", "2007-12-31": "902.00000", "2007-09-30": "1238.00000", "2007-06-30": "1017.00000", "2007-03-31": "1015.00000", "2006-12-31": "871.00000", "2006-09-30": "321.00000", "2006-06-30": "1004.00000", "2006-03-31": "600.00000", "2005-12-31": "-630.00000", "2005-09-30": "1068.00000", "2005-06-30": "723.00000", "2005-03-31": "734.00000"}, "Income Taxes": {"2020-09-30": "216.00000", "2020-06-30": "219.00000", "2020-03-31": "-294.00000", "2019-12-31": "148.00000", "2019-09-30": "172.00000", "2019-06-30": "144.00000", "2019-03-31": "310.00000", "2018-12-31": "-144.00000", "2018-09-30": "137.00000", "2018-06-30": "66.00000", "2018-03-31": "59.00000", "2017-12-31": "-726.00000", "2017-09-30": "451.00000", "2017-06-30": "-62.00000", "2017-03-31": "211.00000", "2016-12-31": "127.00000", "2016-09-30": "340.00000", "2016-06-30": "102.00000", "2016-03-31": "184.00000", "2015-12-31": "268.00000", "2015-09-30": "115.00000", "2015-06-30": "327.00000", "2015-03-31": "363.00000", "2014-12-31": "21.00000", "2014-09-30": "422.00000", "2014-06-30": "277.00000", "2014-03-31": "-54.00000", "2013-12-31": "310.00000", "2013-09-30": "439.00000", "2013-06-30": "239.00000", "2013-03-31": "56.00000", "2012-12-31": "182.00000", "2012-09-30": "161.00000", "2012-06-30": "126.00000", "2012-03-31": "158.00000", "2011-12-31": "424.00000", "2011-09-30": "255.00000", "2011-06-30": "332.00000", "2011-03-31": "446.00000", "2010-12-31": "367.00000", "2010-09-30": "552.00000", "2010-06-30": "176.00000", "2010-03-31": "563.00000", "2009-12-31": "373.00000", "2009-09-30": "598.00000", "2009-06-30": "430.00000", "2009-03-31": "311.00000", "2008-12-31": "294.00000", "2008-09-30": "346.00000", "2008-06-30": "419.00000", "2008-03-31": "258.00000", "2007-12-31": "339.00000", "2007-09-30": "459.00000", "2007-06-30": "314.00000", "2007-03-31": "334.00000", "2006-12-31": "276.00000", "2006-09-30": "366.00000", "2006-06-30": "363.00000", "2006-03-31": "201.00000", "2005-12-31": "166.00000", "2005-09-30": "344.00000", "2005-06-30": "207.00000", "2005-03-31": "227.00000"}, "Income After Taxes": {"2020-09-30": "570.00000", "2020-06-30": "575.00000", "2020-03-31": "379.00000", "2019-12-31": "809.00000", "2019-09-30": "930.00000", "2019-06-30": "500.00000", "2019-03-31": "972.00000", "2018-12-31": "107.00000", "2018-09-30": "810.00000", "2018-06-30": "547.00000", "2018-03-31": "643.00000", "2017-12-31": "1945.00000", "2017-09-30": "872.00000", "2017-06-30": "103.00000", "2017-03-31": "981.00000", "2016-12-31": "250.00000", "2016-09-30": "531.00000", "2016-06-30": "313.00000", "2016-03-31": "126.00000", "2015-12-31": "296.00000", "2015-09-30": "588.00000", "2015-06-30": "635.00000", "2015-03-31": "738.00000", "2014-12-31": "96.00000", "2014-09-30": "1074.00000", "2014-06-30": "557.00000", "2014-03-31": "93.00000", "2013-12-31": "495.00000", "2013-09-30": "736.00000", "2013-06-30": "497.00000", "2013-03-31": "1.00000", "2012-12-31": "385.00000", "2012-09-30": "297.00000", "2012-06-30": "289.00000", "2012-03-31": "200.00000", "2011-12-31": "607.00000", "2011-09-30": "602.00000", "2011-06-30": "621.00000", "2011-03-31": "669.00000", "2010-12-31": "524.00000", "2010-09-30": "845.00000", "2010-06-30": "445.00000", "2010-03-31": "749.00000", "2009-12-31": "581.00000", "2009-09-30": "757.00000", "2009-06-30": "657.00000", "2009-03-31": "712.00000", "2008-12-31": "687.00000", "2008-09-30": "700.00000", "2008-06-30": "749.00000", "2008-03-31": "581.00000", "2007-12-31": "563.00000", "2007-09-30": "779.00000", "2007-06-30": "703.00000", "2007-03-31": "681.00000", "2006-12-31": "595.00000", "2006-09-30": "-45.00000", "2006-06-30": "641.00000", "2006-03-31": "399.00000", "2005-12-31": "-796.00000", "2005-09-30": "724.00000", "2005-06-30": "516.00000", "2005-03-31": "507.00000"}, "Other Income": {"2020-09-30": "", "2020-06-30": "", "2020-03-31": "", "2019-12-31": "", "2019-09-30": "", "2019-06-30": "", "2019-03-31": "", "2018-12-31": "", "2018-09-30": "", "2018-06-30": "", "2018-03-31": "", "2017-12-31": "", "2017-09-30": "", "2017-06-30": "", "2017-03-31": "", "2016-12-31": "", "2016-09-30": "", "2016-06-30": "", "2016-03-31": "", "2015-12-31": "", "2015-09-30": "", "2015-06-30": "", "2015-03-31": "", "2014-12-31": "", "2014-09-30": "", "2014-06-30": "", "2014-03-31": "", "2013-12-31": "", "2013-09-30": "", "2013-06-30": "", "2013-03-31": "", "2012-12-31": "", "2012-09-30": "", "2012-06-30": "", "2012-03-31": "", "2011-12-31": "", "2011-09-30": "", "2011-06-30": "", "2011-03-31": "", "2010-12-31": "", "2010-09-30": "", "2010-06-30": "", "2010-03-31": "", "2009-12-31": "", "2009-09-30": "", "2009-06-30": "", "2009-03-31": "", "2008-12-31": "", "2008-09-30": "", "2008-06-30": "", "2008-03-31": "", "2007-12-31": "", "2007-09-30": "", "2007-06-30": "", "2007-03-31": "", "2006-12-31": "", "2006-09-30": "", "2006-06-30": "", "2006-03-31": "", "2005-12-31": "", "2005-09-30": "", "2005-06-30": "", "2005-03-31": ""}, "Income From Continuous Operations": {"2020-09-30": "569.00000", "2020-06-30": "574.00000", "2020-03-31": "376.00000", "2019-12-31": "808.00000", "2019-09-30": "760.00000", "2019-06-30": "494.00000", "2019-03-31": "966.00000", "2018-12-31": "101.00000", "2018-09-30": "800.00000", "2018-06-30": "542.00000", "2018-03-31": "636.00000", "2017-12-31": "1939.00000", "2017-09-30": "865.00000", "2017-06-30": "94.00000", "2017-03-31": "971.00000", "2016-12-31": "241.00000", "2016-09-30": "526.00000", "2016-06-30": "306.00000", "2016-03-31": "123.00000", "2015-12-31": "292.00000", "2015-09-30": "587.00000", "2015-06-30": "633.00000", "2015-03-31": "738.00000", "2014-12-31": "96.00000", "2014-09-30": "1074.00000", "2014-06-30": "557.00000", "2014-03-31": "93.00000", "2013-12-31": "495.00000", "2013-09-30": "736.00000", "2013-06-30": "497.00000", "2013-03-31": "1.00000", "2012-12-31": "385.00000", "2012-09-30": "297.00000", "2012-06-30": "289.00000", "2012-03-31": "200.00000", "2011-12-31": "607.00000", "2011-09-30": "602.00000", "2011-06-30": "621.00000", "2011-03-31": "669.00000", "2010-12-31": "524.00000", "2010-09-30": "845.00000", "2010-06-30": "445.00000", "2010-03-31": "749.00000", "2009-12-31": "581.00000", "2009-09-30": "757.00000", "2009-06-30": "657.00000", "2009-03-31": "712.00000", "2008-12-31": "687.00000", "2008-09-30": "700.00000", "2008-06-30": "749.00000", "2008-03-31": "581.00000", "2007-12-31": "563.00000", "2007-09-30": "779.00000", "2007-06-30": "703.00000", "2007-03-31": "681.00000", "2006-12-31": "595.00000", "2006-09-30": "-45.00000", "2006-06-30": "641.00000", "2006-03-31": "399.00000", "2005-12-31": "-796.00000", "2005-09-30": "724.00000", "2005-06-30": "516.00000", "2005-03-31": "507.00000"}, "Income From Discontinued Operations": {"2020-09-30": "", "2020-06-30": "", "2020-03-31": "", "2019-12-31": "", "2019-09-30": "", "2019-06-30": "", "2019-03-31": "", "2018-12-31": "", "2018-09-30": "", "2018-06-30": "", "2018-03-31": "", "2017-12-31": "", "2017-09-30": "", "2017-06-30": "", "2017-03-31": "", "2016-12-31": "", "2016-09-30": "", "2016-06-30": "", "2016-03-31": "", "2015-12-31": "", "2015-09-30": "", "2015-06-30": "", "2015-03-31": "", "2014-12-31": "", "2014-09-30": "", "2014-06-30": "", "2014-03-31": "", "2013-12-31": "", "2013-09-30": "", "2013-06-30": "", "2013-03-31": "", "2012-12-31": "", "2012-09-30": "", "2012-06-30": "", "2012-03-31": "", "2011-12-31": "", "2011-09-30": "", "2011-06-30": "", "2011-03-31": "", "2010-12-31": "", "2010-09-30": "", "2010-06-30": "", "2010-03-31": "", "2009-12-31": "", "2009-09-30": "", "2009-06-30": "", "2009-03-31": "", "2008-12-31": "21.00000", "2008-09-30": "", "2008-06-30": "-1.00000", "2008-03-31": "", "2007-12-31": "", "2007-09-30": "1.00000", "2007-06-30": "-1.00000", "2007-03-31": "10.00000", "2006-12-31": "-3.00000", "2006-09-30": "1.00000", "2006-06-30": "3.00000", "2006-03-31": "1.00000", "2005-12-31": "1.00000", "2005-09-30": "1.00000", "2005-06-30": "-2.00000", "2005-03-31": "14.00000"}, "Net Income": {"2020-09-30": "501.00000", "2020-06-30": "521.00000", "2020-03-31": "582.00000", "2019-12-31": "773.00000", "2019-09-30": "772.00000", "2019-06-30": "484.00000", "2019-03-31": "907.00000", "2018-12-31": "148.00000", "2018-09-30": "733.00000", "2018-06-30": "539.00000", "2018-03-31": "585.00000", "2017-12-31": "1871.00000", "2017-09-30": "823.00000", "2017-06-30": "95.00000", "2017-03-31": "990.00000", "2016-12-31": "191.00000", "2016-09-30": "490.00000", "2016-06-30": "267.00000", "2016-03-31": "173.00000", "2015-12-31": "309.00000", "2015-09-30": "629.00000", "2015-06-30": "638.00000", "2015-03-31": "693.00000", "2014-12-31": "18.00000", "2014-09-30": "993.00000", "2014-06-30": "522.00000", "2014-03-31": "90.00000", "2013-12-31": "495.00000", "2013-09-30": "738.00000", "2013-06-30": "490.00000", "2013-03-31": "-4.00000", "2012-12-31": "378.00000", "2012-09-30": "296.00000", "2012-06-30": "286.00000", "2012-03-31": "200.00000", "2011-12-31": "606.00000", "2011-09-30": "601.00000", "2011-06-30": "620.00000", "2011-03-31": "668.00000", "2010-12-31": "524.00000", "2010-09-30": "845.00000", "2010-06-30": "445.00000", "2010-03-31": "749.00000", "2009-12-31": "581.00000", "2009-09-30": "757.00000", "2009-06-30": "657.00000", "2009-03-31": "712.00000", "2008-12-31": "708.00000", "2008-09-30": "700.00000", "2008-06-30": "748.00000", "2008-03-31": "581.00000", "2007-12-31": "563.00000", "2007-09-30": "780.00000", "2007-06-30": "702.00000", "2007-03-31": "691.00000", "2006-12-31": "592.00000", "2006-09-30": "-44.00000", "2006-06-30": "644.00000", "2006-03-31": "400.00000", "2005-12-31": "-837.00000", "2005-09-30": "725.00000", "2005-06-30": "514.00000", "2005-03-31": "521.00000"}, "EBITDA": {"2020-09-30": "2447.00000", "2020-06-30": "1928.00000", "2020-03-31": "2598.00000", "2019-12-31": "2349.00000", "2019-09-30": "2824.00000", "2019-06-30": "2303.00000", "2019-03-31": "2678.00000", "2018-12-31": "2162.00000", "2018-09-30": "2657.00000", "2018-06-30": "2441.00000", "2018-03-31": "2602.00000", "2017-12-31": "2221.00000", "2017-09-30": "2950.00000", "2017-06-30": "2052.00000", "2017-03-31": "2592.00000", "2016-12-31": "2382.00000", "2016-09-30": "2641.00000", "2016-06-30": "2219.00000", "2016-03-31": "1546.00000", "2015-12-31": "1802.00000", "2015-09-30": "2149.00000", "2015-06-30": "2167.00000", "2015-03-31": "2314.00000", "2014-12-31": "1885.00000", "2014-09-30": "2831.00000", "2014-06-30": "1859.00000", "2014-03-31": "1076.00000", "2013-12-31": "2008.00000", "2013-09-30": "2126.00000", "2013-06-30": "1960.00000", "2013-03-31": "1525.00000", "2012-12-31": "1867.00000", "2012-09-30": "1617.00000", "2012-06-30": "1833.00000", "2012-03-31": "1135.00000", "2011-12-31": "1676.00000", "2011-09-30": "1769.00000", "2011-06-30": "1596.00000", "2011-03-31": "1754.00000", "2010-12-31": "1628.00000", "2010-09-30": "2166.00000", "2010-06-30": "1755.00000", "2010-03-31": "2120.00000", "2009-12-31": "1742.00000", "2009-09-30": "2085.00000", "2009-06-30": "1647.00000", "2009-03-31": "1877.00000", "2008-12-31": "1916.00000", "2008-09-30": "2042.00000", "2008-06-30": "1974.00000", "2008-03-31": "1675.00000", "2007-12-31": "1435.00000", "2007-09-30": "1928.00000", "2007-06-30": "1764.00000", "2007-03-31": "1724.00000", "2006-12-31": "1574.00000", "2006-09-30": "999.00000", "2006-06-30": "1738.00000", "2006-03-31": "1342.00000", "2005-12-31": "74.00000", "2005-09-30": "1828.00000", "2005-06-30": "1380.00000", "2005-03-31": "1409.00000"}, "EBIT": {"2020-09-30": "769.00000", "2020-06-30": "565.00000", "2020-03-31": "1220.00000", "2019-12-31": "962.00000", "2019-09-30": "1353.00000", "2019-06-30": "841.00000", "2019-03-31": "1218.00000", "2018-12-31": "702.00000", "2018-09-30": "1146.00000", "2018-06-30": "942.00000", "2018-03-31": "1101.00000", "2017-12-31": "1281.00000", "2017-09-30": "1499.00000", "2017-06-30": "300.00000", "2017-03-31": "1308.00000", "2016-12-31": "815.00000", "2016-09-30": "1267.00000", "2016-06-30": "647.00000", "2016-03-31": "483.00000", "2015-12-31": "709.00000", "2015-09-30": "1200.00000", "2015-06-30": "1134.00000", "2015-03-31": "1366.00000", "2014-12-31": "348.00000", "2014-09-30": "1738.00000", "2014-06-30": "842.00000", "2014-03-31": "168.00000", "2013-12-31": "902.00000", "2013-09-30": "1254.00000", "2013-06-30": "1005.00000", "2013-03-31": "508.00000", "2012-12-31": "697.00000", "2012-09-30": "603.00000", "2012-06-30": "714.00000", "2012-03-31": "359.00000", "2011-12-31": "1062.00000", "2011-09-30": "1181.00000", "2011-06-30": "1034.00000", "2011-03-31": "1202.00000", "2010-12-31": "940.00000", "2010-09-30": "1366.00000", "2010-06-30": "1018.00000", "2010-03-31": "1402.00000", "2009-12-31": "1076.00000", "2009-09-30": "1403.00000", "2009-06-30": "1016.00000", "2009-03-31": "1255.00000", "2008-12-31": "1333.00000", "2008-09-30": "1413.00000", "2008-06-30": "1430.00000", "2008-03-31": "1123.00000", "2007-12-31": "895.00000", "2007-09-30": "1351.00000", "2007-06-30": "1231.00000", "2007-03-31": "1191.00000", "2006-12-31": "1063.00000", "2006-09-30": "438.00000", "2006-06-30": "1202.00000", "2006-03-31": "818.00000", "2005-12-31": "-416.00000", "2005-09-30": "1312.00000", "2005-06-30": "897.00000", "2005-03-31": "931.00000"}, "Basic Shares Outstanding": {"2020-09-30": "976.00000", "2020-06-30": "976.00000", "2020-03-31": "975.00000", "2019-12-31": "973.00000", "2019-09-30": "973.00000", "2019-06-30": "972.00000", "2019-03-31": "971.00000", "2018-12-31": "967.00000", "2018-09-30": "968.00000", "2018-06-30": "967.00000", "2018-03-31": "966.00000", "2017-12-31": "947.00000", "2017-09-30": "962.00000", "2017-06-30": "934.00000", "2017-03-31": "928.00000", "2016-12-31": "924.00000", "2016-09-30": "925.00000", "2016-06-30": "924.00000", "2016-03-31": "923.00000", "2015-12-31": "890.00000", "2015-09-30": "913.00000", "2015-06-30": "863.00000", "2015-03-31": "862.00000", "2014-12-31": "860.00000", "2014-09-30": "861.00000", "2014-06-30": "860.00000", "2014-03-31": "858.00000", "2013-12-31": "856.00000", "2013-09-30": "857.00000", "2013-06-30": "856.00000", "2013-03-31": "855.00000", "2012-12-31": "816.00000", "2012-09-30": "854.00000", "2012-06-30": "853.00000", "2012-03-31": "705.00000", "2011-12-31": "663.00000", "2011-09-30": "663.00000", "2011-06-30": "663.00000", "2011-03-31": "662.00000", "2010-12-31": "661.00000", "2010-09-30": "662.00000", "2010-06-30": "661.00000", "2010-03-31": "661.00000", "2009-12-31": "659.00000", "2009-09-30": "660.00000", "2009-06-30": "659.00000", "2009-03-31": "659.00000", "2008-12-31": "658.00000", "2008-09-30": "658.00000", "2008-06-30": "657.00000", "2008-03-31": "659.00000", "2007-12-31": "670.00000", "2007-09-30": "673.00000", "2007-06-30": "675.00000", "2007-03-31": "672.00000", "2006-12-31": "670.00000", "2006-09-30": "671.00000", "2006-06-30": "670.00000", "2006-03-31": "669.00000", "2005-12-31": "669.00000", "2005-09-30": "670.00000", "2005-06-30": "670.00000", "2005-03-31": "666.00000"}, "Shares Outstanding": {"2020-09-30": "977.00000", "2020-06-30": "976.00000", "2020-03-31": "976.00000", "2019-12-31": "974.00000", "2019-09-30": "974.00000", "2019-06-30": "974.00000", "2019-03-31": "972.00000", "2018-12-31": "969.00000", "2018-09-30": "970.00000", "2018-06-30": "969.00000", "2018-03-31": "968.00000", "2017-12-31": "949.00000", "2017-09-30": "965.00000", "2017-06-30": "936.00000", "2017-03-31": "930.00000", "2016-12-31": "927.00000", "2016-09-30": "927.00000", "2016-06-30": "926.00000", "2016-03-31": "925.00000", "2015-12-31": "893.00000", "2015-09-30": "915.00000", "2015-06-30": "866.00000", "2015-03-31": "867.00000", "2014-12-31": "864.00000", "2014-09-30": "863.00000", "2014-06-30": "864.00000", "2014-03-31": "861.00000", "2013-12-31": "860.00000", "2013-09-30": "860.00000", "2013-06-30": "860.00000", "2013-03-31": "855.00000", "2012-12-31": "819.00000", "2012-09-30": "857.00000", "2012-06-30": "856.00000", "2012-03-31": "707.00000", "2011-12-31": "665.00000", "2011-09-30": "665.00000", "2011-06-30": "664.00000", "2011-03-31": "664.00000", "2010-12-31": "663.00000", "2010-09-30": "663.00000", "2010-06-30": "662.00000", "2010-03-31": "662.00000", "2009-12-31": "662.00000", "2009-09-30": "662.00000", "2009-06-30": "661.00000", "2009-03-31": "661.00000", "2008-12-31": "662.00000", "2008-09-30": "662.00000", "2008-06-30": "662.00000", "2008-03-31": "664.00000", "2007-12-31": "676.00000", "2007-09-30": "678.00000", "2007-06-30": "680.00000", "2007-03-31": "677.00000", "2006-12-31": "676.00000", "2006-09-30": "671.00000", "2006-06-30": "676.00000", "2006-03-31": "675.00000", "2005-12-31": "676.00000", "2005-09-30": "677.00000", "2005-06-30": "677.00000", "2005-03-31": "675.00000"}, "Basic EPS": {"2020-09-30": "0.51000", "2020-06-30": "0.53000", "2020-03-31": "0.60000", "2019-12-31": "0.80000", "2019-09-30": "0.79000", "2019-06-30": "0.50000", "2019-03-31": "0.93000", "2018-12-31": "0.14000", "2018-09-30": "0.76000", "2018-06-30": "0.56000", "2018-03-31": "0.61000", "2017-12-31": "1.96000", "2017-09-30": "0.86000", "2017-06-30": "0.10000", "2017-03-31": "1.07000", "2016-12-31": "0.20000", "2016-09-30": "0.53000", "2016-06-30": "0.29000", "2016-03-31": "0.19000", "2015-12-31": "0.32000", "2015-09-30": "0.69000", "2015-06-30": "0.74000", "2015-03-31": "0.80000", "2014-12-31": "0.03000", "2014-09-30": "1.15000", "2014-06-30": "0.61000", "2014-03-31": "0.10000", "2013-12-31": "0.59000", "2013-09-30": "0.86000", "2013-06-30": "0.57000", "2013-03-31": "-0.01000", "2012-12-31": "0.45000", "2012-09-30": "0.35000", "2012-06-30": "0.34000", "2012-03-31": "0.28000", "2011-12-31": "0.91000", "2011-09-30": "0.91000", "2011-06-30": "0.93000", "2011-03-31": "1.01000", "2010-12-31": "0.80000", "2010-09-30": "1.28000", "2010-06-30": "0.67000", "2010-03-31": "1.13000", "2009-12-31": "0.87000", "2009-09-30": "1.15000", "2009-06-30": "1.00000", "2009-03-31": "1.08000", "2008-12-31": "1.08000", "2008-09-30": "1.06000", "2008-06-30": "1.14000", "2008-03-31": "0.88000", "2007-12-31": "0.86000", "2007-09-30": "1.16000", "2007-06-30": "1.04000", "2007-03-31": "1.02000", "2006-12-31": "0.88000", "2006-09-30": "-0.07000", "2006-06-30": "0.96000", "2006-03-31": "0.60000", "2005-12-31": "-1.25000", "2005-09-30": "1.08000", "2005-06-30": "0.77000", "2005-03-31": "0.78000"}, "EPS - Earnings Per Share": {"2020-09-30": "0.51000", "2020-06-30": "0.53000", "2020-03-31": "0.60000", "2019-12-31": "0.79000", "2019-09-30": "0.79000", "2019-06-30": "0.50000", "2019-03-31": "0.93000", "2018-12-31": "0.15000", "2018-09-30": "0.76000", "2018-06-30": "0.56000", "2018-03-31": "0.60000", "2017-12-31": "1.97000", "2017-09-30": "0.85000", "2017-06-30": "0.10000", "2017-03-31": "1.06000", "2016-12-31": "0.20000", "2016-09-30": "0.53000", "2016-06-30": "0.29000", "2016-03-31": "0.19000", "2015-12-31": "0.31000", "2015-09-30": "0.69000", "2015-06-30": "0.74000", "2015-03-31": "0.80000", "2014-12-31": "0.03000", "2014-09-30": "1.15000", "2014-06-30": "0.60000", "2014-03-31": "0.10000", "2013-12-31": "0.58000", "2013-09-30": "0.86000", "2013-06-30": "0.57000", "2013-03-31": "-0.01000", "2012-12-31": "0.46000", "2012-09-30": "0.35000", "2012-06-30": "0.33000", "2012-03-31": "0.28000", "2011-12-31": "0.91000", "2011-09-30": "0.90000", "2011-06-30": "0.93000", "2011-03-31": "1.01000", "2010-12-31": "0.80000", "2010-09-30": "1.27000", "2010-06-30": "0.67000", "2010-03-31": "1.13000", "2009-12-31": "0.88000", "2009-09-30": "1.14000", "2009-06-30": "0.99000", "2009-03-31": "1.08000", "2008-12-31": "1.06000", "2008-09-30": "1.06000", "2008-06-30": "1.13000", "2008-03-31": "0.88000", "2007-12-31": "0.85000", "2007-09-30": "1.15000", "2007-06-30": "1.03000", "2007-03-31": "1.02000", "2006-12-31": "0.88000", "2006-09-30": "-0.07000", "2006-06-30": "0.95000", "2006-03-31": "0.59000", "2005-12-31": "-1.24000", "2005-09-30": "1.07000", "2005-06-30": "0.76000", "2005-03-31": "0.77000"}}, "balance sheet": {"Cash On Hand": {"2019-12-31": "945.00000", "2018-12-31": "1596.00000", "2017-12-31": "1105.00000", "2016-12-31": "888.00000", "2015-12-31": "6707.00000", "2014-12-31": "2149.00000", "2013-12-31": "1776.00000", "2012-12-31": "1619.00000", "2011-12-31": "1056.00000", "2010-12-31": "1642.00000", "2009-12-31": "2050.00000", "2008-12-31": "1346.00000", "2007-12-31": "429.00000", "2006-12-31": "282.00000", "2005-12-31": "189.00000"}, "Receivables": {"2019-12-31": "6175.00000", "2018-12-31": "5863.00000", "2017-12-31": "5577.00000", "2016-12-31": "5359.00000", "2015-12-31": "4099.00000", "2014-12-31": "4709.00000", "2013-12-31": "4156.00000", "2012-12-31": "4228.00000", "2011-12-31": "2613.00000", "2010-12-31": "3128.00000", "2009-12-31": "2049.00000", "2008-12-31": "2252.00000", "2007-12-31": "2652.00000", "2006-12-31": "2209.00000", "2005-12-31": "2195.00000"}, "Inventory": {"2019-12-31": "1768.00000", "2018-12-31": "1685.00000", "2017-12-31": "1651.00000", "2016-12-31": "1638.00000", "2015-12-31": "1566.00000", "2014-12-31": "1603.00000", "2013-12-31": "1105.00000", "2012-12-31": "1014.00000", "2011-12-31": "864.00000", "2010-12-31": "806.00000", "2009-12-31": "757.00000", "2008-12-31": "843.00000", "2007-12-31": "723.00000", "2006-12-31": "731.00000", "2005-12-31": "662.00000"}, "Pre-Paid Expenses": {"2019-12-31": "", "2018-12-31": "", "2017-12-31": "", "2016-12-31": "", "2015-12-31": "", "2014-12-31": "", "2013-12-31": "", "2012-12-31": "", "2011-12-31": "", "2010-12-31": "", "2009-12-31": "", "2008-12-31": "", "2007-12-31": "", "2006-12-31": "", "2005-12-31": ""}, "Other Current Assets": {"2019-12-31": "3149.00000", "2018-12-31": "4184.00000", "2017-12-31": "3563.00000", "2016-12-31": "4527.00000", "2015-12-31": "2962.00000", "2014-12-31": "3392.00000", "2013-12-31": "2527.00000", "2012-12-31": "3148.00000", "2011-12-31": "1180.00000", "2010-12-31": "822.00000", "2009-12-31": "585.00000", "2008-12-31": "689.00000", "2007-12-31": "674.00000", "2006-12-31": "1770.00000", "2005-12-31": "1511.00000"}, "Total Current Assets": {"2019-12-31": "12037.00000", "2018-12-31": "13328.00000", "2017-12-31": "11896.00000", "2016-12-31": "12412.00000", "2015-12-31": "15334.00000", "2014-12-31": "11853.00000", "2013-12-31": "10137.00000", "2012-12-31": "10140.00000", "2011-12-31": "5713.00000", "2010-12-31": "6398.00000", "2009-12-31": "5441.00000", "2008-12-31": "5130.00000", "2007-12-31": "4580.00000", "2006-12-31": "4992.00000", "2005-12-31": "4637.00000"}, "Property, Plant, And Equipment": {"2019-12-31": "80233.00000", "2018-12-31": "76707.00000", "2017-12-31": "74202.00000", "2016-12-31": "71555.00000", "2015-12-31": "57439.00000", "2014-12-31": "52170.00000", "2013-12-31": "47330.00000", "2012-12-31": "45186.00000", "2011-12-31": "32570.00000", "2010-12-31": "29941.00000", "2009-12-31": "27341.00000", "2008-12-31": "25813.00000", "2007-12-31": "24153.00000", "2006-12-31": "22775.00000", "2005-12-31": "21981.00000"}, "Long-Term Investments": {"2019-12-31": "464.00000", "2018-12-31": "625.00000", "2017-12-31": "640.00000", "2016-12-31": "629.00000", "2015-12-31": "639.00000", "2014-12-31": "544.00000", "2013-12-31": "3112.00000", "2012-12-31": "3055.00000", "2011-12-31": "766.00000", "2010-12-31": "732.00000", "2009-12-31": "724.00000", "2008-12-31": "715.00000", "2007-12-31": "731.00000", "2006-12-31": "810.00000", "2005-12-31": "813.00000"}, "Goodwill And Intangible Assets": {"2019-12-31": "6677.00000", "2018-12-31": "6677.00000", "2017-12-31": "6677.00000", "2016-12-31": "6677.00000", "2015-12-31": "2672.00000", "2014-12-31": "2672.00000", "2013-12-31": "2625.00000", "2012-12-31": "2625.00000", "2011-12-31": "2625.00000", "2010-12-31": "2625.00000", "2009-12-31": "2625.00000", "2008-12-31": "2625.00000", "2007-12-31": "2625.00000", "2006-12-31": "2694.00000", "2005-12-31": "3475.00000"}, "Other Long-Term Assets": {"2019-12-31": "4041.00000", "2018-12-31": "2399.00000", "2017-12-31": "2062.00000", "2016-12-31": "2524.00000", "2015-12-31": "2893.00000", "2014-12-31": "2564.00000", "2013-12-31": "2739.00000", "2012-12-31": "3752.00000", "2011-12-31": "2296.00000", "2010-12-31": "1996.00000", "2009-12-31": "1508.00000", "2008-12-31": "1823.00000", "2007-12-31": "1316.00000", "2006-12-31": "825.00000", "2005-12-31": "1572.00000"}, "Total Long-Term Assets": {"2019-12-31": "112940.00000", "2018-12-31": "106306.00000", "2017-12-31": "104874.00000", "2016-12-31": "102492.00000", "2015-12-31": "80050.00000", "2014-12-31": "74563.00000", "2013-12-31": "69787.00000", "2012-12-31": "68421.00000", "2011-12-31": "49282.00000", "2010-12-31": "45842.00000", "2009-12-31": "43739.00000", "2008-12-31": "42416.00000", "2007-12-31": "40781.00000", "2006-12-31": "39327.00000", "2005-12-31": "38160.00000"}, "Total Assets": {"2019-12-31": "124977.00000", "2018-12-31": "119634.00000", "2017-12-31": "116770.00000", "2016-12-31": "114904.00000", "2015-12-31": "95384.00000", "2014-12-31": "86416.00000", "2013-12-31": "79924.00000", "2012-12-31": "78561.00000", "2011-12-31": "54995.00000", "2010-12-31": "52240.00000", "2009-12-31": "49180.00000", "2008-12-31": "47546.00000", "2007-12-31": "45361.00000", "2006-12-31": "44319.00000", "2005-12-31": "42797.00000"}, "Total Current Liabilities": {"2019-12-31": "14185.00000", "2018-12-31": "11404.00000", "2017-12-31": "10798.00000", "2016-12-31": "13457.00000", "2015-12-31": "9118.00000", "2014-12-31": "8762.00000", "2013-12-31": "7728.00000", "2012-12-31": "7791.00000", "2011-12-31": "5134.00000", "2010-12-31": "4240.00000", "2009-12-31": "4238.00000", "2008-12-31": "3811.00000", "2007-12-31": "5629.00000", "2006-12-31": "5795.00000", "2005-12-31": "6563.00000"}, "Long Term Debt": {"2019-12-31": "31719.00000", "2018-12-31": "34465.00000", "2017-12-31": "32565.00000", "2016-12-31": "32216.00000", "2015-12-31": "24286.00000", "2014-12-31": "19853.00000", "2013-12-31": "18271.00000", "2012-12-31": "18346.00000", "2011-12-31": "12189.00000", "2010-12-31": "12004.00000", "2009-12-31": "11385.00000", "2008-12-31": "12592.00000", "2007-12-31": "11965.00000", "2006-12-31": "11911.00000", "2005-12-31": "11760.00000"}, "Other Non-Current Liabilities": {"2019-12-31": "27902.00000", "2018-12-31": "25409.00000", "2017-12-31": "26249.00000", "2016-12-31": "19233.00000", "2015-12-31": "17497.00000", "2014-12-31": "17524.00000", "2013-12-31": "16204.00000", "2012-12-31": "15628.00000", "2011-12-31": "12750.00000", "2010-12-31": "12067.00000", "2009-12-31": "11455.00000", "2008-12-31": "10959.00000", "2007-12-31": "11685.00000", "2006-12-31": "10432.00000", "2005-12-31": "9915.00000"}, "Total Long Term Liabilities": {"2019-12-31": "76219.00000", "2018-12-31": "75183.00000", "2017-12-31": "73785.00000", "2016-12-31": "73835.00000", "2015-12-31": "58972.00000", "2014-12-31": "53521.00000", "2013-12-31": "49256.00000", "2012-12-31": "49040.00000", "2011-12-31": "35473.00000", "2010-12-31": "34437.00000", "2009-12-31": "32302.00000", "2008-12-31": "32688.00000", "2007-12-31": "29595.00000", "2006-12-31": "28517.00000", "2005-12-31": "27109.00000"}, "Total Liabilities": {"2019-12-31": "90404.00000", "2018-12-31": "86587.00000", "2017-12-31": "84583.00000", "2016-12-31": "87292.00000", "2015-12-31": "68090.00000", "2014-12-31": "62283.00000", "2013-12-31": "56984.00000", "2012-12-31": "56831.00000", "2011-12-31": "40607.00000", "2010-12-31": "38677.00000", "2009-12-31": "36540.00000", "2008-12-31": "36499.00000", "2007-12-31": "35224.00000", "2006-12-31": "34312.00000", "2005-12-31": "33672.00000"}, "Common Stock Net": {"2019-12-31": "19274.00000", "2018-12-31": "19116.00000", "2017-12-31": "18964.00000", "2016-12-31": "18794.00000", "2015-12-31": "18676.00000", "2014-12-31": "16709.00000", "2013-12-31": "16741.00000", "2012-12-31": "16632.00000", "2011-12-31": "9107.00000", "2010-12-31": "9006.00000", "2009-12-31": "8923.00000", "2008-12-31": "8816.00000", "2007-12-31": "8579.00000", "2006-12-31": "8314.00000", "2005-12-31": "7987.00000"}, "Retained Earnings (Accumulated Deficit)": {"2019-12-31": "16267.00000", "2018-12-31": "14743.00000", "2017-12-31": "14081.00000", "2016-12-31": "12030.00000", "2015-12-31": "12068.00000", "2014-12-31": "10910.00000", "2013-12-31": "10358.00000", "2012-12-31": "9893.00000", "2011-12-31": "10055.00000", "2010-12-31": "9304.00000", "2009-12-31": "8134.00000", "2008-12-31": "6820.00000", "2007-12-31": "4930.00000", "2006-12-31": "3426.00000", "2005-12-31": "3206.00000"}, "Comprehensive Income": {"2019-12-31": "-3194.00000", "2018-12-31": "-2995.00000", "2017-12-31": "-3026.00000", "2016-12-31": "-2660.00000", "2015-12-31": "-2624.00000", "2014-12-31": "-2684.00000", "2013-12-31": "-2040.00000", "2012-12-31": "-2767.00000", "2011-12-31": "-2450.00000", "2010-12-31": "-2423.00000", "2009-12-31": "-2089.00000", "2008-12-31": "-2251.00000", "2007-12-31": "-1534.00000", "2006-12-31": "-1103.00000", "2005-12-31": "-1624.00000"}, "Other Share Holders Equity": {"2019-12-31": "", "2018-12-31": "", "2017-12-31": "", "2016-12-31": "", "2015-12-31": "193.00000", "2014-12-31": "193.00000", "2013-12-31": "193.00000", "2012-12-31": "193.00000", "2011-12-31": "", "2010-12-31": "", "2009-12-31": "", "2008-12-31": "", "2007-12-31": "", "2006-12-31": "", "2005-12-31": ""}, "Share Holder Equity": {"2019-12-31": "34573.00000", "2018-12-31": "33047.00000", "2017-12-31": "32187.00000", "2016-12-31": "27612.00000", "2015-12-31": "27294.00000", "2014-12-31": "24133.00000", "2013-12-31": "22940.00000", "2012-12-31": "21730.00000", "2011-12-31": "14388.00000", "2010-12-31": "13563.00000", "2009-12-31": "12640.00000", "2008-12-31": "11047.00000", "2007-12-31": "10137.00000", "2006-12-31": "10007.00000", "2005-12-31": "9125.00000"}, "Total Liabilities And Share Holders Equity": {"2019-12-31": "124977.00000", "2018-12-31": "119634.00000", "2017-12-31": "116770.00000", "2016-12-31": "114904.00000", "2015-12-31": "95384.00000", "2014-12-31": "86416.00000", "2013-12-31": "79924.00000", "2012-12-31": "78561.00000", "2011-12-31": "54995.00000", "2010-12-31": "52240.00000", "2009-12-31": "49180.00000", "2008-12-31": "47546.00000", "2007-12-31": "45361.00000", "2006-12-31": "44319.00000", "2005-12-31": "42797.00000"}}, "balance sheet, quarterly": {"Cash On Hand": {"2020-09-30": "2343.00000", "2020-06-30": "2502.00000", "2020-03-31": "1871.00000", "2019-12-31": "945.00000", "2019-09-30": "1992.00000", "2019-06-30": "987.00000", "2019-03-31": "1103.00000", "2018-12-31": "1596.00000", "2018-09-30": "2158.00000", "2018-06-30": "900.00000", "2018-03-31": "996.00000", "2017-12-31": "1105.00000", "2017-09-30": "1523.00000", "2017-06-30": "788.00000", "2017-03-31": "863.00000", "2016-12-31": "888.00000", "2016-09-30": "2218.00000", "2016-06-30": "1848.00000", "2016-03-31": "1178.00000", "2015-12-31": "6707.00000", "2015-09-30": "7606.00000", "2015-06-30": "6288.00000", "2015-03-31": "2122.00000", "2014-12-31": "2149.00000", "2014-09-30": "3081.00000", "2014-06-30": "1569.00000", "2014-03-31": "1121.00000", "2013-12-31": "1776.00000", "2013-09-30": "1791.00000", "2013-06-30": "1105.00000", "2013-03-31": "920.00000", "2012-12-31": "1619.00000", "2012-09-30": "1840.00000", "2012-06-30": "1466.00000", "2012-03-31": "831.00000", "2011-12-31": "1056.00000", "2011-09-30": "1636.00000", "2011-06-30": "597.00000", "2011-03-31": "509.00000", "2010-12-31": "1642.00000", "2010-09-30": "2761.00000", "2010-06-30": "1627.00000", "2010-03-31": "2763.00000", "2009-12-31": "2050.00000", "2009-09-30": "2417.00000", "2009-06-30": "1884.00000", "2009-03-31": "2201.00000", "2008-12-31": "1346.00000", "2008-09-30": "258.00000", "2008-06-30": "461.00000", "2008-03-31": "411.00000", "2007-12-31": "429.00000", "2007-09-30": "514.00000", "2007-06-30": "233.00000", "2007-03-31": "429.00000", "2006-12-31": "282.00000", "2006-09-30": "316.00000", "2006-06-30": "330.00000", "2006-03-31": "218.00000", "2005-12-31": "189.00000", "2005-09-30": "185.00000", "2005-06-30": "592.00000", "2005-03-31": "438.00000"}, "Receivables": {"2020-09-30": "4293.00000", "2020-06-30": "4302.00000", "2020-03-31": "5381.00000", "2019-12-31": "6175.00000", "2019-09-30": "5273.00000", "2019-06-30": "5133.00000", "2019-03-31": "5626.00000", "2018-12-31": "5863.00000", "2018-09-30": "5485.00000", "2018-06-30": "5501.00000", "2018-03-31": "5293.00000", "2017-12-31": "5577.00000", "2017-09-30": "4804.00000", "2017-06-30": "4783.00000", "2017-03-31": "5019.00000", "2016-12-31": "5359.00000", "2016-09-30": "5074.00000", "2016-06-30": "4659.00000", "2016-03-31": "4732.00000", "2015-12-31": "4099.00000", "2015-09-30": "4322.00000", "2015-06-30": "4531.00000", "2015-03-31": "4779.00000", "2014-12-31": "4709.00000", "2014-09-30": "3713.00000", "2014-06-30": "3978.00000", "2014-03-31": "4326.00000", "2013-12-31": "4156.00000", "2013-09-30": "3993.00000", "2013-06-30": "4085.00000", "2013-03-31": "4230.00000", "2012-12-31": "4228.00000", "2012-09-30": "4276.00000", "2012-06-30": "4321.00000", "2012-03-31": "4448.00000", "2011-12-31": "2613.00000", "2011-09-30": "2615.00000", "2011-06-30": "2463.00000", "2011-03-31": "2347.00000", "2010-12-31": "3128.00000", "2010-09-30": "2280.00000", "2010-06-30": "2337.00000", "2010-03-31": "2067.00000", "2009-12-31": "2049.00000", "2009-09-30": "1860.00000", "2009-06-30": "2028.00000", "2009-03-31": "2185.00000", "2008-12-31": "2252.00000", "2008-09-30": "2217.00000", "2008-06-30": "2427.00000", "2008-03-31": "2397.00000", "2007-12-31": "2652.00000", "2007-09-30": "2557.00000", "2007-06-30": "2469.00000", "2007-03-31": "2477.00000", "2006-12-31": "2209.00000", "2006-09-30": "1989.00000", "2006-06-30": "1874.00000", "2006-03-31": "1898.00000", "2005-12-31": "2195.00000", "2005-09-30": "2097.00000", "2005-06-30": "1921.00000", "2005-03-31": "2285.00000"}, "Inventory": {"2020-09-30": "1716.00000", "2020-06-30": "1781.00000", "2020-03-31": "1687.00000", "2019-12-31": "1768.00000", "2019-09-30": "1783.00000", "2019-06-30": "1670.00000", "2019-03-31": "1559.00000", "2018-12-31": "1685.00000", "2018-09-30": "1665.00000", "2018-06-30": "1590.00000", "2018-03-31": "1471.00000", "2017-12-31": "1651.00000", "2017-09-30": "1668.00000", "2017-06-30": "1601.00000", "2017-03-31": "1561.00000", "2016-12-31": "1638.00000", "2016-09-30": "1562.00000", "2016-06-30": "1500.00000", "2016-03-31": "1514.00000", "2015-12-31": "1566.00000", "2015-09-30": "1516.00000", "2015-06-30": "1432.00000", "2015-03-31": "1301.00000", "2014-12-31": "1603.00000", "2014-09-30": "1591.00000", "2014-06-30": "1450.00000", "2014-03-31": "1023.00000", "2013-12-31": "1105.00000", "2013-09-30": "1109.00000", "2013-06-30": "1019.00000", "2013-03-31": "913.00000", "2012-12-31": "1014.00000", "2012-09-30": "1031.00000", "2012-06-30": "999.00000", "2012-03-31": "942.00000", "2011-12-31": "864.00000", "2011-09-30": "851.00000", "2011-06-30": "786.00000", "2011-03-31": "728.00000", "2010-12-31": "806.00000", "2010-09-30": "809.00000", "2010-06-30": "759.00000", "2010-03-31": "692.00000", "2009-12-31": "757.00000", "2009-09-30": "784.00000", "2009-06-30": "750.00000", "2009-03-31": "699.00000", "2008-12-31": "843.00000", "2008-09-30": "866.00000", "2008-06-30": "774.00000", "2008-03-31": "656.00000", "2007-12-31": "723.00000", "2007-09-30": "731.00000", "2007-06-30": "669.00000", "2007-03-31": "598.00000", "2006-12-31": "731.00000", "2006-09-30": "696.00000", "2006-06-30": "663.00000", "2006-03-31": "605.00000", "2005-12-31": "662.00000", "2005-09-30": "598.00000", "2005-06-30": "516.00000", "2005-03-31": "468.00000"}, "Pre-Paid Expenses": {"2020-09-30": "", "2020-06-30": "", "2020-03-31": "", "2019-12-31": "", "2019-09-30": "", "2019-06-30": "", "2019-03-31": "", "2018-12-31": "", "2018-09-30": "", "2018-06-30": "", "2018-03-31": "", "2017-12-31": "", "2017-09-30": "", "2017-06-30": "", "2017-03-31": "", "2016-12-31": "", "2016-09-30": "", "2016-06-30": "", "2016-03-31": "", "2015-12-31": "", "2015-09-30": "", "2015-06-30": "", "2015-03-31": "", "2014-12-31": "", "2014-09-30": "", "2014-06-30": "", "2014-03-31": "", "2013-12-31": "", "2013-09-30": "", "2013-06-30": "", "2013-03-31": "", "2012-12-31": "", "2012-09-30": "", "2012-06-30": "", "2012-03-31": "", "2011-12-31": "", "2011-09-30": "", "2011-06-30": "", "2011-03-31": "", "2010-12-31": "", "2010-09-30": "", "2010-06-30": "", "2010-03-31": "", "2009-12-31": "", "2009-09-30": "", "2009-06-30": "", "2009-03-31": "", "2008-12-31": "", "2008-09-30": "", "2008-06-30": "", "2008-03-31": "", "2007-12-31": "", "2007-09-30": "", "2007-06-30": "", "2007-03-31": "", "2006-12-31": "", "2006-09-30": "", "2006-06-30": "", "2006-03-31": "", "2005-12-31": "", "2005-09-30": "", "2005-06-30": "", "2005-03-31": ""}, "Other Current Assets": {"2020-09-30": "3960.00000", "2020-06-30": "3948.00000", "2020-03-31": "3537.00000", "2019-12-31": "3149.00000", "2019-09-30": "3158.00000", "2019-06-30": "3865.00000", "2019-03-31": "4188.00000", "2018-12-31": "4184.00000", "2018-09-30": "4165.00000", "2018-06-30": "3498.00000", "2018-03-31": "3773.00000", "2017-12-31": "3563.00000", "2017-09-30": "4729.00000", "2017-06-30": "5060.00000", "2017-03-31": "4751.00000", "2016-12-31": "4527.00000", "2016-09-30": "3354.00000", "2016-06-30": "3488.00000", "2016-03-31": "3940.00000", "2015-12-31": "2962.00000", "2015-09-30": "3212.00000", "2015-06-30": "3001.00000", "2015-03-31": "2924.00000", "2014-12-31": "3392.00000", "2014-09-30": "3414.00000", "2014-06-30": "2400.00000", "2014-03-31": "2751.00000", "2013-12-31": "2527.00000", "2013-09-30": "2766.00000", "2013-06-30": "2912.00000", "2013-03-31": "2880.00000", "2012-12-31": "3148.00000", "2012-09-30": "3927.00000", "2012-06-30": "4905.00000", "2012-03-31": "5594.00000", "2011-12-31": "1180.00000", "2011-09-30": "1002.00000", "2011-06-30": "1072.00000", "2011-03-31": "985.00000", "2010-12-31": "822.00000", "2010-09-30": "910.00000", "2010-06-30": "877.00000", "2010-03-31": "862.00000", "2009-12-31": "585.00000", "2009-09-30": "834.00000", "2009-06-30": "1163.00000", "2009-03-31": "1258.00000", "2008-12-31": "689.00000", "2008-09-30": "926.00000", "2008-06-30": "1344.00000", "2008-03-31": "959.00000", "2007-12-31": "674.00000", "2007-09-30": "1391.00000", "2007-06-30": "1588.00000", "2007-03-31": "1174.00000", "2006-12-31": "1770.00000", "2006-09-30": "1208.00000", "2006-06-30": "1277.00000", "2006-03-31": "1220.00000", "2005-12-31": "1511.00000", "2005-09-30": "1735.00000", "2005-06-30": "901.00000", "2005-03-31": "1052.00000"}, "Total Current Assets": {"2020-09-30": "12312.00000", "2020-06-30": "12533.00000", "2020-03-31": "12476.00000", "2019-12-31": "12037.00000", "2019-09-30": "12206.00000", "2019-06-30": "11655.00000", "2019-03-31": "12476.00000", "2018-12-31": "13328.00000", "2018-09-30": "13473.00000", "2018-06-30": "11489.00000", "2018-03-31": "11533.00000", "2017-12-31": "11896.00000", "2017-09-30": "12724.00000", "2017-06-30": "12232.00000", "2017-03-31": "12194.00000", "2016-12-31": "12412.00000", "2016-09-30": "12208.00000", "2016-06-30": "11495.00000", "2016-03-31": "11364.00000", "2015-12-31": "15334.00000", "2015-09-30": "16867.00000", "2015-06-30": "15425.00000", "2015-03-31": "11357.00000", "2014-12-31": "11853.00000", "2014-09-30": "11837.00000", "2014-06-30": "9823.00000", "2014-03-31": "9675.00000", "2013-12-31": "10137.00000", "2013-09-30": "9951.00000", "2013-06-30": "9409.00000", "2013-03-31": "9274.00000", "2012-12-31": "10140.00000", "2012-09-30": "11328.00000", "2012-06-30": "11754.00000", "2012-03-31": "11815.00000", "2011-12-31": "5713.00000", "2011-09-30": "6287.00000", "2011-06-30": "4987.00000", "2011-03-31": "4659.00000", "2010-12-31": "6398.00000", "2010-09-30": "6760.00000", "2010-06-30": "5600.00000", "2010-03-31": "6384.00000", "2009-12-31": "5441.00000", "2009-09-30": "5895.00000", "2009-06-30": "5825.00000", "2009-03-31": "6343.00000", "2008-12-31": "5130.00000", "2008-09-30": "4371.00000", "2008-06-30": "5607.00000", "2008-03-31": "4840.00000", "2007-12-31": "4580.00000", "2007-09-30": "5193.00000", "2007-06-30": "4959.00000", "2007-03-31": "4811.00000", "2006-12-31": "4992.00000", "2006-09-30": "4322.00000", "2006-06-30": "4258.00000", "2006-03-31": "4037.00000", "2005-12-31": "4637.00000", "2005-09-30": "4723.00000", "2005-06-30": "4038.00000", "2005-03-31": "4342.00000"}, "Property, Plant, And Equipment": {"2020-09-30": "82561.00000", "2020-06-30": "81748.00000", "2020-03-31": "81017.00000", "2019-12-31": "80233.00000", "2019-09-30": "78593.00000", "2019-06-30": "78030.00000", "2019-03-31": "77460.00000", "2018-12-31": "76707.00000", "2018-09-30": "75840.00000", "2018-06-30": "75284.00000", "2018-03-31": "74711.00000", "2017-12-31": "74202.00000", "2017-09-30": "73067.00000", "2017-06-30": "72748.00000", "2017-03-31": "72630.00000", "2016-12-31": "71555.00000", "2016-09-30": "71214.00000", "2016-06-30": "70693.00000", "2016-03-31": "69406.00000", "2015-12-31": "57439.00000", "2015-09-30": "55814.00000", "2015-06-30": "53935.00000", "2015-03-31": "53001.00000", "2014-12-31": "52170.00000", "2014-09-30": "51630.00000", "2014-06-30": "51747.00000", "2014-03-31": "47742.00000", "2013-12-31": "47330.00000", "2013-09-30": "46495.00000", "2013-06-30": "45994.00000", "2013-03-31": "45784.00000", "2012-12-31": "45186.00000", "2012-09-30": "43914.00000", "2012-06-30": "42613.00000", "2012-03-31": "42105.00000", "2011-12-31": "32570.00000", "2011-09-30": "31882.00000", "2011-06-30": "30856.00000", "2011-03-31": "30549.00000", "2010-12-31": "29941.00000", "2010-09-30": "28554.00000", "2010-06-30": "28030.00000", "2010-03-31": "27737.00000", "2009-12-31": "27341.00000", "2009-09-30": "26653.00000", "2009-06-30": "26305.00000", "2009-03-31": "25928.00000", "2008-12-31": "25813.00000", "2008-09-30": "25336.00000", "2008-06-30": "25072.00000", "2008-03-31": "24737.00000", "2007-12-31": "24153.00000", "2007-09-30": "23652.00000", "2007-06-30": "23431.00000", "2007-03-31": "23133.00000", "2006-12-31": "22775.00000", "2006-09-30": "22415.00000", "2006-06-30": "22122.00000", "2006-03-31": "22295.00000", "2005-12-31": "21981.00000", "2005-09-30": "21613.00000", "2005-06-30": "21390.00000", "2005-03-31": "21413.00000"}, "Long-Term Investments": {"2020-09-30": "444.00000", "2020-06-30": "424.00000", "2020-03-31": "418.00000", "2019-12-31": "464.00000", "2019-09-30": "471.00000", "2019-06-30": "618.00000", "2019-03-31": "620.00000", "2018-12-31": "625.00000", "2018-09-30": "649.00000", "2018-06-30": "636.00000", "2018-03-31": "640.00000", "2017-12-31": "640.00000", "2017-09-30": "634.00000", "2017-06-30": "638.00000", "2017-03-31": "648.00000", "2016-12-31": "629.00000", "2016-09-30": "592.00000", "2016-06-30": "502.00000", "2016-03-31": "455.00000", "2015-12-31": "639.00000", "2015-09-30": "620.00000", "2015-06-30": "607.00000", "2015-03-31": "568.00000", "2014-12-31": "544.00000", "2014-09-30": "588.00000", "2014-06-30": "861.00000", "2014-03-31": "2757.00000", "2013-12-31": "3112.00000", "2013-09-30": "3116.00000", "2013-06-30": "3069.00000", "2013-03-31": "3086.00000", "2012-12-31": "3055.00000", "2012-09-30": "3117.00000", "2012-06-30": "3134.00000", "2012-03-31": "3235.00000", "2011-12-31": "766.00000", "2011-09-30": "754.00000", "2011-06-30": "751.00000", "2011-03-31": "740.00000", "2010-12-31": "732.00000", "2010-09-30": "728.00000", "2010-06-30": "723.00000", "2010-03-31": "724.00000", "2009-12-31": "724.00000", "2009-09-30": "732.00000", "2009-06-30": "723.00000", "2009-03-31": "713.00000", "2008-12-31": "715.00000", "2008-09-30": "709.00000", "2008-06-30": "714.00000", "2008-03-31": "717.00000", "2007-12-31": "731.00000", "2007-09-30": "737.00000", "2007-06-30": "737.00000", "2007-03-31": "733.00000", "2006-12-31": "810.00000", "2006-09-30": "811.00000", "2006-06-30": "819.00000", "2006-03-31": "815.00000", "2005-12-31": "813.00000", "2005-09-30": "811.00000", "2005-06-30": "813.00000", "2005-03-31": "808.00000"}, "Goodwill And Intangible Assets": {"2020-09-30": "6677.00000", "2020-06-30": "6677.00000", "2020-03-31": "6677.00000", "2019-12-31": "6677.00000", "2019-09-30": "6677.00000", "2019-06-30": "6677.00000", "2019-03-31": "6677.00000", "2018-12-31": "6677.00000", "2018-09-30": "6677.00000", "2018-06-30": "6677.00000", "2018-03-31": "6677.00000", "2017-12-31": "6677.00000", "2017-09-30": "6677.00000", "2017-06-30": "6677.00000", "2017-03-31": "6677.00000", "2016-12-31": "6677.00000", "2016-09-30": "6672.00000", "2016-06-30": "6696.00000", "2016-03-31": "6688.00000", "2015-12-31": "2672.00000", "2015-09-30": "2672.00000", "2015-06-30": "2672.00000", "2015-03-31": "2672.00000", "2014-12-31": "2672.00000", "2014-09-30": "2672.00000", "2014-06-30": "2674.00000", "2014-03-31": "2625.00000", "2013-12-31": "2625.00000", "2013-09-30": "2625.00000", "2013-06-30": "2625.00000", "2013-03-31": "2625.00000", "2012-12-31": "2625.00000", "2012-09-30": "2625.00000", "2012-06-30": "2625.00000", "2012-03-31": "2625.00000", "2011-12-31": "2625.00000", "2011-09-30": "2625.00000", "2011-06-30": "2625.00000", "2011-03-31": "2625.00000", "2010-12-31": "2625.00000", "2010-09-30": "2625.00000", "2010-06-30": "2625.00000", "2010-03-31": "2625.00000", "2009-12-31": "2625.00000", "2009-09-30": "2625.00000", "2009-06-30": "2625.00000", "2009-03-31": "2625.00000", "2008-12-31": "2625.00000", "2008-09-30": "2625.00000", "2008-06-30": "2625.00000", "2008-03-31": "2625.00000", "2007-12-31": "2625.00000", "2007-09-30": "2641.00000", "2007-06-30": "2641.00000", "2007-03-31": "2641.00000", "2006-12-31": "2694.00000", "2006-09-30": "2694.00000", "2006-06-30": "3476.00000", "2006-03-31": "3475.00000", "2005-12-31": "3475.00000", "2005-09-30": "4696.00000", "2005-06-30": "4696.00000", "2005-03-31": "4696.00000"}, "Other Long-Term Assets": {"2020-09-30": "3856.00000", "2020-06-30": "3888.00000", "2020-03-31": "4118.00000", "2019-12-31": "4041.00000", "2019-09-30": "3963.00000", "2019-06-30": "3937.00000", "2019-03-31": "3836.00000", "2018-12-31": "2399.00000", "2018-09-30": "2380.00000", "2018-06-30": "2030.00000", "2018-03-31": "2245.00000", "2017-12-31": "2062.00000", "2017-09-30": "2167.00000", "2017-06-30": "2223.00000", "2017-03-31": "2506.00000", "2016-12-31": "2524.00000", "2016-09-30": "2751.00000", "2016-06-30": "2534.00000", "2016-03-31": "2896.00000", "2015-12-31": "2893.00000", "2015-09-30": "3050.00000", "2015-06-30": "2989.00000", "2015-03-31": "3013.00000", "2014-12-31": "2564.00000", "2014-09-30": "2599.00000", "2014-06-30": "2569.00000", "2014-03-31": "2591.00000", "2013-12-31": "2739.00000", "2013-09-30": "3189.00000", "2013-06-30": "3341.00000", "2013-03-31": "3394.00000", "2012-12-31": "3752.00000", "2012-09-30": "4037.00000", "2012-06-30": "4364.00000", "2012-03-31": "4753.00000", "2011-12-31": "2296.00000", "2011-09-30": "2001.00000", "2011-06-30": "1879.00000", "2011-03-31": "2000.00000", "2010-12-31": "1996.00000", "2010-09-30": "2076.00000", "2010-06-30": "1317.00000", "2010-03-31": "1718.00000", "2009-12-31": "1508.00000", "2009-09-30": "1958.00000", "2009-06-30": "2199.00000", "2009-03-31": "2278.00000", "2008-12-31": "1823.00000", "2008-09-30": "1605.00000", "2008-06-30": "1583.00000", "2008-03-31": "1465.00000", "2007-12-31": "1316.00000", "2007-09-30": "1340.00000", "2007-06-30": "1322.00000", "2007-03-31": "1224.00000", "2006-12-31": "825.00000", "2006-09-30": "1417.00000", "2006-06-30": "1339.00000", "2006-03-31": "1232.00000", "2005-12-31": "1572.00000", "2005-09-30": "1311.00000", "2005-06-30": "1252.00000", "2005-03-31": "1240.00000"}, "Total Long-Term Assets": {"2020-09-30": "115455.00000", "2020-06-30": "113780.00000", "2020-03-31": "112201.00000", "2019-12-31": "112940.00000", "2019-09-30": "110532.00000", "2019-06-30": "109941.00000", "2019-03-31": "109117.00000", "2018-12-31": "106306.00000", "2018-09-30": "106012.00000", "2018-06-30": "105760.00000", "2018-03-31": "105485.00000", "2017-12-31": "104874.00000", "2017-09-30": "105749.00000", "2017-06-30": "104872.00000", "2017-03-31": "104874.00000", "2016-12-31": "102492.00000", "2016-09-30": "102327.00000", "2016-06-30": "101283.00000", "2016-03-31": "100378.00000", "2015-12-31": "80050.00000", "2015-09-30": "78261.00000", "2015-06-30": "76788.00000", "2015-03-31": "76034.00000", "2014-12-31": "74563.00000", "2014-09-30": "73427.00000", "2014-06-30": "73833.00000", "2014-03-31": "69793.00000", "2013-12-31": "69787.00000", "2013-09-30": "69710.00000", "2013-06-30": "69011.00000", "2013-03-31": "68969.00000", "2012-12-31": "68421.00000", "2012-09-30": "67025.00000", "2012-06-30": "65680.00000", "2012-03-31": "65813.00000", "2011-12-31": "49282.00000", "2011-09-30": "47869.00000", "2011-06-30": "46999.00000", "2011-03-31": "46717.00000", "2010-12-31": "45842.00000", "2010-09-30": "44188.00000", "2010-06-30": "43573.00000", "2010-03-31": "44357.00000", "2009-12-31": "43739.00000", "2009-09-30": "43607.00000", "2009-06-30": "43154.00000", "2009-03-31": "42520.00000", "2008-12-31": "42416.00000", "2008-09-30": "40843.00000", "2008-06-30": "41193.00000", "2008-03-31": "41008.00000", "2007-12-31": "40781.00000", "2007-09-30": "40526.00000", "2007-06-30": "40346.00000", "2007-03-31": "39900.00000", "2006-12-31": "39327.00000", "2006-09-30": "37326.00000", "2006-06-30": "38032.00000", "2006-03-31": "38257.00000", "2005-12-31": "38160.00000", "2005-09-30": "38429.00000", "2005-06-30": "38044.00000", "2005-03-31": "38066.00000"}, "Total Assets": {"2020-09-30": "127767.00000", "2020-06-30": "126313.00000", "2020-03-31": "124677.00000", "2019-12-31": "124977.00000", "2019-09-30": "122738.00000", "2019-06-30": "121596.00000", "2019-03-31": "121593.00000", "2018-12-31": "119634.00000", "2018-09-30": "119485.00000", "2018-06-30": "117249.00000", "2018-03-31": "117018.00000", "2017-12-31": "116770.00000", "2017-09-30": "118473.00000", "2017-06-30": "117104.00000", "2017-03-31": "117068.00000", "2016-12-31": "114904.00000", "2016-09-30": "114535.00000", "2016-06-30": "112778.00000", "2016-03-31": "111742.00000", "2015-12-31": "95384.00000", "2015-09-30": "95128.00000", "2015-06-30": "92213.00000", "2015-03-31": "87391.00000", "2014-12-31": "86416.00000", "2014-09-30": "85264.00000", "2014-06-30": "83656.00000", "2014-03-31": "79468.00000", "2013-12-31": "79924.00000", "2013-09-30": "79661.00000", "2013-06-30": "78420.00000", "2013-03-31": "78243.00000", "2012-12-31": "78561.00000", "2012-09-30": "78353.00000", "2012-06-30": "77434.00000", "2012-03-31": "77628.00000", "2011-12-31": "54995.00000", "2011-09-30": "54156.00000", "2011-06-30": "51986.00000", "2011-03-31": "51376.00000", "2010-12-31": "52240.00000", "2010-09-30": "50948.00000", "2010-06-30": "49173.00000", "2010-03-31": "50741.00000", "2009-12-31": "49180.00000", "2009-09-30": "49502.00000", "2009-06-30": "48979.00000", "2009-03-31": "48863.00000", "2008-12-31": "47546.00000", "2008-09-30": "45214.00000", "2008-06-30": "46800.00000", "2008-03-31": "45848.00000", "2007-12-31": "45361.00000", "2007-09-30": "45719.00000", "2007-06-30": "45305.00000", "2007-03-31": "44711.00000", "2006-12-31": "44319.00000", "2006-09-30": "41648.00000", "2006-06-30": "42290.00000", "2006-03-31": "42294.00000", "2005-12-31": "42797.00000", "2005-09-30": "43152.00000", "2005-06-30": "42082.00000", "2005-03-31": "42408.00000"}, "Total Current Liabilities": {"2020-09-30": "11262.00000", "2020-06-30": "11065.00000", "2020-03-31": "11774.00000", "2019-12-31": "14185.00000", "2019-09-30": "13085.00000", "2019-06-30": "12934.00000", "2019-03-31": "12229.00000", "2018-12-31": "11404.00000", "2018-09-30": "10140.00000", "2018-06-30": "9626.00000", "2018-03-31": "10153.00000", "2017-12-31": "10798.00000", "2017-09-30": "12395.00000", "2017-06-30": "13965.00000", "2017-03-31": "14437.00000", "2016-12-31": "13457.00000", "2016-09-30": "12158.00000", "2016-06-30": "11894.00000", "2016-03-31": "13770.00000", "2015-12-31": "9118.00000", "2015-09-30": "7847.00000", "2015-06-30": "6526.00000", "2015-03-31": "7374.00000", "2014-12-31": "8762.00000", "2014-09-30": "8431.00000", "2014-06-30": "8567.00000", "2014-03-31": "7351.00000", "2013-12-31": "7728.00000", "2013-09-30": "7507.00000", "2013-06-30": "8374.00000", "2013-03-31": "8321.00000", "2012-12-31": "7791.00000", "2012-09-30": "7770.00000", "2012-06-30": "8083.00000", "2012-03-31": "9052.00000", "2011-12-31": "5134.00000", "2011-09-30": "4977.00000", "2011-06-30": "4268.00000", "2011-03-31": "4171.00000", "2010-12-31": "4240.00000", "2010-09-30": "3967.00000", "2010-06-30": "4030.00000", "2010-03-31": "4890.00000", "2009-12-31": "4238.00000", "2009-09-30": "4444.00000", "2009-06-30": "4166.00000", "2009-03-31": "4366.00000", "2008-12-31": "3811.00000", "2008-09-30": "4287.00000", "2008-06-30": "6641.00000", "2008-03-31": "5711.00000", "2007-12-31": "5629.00000", "2007-09-30": "5538.00000", "2007-06-30": "5361.00000", "2007-03-31": "5522.00000", "2006-12-31": "5795.00000", "2006-09-30": "5527.00000", "2006-06-30": "6303.00000", "2006-03-31": "6260.00000", "2005-12-31": "6563.00000", "2005-09-30": "6045.00000", "2005-06-30": "4862.00000", "2005-03-31": "6840.00000"}, "Long Term Debt": {"2020-09-30": "35902.00000", "2020-06-30": "36502.00000", "2020-03-31": "35198.00000", "2019-12-31": "31719.00000", "2019-09-30": "32446.00000", "2019-06-30": "32299.00000", "2019-03-31": "33350.00000", "2018-12-31": "34465.00000", "2018-09-30": "34909.00000", "2018-06-30": "33568.00000", "2018-03-31": "33294.00000", "2017-12-31": "32565.00000", "2017-09-30": "32090.00000", "2017-06-30": "30956.00000", "2017-03-31": "31685.00000", "2016-12-31": "32216.00000", "2016-09-30": "32972.00000", "2016-06-30": "32182.00000", "2016-03-31": "29955.00000", "2015-12-31": "24286.00000", "2015-09-30": "25189.00000", "2015-06-30": "25868.00000", "2015-03-31": "21167.00000", "2014-12-31": "19853.00000", "2014-09-30": "19848.00000", "2014-06-30": "18781.00000", "2014-03-31": "19195.00000", "2013-12-31": "18271.00000", "2013-09-30": "18570.00000", "2013-06-30": "17218.00000", "2013-03-31": "17355.00000", "2012-12-31": "18346.00000", "2012-09-30": "18245.00000", "2012-06-30": "18173.00000", "2012-03-31": "17458.00000", "2011-12-31": "12189.00000", "2011-09-30": "12565.00000", "2011-06-30": "12154.00000", "2011-03-31": "12152.00000", "2010-12-31": "12004.00000", "2010-09-30": "12052.00000", "2010-06-30": "11201.00000", "2010-03-31": "11198.00000", "2009-12-31": "11385.00000", "2009-09-30": "11411.00000", "2009-06-30": "12034.00000", "2009-03-31": "12393.00000", "2008-12-31": "12592.00000", "2008-09-30": "12281.00000", "2008-06-30": "12641.00000", "2008-03-31": "12799.00000", "2007-12-31": "11965.00000", "2007-09-30": "11732.00000", "2007-06-30": "11006.00000", "2007-03-31": "11656.00000", "2006-12-31": "11911.00000", "2006-09-30": "11575.00000", "2006-06-30": "11412.00000", "2006-03-31": "11654.00000", "2005-12-31": "11760.00000", "2005-09-30": "12163.00000", "2005-06-30": "12546.00000", "2005-03-31": "10997.00000"}, "Other Non-Current Liabilities": {"2020-09-30": "28794.00000", "2020-06-30": "27496.00000", "2020-03-31": "27142.00000", "2019-12-31": "27902.00000", "2019-09-30": "27010.00000", "2019-06-30": "26910.00000", "2019-03-31": "26934.00000", "2018-12-31": "25409.00000", "2018-09-30": "25961.00000", "2018-06-30": "26320.00000", "2018-03-31": "26229.00000", "2017-12-31": "26249.00000", "2017-09-30": "20366.00000", "2017-06-30": "20290.00000", "2017-03-31": "20055.00000", "2016-12-31": "19233.00000", "2016-09-30": "20039.00000", "2016-06-30": "19951.00000", "2016-03-31": "19567.00000", "2015-12-31": "17497.00000", "2015-09-30": "18309.00000", "2015-06-30": "18307.00000", "2015-03-31": "17840.00000", "2014-12-31": "17524.00000", "2014-09-30": "16945.00000", "2014-06-30": "17083.00000", "2014-03-31": "15673.00000", "2013-12-31": "16204.00000", "2013-09-30": "16492.00000", "2013-06-30": "16158.00000", "2013-03-31": "16678.00000", "2012-12-31": "15628.00000", "2012-09-30": "15973.00000", "2012-06-30": "15336.00000", "2012-03-31": "14774.00000", "2011-12-31": "12750.00000", "2011-09-30": "12735.00000", "2011-06-30": "12476.00000", "2011-03-31": "12301.00000", "2010-12-31": "12067.00000", "2010-09-30": "11815.00000", "2010-06-30": "11668.00000", "2010-03-31": "11596.00000", "2009-12-31": "11455.00000", "2009-09-30": "11430.00000", "2009-06-30": "11130.00000", "2009-03-31": "10797.00000", "2008-12-31": "10959.00000", "2008-09-30": "10844.00000", "2008-06-30": "11755.00000", "2008-03-31": "11520.00000", "2007-12-31": "11685.00000", "2007-09-30": "11838.00000", "2007-06-30": "11762.00000", "2007-03-31": "11485.00000", "2006-12-31": "10432.00000", "2006-09-30": "9047.00000", "2006-06-30": "9248.00000", "2006-03-31": "9656.00000", "2005-12-31": "9915.00000", "2005-09-30": "9569.00000", "2005-06-30": "9397.00000", "2005-03-31": "9520.00000"}, "Total Long Term Liabilities": {"2020-09-30": "81402.00000", "2020-06-30": "80377.00000", "2020-03-31": "78287.00000", "2019-12-31": "76219.00000", "2019-09-30": "75301.00000", "2019-06-30": "74755.00000", "2019-03-31": "75660.00000", "2018-12-31": "75183.00000", "2018-09-30": "75957.00000", "2018-06-30": "74784.00000", "2018-03-31": "74300.00000", "2017-12-31": "73785.00000", "2017-09-30": "75761.00000", "2017-06-30": "73849.00000", "2017-03-31": "74340.00000", "2016-12-31": "73835.00000", "2016-09-30": "74917.00000", "2016-06-30": "73586.00000", "2016-03-31": "70786.00000", "2015-12-31": "58972.00000", "2015-09-30": "59992.00000", "2015-06-30": "60618.00000", "2015-03-31": "55379.00000", "2014-12-31": "53521.00000", "2014-09-30": "51783.00000", "2014-06-30": "50860.00000", "2014-03-31": "49339.00000", "2013-12-31": "49256.00000", "2013-09-30": "50087.00000", "2013-06-30": "48458.00000", "2013-03-31": "48596.00000", "2012-12-31": "49040.00000", "2012-09-30": "48480.00000", "2012-06-30": "47029.00000", "2012-03-31": "46474.00000", "2011-12-31": "35473.00000", "2011-09-30": "34820.00000", "2011-06-30": "33603.00000", "2011-03-31": "33271.00000", "2010-12-31": "34437.00000", "2010-09-30": "33026.00000", "2010-06-30": "31957.00000", "2010-03-31": "32400.00000", "2009-12-31": "32302.00000", "2009-09-30": "32568.00000", "2009-06-30": "32660.00000", "2009-03-31": "32485.00000", "2008-12-31": "32688.00000", "2008-09-30": "29340.00000", "2008-06-30": "30272.00000", "2008-03-31": "30304.00000", "2007-12-31": "29595.00000", "2007-09-30": "29760.00000", "2007-06-30": "28773.00000", "2007-03-31": "29073.00000", "2006-12-31": "28517.00000", "2006-09-30": "26419.00000", "2006-06-30": "26252.00000", "2006-03-31": "26849.00000", "2005-12-31": "27109.00000", "2005-09-30": "26950.00000", "2005-06-30": "27181.00000", "2005-03-31": "25855.00000"}, "Total Liabilities": {"2020-09-30": "92664.00000", "2020-06-30": "91442.00000", "2020-03-31": "90061.00000", "2019-12-31": "90404.00000", "2019-09-30": "88386.00000", "2019-06-30": "87689.00000", "2019-03-31": "87889.00000", "2018-12-31": "86587.00000", "2018-09-30": "86097.00000", "2018-06-30": "84410.00000", "2018-03-31": "84453.00000", "2017-12-31": "84583.00000", "2017-09-30": "88156.00000", "2017-06-30": "87814.00000", "2017-03-31": "88777.00000", "2016-12-31": "87292.00000", "2016-09-30": "87075.00000", "2016-06-30": "85480.00000", "2016-03-31": "84556.00000", "2015-12-31": "68090.00000", "2015-09-30": "67839.00000", "2015-06-30": "67144.00000", "2015-03-31": "62753.00000", "2014-12-31": "62283.00000", "2014-09-30": "60214.00000", "2014-06-30": "59427.00000", "2014-03-31": "56690.00000", "2013-12-31": "56984.00000", "2013-09-30": "57594.00000", "2013-06-30": "56832.00000", "2013-03-31": "56917.00000", "2012-12-31": "56831.00000", "2012-09-30": "56250.00000", "2012-06-30": "55112.00000", "2012-03-31": "55526.00000", "2011-12-31": "40607.00000", "2011-09-30": "39797.00000", "2011-06-30": "37871.00000", "2011-03-31": "37442.00000", "2010-12-31": "38677.00000", "2010-09-30": "36993.00000", "2010-06-30": "35987.00000", "2010-03-31": "37290.00000", "2009-12-31": "36540.00000", "2009-09-30": "37012.00000", "2009-06-30": "36826.00000", "2009-03-31": "36851.00000", "2008-12-31": "36499.00000", "2008-09-30": "33627.00000", "2008-06-30": "36913.00000", "2008-03-31": "36015.00000", "2007-12-31": "35224.00000", "2007-09-30": "35298.00000", "2007-06-30": "34134.00000", "2007-03-31": "34595.00000", "2006-12-31": "34312.00000", "2006-09-30": "31946.00000", "2006-06-30": "32555.00000", "2006-03-31": "33109.00000", "2005-12-31": "33672.00000", "2005-09-30": "32995.00000", "2005-06-30": "32043.00000", "2005-03-31": "32695.00000"}, "Common Stock Net": {"2020-09-30": "19362.00000", "2020-06-30": "19336.00000", "2020-03-31": "19303.00000", "2019-12-31": "19274.00000", "2019-09-30": "19238.00000", "2019-06-30": "19209.00000", "2019-03-31": "19171.00000", "2018-12-31": "19116.00000", "2018-09-30": "19063.00000", "2018-06-30": "19008.00000", "2018-03-31": "18973.00000", "2017-12-31": "18964.00000", "2017-09-30": "18862.00000", "2017-06-30": "18860.00000", "2017-03-31": "18807.00000", "2016-12-31": "18794.00000", "2016-09-30": "18756.00000", "2016-06-30": "18722.00000", "2016-03-31": "18686.00000", "2015-12-31": "18676.00000", "2015-09-30": "18647.00000", "2015-06-30": "16755.00000", "2015-03-31": "16731.00000", "2014-12-31": "16709.00000", "2014-09-30": "16679.00000", "2014-06-30": "16651.00000", "2014-03-31": "16751.00000", "2013-12-31": "16741.00000", "2013-09-30": "16716.00000", "2013-06-30": "16693.00000", "2013-03-31": "16652.00000", "2012-12-31": "16632.00000", "2012-09-30": "16594.00000", "2012-06-30": "16559.00000", "2012-03-31": "16512.00000", "2011-12-31": "9107.00000", "2011-09-30": "9077.00000", "2011-06-30": "9054.00000", "2011-03-31": "9032.00000", "2010-12-31": "9006.00000", "2010-09-30": "8982.00000", "2010-06-30": "8960.00000", "2010-03-31": "8940.00000", "2009-12-31": "8923.00000", "2009-09-30": "8896.00000", "2009-06-30": "8870.00000", "2009-03-31": "8845.00000", "2008-12-31": "8816.00000", "2008-09-30": "8791.00000", "2008-06-30": "8753.00000", "2008-03-31": "8630.00000", "2007-12-31": "8579.00000", "2007-09-30": "8498.00000", "2007-06-30": "8552.00000", "2007-03-31": "8467.00000", "2006-12-31": "8314.00000", "2006-09-30": "8261.00000", "2006-06-30": "8166.00000", "2006-03-31": "8119.00000", "2005-12-31": "7987.00000", "2005-09-30": "7939.00000", "2005-06-30": "7877.00000", "2005-03-31": "7757.00000"}, "Retained Earnings (Accumulated Deficit)": {"2020-09-30": "16749.00000", "2020-06-30": "16622.00000", "2020-03-31": "16475.00000", "2019-12-31": "16267.00000", "2019-09-30": "15871.00000", "2019-06-30": "15452.00000", "2019-03-31": "15321.00000", "2018-12-31": "14743.00000", "2018-09-30": "14949.00000", "2018-06-30": "14551.00000", "2018-03-31": "14346.00000", "2017-12-31": "14081.00000", "2017-09-30": "11950.00000", "2017-06-30": "11442.00000", "2017-03-31": "12720.00000", "2016-12-31": "12030.00000", "2016-09-30": "12121.00000", "2016-06-30": "11926.00000", "2016-03-31": "11954.00000", "2015-12-31": "12068.00000", "2015-09-30": "12046.00000", "2015-06-30": "11704.00000", "2015-03-31": "11334.00000", "2014-12-31": "10910.00000", "2014-09-30": "11160.00000", "2014-06-30": "10435.00000", "2014-03-31": "10180.00000", "2013-12-31": "10358.00000", "2013-09-30": "10131.00000", "2013-06-30": "9660.00000", "2013-03-31": "9437.00000", "2012-12-31": "9893.00000", "2012-09-30": "9959.00000", "2012-06-30": "10114.00000", "2012-03-31": "9830.00000", "2011-12-31": "10055.00000", "2011-09-30": "10146.00000", "2011-06-30": "9894.00000", "2011-03-31": "9623.00000", "2010-12-31": "9304.00000", "2010-09-30": "9128.00000", "2010-06-30": "8631.00000", "2010-03-31": "8534.00000", "2009-12-31": "8134.00000", "2009-09-30": "7905.00000", "2009-06-30": "7494.00000", "2009-03-31": "7185.00000", "2008-12-31": "6820.00000", "2008-09-30": "6459.00000", "2008-06-30": "6088.00000", "2008-03-31": "5669.00000", "2007-12-31": "4930.00000", "2007-09-30": "4989.00000", "2007-06-30": "4506.00000", "2007-03-31": "3805.00000", "2006-12-31": "3426.00000", "2006-09-30": "3130.00000", "2006-06-30": "3443.00000", "2006-03-31": "3068.00000", "2005-12-31": "3206.00000", "2005-09-30": "4309.00000", "2005-06-30": "3853.00000", "2005-03-31": "3607.00000"}, "Comprehensive Income": {"2020-09-30": "-3104.00000", "2020-06-30": "-3132.00000", "2020-03-31": "-3173.00000", "2019-12-31": "-3194.00000", "2019-09-30": "-2963.00000", "2019-06-30": "-2990.00000", "2019-03-31": "-3012.00000", "2018-12-31": "-2995.00000", "2018-09-30": "-2869.00000", "2018-06-30": "-2921.00000", "2018-03-31": "-2965.00000", "2017-12-31": "-3026.00000", "2017-09-30": "-2589.00000", "2017-06-30": "-2633.00000", "2017-03-31": "-2670.00000", "2016-12-31": "-2660.00000", "2016-09-30": "-2523.00000", "2016-06-30": "-2565.00000", "2016-03-31": "-2596.00000", "2015-12-31": "-2624.00000", "2015-09-30": "-2596.00000", "2015-06-30": "-2626.00000", "2015-03-31": "-2673.00000", "2014-12-31": "-2684.00000", "2014-09-30": "-1917.00000", "2014-06-30": "-1906.00000", "2014-03-31": "-2036.00000", "2013-12-31": "-2040.00000", "2013-09-30": "-2661.00000", "2013-06-30": "-2673.00000", "2013-03-31": "-2673.00000", "2012-12-31": "-2767.00000", "2012-09-30": "-2405.00000", "2012-06-30": "-2313.00000", "2012-03-31": "-2199.00000", "2011-12-31": "-2450.00000", "2011-09-30": "-2540.00000", "2011-06-30": "-2509.00000", "2011-03-31": "-2397.00000", "2010-12-31": "-2423.00000", "2010-09-30": "-1828.00000", "2010-06-30": "-2078.00000", "2010-03-31": "-1695.00000", "2009-12-31": "-2089.00000", "2009-09-30": "-1973.00000", "2009-06-30": "-1873.00000", "2009-03-31": "-1680.00000", "2008-12-31": "-2251.00000", "2008-09-30": "-1325.00000", "2008-06-30": "-2616.00000", "2008-03-31": "-2150.00000", "2007-12-31": "-1534.00000", "2007-09-30": "-1228.00000", "2007-06-30": "-1220.00000", "2007-03-31": "-1489.00000", "2006-12-31": "-1103.00000", "2006-09-30": "-1191.00000", "2006-06-30": "-1377.00000", "2006-03-31": "-1504.00000", "2005-12-31": "-1624.00000", "2005-09-30": "-1747.00000", "2005-06-30": "-1601.00000", "2005-03-31": "-1561.00000"}, "Other Share Holders Equity": {"2020-09-30": "", "2020-06-30": "", "2020-03-31": "", "2019-12-31": "", "2019-09-30": "", "2019-06-30": "", "2019-03-31": "", "2018-12-31": "", "2018-09-30": "", "2018-06-30": "", "2018-03-31": "", "2017-12-31": "", "2017-09-30": "", "2017-06-30": "", "2017-03-31": "", "2016-12-31": "", "2016-09-30": "", "2016-06-30": "193.00000", "2016-03-31": "193.00000", "2015-12-31": "193.00000", "2015-09-30": "193.00000", "2015-06-30": "193.00000", "2015-03-31": "193.00000", "2014-12-31": "193.00000", "2014-09-30": "193.00000", "2014-06-30": "193.00000", "2014-03-31": "193.00000", "2013-12-31": "193.00000", "2013-09-30": "193.00000", "2013-06-30": "193.00000", "2013-03-31": "193.00000", "2012-12-31": "193.00000", "2012-09-30": "193.00000", "2012-06-30": "193.00000", "2012-03-31": "193.00000", "2011-12-31": "", "2011-09-30": "", "2011-06-30": "", "2011-03-31": "", "2010-12-31": "", "2010-09-30": "", "2010-06-30": "", "2010-03-31": "", "2009-12-31": "", "2009-09-30": "", "2009-06-30": "", "2009-03-31": "", "2008-12-31": "", "2008-09-30": "", "2008-06-30": "", "2008-03-31": "", "2007-12-31": "", "2007-09-30": "", "2007-06-30": "", "2007-03-31": "", "2006-12-31": "", "2006-09-30": "", "2006-06-30": "", "2006-03-31": "", "2005-12-31": "", "2005-09-30": "", "2005-06-30": "", "2005-03-31": ""}, "Share Holder Equity": {"2020-09-30": "35103.00000", "2020-06-30": "34871.00000", "2020-03-31": "34616.00000", "2019-12-31": "34573.00000", "2019-09-30": "34352.00000", "2019-06-30": "33907.00000", "2019-03-31": "33704.00000", "2018-12-31": "33047.00000", "2018-09-30": "33388.00000", "2018-06-30": "32839.00000", "2018-03-31": "32565.00000", "2017-12-31": "32187.00000", "2017-09-30": "30317.00000", "2017-06-30": "29290.00000", "2017-03-31": "28291.00000", "2016-12-31": "27612.00000", "2016-09-30": "27460.00000", "2016-06-30": "27298.00000", "2016-03-31": "27186.00000", "2015-12-31": "27294.00000", "2015-09-30": "27289.00000", "2015-06-30": "25069.00000", "2015-03-31": "24638.00000", "2014-12-31": "24133.00000", "2014-09-30": "25050.00000", "2014-06-30": "24229.00000", "2014-03-31": "22778.00000", "2013-12-31": "22940.00000", "2013-09-30": "22067.00000", "2013-06-30": "21588.00000", "2013-03-31": "21326.00000", "2012-12-31": "21730.00000", "2012-09-30": "22103.00000", "2012-06-30": "22322.00000", "2012-03-31": "22102.00000", "2011-12-31": "14388.00000", "2011-09-30": "14359.00000", "2011-06-30": "14115.00000", "2011-03-31": "13934.00000", "2010-12-31": "13563.00000", "2010-09-30": "13955.00000", "2010-06-30": "13186.00000", "2010-03-31": "13451.00000", "2009-12-31": "12640.00000", "2009-09-30": "12490.00000", "2009-06-30": "12153.00000", "2009-03-31": "12012.00000", "2008-12-31": "11047.00000", "2008-09-30": "11587.00000", "2008-06-30": "9887.00000", "2008-03-31": "9833.00000", "2007-12-31": "10137.00000", "2007-09-30": "10421.00000", "2007-06-30": "11171.00000", "2007-03-31": "10116.00000", "2006-12-31": "10007.00000", "2006-09-30": "9702.00000", "2006-06-30": "9735.00000", "2006-03-31": "9185.00000", "2005-12-31": "9125.00000", "2005-09-30": "10157.00000", "2005-06-30": "10039.00000", "2005-03-31": "9713.00000"}, "Total Liabilities And Share Holders Equity": {"2020-09-30": "127767.00000", "2020-06-30": "126313.00000", "2020-03-31": "124677.00000", "2019-12-31": "124977.00000", "2019-09-30": "122738.00000", "2019-06-30": "121596.00000", "2019-03-31": "121593.00000", "2018-12-31": "119634.00000", "2018-09-30": "119485.00000", "2018-06-30": "117249.00000", "2018-03-31": "117018.00000", "2017-12-31": "116770.00000", "2017-09-30": "118473.00000", "2017-06-30": "117104.00000", "2017-03-31": "117068.00000", "2016-12-31": "114904.00000", "2016-09-30": "114535.00000", "2016-06-30": "112778.00000", "2016-03-31": "111742.00000", "2015-12-31": "95384.00000", "2015-09-30": "95128.00000", "2015-06-30": "92213.00000", "2015-03-31": "87391.00000", "2014-12-31": "86416.00000", "2014-09-30": "85264.00000", "2014-06-30": "83656.00000", "2014-03-31": "79468.00000", "2013-12-31": "79924.00000", "2013-09-30": "79661.00000", "2013-06-30": "78420.00000", "2013-03-31": "78243.00000", "2012-12-31": "78561.00000", "2012-09-30": "78353.00000", "2012-06-30": "77434.00000", "2012-03-31": "77628.00000", "2011-12-31": "54995.00000", "2011-09-30": "54156.00000", "2011-06-30": "51986.00000", "2011-03-31": "51376.00000", "2010-12-31": "52240.00000", "2010-09-30": "50948.00000", "2010-06-30": "49173.00000", "2010-03-31": "50741.00000", "2009-12-31": "49180.00000", "2009-09-30": "49502.00000", "2009-06-30": "48979.00000", "2009-03-31": "48863.00000", "2008-12-31": "47546.00000", "2008-09-30": "45214.00000", "2008-06-30": "46800.00000", "2008-03-31": "45848.00000", "2007-12-31": "45361.00000", "2007-09-30": "45719.00000", "2007-06-30": "45305.00000", "2007-03-31": "44711.00000", "2006-12-31": "44319.00000", "2006-09-30": "41648.00000", "2006-06-30": "42290.00000", "2006-03-31": "42294.00000", "2005-12-31": "42797.00000", "2005-09-30": "43152.00000", "2005-06-30": "42082.00000", "2005-03-31": "42408.00000"}}, "cash flow statement": {"Net Income/Loss": {"2019-12-31": "3028.00000", "2018-12-31": "2079.00000", "2017-12-31": "3869.00000", "2016-12-31": "1196.00000", "2015-12-31": "2250.00000", "2014-12-31": "1820.00000", "2013-12-31": "1729.00000", "2012-12-31": "1171.00000", "2011-12-31": "2499.00000", "2010-12-31": "2563.00000", "2009-12-31": "2707.00000", "2008-12-31": "2737.00000", "2007-12-31": "2736.00000", "2006-12-31": "1592.00000", "2005-12-31": "923.00000"}, "Total Depreciation And Amortization - Cash Flow": {"2019-12-31": "5780.00000", "2018-12-31": "5971.00000", "2017-12-31": "5427.00000", "2016-12-31": "5576.00000", "2015-12-31": "4023.00000", "2014-12-31": "4555.00000", "2013-12-31": "3950.00000", "2012-12-31": "4079.00000", "2011-12-31": "2316.00000", "2010-12-31": "2943.00000", "2009-12-31": "2601.00000", "2008-12-31": "2308.00000", "2007-12-31": "2183.00000", "2006-12-31": "2132.00000", "2005-12-31": "1967.00000"}, "Other Non-Cash Items": {"2019-12-31": "1027.00000", "2018-12-31": "1614.00000", "2017-12-31": "25.00000", "2016-12-31": "2138.00000", "2015-12-31": "1607.00000", "2014-12-31": "1329.00000", "2013-12-31": "209.00000", "2012-12-31": "1509.00000", "2011-12-31": "2532.00000", "2010-12-31": "1397.00000", "2009-12-31": "741.00000", "2008-12-31": "862.00000", "2007-12-31": "458.00000", "2006-12-31": "901.00000", "2005-12-31": "-90.00000"}, "Total Non-Cash Items": {"2019-12-31": "6807.00000", "2018-12-31": "7585.00000", "2017-12-31": "5452.00000", "2016-12-31": "7714.00000", "2015-12-31": "5630.00000", "2014-12-31": "5884.00000", "2013-12-31": "4159.00000", "2012-12-31": "5588.00000", "2011-12-31": "4848.00000", "2010-12-31": "4340.00000", "2009-12-31": "3342.00000", "2008-12-31": "3170.00000", "2007-12-31": "2641.00000", "2006-12-31": "3033.00000", "2005-12-31": "1877.00000"}, "Change In Accounts Receivable": {"2019-12-31": "-243.00000", "2018-12-31": "-565.00000", "2017-12-31": "-470.00000", "2016-12-31": "-432.00000", "2015-12-31": "240.00000", "2014-12-31": "-318.00000", "2013-12-31": "-97.00000", "2012-12-31": "243.00000", "2011-12-31": "57.00000", "2010-12-31": "-232.00000", "2009-12-31": "234.00000", "2008-12-31": "67.00000", "2007-12-31": "-585.00000", "2006-12-31": "-62.00000", "2005-12-31": "-279.00000"}, "Change In Inventories": {"2019-12-31": "-87.00000", "2018-12-31": "-37.00000", "2017-12-31": "-72.00000", "2016-12-31": "7.00000", "2015-12-31": "4.00000", "2014-12-31": "-380.00000", "2013-12-31": "-100.00000", "2012-12-31": "26.00000", "2011-12-31": "-58.00000", "2010-12-31": "-62.00000", "2009-12-31": "51.00000", "2008-12-31": "-109.00000", "2007-12-31": "9.00000", "2006-12-31": "-59.00000", "2005-12-31": "-118.00000"}, "Change In Accounts Payable": {"2019-12-31": "-425.00000", "2018-12-31": "551.00000", "2017-12-31": "-388.00000", "2016-12-31": "771.00000", "2015-12-31": "-121.00000", "2014-12-31": "49.00000", "2013-12-31": "-116.00000", "2012-12-31": "-632.00000", "2011-12-31": "-254.00000", "2010-12-31": "472.00000", "2009-12-31": "-254.00000", "2008-12-31": "-44.00000", "2007-12-31": "146.00000", "2006-12-31": "67.00000", "2005-12-31": "172.00000"}, "Change In Assets/Liabilities": {"2019-12-31": "-2357.00000", "2018-12-31": "-1309.00000", "2017-12-31": "-1210.00000", "2016-12-31": "-1371.00000", "2015-12-31": "-484.00000", "2014-12-31": "-2455.00000", "2013-12-31": "-115.00000", "2012-12-31": "-809.00000", "2011-12-31": "-2731.00000", "2010-12-31": "-1294.00000", "2009-12-31": "43.00000", "2008-12-31": "768.00000", "2007-12-31": "-611.00000", "2006-12-31": "195.00000", "2005-12-31": "-566.00000"}, "Total Change In Assets/Liabilities": {"2019-12-31": "-3176.00000", "2018-12-31": "-1020.00000", "2017-12-31": "-1841.00000", "2016-12-31": "-449.00000", "2015-12-31": "-264.00000", "2014-12-31": "-3247.00000", "2013-12-31": "455.00000", "2012-12-31": "-628.00000", "2011-12-31": "-2494.00000", "2010-12-31": "-1659.00000", "2009-12-31": "45.00000", "2008-12-31": "644.00000", "2007-12-31": "-881.00000", "2006-12-31": "210.00000", "2005-12-31": "-653.00000"}, "Cash Flow From Operating Activities": {"2019-12-31": "6659.00000", "2018-12-31": "8644.00000", "2017-12-31": "7480.00000", "2016-12-31": "8461.00000", "2015-12-31": "7616.00000", "2014-12-31": "4457.00000", "2013-12-31": "6343.00000", "2012-12-31": "6131.00000", "2011-12-31": "4853.00000", "2010-12-31": "5244.00000", "2009-12-31": "6094.00000", "2008-12-31": "6551.00000", "2007-12-31": "4496.00000", "2006-12-31": "4835.00000", "2005-12-31": "2147.00000"}, "Net Change In Property, Plant, And Equipment": {"2019-12-31": "-7195.00000", "2018-12-31": "-7503.00000", "2017-12-31": "-7365.00000", "2016-12-31": "-8492.00000", "2015-12-31": "-7477.00000", "2014-12-31": "-6077.00000", "2013-12-31": "-5395.00000", "2012-12-31": "-5418.00000", "2011-12-31": "-4042.00000", "2010-12-31": "-3326.00000", "2009-12-31": "-3273.00000", "2008-12-31": "-3117.00000", "2007-12-31": "-2674.00000", "2006-12-31": "-2418.00000", "2005-12-31": "-2165.00000"}, "Net Change In Intangible Assets": {"2019-12-31": "", "2018-12-31": "", "2017-12-31": "", "2016-12-31": "", "2015-12-31": "", "2014-12-31": "", "2013-12-31": "", "2012-12-31": "", "2011-12-31": "", "2010-12-31": "", "2009-12-31": "", "2008-12-31": "", "2007-12-31": "", "2006-12-31": "", "2005-12-31": ""}, "Net Acquisitions/Divestitures": {"2019-12-31": "-41.00000", "2018-12-31": "-154.00000", "2017-12-31": "-208.00000", "2016-12-31": "-6923.00000", "2015-12-31": "-40.00000", "2014-12-31": "-246.00000", "2013-12-31": "", "2012-12-31": "943.00000", "2011-12-31": "-387.00000", "2010-12-31": "-893.00000", "2009-12-31": "", "2008-12-31": "", "2007-12-31": "", "2006-12-31": "", "2005-12-31": "-97.00000"}, "Net Change In Short-term Investments": {"2019-12-31": "", "2018-12-31": "", "2017-12-31": "", "2016-12-31": "360.00000", "2015-12-31": "", "2014-12-31": "335.00000", "2013-12-31": "", "2012-12-31": "", "2011-12-31": "", "2010-12-31": "", "2009-12-31": "", "2008-12-31": "", "2007-12-31": "", "2006-12-31": "", "2005-12-31": ""}, "Net Change In Long-Term Investments": {"2019-12-31": "-36.00000", "2018-12-31": "-235.00000", "2017-12-31": "-268.00000", "2016-12-31": "-242.00000", "2015-12-31": "-252.00000", "2014-12-31": "1568.00000", "2013-12-31": "-183.00000", "2012-12-31": "-203.00000", "2011-12-31": "-191.00000", "2010-12-31": "-137.00000", "2009-12-31": "-226.00000", "2008-12-31": "-285.00000", "2007-12-31": "-120.00000", "2006-12-31": "-286.00000", "2005-12-31": "-120.00000"}, "Net Change In Investments - Total": {"2019-12-31": "-36.00000", "2018-12-31": "-235.00000", "2017-12-31": "-268.00000", "2016-12-31": "118.00000", "2015-12-31": "-252.00000", "2014-12-31": "1903.00000", "2013-12-31": "-183.00000", "2012-12-31": "-203.00000", "2011-12-31": "-191.00000", "2010-12-31": "-137.00000", "2009-12-31": "-226.00000", "2008-12-31": "-285.00000", "2007-12-31": "-120.00000", "2006-12-31": "-286.00000", "2005-12-31": "-120.00000"}, "Investing Activities - Other": {"2019-12-31": "12.00000", "2018-12-31": "58.00000", "2017-12-31": "-130.00000", "2016-12-31": "-153.00000", "2015-12-31": "-53.00000", "2014-12-31": "-179.00000", "2013-12-31": "184.00000", "2012-12-31": "102.00000", "2011-12-31": "17.00000", "2010-12-31": "462.00000", "2009-12-31": "41.00000", "2008-12-31": "24.00000", "2007-12-31": "-115.00000", "2006-12-31": "-58.00000", "2005-12-31": "-105.00000"}, "Cash Flow From Investing Activities": {"2019-12-31": "-7260.00000", "2018-12-31": "-7834.00000", "2017-12-31": "-7971.00000", "2016-12-31": "-15450.00000", "2015-12-31": "-7822.00000", "2014-12-31": "-4599.00000", "2013-12-31": "-5394.00000", "2012-12-31": "-4576.00000", "2011-12-31": "-4603.00000", "2010-12-31": "-3894.00000", "2009-12-31": "-3458.00000", "2008-12-31": "-3378.00000", "2007-12-31": "-2909.00000", "2006-12-31": "-2762.00000", "2005-12-31": "-2487.00000"}, "Net Long-Term Debt": {"2019-12-31": "664.00000", "2018-12-31": "1329.00000", "2017-12-31": "730.00000", "2016-12-31": "2780.00000", "2015-12-31": "4022.00000", "2014-12-31": "1918.00000", "2013-12-31": "466.00000", "2012-12-31": "882.00000", "2011-12-31": "410.00000", "2010-12-31": "-236.00000", "2009-12-31": "-495.00000", "2008-12-31": "-171.00000", "2007-12-31": "339.00000", "2006-12-31": "58.00000", "2005-12-31": "445.00000"}, "Net Current Debt": {"2019-12-31": "656.00000", "2018-12-31": "-213.00000", "2017-12-31": "-340.00000", "2016-12-31": "-575.00000", "2015-12-31": "80.00000", "2014-12-31": "122.00000", "2013-12-31": "332.00000", "2012-12-31": "-197.00000", "2011-12-31": "161.00000", "2010-12-31": "-155.00000", "2009-12-31": "-56.00000", "2008-12-31": "-405.00000", "2007-12-31": "311.00000", "2006-12-31": "-985.00000", "2005-12-31": "800.00000"}, "Debt Issuance/Retirement Net - Total": {"2019-12-31": "1320.00000", "2018-12-31": "1116.00000", "2017-12-31": "390.00000", "2016-12-31": "2205.00000", "2015-12-31": "4102.00000", "2014-12-31": "2040.00000", "2013-12-31": "798.00000", "2012-12-31": "685.00000", "2011-12-31": "571.00000", "2010-12-31": "-391.00000", "2009-12-31": "-551.00000", "2008-12-31": "-576.00000", "2007-12-31": "650.00000", "2006-12-31": "-927.00000", "2005-12-31": "1245.00000"}, "Net Common Equity Issued/Repurchased": {"2019-12-31": "112.00000", "2018-12-31": "105.00000", "2017-12-31": "1300.00000", "2016-12-31": "55.00000", "2015-12-31": "1900.00000", "2014-12-31": "35.00000", "2013-12-31": "47.00000", "2012-12-31": "72.00000", "2011-12-31": "38.00000", "2010-12-31": "48.00000", "2009-12-31": "42.00000", "2008-12-31": "-370.00000", "2007-12-31": "-1072.00000", "2006-12-31": "-2.00000", "2005-12-31": "-140.00000"}, "Net Total Equity Issued/Repurchased": {"2019-12-31": "112.00000", "2018-12-31": "105.00000", "2017-12-31": "1300.00000", "2016-12-31": "-135.00000", "2015-12-31": "1900.00000", "2014-12-31": "35.00000", "2013-12-31": "-46.00000", "2012-12-31": "72.00000", "2011-12-31": "38.00000", "2010-12-31": "48.00000", "2009-12-31": "42.00000", "2008-12-31": "-370.00000", "2007-12-31": "-1072.00000", "2006-12-31": "-2.00000", "2005-12-31": "-140.00000"}, "Total Common And Preferred Stock Dividends Paid": {"2019-12-31": "-1408.00000", "2018-12-31": "-1332.00000", "2017-12-31": "-1236.00000", "2016-12-31": "-1166.00000", "2015-12-31": "-1105.00000", "2014-12-31": "-1486.00000", "2013-12-31": "-1249.00000", "2012-12-31": "-1716.00000", "2011-12-31": "-1393.00000", "2010-12-31": "-1389.00000", "2009-12-31": "-1385.00000", "2008-12-31": "-1335.00000", "2007-12-31": "-1180.00000", "2006-12-31": "-1071.00000", "2005-12-31": "-1070.00000"}, "Financial Activities - Other": {"2019-12-31": "-82.00000", "2018-12-31": "-108.00000", "2017-12-31": "313.00000", "2016-12-31": "287.00000", "2015-12-31": "-67.00000", "2014-12-31": "-178.00000", "2013-12-31": "-329.00000", "2012-12-31": "-126.00000", "2011-12-31": "-62.00000", "2010-12-31": "-16.00000", "2009-12-31": "-3.00000", "2008-12-31": "68.00000", "2007-12-31": "102.00000", "2006-12-31": "11.00000", "2005-12-31": "-54.00000"}, "Cash Flow From Financial Activities": {"2019-12-31": "-58.00000", "2018-12-31": "-219.00000", "2017-12-31": "767.00000", "2016-12-31": "1191.00000", "2015-12-31": "4830.00000", "2014-12-31": "411.00000", "2013-12-31": "-826.00000", "2012-12-31": "-1085.00000", "2011-12-31": "-846.00000", "2010-12-31": "-1748.00000", "2009-12-31": "-1897.00000", "2008-12-31": "-2213.00000", "2007-12-31": "-1500.00000", "2006-12-31": "-1989.00000", "2005-12-31": "-19.00000"}, "Net Cash Flow": {"2019-12-31": "-659.00000", "2018-12-31": "591.00000", "2017-12-31": "276.00000", "2016-12-31": "-5798.00000", "2015-12-31": "4624.00000", "2014-12-31": "269.00000", "2013-12-31": "123.00000", "2012-12-31": "470.00000", "2011-12-31": "-596.00000", "2010-12-31": "-398.00000", "2009-12-31": "739.00000", "2008-12-31": "960.00000", "2007-12-31": "87.00000", "2006-12-31": "84.00000", "2005-12-31": "-359.00000"}, "Stock-Based Compensation": {"2019-12-31": "", "2018-12-31": "", "2017-12-31": "", "2016-12-31": "", "2015-12-31": "", "2014-12-31": "", "2013-12-31": "", "2012-12-31": "", "2011-12-31": "", "2010-12-31": "", "2009-12-31": "", "2008-12-31": "", "2007-12-31": "", "2006-12-31": "", "2005-12-31": ""}, "Common Stock Dividends Paid": {"2019-12-31": "-1408.00000", "2018-12-31": "-1332.00000", "2017-12-31": "-1236.00000", "2016-12-31": "-1166.00000", "2015-12-31": "-1105.00000", "2014-12-31": "-1486.00000", "2013-12-31": "-1249.00000", "2012-12-31": "-1716.00000", "2011-12-31": "-1393.00000", "2010-12-31": "-1389.00000", "2009-12-31": "-1385.00000", "2008-12-31": "-1335.00000", "2007-12-31": "-1180.00000", "2006-12-31": "-1071.00000", "2005-12-31": "-1070.00000"}}, "cash flow statement, quarterly": {"Net Income/Loss": {"2020-09-30": 569, "2020-06-30": 574, "2020-03-31": "376.00000", "2019-12-31": 808, "2019-09-30": 760, "2019-06-30": 494, "2019-03-31": "966.00000", "2018-12-31": 100, "2018-09-30": 800, "2018-06-30": 543, "2018-03-31": "636.00000", "2017-12-31": 1941, "2017-09-30": 862, "2017-06-30": 95, "2017-03-31": "971.00000", "2016-12-31": 240, "2016-09-30": 526, "2016-06-30": 307, "2016-03-31": "123.00000", "2015-12-31": 291, "2015-09-30": 587, "2015-06-30": 634, "2015-03-31": "738.00000", "2014-12-31": 95, "2014-09-30": 1074, "2014-06-30": 558, "2014-03-31": "93.00000", "2013-12-31": 494, "2013-09-30": 737, "2013-06-30": 497, "2013-03-31": "1.00000", "2012-12-31": 384, "2012-09-30": 297, "2012-06-30": 290, "2012-03-31": "200.00000", "2011-12-31": 607, "2011-09-30": 602, "2011-06-30": 621, "2011-03-31": "669.00000", "2010-12-31": 524, "2010-09-30": 845, "2010-06-30": 445, "2010-03-31": "749.00000", "2009-12-31": 581, "2009-09-30": 757, "2009-06-30": 657, "2009-03-31": "712.00000", "2008-12-31": 707, "2008-09-30": 701, "2008-06-30": 748, "2008-03-31": "581.00000", "2007-12-31": 563, "2007-09-30": 780, "2007-06-30": 702, "2007-03-31": "691.00000", "2006-12-31": 592, "2006-09-30": -44, "2006-06-30": 644, "2006-03-31": "400.00000", "2005-12-31": -837, "2005-09-30": 725, "2005-06-30": 514, "2005-03-31": "521.00000"}, "Total Depreciation And Amortization - Cash Flow": {"2020-09-30": 1678, "2020-06-30": 1363, "2020-03-31": "1378.00000", "2019-12-31": 1387, "2019-09-30": 1471, "2019-06-30": 1462, "2019-03-31": "1460.00000", "2018-12-31": 1460, "2018-09-30": 1511, "2018-06-30": 1499, "2018-03-31": "1501.00000", "2017-12-31": 940, "2017-09-30": 1451, "2017-06-30": 1752, "2017-03-31": "1284.00000", "2016-12-31": 1567, "2016-09-30": 1374, "2016-06-30": 1572, "2016-03-31": "1063.00000", "2015-12-31": 1093, "2015-09-30": 949, "2015-06-30": 1033, "2015-03-31": "948.00000", "2014-12-31": 1537, "2014-09-30": 1093, "2014-06-30": 1017, "2014-03-31": "908.00000", "2013-12-31": 1106, "2013-09-30": 872, "2013-06-30": 955, "2013-03-31": "1017.00000", "2012-12-31": 1170, "2012-09-30": 1014, "2012-06-30": 1119, "2012-03-31": "776.00000", "2011-12-31": 614, "2011-09-30": 588, "2011-06-30": 562, "2011-03-31": "552.00000", "2010-12-31": 688, "2010-09-30": 800, "2010-06-30": 737, "2010-03-31": "718.00000", "2009-12-31": 666, "2009-09-30": 682, "2009-06-30": 631, "2009-03-31": "622.00000", "2008-12-31": 583, "2008-09-30": 629, "2008-06-30": 544, "2008-03-31": "552.00000", "2007-12-31": 540, "2007-09-30": 577, "2007-06-30": 533, "2007-03-31": "533.00000", "2006-12-31": 511, "2006-09-30": 561, "2006-06-30": 536, "2006-03-31": "524.00000", "2005-12-31": 490, "2005-09-30": 516, "2005-06-30": 483, "2005-03-31": "478.00000"}, "Other Non-Cash Items": {"2020-09-30": 470, "2020-06-30": 702, "2020-03-31": "24.00000", "2019-12-31": 367, "2019-09-30": 420, "2019-06-30": 524, "2019-03-31": "-284.00000", "2018-12-31": 673, "2018-09-30": 252, "2018-06-30": 192, "2018-03-31": "497.00000", "2017-12-31": -504, "2017-09-30": 286, "2017-06-30": 298, "2017-03-31": "-55.00000", "2016-12-31": 201, "2016-09-30": 580, "2016-06-30": 478, "2016-03-31": "879.00000", "2015-12-31": 637, "2015-09-30": 697, "2015-06-30": -61, "2015-03-31": "334.00000", "2014-12-31": 415, "2014-09-30": -101, "2014-06-30": 87, "2014-03-31": "928.00000", "2013-12-31": -41, "2013-09-30": 197, "2013-06-30": 110, "2013-03-31": "-57.00000", "2012-12-31": 252, "2012-09-30": 464, "2012-06-30": 338, "2012-03-31": "455.00000", "2011-12-31": 2460, "2011-09-30": 980, "2011-06-30": 509, "2011-03-31": "-1417.00000", "2010-12-31": 1759, "2010-09-30": -84, "2010-06-30": 21, "2010-03-31": "-299.00000", "2009-12-31": 27, "2009-09-30": 14, "2009-06-30": 410, "2009-03-31": "290.00000", "2008-12-31": 311, "2008-09-30": 274, "2008-06-30": 59, "2008-03-31": "218.00000", "2007-12-31": -61, "2007-09-30": 198, "2007-06-30": 130, "2007-03-31": "191.00000", "2006-12-31": 29, "2006-09-30": 811, "2006-06-30": -86, "2006-03-31": "147.00000", "2005-12-31": 1386, "2005-09-30": -61, "2005-06-30": -17, "2005-03-31": "-1398.00000"}, "Total Non-Cash Items": {"2020-09-30": 2148, "2020-06-30": 2065, "2020-03-31": "1402.00000", "2019-12-31": 1754, "2019-09-30": 1891, "2019-06-30": 1986, "2019-03-31": "1176.00000", "2018-12-31": 2133, "2018-09-30": 1763, "2018-06-30": 1691, "2018-03-31": "1998.00000", "2017-12-31": 436, "2017-09-30": 1737, "2017-06-30": 2050, "2017-03-31": "1229.00000", "2016-12-31": 1768, "2016-09-30": 1954, "2016-06-30": 2050, "2016-03-31": "1942.00000", "2015-12-31": 1730, "2015-09-30": 1646, "2015-06-30": 972, "2015-03-31": "1282.00000", "2014-12-31": 1952, "2014-09-30": 992, "2014-06-30": 1104, "2014-03-31": "1836.00000", "2013-12-31": 1065, "2013-09-30": 1069, "2013-06-30": 1065, "2013-03-31": "960.00000", "2012-12-31": 1422, "2012-09-30": 1478, "2012-06-30": 1457, "2012-03-31": "1231.00000", "2011-12-31": 3074, "2011-09-30": 1568, "2011-06-30": 1071, "2011-03-31": "-865.00000", "2010-12-31": 2447, "2010-09-30": 716, "2010-06-30": 758, "2010-03-31": "419.00000", "2009-12-31": 693, "2009-09-30": 696, "2009-06-30": 1041, "2009-03-31": "912.00000", "2008-12-31": 894, "2008-09-30": 903, "2008-06-30": 603, "2008-03-31": "770.00000", "2007-12-31": 479, "2007-09-30": 775, "2007-06-30": 663, "2007-03-31": "724.00000", "2006-12-31": 540, "2006-09-30": 1372, "2006-06-30": 450, "2006-03-31": "671.00000", "2005-12-31": 1876, "2005-09-30": 455, "2005-06-30": 466, "2005-03-31": "-920.00000"}, "Change In Accounts Receivable": {"2020-09-30": -123, "2020-06-30": 518, "2020-03-31": "800.00000", "2019-12-31": -688, "2019-09-30": -173, "2019-06-30": 539, "2019-03-31": "79.00000", "2018-12-31": -398, "2018-09-30": -62, "2018-06-30": -238, "2018-03-31": "133.00000", "2017-12-31": -654, "2017-09-30": -117, "2017-06-30": 10, "2017-03-31": "291.00000", "2016-12-31": -136, "2016-09-30": -382, "2016-06-30": -31, "2016-03-31": "117.00000", "2015-12-31": 65, "2015-09-30": -78, "2015-06-30": 523, "2015-03-31": "-270.00000", "2014-12-31": -516, "2014-09-30": 150, "2014-06-30": 654, "2014-03-31": "-606.00000", "2013-12-31": -151, "2013-09-30": -77, "2013-06-30": 201, "2013-03-31": "-70.00000", "2012-12-31": 15, "2012-09-30": -186, "2012-06-30": 20, "2012-03-31": "394.00000", "2011-12-31": 54, "2011-09-30": 3, "2011-06-30": -53, "2011-03-31": "53.00000", "2010-12-31": -60, "2010-09-30": 57, "2010-06-30": -269, "2010-03-31": "40.00000", "2009-12-31": -101, "2009-09-30": 49, "2009-06-30": 178, "2009-03-31": "108.00000", "2008-12-31": -159, "2008-09-30": 132, "2008-06-30": -87, "2008-03-31": "181.00000", "2007-12-31": -110, "2007-09-30": -171, "2007-06-30": -9, "2007-03-31": "-295.00000", "2006-12-31": -234, "2006-09-30": -58, "2006-06-30": -23, "2006-03-31": "253.00000", "2005-12-31": -66, "2005-09-30": -266, "2005-06-30": -48, "2005-03-31": "101.00000"}, "Change In Inventories": {"2020-09-30": -53, "2020-06-30": -95, "2020-03-31": "81.00000", "2019-12-31": 7, "2019-09-30": -113, "2019-06-30": -109, "2019-03-31": "128.00000", "2018-12-31": -13, "2018-09-30": -84, "2018-06-30": -107, "2018-03-31": "167.00000", "2017-12-31": 15, "2017-09-30": -64, "2017-06-30": -132, "2017-03-31": "109.00000", "2016-12-31": -14, "2016-09-30": -68, "2016-06-30": -53, "2016-03-31": "142.00000", "2015-12-31": -61, "2015-09-30": -94, "2015-06-30": -132, "2015-03-31": "291.00000", "2014-12-31": -64, "2014-09-30": -166, "2014-06-30": -230, "2014-03-31": "80.00000", "2013-12-31": 3, "2013-09-30": -85, "2013-06-30": -119, "2013-03-31": "101.00000", "2012-12-31": 14, "2012-09-30": -33, "2012-06-30": -59, "2012-03-31": "104.00000", "2011-12-31": -14, "2011-09-30": -61, "2011-06-30": -61, "2011-03-31": "78.00000", "2010-12-31": -10, "2010-09-30": -53, "2010-06-30": -66, "2010-03-31": "67.00000", "2009-12-31": 10, "2009-09-30": -34, "2009-06-30": -57, "2009-03-31": "132.00000", "2008-12-31": 49, "2008-09-30": -118, "2008-06-30": -110, "2008-03-31": "70.00000", "2007-12-31": 5, "2007-09-30": -65, "2007-06-30": -72, "2007-03-31": "141.00000", "2006-12-31": -36, "2006-09-30": -34, "2006-06-30": -54, "2006-03-31": "65.00000", "2005-12-31": -64, "2005-09-30": -80, "2005-06-30": -48, "2005-03-31": "74.00000"}, "Change In Accounts Payable": {"2020-09-30": 279, "2020-06-30": 178, "2020-03-31": "-976.00000", "2019-12-31": 246, "2019-09-30": 253, "2019-06-30": -160, "2019-03-31": "-764.00000", "2018-12-31": 467, "2018-09-30": 426, "2018-06-30": 109, "2018-03-31": "-451.00000", "2017-12-31": 203, "2017-09-30": 219, "2017-06-30": -82, "2017-03-31": "-728.00000", "2016-12-31": 475, "2016-09-30": 659, "2016-06-30": 208, "2016-03-31": "-571.00000", "2015-12-31": -6, "2015-09-30": 425, "2015-06-30": -72, "2015-03-31": "-468.00000", "2014-12-31": 371, "2014-09-30": 36, "2014-06-30": -515, "2014-03-31": "157.00000", "2013-12-31": 127, "2013-09-30": 340, "2013-06-30": -41, "2013-03-31": "-542.00000", "2012-12-31": 185, "2012-09-30": 246, "2012-06-30": 113, "2012-03-31": "-1176.00000", "2011-12-31": 146, "2011-09-30": 86, "2011-06-30": 40, "2011-03-31": "-526.00000", "2010-12-31": 525, "2010-09-30": 186, "2010-06-30": 64, "2010-03-31": "-303.00000", "2009-12-31": 337, "2009-09-30": -122, "2009-06-30": 73, "2009-03-31": "-542.00000", "2008-12-31": 217, "2008-09-30": -124, "2008-06-30": 254, "2008-03-31": "-391.00000", "2007-12-31": 82, "2007-09-30": 186, "2007-06-30": 78, "2007-03-31": "-200.00000", "2006-12-31": 374, "2006-09-30": 99, "2006-06-30": 48, "2006-03-31": "-454.00000", "2005-12-31": 111, "2005-09-30": 272, "2005-06-30": 17, "2005-03-31": "-228.00000"}, "Change In Assets/Liabilities": {"2020-09-30": -1361, "2020-06-30": -1582, "2020-03-31": "-547.00000", "2019-12-31": -660, "2019-09-30": -109, "2019-06-30": -906, "2019-03-31": "-682.00000", "2018-12-31": -494, "2018-09-30": -74, "2018-06-30": 326, "2018-03-31": "-1067.00000", "2017-12-31": -266, "2017-09-30": 32, "2017-06-30": -128, "2017-03-31": "-848.00000", "2016-12-31": -1284, "2016-09-30": 64, "2016-06-30": 176, "2016-03-31": "-327.00000", "2015-12-31": 126, "2015-09-30": -834, "2015-06-30": 481, "2015-03-31": "-257.00000", "2014-12-31": -809, "2014-09-30": -282, "2014-06-30": 48, "2014-03-31": "-1412.00000", "2013-12-31": 391, "2013-09-30": -86, "2013-06-30": -197, "2013-03-31": "-223.00000", "2012-12-31": -542, "2012-09-30": -147, "2012-06-30": -305, "2012-03-31": "185.00000", "2011-12-31": -1891, "2011-09-30": -135, "2011-06-30": -356, "2011-03-31": "-349.00000", "2010-12-31": -1441, "2010-09-30": 343, "2010-06-30": -568, "2010-03-31": "372.00000", "2009-12-31": -202, "2009-09-30": 235, "2009-06-30": -457, "2009-03-31": "467.00000", "2008-12-31": 971, "2008-09-30": 1019, "2008-06-30": -734, "2008-03-31": "-488.00000", "2007-12-31": 13, "2007-09-30": 260, "2007-06-30": -172, "2007-03-31": "-712.00000", "2006-12-31": 41, "2006-09-30": 266, "2006-06-30": 10, "2006-03-31": "-122.00000", "2005-12-31": -300, "2005-09-30": -79, "2005-06-30": 26, "2005-03-31": "-213.00000"}, "Total Change In Assets/Liabilities": {"2020-09-30": -1175, "2020-06-30": -1039, "2020-03-31": "-698.00000", "2019-12-31": -1302, "2019-09-30": -150, "2019-06-30": -626, "2019-03-31": "-1098.00000", "2018-12-31": -264, "2018-09-30": 243, "2018-06-30": 133, "2018-03-31": "-1132.00000", "2017-12-31": -570, "2017-09-30": 179, "2017-06-30": -324, "2017-03-31": "-1126.00000", "2016-12-31": -910, "2016-09-30": 330, "2016-06-30": 723, "2016-03-31": "-592.00000", "2015-12-31": -79, "2015-09-30": -528, "2015-06-30": 873, "2015-03-31": "-530.00000", "2014-12-31": -1233, "2014-09-30": -174, "2014-06-30": -76, "2014-03-31": "-1764.00000", "2013-12-31": 390, "2013-09-30": 250, "2013-06-30": -83, "2013-03-31": "-102.00000", "2012-12-31": -249, "2012-09-30": 86, "2012-06-30": -150, "2012-03-31": "-315.00000", "2011-12-31": -1745, "2011-09-30": -266, "2011-06-30": -472, "2011-03-31": "-11.00000", "2010-12-31": -1839, "2010-09-30": 182, "2010-06-30": -695, "2010-03-31": "693.00000", "2009-12-31": 191, "2009-09-30": 129, "2009-06-30": -601, "2009-03-31": "326.00000", "2008-12-31": 583, "2008-09-30": 1089, "2008-06-30": -395, "2008-03-31": "-633.00000", "2007-12-31": -59, "2007-09-30": 332, "2007-06-30": -407, "2007-03-31": "-747.00000", "2006-12-31": 150, "2006-09-30": 37, "2006-06-30": 246, "2006-03-31": "-223.00000", "2005-12-31": -438, "2005-09-30": 80, "2005-06-30": 315, "2005-03-31": "-610.00000"}, "Cash Flow From Operating Activities": {"2020-09-30": 1542, "2020-06-30": 1600, "2020-03-31": "1080.00000", "2019-12-31": 1260, "2019-09-30": 2501, "2019-06-30": 1854, "2019-03-31": "1044.00000", "2018-12-31": 1969, "2018-09-30": 2806, "2018-06-30": 2367, "2018-03-31": "1502.00000", "2017-12-31": 1807, "2017-09-30": 2778, "2017-06-30": 1821, "2017-03-31": "1074.00000", "2016-12-31": 1098, "2016-09-30": 2810, "2016-06-30": 3080, "2016-03-31": "1473.00000", "2015-12-31": 1942, "2015-09-30": 1705, "2015-06-30": 2479, "2015-03-31": "1490.00000", "2014-12-31": 814, "2014-09-30": 1892, "2014-06-30": 1586, "2014-03-31": "165.00000", "2013-12-31": 1949, "2013-09-30": 2056, "2013-06-30": 1479, "2013-03-31": "859.00000", "2012-12-31": 1557, "2012-09-30": 1861, "2012-06-30": 1719, "2012-03-31": "994.00000", "2011-12-31": 1936, "2011-09-30": 1904, "2011-06-30": 1220, "2011-03-31": "-207.00000", "2010-12-31": 1132, "2010-09-30": 1743, "2010-06-30": 508, "2010-03-31": "1861.00000", "2009-12-31": 1465, "2009-09-30": 1582, "2009-06-30": 1097, "2009-03-31": "1950.00000", "2008-12-31": 2184, "2008-09-30": 2693, "2008-06-30": 956, "2008-03-31": "718.00000", "2007-12-31": 983, "2007-09-30": 1887, "2007-06-30": 958, "2007-03-31": "668.00000", "2006-12-31": 1282, "2006-09-30": 1365, "2006-06-30": 1340, "2006-03-31": "848.00000", "2005-12-31": 601, "2005-09-30": 1260, "2005-06-30": 1295, "2005-03-31": "-1009.00000"}, "Net Change In Property, Plant, And Equipment": {"2020-09-30": -1787, "2020-06-30": -1757, "2020-03-31": "-2016.00000", "2019-12-31": -1953, "2019-09-30": -1684, "2019-06-30": -1693, "2019-03-31": "-1865.00000", "2018-12-31": -2096, "2018-09-30": -1689, "2018-06-30": -1917, "2018-03-31": "-1801.00000", "2017-12-31": -2028, "2017-09-30": -1703, "2017-06-30": -1647, "2017-03-31": "-1987.00000", "2016-12-31": -2173, "2016-09-30": -1875, "2016-06-30": -2242, "2016-03-31": "-2202.00000", "2015-12-31": -2179, "2015-09-30": -1983, "2015-06-30": -1673, "2015-03-31": "-1642.00000", "2014-12-31": -2623, "2014-09-30": -985, "2014-06-30": -1270, "2014-03-31": "-1199.00000", "2013-12-31": -1540, "2013-09-30": -1341, "2013-06-30": -1067, "2013-03-31": "-1447.00000", "2012-12-31": -1256, "2012-09-30": -1362, "2012-06-30": -1304, "2012-03-31": "-1496.00000", "2011-12-31": -1070, "2011-09-30": -987, "2011-06-30": -835, "2011-03-31": "-1150.00000", "2010-12-31": -944, "2010-09-30": -798, "2010-06-30": -706, "2010-03-31": "-878.00000", "2009-12-31": -1021, "2009-09-30": -808, "2009-06-30": -732, "2009-03-31": "-712.00000", "2008-12-31": -835, "2008-09-30": -771, "2008-06-30": -614, "2008-03-31": "-897.00000", "2007-12-31": -782, "2007-09-30": -608, "2007-06-30": -612, "2007-03-31": "-672.00000", "2006-12-31": -666, "2006-09-30": -596, "2006-06-30": -543, "2006-03-31": "-613.00000", "2005-12-31": -644, "2005-09-30": -514, "2005-06-30": -518, "2005-03-31": "-489.00000"}, "Net Change In Intangible Assets": {"2020-09-30": 0, "2020-06-30": 0, "2020-03-31": "", "2019-12-31": 0, "2019-09-30": 0, "2019-06-30": 0, "2019-03-31": "", "2018-12-31": 0, "2018-09-30": 0, "2018-06-30": 0, "2018-03-31": "", "2017-12-31": 0, "2017-09-30": 0, "2017-06-30": 0, "2017-03-31": "", "2016-12-31": 0, "2016-09-30": 0, "2016-06-30": 0, "2016-03-31": "", "2015-12-31": 0, "2015-09-30": 0, "2015-06-30": 0, "2015-03-31": "", "2014-12-31": 0, "2014-09-30": 0, "2014-06-30": 0, "2014-03-31": "", "2013-12-31": 0, "2013-09-30": 0, "2013-06-30": 0, "2013-03-31": "", "2012-12-31": 0, "2012-09-30": 0, "2012-06-30": 0, "2012-03-31": "", "2011-12-31": 0, "2011-09-30": 0, "2011-06-30": 0, "2011-03-31": "", "2010-12-31": 0, "2010-09-30": 0, "2010-06-30": 0, "2010-03-31": "", "2009-12-31": 0, "2009-09-30": 0, "2009-06-30": 0, "2009-03-31": "", "2008-12-31": 0, "2008-09-30": 0, "2008-06-30": 0, "2008-03-31": "", "2007-12-31": 0, "2007-09-30": 0, "2007-06-30": 0, "2007-03-31": "", "2006-12-31": 0, "2006-09-30": 0, "2006-06-30": 0, "2006-03-31": "", "2005-12-31": 0, "2005-09-30": 0, "2005-06-30": 0, "2005-03-31": ""}, "Net Acquisitions/Divestitures": {"2020-09-30": -1102, "2020-06-30": 1102, "2020-03-31": "", "2019-12-31": -41, "2019-09-30": 0, "2019-06-30": 0, "2019-03-31": "", "2018-12-31": -97, "2018-09-30": 0, "2018-06-30": -57, "2018-03-31": "", "2017-12-31": 0, "2017-09-30": 4, "2017-06-30": 0, "2017-03-31": "-212.00000", "2016-12-31": -27, "2016-09-30": -254, "2016-06-30": 3, "2016-03-31": "-6645.00000", "2015-12-31": -12, "2015-09-30": 0, "2015-06-30": -13, "2015-03-31": "-15.00000", "2014-12-31": -308, "2014-09-30": -1, "2014-06-30": 63, "2014-03-31": "", "2013-12-31": 0, "2013-09-30": 3, "2013-06-30": -3, "2013-03-31": "", "2012-12-31": -21, "2012-09-30": 0, "2012-06-30": 0, "2012-03-31": "964.00000", "2011-12-31": -7, "2011-09-30": -380, "2011-06-30": 0, "2011-03-31": "", "2010-12-31": -893, "2010-09-30": 0, "2010-06-30": 0, "2010-03-31": "", "2009-12-31": 0, "2009-09-30": 0, "2009-06-30": 0, "2009-03-31": "", "2008-12-31": 0, "2008-09-30": 0, "2008-06-30": 0, "2008-03-31": "", "2007-12-31": 0, "2007-09-30": 0, "2007-06-30": 0, "2007-03-31": "", "2006-12-31": 0, "2006-09-30": 0, "2006-06-30": 0, "2006-03-31": "", "2005-12-31": 0, "2005-09-30": 0, "2005-06-30": 0, "2005-03-31": "-97.00000"}, "Net Change In Short-term Investments": {"2020-09-30": 882, "2020-06-30": 2488, "2020-03-31": "", "2019-12-31": -8443, "2019-09-30": 1523, "2019-06-30": 6920, "2019-03-31": "", "2018-12-31": 0, "2018-09-30": 0, "2018-06-30": 0, "2018-03-31": "", "2017-12-31": 0, "2017-09-30": 0, "2017-06-30": 0, "2017-03-31": "", "2016-12-31": 0, "2016-09-30": 0, "2016-06-30": 0, "2016-03-31": "360.00000", "2015-12-31": 0, "2015-09-30": 0, "2015-06-30": 0, "2015-03-31": "", "2014-12-31": 0, "2014-09-30": 0, "2014-06-30": 0, "2014-03-31": "335.00000", "2013-12-31": 0, "2013-09-30": 0, "2013-06-30": 0, "2013-03-31": "", "2012-12-31": 0, "2012-09-30": 0, "2012-06-30": 0, "2012-03-31": "", "2011-12-31": 0, "2011-09-30": 0, "2011-06-30": 0, "2011-03-31": "", "2010-12-31": 0, "2010-09-30": 0, "2010-06-30": 0, "2010-03-31": "", "2009-12-31": 0, "2009-09-30": 0, "2009-06-30": 0, "2009-03-31": "", "2008-12-31": 0, "2008-09-30": 0, "2008-06-30": 0, "2008-03-31": "", "2007-12-31": 0, "2007-09-30": 0, "2007-06-30": 0, "2007-03-31": "", "2006-12-31": 0, "2006-09-30": 0, "2006-06-30": 0, "2006-03-31": "", "2005-12-31": 0, "2005-09-30": 0, "2005-06-30": 0, "2005-03-31": ""}, "Net Change In Long-Term Investments": {"2020-09-30": -898, "2020-06-30": -2489, "2020-03-31": "-51.00000", "2019-12-31": 8401, "2019-09-30": -1590, "2019-06-30": -6894, "2019-03-31": "47.00000", "2018-12-31": -61, "2018-09-30": -72, "2018-06-30": -43, "2018-03-31": "-59.00000", "2017-12-31": -72, "2017-09-30": -70, "2017-06-30": -60, "2017-03-31": "-66.00000", "2016-12-31": -63, "2016-09-30": -62, "2016-06-30": -60, "2016-03-31": "-57.00000", "2015-12-31": -66, "2015-09-30": -63, "2015-06-30": -57, "2015-03-31": "-66.00000", "2014-12-31": 1647, "2014-09-30": -60, "2014-06-30": 34, "2014-03-31": "-53.00000", "2013-12-31": -26, "2013-09-30": -40, "2013-06-30": -65, "2013-03-31": "-52.00000", "2012-12-31": -56, "2012-09-30": -42, "2012-06-30": -59, "2012-03-31": "-46.00000", "2011-12-31": -18, "2011-09-30": -58, "2011-06-30": -63, "2011-03-31": "-52.00000", "2010-12-31": -29, "2010-09-30": -10, "2010-06-30": -41, "2010-03-31": "-57.00000", "2009-12-31": -46, "2009-09-30": -51, "2009-06-30": -70, "2009-03-31": "-59.00000", "2008-12-31": -56, "2008-09-30": -65, "2008-06-30": -99, "2008-03-31": "-65.00000", "2007-12-31": -20, "2007-09-30": -61, "2007-06-30": -72, "2007-03-31": "33.00000", "2006-12-31": -64, "2006-09-30": -71, "2006-06-30": -83, "2006-03-31": "-68.00000", "2005-12-31": -74, "2005-09-30": 14, "2005-06-30": -83, "2005-03-31": "23.00000"}, "Net Change In Investments - Total": {"2020-09-30": -16, "2020-06-30": -1, "2020-03-31": "-51.00000", "2019-12-31": -42, "2019-09-30": -67, "2019-06-30": 26, "2019-03-31": "47.00000", "2018-12-31": -61, "2018-09-30": -72, "2018-06-30": -43, "2018-03-31": "-59.00000", "2017-12-31": -72, "2017-09-30": -70, "2017-06-30": -60, "2017-03-31": "-66.00000", "2016-12-31": -63, "2016-09-30": -62, "2016-06-30": -60, "2016-03-31": "303.00000", "2015-12-31": -66, "2015-09-30": -63, "2015-06-30": -57, "2015-03-31": "-66.00000", "2014-12-31": 1647, "2014-09-30": -60, "2014-06-30": 34, "2014-03-31": "282.00000", "2013-12-31": -26, "2013-09-30": -40, "2013-06-30": -65, "2013-03-31": "-52.00000", "2012-12-31": -56, "2012-09-30": -42, "2012-06-30": -59, "2012-03-31": "-46.00000", "2011-12-31": -18, "2011-09-30": -58, "2011-06-30": -63, "2011-03-31": "-52.00000", "2010-12-31": -29, "2010-09-30": -10, "2010-06-30": -41, "2010-03-31": "-57.00000", "2009-12-31": -46, "2009-09-30": -51, "2009-06-30": -70, "2009-03-31": "-59.00000", "2008-12-31": -56, "2008-09-30": -65, "2008-06-30": -99, "2008-03-31": "-65.00000", "2007-12-31": -20, "2007-09-30": -61, "2007-06-30": -72, "2007-03-31": "33.00000", "2006-12-31": -64, "2006-09-30": -71, "2006-06-30": -83, "2006-03-31": "-68.00000", "2005-12-31": -74, "2005-09-30": 14, "2005-06-30": -83, "2005-03-31": "23.00000"}, "Investing Activities - Other": {"2020-09-30": 2512, "2020-06-30": 12, "2020-03-31": "-8.00000", "2019-12-31": -9, "2019-09-30": -5, "2019-06-30": -6, "2019-03-31": "32.00000", "2018-12-31": 29, "2018-09-30": -2, "2018-06-30": 28, "2018-03-31": "3.00000", "2017-12-31": -128, "2017-09-30": 7, "2017-06-30": 9, "2017-03-31": "-18.00000", "2016-12-31": 32, "2016-09-30": -151, "2016-06-30": -30, "2016-03-31": "-4.00000", "2015-12-31": 124, "2015-09-30": -97, "2015-06-30": -52, "2015-03-31": "-28.00000", "2014-12-31": 61, "2014-09-30": -143, "2014-06-30": -3, "2014-03-31": "-94.00000", "2013-12-31": 142, "2013-09-30": -43, "2013-06-30": 57, "2013-03-31": "28.00000", "2012-12-31": 99, "2012-09-30": 30, "2012-06-30": 35, "2012-03-31": "-62.00000", "2011-12-31": 523, "2011-09-30": -532, "2011-06-30": 3, "2011-03-31": "23.00000", "2010-12-31": 9, "2010-09-30": 429, "2010-06-30": -202, "2010-03-31": "226.00000", "2009-12-31": -7, "2009-09-30": 21, "2009-06-30": 8, "2009-03-31": "19.00000", "2008-12-31": -10, "2008-09-30": 58, "2008-06-30": 119, "2008-03-31": "-143.00000", "2007-12-31": -42, "2007-09-30": -29, "2007-06-30": -24, "2007-03-31": "-20.00000", "2006-12-31": 2, "2006-09-30": -7, "2006-06-30": -21, "2006-03-31": "-32.00000", "2005-12-31": -84, "2005-09-30": -42, "2005-06-30": 24, "2005-03-31": "-3.00000"}, "Cash Flow From Investing Activities": {"2020-09-30": -393, "2020-06-30": -644, "2020-03-31": "-2075.00000", "2019-12-31": -2045, "2019-09-30": -1756, "2019-06-30": -1673, "2019-03-31": "-1786.00000", "2018-12-31": -2225, "2018-09-30": -1763, "2018-06-30": -1989, "2018-03-31": "-1857.00000", "2017-12-31": -2228, "2017-09-30": -1762, "2017-06-30": -1698, "2017-03-31": "-2283.00000", "2016-12-31": -2231, "2016-09-30": -2342, "2016-06-30": -2329, "2016-03-31": "-8548.00000", "2015-12-31": -2133, "2015-09-30": -2143, "2015-06-30": -1795, "2015-03-31": "-1751.00000", "2014-12-31": -1223, "2014-09-30": -1189, "2014-06-30": -1176, "2014-03-31": "-1011.00000", "2013-12-31": -1424, "2013-09-30": -1421, "2013-06-30": -1078, "2013-03-31": "-1471.00000", "2012-12-31": -1234, "2012-09-30": -1374, "2012-06-30": -1328, "2012-03-31": "-640.00000", "2011-12-31": -572, "2011-09-30": -1957, "2011-06-30": -895, "2011-03-31": "-1179.00000", "2010-12-31": -1857, "2010-09-30": -379, "2010-06-30": -949, "2010-03-31": "-709.00000", "2009-12-31": -1074, "2009-09-30": -838, "2009-06-30": -794, "2009-03-31": "-752.00000", "2008-12-31": -901, "2008-09-30": -778, "2008-06-30": -594, "2008-03-31": "-1105.00000", "2007-12-31": -844, "2007-09-30": -698, "2007-06-30": -708, "2007-03-31": "-659.00000", "2006-12-31": -728, "2006-09-30": -674, "2006-06-30": -647, "2006-03-31": "-713.00000", "2005-12-31": -802, "2005-09-30": -542, "2005-06-30": -577, "2005-03-31": "-566.00000"}, "Net Long-Term Debt": {"2020-09-30": -1034, "2020-06-30": 1012, "2020-03-31": "1620.00000", "2019-12-31": -268, "2019-09-30": 656, "2019-06-30": 226, "2019-03-31": "50.00000", "2018-12-31": 145, "2018-09-30": 1005, "2018-06-30": 290, "2018-03-31": "-111.00000", "2017-12-31": 92, "2017-09-30": 706, "2017-06-30": -766, "2017-03-31": "698.00000", "2016-12-31": -734, "2016-09-30": 557, "2016-06-30": 2922, "2016-03-31": "35.00000", "2015-12-31": -142, "2015-09-30": -35, "2015-06-30": 3573, "2015-03-31": "626.00000", "2014-12-31": -80, "2014-09-30": 1089, "2014-06-30": 1109, "2014-03-31": "-200.00000", "2013-12-31": -409, "2013-09-30": 982, "2013-06-30": -255, "2013-03-31": "148.00000", "2012-12-31": 55, "2012-09-30": 626, "2012-06-30": 652, "2012-03-31": "-451.00000", "2011-12-31": -786, "2011-09-30": 599, "2011-06-30": -1, "2011-03-31": "598.00000", "2010-12-31": -1, "2010-09-30": 782, "2010-06-30": -614, "2010-03-31": "-403.00000", "2009-12-31": -434, "2009-09-30": 39, "2009-06-30": -116, "2009-03-31": "16.00000", "2008-12-31": 119, "2008-09-30": -478, "2008-06-30": -795, "2008-03-31": "983.00000", "2007-12-31": -178, "2007-09-30": 784, "2007-06-30": -284, "2007-03-31": "17.00000", "2006-12-31": -107, "2006-09-30": 295, "2006-06-30": -219, "2006-03-31": "89.00000", "2005-12-31": -322, "2005-09-30": -439, "2005-06-30": 1431, "2005-03-31": "-225.00000"}, "Net Current Debt": {"2020-09-30": 62, "2020-06-30": -860, "2020-03-31": "609.00000", "2019-12-31": 351, "2019-09-30": -40, "2019-06-30": -195, "2019-03-31": "540.00000", "2018-12-31": -120, "2018-09-30": -418, "2018-06-30": -401, "2018-03-31": "726.00000", "2017-12-31": 219, "2017-09-30": -1047, "2017-06-30": -293, "2017-03-31": "781.00000", "2016-12-31": 696, "2016-09-30": -352, "2016-06-30": -2689, "2016-03-31": "1770.00000", "2015-12-31": -150, "2015-09-30": 136, "2015-06-30": 235, "2015-03-31": "-141.00000", "2014-12-31": -114, "2014-09-30": -57, "2014-06-30": -345, "2014-03-31": "638.00000", "2013-12-31": 127, "2013-09-30": -457, "2013-06-30": 429, "2013-03-31": "233.00000", "2012-12-31": -58, "2012-09-30": -318, "2012-06-30": 38, "2012-03-31": "141.00000", "2011-12-31": -301, "2011-09-30": 322, "2011-06-30": 90, "2011-03-31": "50.00000", "2010-12-31": -65, "2010-09-30": -224, "2010-06-30": 33, "2010-03-31": "101.00000", "2009-12-31": 15, "2009-09-30": 95, "2009-06-30": -162, "2009-03-31": "-4.00000", "2008-12-31": 26, "2008-09-30": -1288, "2008-06-30": 842, "2008-03-31": "15.00000", "2007-12-31": 131, "2007-09-30": -168, "2007-06-30": 17, "2007-03-31": "331.00000", "2006-12-31": -148, "2006-09-30": -731, "2006-06-30": -136, "2006-03-31": "30.00000", "2005-12-31": 844, "2005-09-30": -183, "2005-06-30": -1697, "2005-03-31": "1836.00000"}, "Debt Issuance/Retirement Net - Total": {"2020-09-30": -972, "2020-06-30": 152, "2020-03-31": "2229.00000", "2019-12-31": 83, "2019-09-30": 616, "2019-06-30": 31, "2019-03-31": "590.00000", "2018-12-31": 25, "2018-09-30": 587, "2018-06-30": -111, "2018-03-31": "615.00000", "2017-12-31": 311, "2017-09-30": -341, "2017-06-30": -1059, "2017-03-31": "1479.00000", "2016-12-31": -38, "2016-09-30": 205, "2016-06-30": 233, "2016-03-31": "1805.00000", "2015-12-31": -292, "2015-09-30": 101, "2015-06-30": 3808, "2015-03-31": "485.00000", "2014-12-31": -194, "2014-09-30": 1032, "2014-06-30": 764, "2014-03-31": "438.00000", "2013-12-31": -282, "2013-09-30": 525, "2013-06-30": 174, "2013-03-31": "381.00000", "2012-12-31": -3, "2012-09-30": 308, "2012-06-30": 690, "2012-03-31": "-310.00000", "2011-12-31": -1087, "2011-09-30": 921, "2011-06-30": 89, "2011-03-31": "648.00000", "2010-12-31": -66, "2010-09-30": 558, "2010-06-30": -581, "2010-03-31": "-302.00000", "2009-12-31": -419, "2009-09-30": 134, "2009-06-30": -278, "2009-03-31": "12.00000", "2008-12-31": 145, "2008-09-30": -1766, "2008-06-30": 47, "2008-03-31": "998.00000", "2007-12-31": -47, "2007-09-30": 616, "2007-06-30": -267, "2007-03-31": "348.00000", "2006-12-31": -255, "2006-09-30": -436, "2006-06-30": -355, "2006-03-31": "119.00000", "2005-12-31": 522, "2005-09-30": -622, "2005-06-30": -266, "2005-03-31": "1611.00000"}, "Net Common Equity Issued/Repurchased": {"2020-09-30": 16, "2020-06-30": 16, "2020-03-31": "30.00000", "2019-12-31": 18, "2019-09-30": 19, "2019-06-30": 24, "2019-03-31": "51.00000", "2018-12-31": 38, "2018-09-30": 40, "2018-06-30": 15, "2018-03-31": "12.00000", "2017-12-31": 89, "2017-09-30": 18, "2017-06-30": 1181, "2017-03-31": "12.00000", "2016-12-31": 19, "2016-09-30": 19, "2016-06-30": 8, "2016-03-31": "9.00000", "2015-12-31": 8, "2015-09-30": 1876, "2015-06-30": 8, "2015-03-31": "8.00000", "2014-12-31": 10, "2014-09-30": 7, "2014-06-30": 11, "2014-03-31": "7.00000", "2013-12-31": 7, "2013-09-30": 8, "2013-06-30": 20, "2013-03-31": "12.00000", "2012-12-31": 11, "2012-09-30": 19, "2012-06-30": 30, "2012-03-31": "12.00000", "2011-12-31": 12, "2011-09-30": 11, "2011-06-30": 7, "2011-03-31": "8.00000", "2010-12-31": 14, "2010-09-30": 12, "2010-06-30": 11, "2010-03-31": "11.00000", "2009-12-31": 14, "2009-09-30": 9, "2009-06-30": 10, "2009-03-31": "9.00000", "2008-12-31": -56, "2008-09-30": 17, "2008-06-30": 61, "2008-03-31": "-392.00000", "2007-12-31": -46, "2007-09-30": -1134, "2007-06-30": 47, "2007-03-31": "61.00000", "2006-12-31": -97, "2006-09-30": 41, "2006-06-30": 27, "2006-03-31": "27.00000", "2005-12-31": -71, "2005-09-30": -217, "2005-06-30": 53, "2005-03-31": "95.00000"}, "Net Total Equity Issued/Repurchased": {"2020-09-30": 16, "2020-06-30": 16, "2020-03-31": "30.00000", "2019-12-31": 18, "2019-09-30": 19, "2019-06-30": 24, "2019-03-31": "51.00000", "2018-12-31": 38, "2018-09-30": 40, "2018-06-30": 15, "2018-03-31": "12.00000", "2017-12-31": 89, "2017-09-30": 18, "2017-06-30": 1181, "2017-03-31": "12.00000", "2016-12-31": 19, "2016-09-30": -171, "2016-06-30": 8, "2016-03-31": "9.00000", "2015-12-31": 8, "2015-09-30": 1876, "2015-06-30": 8, "2015-03-31": "8.00000", "2014-12-31": 10, "2014-09-30": 7, "2014-06-30": 11, "2014-03-31": "7.00000", "2013-12-31": 7, "2013-09-30": 8, "2013-06-30": -73, "2013-03-31": "12.00000", "2012-12-31": 11, "2012-09-30": 19, "2012-06-30": 30, "2012-03-31": "12.00000", "2011-12-31": 12, "2011-09-30": 11, "2011-06-30": 7, "2011-03-31": "8.00000", "2010-12-31": 14, "2010-09-30": 12, "2010-06-30": 11, "2010-03-31": "11.00000", "2009-12-31": 14, "2009-09-30": 9, "2009-06-30": 10, "2009-03-31": "9.00000", "2008-12-31": -56, "2008-09-30": 17, "2008-06-30": 61, "2008-03-31": "-392.00000", "2007-12-31": -46, "2007-09-30": -1134, "2007-06-30": 47, "2007-03-31": "61.00000", "2006-12-31": -97, "2006-09-30": 41, "2006-06-30": 27, "2006-03-31": "27.00000", "2005-12-31": -71, "2005-09-30": -217, "2005-06-30": 53, "2005-03-31": "95.00000"}, "Total Common And Preferred Stock Dividends Paid": {"2020-09-30": -373, "2020-06-30": -373, "2020-03-31": "-373.00000", "2019-12-31": -353, "2019-09-30": -351, "2019-06-30": -352, "2019-03-31": "-352.00000", "2018-12-31": -333, "2018-09-30": -333, "2018-06-30": -333, "2018-03-31": "-333.00000", "2017-12-31": -315, "2017-09-30": -314, "2017-06-30": -304, "2017-03-31": "-303.00000", "2016-12-31": -293, "2016-09-30": -291, "2016-06-30": -295, "2016-03-31": "-287.00000", "2015-12-31": -286, "2015-09-30": -282, "2015-06-30": -268, "2015-03-31": "-269.00000", "2014-12-31": -272, "2014-09-30": -266, "2014-06-30": -682, "2014-03-31": "-266.00000", "2013-12-31": -268, "2013-09-30": -265, "2013-06-30": -266, "2013-03-31": "-450.00000", "2012-12-31": -439, "2012-09-30": -453, "2012-06-30": -474, "2012-03-31": "-350.00000", "2011-12-31": -349, "2011-09-30": -349, "2011-06-30": -347, "2011-03-31": "-348.00000", "2010-12-31": -347, "2010-09-30": -348, "2010-06-30": -347, "2010-03-31": "-347.00000", "2009-12-31": -347, "2009-09-30": -346, "2009-06-30": -346, "2009-03-31": "-346.00000", "2008-12-31": -346, "2008-09-30": -330, "2008-06-30": -329, "2008-03-31": "-330.00000", "2007-12-31": -291, "2007-09-30": -297, "2007-06-30": -296, "2007-03-31": "-296.00000", "2006-12-31": -268, "2006-09-30": -268, "2006-06-30": -268, "2006-03-31": "-267.00000", "2005-12-31": -266, "2005-09-30": -269, "2005-06-30": -268, "2005-03-31": "-267.00000"}, "Financial Activities - Other": {"2020-09-30": -20, "2020-06-30": -63, "2020-03-31": "-21.00000", "2019-12-31": -19, "2019-09-30": -29, "2019-06-30": -20, "2019-03-31": "-14.00000", "2018-12-31": -14, "2018-09-30": -44, "2018-06-30": -20, "2018-03-31": "-30.00000", "2017-12-31": -19, "2017-09-30": 355, "2017-06-30": -19, "2017-03-31": "-4.00000", "2016-12-31": 252, "2016-09-30": 39, "2016-06-30": -10, "2016-03-31": "6.00000", "2015-12-31": -2, "2015-09-30": -6, "2015-06-30": -43, "2015-03-31": "-16.00000", "2014-12-31": -20, "2014-09-30": -75, "2014-06-30": -55, "2014-03-31": "-28.00000", "2013-12-31": -17, "2013-09-30": -250, "2013-06-30": -17, "2013-03-31": "-45.00000", "2012-12-31": -106, "2012-09-30": -10, "2012-06-30": -9, "2012-03-31": "-1.00000", "2011-12-31": 5, "2011-09-30": -21, "2011-06-30": 1, "2011-03-31": "-47.00000", "2010-12-31": 1, "2010-09-30": -19, "2010-06-30": 2, "2010-03-31": "", "2009-12-31": -3, "2009-09-30": -5, "2009-06-30": 0, "2009-03-31": "5.00000", "2008-12-31": 63, "2008-09-30": 14, "2008-06-30": 29, "2008-03-31": "-38.00000", "2007-12-31": 116, "2007-09-30": -69, "2007-06-30": 21, "2007-03-31": "34.00000", "2006-12-31": 11, "2006-09-30": -31, "2006-06-30": 11, "2006-03-31": "20.00000", "2005-12-31": 3, "2005-09-30": -2, "2005-06-30": -52, "2005-03-31": "-3.00000"}, "Cash Flow From Financial Activities": {"2020-09-30": -1349, "2020-06-30": -268, "2020-03-31": "1865.00000", "2019-12-31": -271, "2019-09-30": 255, "2019-06-30": -317, "2019-03-31": "275.00000", "2018-12-31": -284, "2018-09-30": 250, "2018-06-30": -449, "2018-03-31": "264.00000", "2017-12-31": 66, "2017-09-30": -282, "2017-06-30": -201, "2017-03-31": "1184.00000", "2016-12-31": -60, "2016-09-30": -218, "2016-06-30": -64, "2016-03-31": "1533.00000", "2015-12-31": -572, "2015-09-30": 1689, "2015-06-30": 3505, "2015-03-31": "208.00000", "2014-12-31": -476, "2014-09-30": 698, "2014-06-30": 38, "2014-03-31": "151.00000", "2013-12-31": -560, "2013-09-30": 18, "2013-06-30": -182, "2013-03-31": "-102.00000", "2012-12-31": -537, "2012-09-30": -136, "2012-06-30": 237, "2012-03-31": "-649.00000", "2011-12-31": -1419, "2011-09-30": 562, "2011-06-30": -250, "2011-03-31": "261.00000", "2010-12-31": -398, "2010-09-30": 203, "2010-06-30": -915, "2010-03-31": "-638.00000", "2009-12-31": -755, "2009-09-30": -208, "2009-06-30": -614, "2009-03-31": "-320.00000", "2008-12-31": -194, "2008-09-30": -2065, "2008-06-30": -192, "2008-03-31": "238.00000", "2007-12-31": -268, "2007-09-30": -884, "2007-06-30": -495, "2007-03-31": "147.00000", "2006-12-31": -609, "2006-09-30": -694, "2006-06-30": -585, "2006-03-31": "-101.00000", "2005-12-31": 188, "2005-09-30": -1110, "2005-06-30": -533, "2005-03-31": "1436.00000"}, "Net Cash Flow": {"2020-09-30": -200, "2020-06-30": 688, "2020-03-31": "870.00000", "2019-12-31": -1056, "2019-09-30": 1000, "2019-06-30": -136, "2019-03-31": "-467.00000", "2018-12-31": -540, "2018-09-30": 1293, "2018-06-30": -71, "2018-03-31": "-91.00000", "2017-12-31": -355, "2017-09-30": 734, "2017-06-30": -78, "2017-03-31": "-25.00000", "2016-12-31": -1193, "2016-09-30": 250, "2016-06-30": 687, "2016-03-31": "-5542.00000", "2015-12-31": -763, "2015-09-30": 1251, "2015-06-30": 4189, "2015-03-31": "-53.00000", "2014-12-31": -885, "2014-09-30": 1401, "2014-06-30": 448, "2014-03-31": "-695.00000", "2013-12-31": -35, "2013-09-30": 653, "2013-06-30": 219, "2013-03-31": "-714.00000", "2012-12-31": -214, "2012-09-30": 351, "2012-06-30": 628, "2012-03-31": "-295.00000", "2011-12-31": -55, "2011-09-30": 509, "2011-06-30": 75, "2011-03-31": "-1125.00000", "2010-12-31": -1123, "2010-09-30": 1567, "2010-06-30": -1356, "2010-03-31": "514.00000", "2009-12-31": -364, "2009-09-30": 536, "2009-06-30": -311, "2009-03-31": "878.00000", "2008-12-31": 1089, "2008-09-30": -150, "2008-06-30": 170, "2008-03-31": "-149.00000", "2007-12-31": -129, "2007-09-30": 305, "2007-06-30": -245, "2007-03-31": "156.00000", "2006-12-31": -55, "2006-09-30": -3, "2006-06-30": 108, "2006-03-31": "34.00000", "2005-12-31": -13, "2005-09-30": -392, "2005-06-30": 185, "2005-03-31": "-139.00000"}, "Stock-Based Compensation": {"2020-09-30": 0, "2020-06-30": 0, "2020-03-31": "", "2019-12-31": 0, "2019-09-30": 0, "2019-06-30": 0, "2019-03-31": "", "2018-12-31": 0, "2018-09-30": 0, "2018-06-30": 0, "2018-03-31": "", "2017-12-31": 0, "2017-09-30": 0, "2017-06-30": 0, "2017-03-31": "", "2016-12-31": 0, "2016-09-30": 0, "2016-06-30": 0, "2016-03-31": "", "2015-12-31": 0, "2015-09-30": 0, "2015-06-30": 0, "2015-03-31": "", "2014-12-31": 0, "2014-09-30": 0, "2014-06-30": 0, "2014-03-31": "", "2013-12-31": 0, "2013-09-30": 0, "2013-06-30": 0, "2013-03-31": "", "2012-12-31": 0, "2012-09-30": 0, "2012-06-30": 0, "2012-03-31": "", "2011-12-31": 0, "2011-09-30": 0, "2011-06-30": 0, "2011-03-31": "", "2010-12-31": 0, "2010-09-30": 0, "2010-06-30": 0, "2010-03-31": "", "2009-12-31": 0, "2009-09-30": 0, "2009-06-30": 0, "2009-03-31": "", "2008-12-31": 0, "2008-09-30": 0, "2008-06-30": 0, "2008-03-31": "", "2007-12-31": 0, "2007-09-30": 0, "2007-06-30": 0, "2007-03-31": "", "2006-12-31": 0, "2006-09-30": 0, "2006-06-30": 0, "2006-03-31": "", "2005-12-31": 0, "2005-09-30": 0, "2005-06-30": 0, "2005-03-31": ""}, "Common Stock Dividends Paid": {"2020-09-30": -373, "2020-06-30": -373, "2020-03-31": "-373.00000", "2019-12-31": -353, "2019-09-30": -351, "2019-06-30": -352, "2019-03-31": "-352.00000", "2018-12-31": -333, "2018-09-30": -333, "2018-06-30": -333, "2018-03-31": "-333.00000", "2017-12-31": -315, "2017-09-30": -314, "2017-06-30": -304, "2017-03-31": "-303.00000", "2016-12-31": -293, "2016-09-30": -291, "2016-06-30": -295, "2016-03-31": "-287.00000", "2015-12-31": -286, "2015-09-30": -282, "2015-06-30": -268, "2015-03-31": "-269.00000", "2014-12-31": -272, "2014-09-30": -266, "2014-06-30": -682, "2014-03-31": "-266.00000", "2013-12-31": -268, "2013-09-30": -265, "2013-06-30": -266, "2013-03-31": "-450.00000", "2012-12-31": -439, "2012-09-30": -453, "2012-06-30": -474, "2012-03-31": "-350.00000", "2011-12-31": -349, "2011-09-30": -349, "2011-06-30": -347, "2011-03-31": "-348.00000", "2010-12-31": -347, "2010-09-30": -348, "2010-06-30": -347, "2010-03-31": "-347.00000", "2009-12-31": -347, "2009-09-30": -346, "2009-06-30": -346, "2009-03-31": "-346.00000", "2008-12-31": -346, "2008-09-30": -330, "2008-06-30": -329, "2008-03-31": "-330.00000", "2007-12-31": -291, "2007-09-30": -297, "2007-06-30": -296, "2007-03-31": "-296.00000", "2006-12-31": -268, "2006-09-30": -268, "2006-06-30": -268, "2006-03-31": "-267.00000", "2005-12-31": -266, "2005-09-30": -269, "2005-06-30": -268, "2005-03-31": "-267.00000"}}, "financial ratios": {"Current Ratio": {"2019-12-31": "0.84860", "2018-12-31": "1.16870", "2017-12-31": "1.10170", "2016-12-31": "0.92230", "2015-12-31": "1.68170", "2014-12-31": "1.35280", "2013-12-31": "1.31170", "2012-12-31": "1.30150", "2011-12-31": "1.11280", "2010-12-31": "1.50900", "2009-12-31": "1.28390", "2008-12-31": "1.34610", "2007-12-31": "0.81360", "2006-12-31": "0.86140", "2005-12-31": "0.70650"}, "Long-term Debt / Capital": {"2019-12-31": "0.47850", "2018-12-31": "0.51050", "2017-12-31": "0.50290", "2016-12-31": "0.53850", "2015-12-31": "0.47080", "2014-12-31": "0.45130", "2013-12-31": "0.44340", "2012-12-31": "0.45780", "2011-12-31": "0.45860", "2010-12-31": "0.46950", "2009-12-31": "0.47390", "2008-12-31": "0.53270", "2007-12-31": "0.54140", "2006-12-31": "0.54340", "2005-12-31": "0.56310"}, "Debt/Equity Ratio": {"2019-12-31": "1.09330", "2018-12-31": "1.10530", "2017-12-31": "1.10550", "2016-12-31": "1.30610", "2015-12-31": "0.96430", "2014-12-31": "0.91640", "2013-12-31": "0.87710", "2012-12-31": "0.90210", "2011-12-31": "0.93170", "2010-12-31": "0.94580", "2009-12-31": "0.99640", "2008-12-31": "1.19050", "2007-12-31": "1.35020", "2006-12-31": "1.30360", "2005-12-31": "1.53030"}, "Gross Margin": {"2019-12-31": "55.00030", "2018-12-31": "53.66610", "2017-12-31": "58.17690", "2016-12-31": "59.70160", "2015-12-31": "55.56760", "2014-12-31": "52.59400", "2013-12-31": "56.91100", "2012-12-31": "56.75850", "2011-12-31": "61.87900", "2010-12-31": "65.48490", "2009-12-31": "69.50570", "2008-12-31": "65.09890", "2007-12-31": "59.60030", "2006-12-31": "66.57940", "2005-12-31": "63.07870"}, "Operating Margin": {"2019-12-31": "12.70110", "2018-12-31": "10.81490", "2017-12-31": "13.07590", "2016-12-31": "10.24040", "2015-12-31": "14.97270", "2014-12-31": "11.28730", "2013-12-31": "14.74200", "2012-12-31": "10.10260", "2011-12-31": "23.49580", "2010-12-31": "25.34860", "2009-12-31": "27.42810", "2008-12-31": "28.09800", "2007-12-31": "24.67750", "2006-12-31": "22.49120", "2005-12-31": "17.73780"}, "EBIT Margin": {"2019-12-31": "12.70110", "2018-12-31": "10.81490", "2017-12-31": "13.07590", "2016-12-31": "10.24040", "2015-12-31": "14.97270", "2014-12-31": "11.28730", "2013-12-31": "14.74200", "2012-12-31": "10.10260", "2011-12-31": "23.49580", "2010-12-31": "25.34860", "2009-12-31": "27.42810", "2008-12-31": "28.09800", "2007-12-31": "24.67750", "2006-12-31": "22.49120", "2005-12-31": "17.73780"}, "EBITDA Margin": {"2019-12-31": "29.48490", "2018-12-31": "27.41120", "2017-12-31": "29.24790", "2016-12-31": "28.01760", "2015-12-31": "28.63450", "2014-12-31": "27.89380", "2013-12-31": "30.61320", "2012-12-31": "27.46820", "2011-12-31": "35.64500", "2010-12-31": "41.13390", "2009-12-31": "42.44720", "2008-12-31": "40.33620", "2007-12-31": "36.21800", "2006-12-31": "36.10990", "2005-12-31": "30.54630"}, "Pre-Tax Profit Margin": {"2019-12-31": "11.57150", "2018-12-31": "6.18430", "2017-12-31": "11.24920", "2016-12-31": "6.29030", "2015-12-31": "11.30850", "2014-12-31": "9.06340", "2013-12-31": "11.14190", "2012-12-31": "7.65460", "2011-12-31": "20.75220", "2010-12-31": "22.64000", "2009-12-31": "25.51680", "2008-12-31": "21.39030", "2007-12-31": "22.05540", "2006-12-31": "17.86010", "2005-12-31": "12.33970"}, "Net Profit Margin": {"2019-12-31": "8.52550", "2018-12-31": "5.57290", "2017-12-31": "11.26110", "2016-12-31": "3.57390", "2015-12-31": "7.70540", "2014-12-31": "5.91710", "2013-12-31": "6.90690", "2012-12-31": "4.93850", "2011-12-31": "13.08820", "2010-12-31": "13.74710", "2009-12-31": "15.63110", "2008-12-31": "14.51300", "2007-12-31": "14.46400", "2006-12-31": "10.16930", "2005-12-31": "6.01030"}, "Asset Turnover": {"2019-12-31": "0.27560", "2018-12-31": "0.30070", "2017-12-31": "0.28740", "2016-12-31": "0.27300", "2015-12-31": "0.30870", "2014-12-31": "0.31740", "2013-12-31": "0.31140", "2012-12-31": "0.29900", "2011-12-31": "0.34660", "2010-12-31": "0.35690", "2009-12-31": "0.35210", "2008-12-31": "0.39660", "2007-12-31": "0.41700", "2006-12-31": "0.35320", "2005-12-31": "0.35880"}, "Inventory Turnover Ratio": {"2019-12-31": "8.76530", "2018-12-31": "9.89320", "2017-12-31": "8.50090", "2016-12-31": "7.71670", "2015-12-31": "8.35500", "2014-12-31": "8.11170", "2013-12-31": "9.70500", "2012-12-31": "10.01680", "2011-12-31": "8.41090", "2010-12-31": "7.98390", "2009-12-31": "6.97620", "2008-12-31": "7.80780", "2007-12-31": "10.56990", "2006-12-31": "7.15730", "2005-12-31": "8.56500"}, "Receiveable Turnover": {"2019-12-31": "5.57700", "2018-12-31": "6.13640", "2017-12-31": "6.01720", "2016-12-31": "5.85300", "2015-12-31": "7.18390", "2014-12-31": "5.82480", "2013-12-31": "5.98850", "2012-12-31": "5.55560", "2011-12-31": "7.29540", "2010-12-31": "5.96040", "2009-12-31": "8.45190", "2008-12-31": "8.37430", "2007-12-31": "7.13270", "2006-12-31": "7.08690", "2005-12-31": "6.99640"}, "Days Sales In Receivables": {"2019-12-31": "65.44730", "2018-12-31": "59.48070", "2017-12-31": "60.65930", "2016-12-31": "62.36160", "2015-12-31": "50.80770", "2014-12-31": "62.66310", "2013-12-31": "60.95070", "2012-12-31": "65.69970", "2011-12-31": "50.03120", "2010-12-31": "61.23790", "2009-12-31": "43.18540", "2008-12-31": "43.58560", "2007-12-31": "51.17260", "2006-12-31": "51.50340", "2005-12-31": "52.17000"}, "ROE - Return On Equity": {"2019-12-31": "8.75830", "2018-12-31": "6.29100", "2017-12-31": "12.02040", "2016-12-31": "4.33150", "2015-12-31": "8.24360", "2014-12-31": "7.54150", "2013-12-31": "7.53710", "2012-12-31": "5.38890", "2011-12-31": "17.36860", "2010-12-31": "18.89700", "2009-12-31": "21.41610", "2008-12-31": "24.59490", "2007-12-31": "26.89160", "2006-12-31": "15.88890", "2005-12-31": "10.42190"}, "Return On Tangible Equity": {"2019-12-31": "10.85460", "2018-12-31": "7.88400", "2017-12-31": "15.16660", "2016-12-31": "5.71290", "2015-12-31": "9.13820", "2014-12-31": "8.48050", "2013-12-31": "8.51100", "2012-12-31": "6.12930", "2011-12-31": "21.24460", "2010-12-31": "23.43210", "2009-12-31": "27.02950", "2008-12-31": "32.26080", "2007-12-31": "36.28860", "2006-12-31": "21.74210", "2005-12-31": "16.83190"}, "ROA - Return On Assets": {"2019-12-31": "2.42280", "2018-12-31": "1.73780", "2017-12-31": "3.31340", "2016-12-31": "1.04090", "2015-12-31": "2.35890", "2014-12-31": "2.10610", "2013-12-31": "2.16330", "2012-12-31": "1.49060", "2011-12-31": "4.54400", "2010-12-31": "4.90620", "2009-12-31": "5.50430", "2008-12-31": "5.71450", "2007-12-31": "6.00960", "2006-12-31": "3.58760", "2005-12-31": "2.22210"}, "ROI - Return On Investment": {"2019-12-31": "4.56770", "2018-12-31": "3.07950", "2017-12-31": "5.97510", "2016-12-31": "1.99910", "2015-12-31": "4.36220", "2014-12-31": "4.13770", "2013-12-31": "4.19550", "2012-12-31": "2.92190", "2011-12-31": "9.40290", "2010-12-31": "10.02460", "2009-12-31": "11.26740", "2008-12-31": "11.49370", "2007-12-31": "12.33370", "2006-12-31": "7.25430", "2005-12-31": "4.55350"}, "Book Value Per Share": {"2019-12-31": "35.53240", "2018-12-31": "34.13950", "2017-12-31": "33.42370", "2016-12-31": "29.88310", "2015-12-31": "29.66740", "2014-12-31": "28.06160", "2013-12-31": "26.76780", "2012-12-31": "25.41520", "2011-12-31": "22.91080", "2010-12-31": "20.48790", "2009-12-31": "19.15150", "2008-12-31": "16.78880", "2007-12-31": "15.33590", "2006-12-31": "14.93580", "2005-12-31": "13.70120"}, "Operating Cash Flow Per Share": {"2019-12-31": -2.0837, "2018-12-31": 1.0385, "2017-12-31": -1.2453, "2016-12-31": 0.5987, "2015-12-31": 3.37, "2014-12-31": -2.217, "2013-12-31": -0.1104, "2012-12-31": 0.1883, "2011-12-31": -0.6118, "2010-12-31": -1.2959, "2009-12-31": -0.6904, "2008-12-31": 3.2449, "2007-12-31": -0.5015, "2006-12-31": 3.9764, "2005-12-31": 3.176}, "Free Cash Flow Per Share": {"2019-12-31": -1.7278, "2018-12-31": 1.0563, "2017-12-31": 0.1546, "2016-12-31": -0.1891, "2015-12-31": 2.0307, "2014-12-31": -2.9773, "2013-12-31": 0.2317, "2012-12-31": -0.3489, "2011-12-31": -1.6734, "2010-12-31": -1.3684, "2009-12-31": -0.926, "2008-12-31": 2.492, "2007-12-31": -0.8801, "2006-12-31": 3.602, "2005-12-31": -0.0266}}, "financial ratios, quarterly": {"Current Ratio": {"2020-09-30": "1.09320", "2020-06-30": "1.13270", "2020-03-31": "1.05960", "2019-12-31": "0.84860", "2019-09-30": "0.93280", "2019-06-30": "0.90110", "2019-03-31": "1.02020", "2018-12-31": "1.16870", "2018-09-30": "1.32870", "2018-06-30": "1.19350", "2018-03-31": "1.13590", "2017-12-31": "1.10170", "2017-09-30": "1.02650", "2017-06-30": "0.87590", "2017-03-31": "0.84460", "2016-12-31": "0.92230", "2016-09-30": "1.00410", "2016-06-30": "0.96650", "2016-03-31": "0.82530", "2015-12-31": "1.68170", "2015-09-30": "2.14950", "2015-06-30": "2.36360", "2015-03-31": "1.54010", "2014-12-31": "1.35280", "2014-09-30": "1.40400", "2014-06-30": "1.14660", "2014-03-31": "1.31610", "2013-12-31": "1.31170", "2013-09-30": "1.32560", "2013-06-30": "1.12360", "2013-03-31": "1.11450", "2012-12-31": "1.30150", "2012-09-30": "1.45790", "2012-06-30": "1.45420", "2012-03-31": "1.30520", "2011-12-31": "1.11280", "2011-09-30": "1.26320", "2011-06-30": "1.16850", "2011-03-31": "1.11700", "2010-12-31": "1.50900", "2010-09-30": "1.70410", "2010-06-30": "1.38960", "2010-03-31": "1.30550", "2009-12-31": "1.28390", "2009-09-30": "1.32650", "2009-06-30": "1.39820", "2009-03-31": "1.45280", "2008-12-31": "1.34610", "2008-09-30": "1.01960", "2008-06-30": "0.84430", "2008-03-31": "0.84750", "2007-12-31": "0.81360", "2007-09-30": "0.93770", "2007-06-30": "0.92500", "2007-03-31": "0.87120", "2006-12-31": "0.86140", "2006-09-30": "0.78200", "2006-06-30": "0.67560", "2006-03-31": "0.64490", "2005-12-31": "0.70650", "2005-09-30": "0.78130", "2005-06-30": "0.83050", "2005-03-31": "0.63480"}, "Long-term Debt / Capital": {"2020-09-30": "0.50560", "2020-06-30": "0.51140", "2020-03-31": "0.50420", "2019-12-31": "0.47850", "2019-09-30": "0.48570", "2019-06-30": "0.48790", "2019-03-31": "0.49740", "2018-12-31": "0.51050", "2018-09-30": "0.51110", "2018-06-30": "0.50550", "2018-03-31": "0.50550", "2017-12-31": "0.50290", "2017-09-30": "0.51420", "2017-06-30": "0.51380", "2017-03-31": "0.52830", "2016-12-31": "0.53850", "2016-09-30": "0.54560", "2016-06-30": "0.54110", "2016-03-31": "0.52420", "2015-12-31": "0.47080", "2015-09-30": "0.48000", "2015-06-30": "0.50780", "2015-03-31": "0.46210", "2014-12-31": "0.45130", "2014-09-30": "0.44210", "2014-06-30": "0.43670", "2014-03-31": "0.45730", "2013-12-31": "0.44340", "2013-09-30": "0.45700", "2013-06-30": "0.44370", "2013-03-31": "0.44870", "2012-12-31": "0.45780", "2012-09-30": "0.45220", "2012-06-30": "0.44880", "2012-03-31": "0.44130", "2011-12-31": "0.45860", "2011-09-30": "0.46670", "2011-06-30": "0.46270", "2011-03-31": "0.46580", "2010-12-31": "0.46950", "2010-09-30": "0.46340", "2010-06-30": "0.45930", "2010-03-31": "0.45430", "2009-12-31": "0.47390", "2009-09-30": "0.47740", "2009-06-30": "0.49750", "2009-03-31": "0.50780", "2008-12-31": "0.53270", "2008-09-30": "0.51450", "2008-06-30": "0.56110", "2008-03-31": "0.56550", "2007-12-31": "0.54140", "2007-09-30": "0.52960", "2007-06-30": "0.49630", "2007-03-31": "0.53540", "2006-12-31": "0.54340", "2006-09-30": "0.54400", "2006-06-30": "0.53970", "2006-03-31": "0.55920", "2005-12-31": "0.56310", "2005-09-30": "0.54490", "2005-06-30": "0.55550", "2005-03-31": "0.53100"}, "Debt/Equity Ratio": {"2020-09-30": "1.11560", "2020-06-30": "1.15100", "2020-03-31": "1.15630", "2019-12-31": "1.09330", "2019-09-30": "1.09780", "2019-06-30": "1.09520", "2019-03-31": "1.10130", "2018-12-31": "1.10530", "2018-09-30": "1.09360", "2018-06-30": "1.09750", "2018-03-31": "1.11010", "2017-12-31": "1.10550", "2017-09-30": "1.18630", "2017-06-30": "1.24040", "2017-03-31": "1.32120", "2016-12-31": "1.30610", "2016-09-30": "1.31840", "2016-06-30": "1.31810", "2016-03-31": "1.32340", "2015-12-31": "0.96430", "2015-09-30": "0.98070", "2015-06-30": "1.06250", "2015-03-31": "0.92280", "2014-12-31": "0.91640", "2014-09-30": "0.89720", "2014-06-30": "0.88530", "2014-03-31": "0.90620", "2013-12-31": "0.87710", "2013-09-30": "0.92570", "2013-06-30": "0.93200", "2013-03-31": "0.93600", "2012-12-31": "0.90210", "2012-09-30": "0.88900", "2012-06-30": "0.86750", "2012-03-31": "0.84870", "2011-12-31": "0.93170", "2011-09-30": "1.00920", "2011-06-30": "0.96120", "2011-03-31": "0.96710", "2010-12-31": "0.94580", "2010-09-30": "0.92400", "2010-06-30": "0.93540", "2010-03-31": "0.95980", "2009-12-31": "0.99640", "2009-09-30": "1.04200", "2009-06-30": "1.06000", "2009-03-31": "1.09590", "2008-12-31": "1.19050", "2008-09-30": "1.12110", "2008-06-30": "1.49230", "2008-03-31": "1.49570", "2007-12-31": "1.35020", "2007-09-30": "1.31730", "2007-06-30": "1.17300", "2007-03-31": "1.32190", "2006-12-31": "1.30360", "2006-09-30": "1.37050", "2006-06-30": "1.41010", "2006-03-31": "1.53340", "2005-12-31": "1.53030", "2005-09-30": "1.32340", "2005-06-30": "1.40170", "2005-03-31": "1.47580"}, "Gross Margin": {"2020-09-30": "59.17770", "2020-06-30": "60.06560", "2020-03-31": "55.79060", "2019-12-31": "54.84840", "2019-09-30": "55.73970", "2019-06-30": "58.05700", "2019-03-31": "51.95740", "2018-12-31": "51.21510", "2018-09-30": "53.92960", "2018-06-30": "58.95250", "2018-03-31": "51.23290", "2017-12-31": "58.12840", "2017-09-30": "59.60310", "2017-06-30": "59.73910", "2017-03-31": "55.42470", "2016-12-31": "59.67520", "2016-09-30": "58.29820", "2016-06-30": "64.48630", "2016-03-31": "57.03160", "2015-12-31": "57.11730", "2015-09-30": "55.53300", "2015-06-30": "62.40410", "2015-03-31": "49.37710", "2014-12-31": "50.34450", "2014-09-30": "61.68980", "2014-06-30": "59.96020", "2014-03-31": "40.03040", "2013-12-31": "58.12100", "2013-09-30": "57.81300", "2013-06-30": "60.60900", "2013-03-31": "50.98650", "2012-12-31": "55.86820", "2012-09-30": "54.00520", "2012-06-30": "56.31910", "2012-03-31": "62.36670", "2011-12-31": "67.20220", "2011-09-30": "59.63080", "2011-06-30": "61.83270", "2011-03-31": "59.62470", "2010-12-31": "62.32760", "2010-09-30": "63.03160", "2010-06-30": "65.27970", "2010-03-31": "71.77760", "2009-12-31": "69.84940", "2009-09-30": "72.34390", "2009-06-30": "66.65060", "2009-03-31": "69.10210", "2008-12-31": "68.63310", "2008-09-30": "60.88370", "2008-06-30": "67.15710", "2008-03-31": "64.35690", "2007-12-31": "57.92710", "2007-09-30": "58.84340", "2007-06-30": "63.56370", "2007-03-31": "58.27290", "2006-12-31": "67.20780", "2006-09-30": "66.25770", "2006-06-30": "70.97650", "2006-03-31": "62.13420", "2005-12-31": "57.48890", "2005-09-30": "62.17300", "2005-06-30": "66.81980", "2005-03-31": "66.58240"}, "Operating Margin": {"2020-09-30": "8.68630", "2020-06-30": "7.71650", "2020-03-31": "13.94760", "2019-12-31": "11.53060", "2019-09-30": "15.15290", "2019-06-30": "10.93770", "2019-03-31": "12.85220", "2018-12-31": "7.97180", "2018-09-30": "12.18760", "2018-06-30": "11.66420", "2018-03-31": "11.35870", "2017-12-31": "15.29010", "2017-09-30": "17.09630", "2017-06-30": "3.91390", "2017-03-31": "14.95370", "2016-12-31": "10.34130", "2016-09-30": "14.07470", "2016-06-30": "9.36320", "2016-03-31": "6.37790", "2015-12-31": "10.57890", "2015-09-30": "16.21400", "2015-06-30": "17.40870", "2015-03-31": "15.47000", "2014-12-31": "4.79600", "2014-09-30": "25.14470", "2014-06-30": "13.97740", "2014-03-31": "2.32140", "2013-12-31": "14.63570", "2013-09-30": "19.28640", "2013-06-30": "16.36540", "2013-03-31": "8.35250", "2012-12-31": "11.14490", "2012-09-30": "9.16550", "2012-06-30": "11.96780", "2012-03-31": "7.65460", "2011-12-31": "24.37460", "2011-09-30": "22.47810", "2011-06-30": "22.99820", "2011-03-31": "24.25340", "2010-12-31": "20.91680", "2010-09-30": "25.81740", "2010-06-30": "23.14690", "2010-03-31": "31.42790", "2009-12-31": "26.14190", "2009-09-30": "32.33460", "2009-06-30": "24.53510", "2009-03-31": "26.57770", "2008-12-31": "29.67500", "2008-09-30": "27.02750", "2008-06-30": "30.93900", "2008-03-31": "24.86160", "2007-12-31": "19.65310", "2007-09-30": "26.84820", "2007-06-30": "27.34950", "2007-03-31": "24.66350", "2006-12-31": "28.76080", "2006-09-30": "9.95230", "2006-06-30": "32.51290", "2006-03-31": "21.18620", "2005-12-31": "-10.83620", "2005-09-30": "29.33150", "2005-06-30": "25.74630", "2005-03-31": "26.14430"}, "EBIT Margin": {"2020-09-30": "8.68630", "2020-06-30": "7.71650", "2020-03-31": "13.94760", "2019-12-31": "11.53060", "2019-09-30": "15.15290", "2019-06-30": "10.93770", "2019-03-31": "12.85220", "2018-12-31": "7.97180", "2018-09-30": "12.18760", "2018-06-30": "11.66420", "2018-03-31": "11.35870", "2017-12-31": "15.29010", "2017-09-30": "17.09630", "2017-06-30": "3.91390", "2017-03-31": "14.95370", "2016-12-31": "10.34130", "2016-09-30": "14.07470", "2016-06-30": "9.36320", "2016-03-31": "6.37790", "2015-12-31": "10.57890", "2015-09-30": "16.21400", "2015-06-30": "17.40870", "2015-03-31": "15.47000", "2014-12-31": "4.79600", "2014-09-30": "25.14470", "2014-06-30": "13.97740", "2014-03-31": "2.32140", "2013-12-31": "14.63570", "2013-09-30": "19.28640", "2013-06-30": "16.36540", "2013-03-31": "8.35250", "2012-12-31": "11.14490", "2012-09-30": "9.16550", "2012-06-30": "11.96780", "2012-03-31": "7.65460", "2011-12-31": "24.37460", "2011-09-30": "22.47810", "2011-06-30": "22.99820", "2011-03-31": "24.25340", "2010-12-31": "20.91680", "2010-09-30": "25.81740", "2010-06-30": "23.14690", "2010-03-31": "31.42790", "2009-12-31": "26.14190", "2009-09-30": "32.33460", "2009-06-30": "24.53510", "2009-03-31": "26.57770", "2008-12-31": "29.67500", "2008-09-30": "27.02750", "2008-06-30": "30.93900", "2008-03-31": "24.86160", "2007-12-31": "19.65310", "2007-09-30": "26.84820", "2007-06-30": "27.34950", "2007-03-31": "24.66350", "2006-12-31": "28.76080", "2006-09-30": "9.95230", "2006-06-30": "32.51290", "2006-03-31": "21.18620", "2005-12-31": "-10.83620", "2005-09-30": "29.33150", "2005-06-30": "25.74630", "2005-03-31": "26.14430"}, "EBITDA Margin": {"2020-09-30": "", "2020-06-30": "", "2020-03-31": "", "2019-12-31": "", "2019-09-30": "", "2019-06-30": "", "2019-03-31": "", "2018-12-31": "", "2018-09-30": "", "2018-06-30": "", "2018-03-31": "", "2017-12-31": "", "2017-09-30": "", "2017-06-30": "", "2017-03-31": "", "2016-12-31": "", "2016-09-30": "", "2016-06-30": "", "2016-03-31": "", "2015-12-31": "", "2015-09-30": "", "2015-06-30": "", "2015-03-31": "", "2014-12-31": "", "2014-09-30": "", "2014-06-30": "", "2014-03-31": "", "2013-12-31": "", "2013-09-30": "", "2013-06-30": "", "2013-03-31": "", "2012-12-31": "", "2012-09-30": "", "2012-06-30": "", "2012-03-31": "", "2011-12-31": "", "2011-09-30": "", "2011-06-30": "", "2011-03-31": "", "2010-12-31": "", "2010-09-30": "", "2010-06-30": "", "2010-03-31": "", "2009-12-31": "", "2009-09-30": "", "2009-06-30": "", "2009-03-31": "", "2008-12-31": "", "2008-09-30": "", "2008-06-30": "", "2008-03-31": "", "2007-12-31": "", "2007-09-30": "", "2007-06-30": "", "2007-03-31": "", "2006-12-31": "", "2006-09-30": "", "2006-06-30": "", "2006-03-31": "", "2005-12-31": "", "2005-09-30": "", "2005-06-30": "", "2005-03-31": ""}, "Pre-Tax Profit Margin": {"2020-09-30": "8.87830", "2020-06-30": "10.84400", "2020-03-31": "0.97180", "2019-12-31": "11.47070", "2019-09-30": "12.34180", "2019-06-30": "8.37560", "2019-03-31": "13.52750", "2018-12-31": "-0.42020", "2018-09-30": "10.07130", "2018-06-30": "7.59040", "2018-03-31": "7.24230", "2017-12-31": "14.55000", "2017-09-30": "15.08900", "2017-06-30": "0.53490", "2017-03-31": "13.62750", "2016-12-31": "4.78370", "2016-09-30": "9.67560", "2016-06-30": "6.00580", "2016-03-31": "4.09350", "2015-12-31": "8.41540", "2015-09-30": "9.49870", "2015-06-30": "14.76820", "2015-03-31": "12.46890", "2014-12-31": "1.61250", "2014-09-30": "21.64350", "2014-06-30": "13.84460", "2014-03-31": "0.53890", "2013-12-31": "13.06180", "2013-09-30": "18.07140", "2013-06-30": "11.98500", "2013-03-31": "0.93720", "2012-12-31": "9.06620", "2012-09-30": "6.96150", "2012-06-30": "6.95610", "2012-03-31": "7.63330", "2011-12-31": "23.66310", "2011-09-30": "16.31140", "2011-06-30": "21.19660", "2011-03-31": "22.49800", "2010-12-31": "19.82640", "2010-09-30": "26.40330", "2010-06-30": "14.12010", "2010-03-31": "29.41050", "2009-12-31": "23.17780", "2009-09-30": "31.22840", "2009-06-30": "26.24970", "2009-03-31": "21.66460", "2008-12-31": "21.83880", "2008-09-30": "20.00770", "2008-06-30": "25.27050", "2008-03-31": "18.57430", "2007-12-31": "19.80680", "2007-09-30": "24.60250", "2007-06-30": "22.59500", "2007-03-31": "21.01880", "2006-12-31": "23.56600", "2006-09-30": "7.29380", "2006-06-30": "27.15720", "2006-03-31": "15.54000", "2005-12-31": "-16.41050", "2005-09-30": "23.87660", "2005-06-30": "20.75200", "2005-03-31": "20.61220"}, "Net Profit Margin": {"2020-09-30": "5.65910", "2020-06-30": "7.11550", "2020-03-31": "6.65370", "2019-12-31": "9.26530", "2019-09-30": "8.64600", "2019-06-30": "6.29470", "2019-03-31": "9.57050", "2018-12-31": "1.68070", "2018-09-30": "7.79540", "2018-06-30": "6.67410", "2018-03-31": "6.03530", "2017-12-31": "22.33230", "2017-09-30": "9.38640", "2017-06-30": "1.23940", "2017-03-31": "11.31820", "2016-12-31": "2.42360", "2016-09-30": "5.44320", "2016-06-30": "3.86400", "2016-03-31": "2.28440", "2015-12-31": "4.61060", "2015-09-30": "8.49890", "2015-06-30": "9.79430", "2015-03-31": "7.84820", "2014-12-31": "0.24810", "2014-09-30": "14.36630", "2014-06-30": "8.66530", "2014-03-31": "1.24360", "2013-12-31": "8.03180", "2013-09-30": "11.35040", "2013-06-30": "7.97920", "2013-03-31": "-0.06580", "2012-12-31": "6.04410", "2012-09-30": "4.49920", "2012-06-30": "4.79380", "2012-03-31": "4.26440", "2011-12-31": "13.90870", "2011-09-30": "11.43890", "2011-06-30": "13.79000", "2011-03-31": "13.47860", "2010-12-31": "11.66000", "2010-09-30": "15.97050", "2010-06-30": "10.11820", "2010-03-31": "16.79000", "2009-12-31": "14.11570", "2009-09-30": "17.44640", "2009-06-30": "15.86570", "2009-03-31": "15.07840", "2008-12-31": "15.76140", "2008-09-30": "13.38940", "2008-06-30": "16.18350", "2008-03-31": "12.86250", "2007-12-31": "12.36280", "2007-09-30": "15.50080", "2007-06-30": "15.59650", "2007-03-31": "14.30940", "2006-12-31": "16.01730", "2006-09-30": "-0.99980", "2006-06-30": "17.41950", "2006-03-31": "10.36000", "2005-12-31": "-21.80260", "2005-09-30": "16.20840", "2005-06-30": "14.75320", "2005-03-31": "14.63070"}, "Asset Turnover": {"2020-09-30": "0.06930", "2020-06-30": "0.05800", "2020-03-31": "0.07020", "2019-12-31": "0.06680", "2019-09-30": "0.07270", "2019-06-30": "0.06320", "2019-03-31": "0.07790", "2018-12-31": "0.07360", "2018-09-30": "0.07870", "2018-06-30": "0.06890", "2018-03-31": "0.08280", "2017-12-31": "0.07170", "2017-09-30": "0.07400", "2017-06-30": "0.06550", "2017-03-31": "0.07470", "2016-12-31": "0.06860", "2016-09-30": "0.07860", "2016-06-30": "0.06130", "2016-03-31": "0.06780", "2015-12-31": "0.07030", "2015-09-30": "0.07780", "2015-06-30": "0.07060", "2015-03-31": "0.10100", "2014-12-31": "0.08400", "2014-09-30": "0.08110", "2014-06-30": "0.07200", "2014-03-31": "0.09110", "2013-12-31": "0.07710", "2013-09-30": "0.08160", "2013-06-30": "0.07830", "2013-03-31": "0.07770", "2012-12-31": "0.07960", "2012-09-30": "0.08400", "2012-06-30": "0.07700", "2012-03-31": "0.06040", "2011-12-31": "0.07920", "2011-09-30": "0.09700", "2011-06-30": "0.08650", "2011-03-31": "0.09650", "2010-12-31": "0.08600", "2010-09-30": "0.10390", "2010-06-30": "0.08940", "2010-03-31": "0.08790", "2009-12-31": "0.08370", "2009-09-30": "0.08770", "2009-06-30": "0.08450", "2009-03-31": "0.09660", "2008-12-31": "0.09450", "2008-09-30": "0.11560", "2008-06-30": "0.09880", "2008-03-31": "0.09850", "2007-12-31": "0.10040", "2007-09-30": "0.11010", "2007-06-30": "0.09930", "2007-03-31": "0.10800", "2006-12-31": "0.08340", "2006-09-30": "0.10570", "2006-06-30": "0.08740", "2006-03-31": "0.09130", "2005-12-31": "0.08970", "2005-09-30": "0.10370", "2005-06-30": "0.08280", "2005-03-31": "0.08400"}, "Inventory Turnover Ratio": {"2020-09-30": "2.10610", "2020-06-30": "1.64180", "2020-03-31": "2.29220", "2019-12-31": "2.13070", "2019-09-30": "2.21650", "2019-06-30": "1.93110", "2019-03-31": "2.92050", "2018-12-31": "2.54960", "2018-09-30": "2.60180", "2018-06-30": "2.08490", "2018-03-31": "3.21350", "2017-12-31": "2.12480", "2017-09-30": "2.12350", "2017-06-30": "1.92750", "2017-03-31": "2.49780", "2016-12-31": "1.94020", "2016-09-30": "2.40330", "2016-06-30": "1.63600", "2016-03-31": "2.14930", "2015-12-31": "1.83520", "2015-09-30": "2.17080", "2015-06-30": "1.71020", "2015-03-31": "3.43580", "2014-12-31": "2.24770", "2014-09-30": "1.66440", "2014-06-30": "1.66340", "2014-03-31": "4.24240", "2013-12-31": "2.33570", "2013-09-30": "2.47340", "2013-06-30": "2.37390", "2013-03-31": "3.26510", "2012-12-31": "2.72190", "2012-09-30": "2.93500", "2012-06-30": "2.60860", "2012-03-31": "1.87370", "2011-12-31": "1.65390", "2011-09-30": "2.49240", "2011-06-30": "2.18320", "2011-03-31": "2.74860", "2010-12-31": "2.10050", "2010-09-30": "2.41780", "2010-06-30": "2.01190", "2010-03-31": "1.81940", "2009-12-31": "1.63940", "2009-09-30": "1.53060", "2009-06-30": "1.84130", "2009-03-31": "2.08730", "2008-12-31": "1.67140", "2008-09-30": "2.36140", "2008-06-30": "1.96120", "2008-03-31": "2.45430", "2007-12-31": "2.65010", "2007-09-30": "2.83310", "2007-06-30": "2.45140", "2007-03-31": "3.36960", "2006-12-31": "1.65800", "2006-09-30": "2.13360", "2006-06-30": "1.61840", "2006-03-31": "2.41650", "2005-12-31": "2.46530", "2005-09-30": "2.82940", "2005-06-30": "2.24030", "2005-03-31": "2.54270"}, "Receiveable Turnover": {"2020-09-30": "2.06220", "2020-06-30": "1.70200", "2020-03-31": "1.62550", "2019-12-31": "1.35110", "2019-09-30": "1.69330", "2019-06-30": "1.49800", "2019-03-31": "1.68450", "2018-12-31": "1.50200", "2018-09-30": "1.71430", "2018-06-30": "1.46810", "2018-03-31": "1.83130", "2017-12-31": "1.50220", "2017-09-30": "1.82510", "2017-06-30": "1.60260", "2017-03-31": "1.74280", "2016-12-31": "1.47060", "2016-09-30": "1.77410", "2016-06-30": "1.48320", "2016-03-31": "1.60040", "2015-12-31": "1.63500", "2015-09-30": "1.71240", "2015-06-30": "1.43770", "2015-03-31": "1.84770", "2014-12-31": "1.54090", "2014-09-30": "1.86160", "2014-06-30": "1.51430", "2014-03-31": "1.67290", "2013-12-31": "1.48290", "2013-09-30": "1.62840", "2013-06-30": "1.50330", "2013-03-31": "1.43780", "2012-12-31": "1.47920", "2012-09-30": "1.53860", "2012-06-30": "1.38070", "2012-03-31": "1.05440", "2011-12-31": "1.66740", "2011-09-30": "2.00920", "2011-06-30": "1.82540", "2011-03-31": "2.11160", "2010-12-31": "1.43670", "2010-09-30": "2.32060", "2010-06-30": "1.88190", "2010-03-31": "2.15820", "2009-12-31": "2.00880", "2009-09-30": "2.33280", "2009-06-30": "2.04190", "2009-03-31": "2.16110", "2008-12-31": "1.99470", "2008-09-30": "2.35810", "2008-06-30": "1.90440", "2008-03-31": "1.88440", "2007-12-31": "1.71720", "2007-09-30": "1.96790", "2007-06-30": "1.82300", "2007-03-31": "1.94950", "2006-12-31": "1.67320", "2006-09-30": "2.21270", "2006-06-30": "1.97280", "2006-03-31": "2.03420", "2005-12-31": "1.74900", "2005-09-30": "2.13300", "2005-06-30": "1.81360", "2005-03-31": "1.55840"}, "Days Sales In Receivables": {"2020-09-30": "43.64280", "2020-06-30": "52.87900", "2020-03-31": "55.36640", "2019-12-31": "66.61270", "2019-09-30": "53.14930", "2019-06-30": "60.08190", "2019-03-31": "53.42830", "2018-12-31": "59.92160", "2018-09-30": "52.49920", "2018-06-30": "61.30390", "2018-03-31": "49.14580", "2017-12-31": "59.91050", "2017-09-30": "49.31110", "2017-06-30": "56.16050", "2017-03-31": "51.64170", "2016-12-31": "61.19910", "2016-09-30": "50.72870", "2016-06-30": "60.68160", "2016-03-31": "56.23660", "2015-12-31": "55.04480", "2015-09-30": "52.55780", "2015-06-30": "62.60210", "2015-03-31": "48.71010", "2014-12-31": "58.40820", "2014-09-30": "48.34640", "2014-06-30": "59.43230", "2014-03-31": "53.79850", "2013-12-31": "60.69120", "2013-09-30": "55.27070", "2013-06-30": "59.86810", "2013-03-31": "62.59450", "2012-12-31": "60.84430", "2012-09-30": "58.49520", "2012-06-30": "65.18440", "2012-03-31": "85.35610", "2011-12-31": "53.97520", "2011-09-30": "44.79440", "2011-06-30": "49.30380", "2011-03-31": "42.62110", "2010-12-31": "62.64350", "2010-09-30": "38.78280", "2010-06-30": "47.82400", "2010-03-31": "41.70140", "2009-12-31": "44.80320", "2009-09-30": "38.58030", "2009-06-30": "44.07630", "2009-03-31": "41.64550", "2008-12-31": "45.12020", "2008-09-30": "38.16570", "2008-06-30": "47.25880", "2008-03-31": "47.75960", "2007-12-31": "52.41110", "2007-09-30": "45.73330", "2007-06-30": "49.36900", "2007-03-31": "46.16480", "2006-12-31": "53.79060", "2006-09-30": "40.67490", "2006-06-30": "45.62080", "2006-03-31": "44.24240", "2005-12-31": "51.45870", "2005-09-30": "42.19320", "2005-06-30": "49.62400", "2005-03-31": "57.75060"}, "ROE - Return On Equity": {"2020-09-30": "1.62090", "2020-06-30": "1.64610", "2020-03-31": "1.08620", "2019-12-31": "2.33710", "2019-09-30": "2.21240", "2019-06-30": "1.45690", "2019-03-31": "2.86610", "2018-12-31": "0.30560", "2018-09-30": "2.39610", "2018-06-30": "1.65050", "2018-03-31": "1.95300", "2017-12-31": "6.02420", "2017-09-30": "2.85320", "2017-06-30": "0.32090", "2017-03-31": "3.43220", "2016-12-31": "0.87280", "2016-09-30": "1.91550", "2016-06-30": "1.12100", "2016-03-31": "0.45240", "2015-12-31": "1.06980", "2015-09-30": "2.15110", "2015-06-30": "2.52500", "2015-03-31": "2.99540", "2014-12-31": "0.39780", "2014-09-30": "4.28740", "2014-06-30": "2.29890", "2014-03-31": "0.40830", "2013-12-31": "2.15780", "2013-09-30": "3.33530", "2013-06-30": "2.30220", "2013-03-31": "0.00470", "2012-12-31": "1.77170", "2012-09-30": "1.34370", "2012-06-30": "1.29470", "2012-03-31": "0.90490", "2011-12-31": "4.21880", "2011-09-30": "4.19250", "2011-06-30": "4.39960", "2011-03-31": "4.80120", "2010-12-31": "3.86350", "2010-09-30": "6.05520", "2010-06-30": "3.37480", "2010-03-31": "5.56840", "2009-12-31": "4.59650", "2009-09-30": "6.06080", "2009-06-30": "5.40610", "2009-03-31": "5.92740", "2008-12-31": "6.21890", "2008-09-30": "6.04130", "2008-06-30": "7.57560", "2008-03-31": "5.90870", "2007-12-31": "5.55390", "2007-09-30": "7.47530", "2007-06-30": "6.29310", "2007-03-31": "6.73190", "2006-12-31": "5.94580", "2006-09-30": "-0.46380", "2006-06-30": "6.58450", "2006-03-31": "4.34400", "2005-12-31": "-8.72330", "2005-09-30": "7.12810", "2005-06-30": "5.14000", "2005-03-31": "5.21980"}, "Return On Tangible Equity": {"2020-09-30": "2.00170", "2020-06-30": "2.03590", "2020-03-31": "1.34580", "2019-12-31": "2.89650", "2019-09-30": "2.74620", "2019-06-30": "1.81420", "2019-03-31": "3.57420", "2018-12-31": "0.38300", "2018-09-30": "2.99500", "2018-06-30": "2.07170", "2018-03-31": "2.45670", "2017-12-31": "7.60090", "2017-09-30": "3.65910", "2017-06-30": "0.41570", "2017-03-31": "4.49250", "2016-12-31": "1.15120", "2016-09-30": "2.53030", "2016-06-30": "1.48530", "2016-03-31": "0.60010", "2015-12-31": "1.18590", "2015-09-30": "2.38450", "2015-06-30": "2.82630", "2015-03-31": "3.35970", "2014-12-31": "0.44730", "2014-09-30": "4.79940", "2014-06-30": "2.58410", "2014-03-31": "0.46150", "2013-12-31": "2.43660", "2013-09-30": "3.78560", "2013-06-30": "2.62090", "2013-03-31": "0.00530", "2012-12-31": "2.01520", "2012-09-30": "1.52480", "2012-06-30": "1.46720", "2012-03-31": "1.02690", "2011-12-31": "5.16020", "2011-09-30": "5.13040", "2011-06-30": "5.40470", "2011-03-31": "5.91560", "2010-12-31": "4.79060", "2010-09-30": "7.45810", "2010-06-30": "4.21360", "2010-03-31": "6.91850", "2009-12-31": "5.80130", "2009-09-30": "7.67360", "2009-06-30": "6.89550", "2009-03-31": "7.58500", "2008-12-31": "8.15720", "2008-09-30": "7.81080", "2008-06-30": "10.31400", "2008-03-31": "8.06050", "2007-12-31": "7.49470", "2007-09-30": "10.01290", "2007-06-30": "8.24150", "2007-03-31": "9.11040", "2006-12-31": "8.13620", "2006-09-30": "-0.64210", "2006-06-30": "10.24130", "2006-03-31": "6.98770", "2005-12-31": "-14.08850", "2005-09-30": "13.25760", "2005-06-30": "9.65750", "2005-03-31": "10.10560"}, "ROA - Return On Assets": {"2020-09-30": "0.44530", "2020-06-30": "0.45440", "2020-03-31": "0.30160", "2019-12-31": "0.64650", "2019-09-30": "0.61920", "2019-06-30": "0.40630", "2019-03-31": "0.79450", "2018-12-31": "0.08440", "2018-09-30": "0.66950", "2018-06-30": "0.46230", "2018-03-31": "0.54350", "2017-12-31": "1.66050", "2017-09-30": "0.73010", "2017-06-30": "0.08030", "2017-03-31": "0.82940", "2016-12-31": "0.20970", "2016-09-30": "0.45920", "2016-06-30": "0.27130", "2016-03-31": "0.11010", "2015-12-31": "0.30610", "2015-09-30": "0.61710", "2015-06-30": "0.68650", "2015-03-31": "0.84450", "2014-12-31": "0.11110", "2014-09-30": "1.25960", "2014-06-30": "0.66580", "2014-03-31": "0.11700", "2013-12-31": "0.61930", "2013-09-30": "0.92390", "2013-06-30": "0.63380", "2013-03-31": "0.00130", "2012-12-31": "0.49010", "2012-09-30": "0.37910", "2012-06-30": "0.37320", "2012-03-31": "0.25760", "2011-12-31": "1.10370", "2011-09-30": "1.11160", "2011-06-30": "1.19460", "2011-03-31": "1.30220", "2010-12-31": "1.00310", "2010-09-30": "1.65860", "2010-06-30": "0.90500", "2010-03-31": "1.47610", "2009-12-31": "1.18140", "2009-09-30": "1.52920", "2009-06-30": "1.34140", "2009-03-31": "1.45710", "2008-12-31": "1.44490", "2008-09-30": "1.54820", "2008-06-30": "1.60040", "2008-03-31": "1.26720", "2007-12-31": "1.24120", "2007-09-30": "1.70390", "2007-06-30": "1.55170", "2007-03-31": "1.52310", "2006-12-31": "1.34250", "2006-09-30": "-0.10800", "2006-06-30": "1.51570", "2006-03-31": "0.94340", "2005-12-31": "-1.85990", "2005-09-30": "1.67780", "2005-06-30": "1.22620", "2005-03-31": "1.19550"}, "ROI - Return On Investment": {"2020-09-30": "0.80140", "2020-06-30": "0.80420", "2020-03-31": "0.53860", "2019-12-31": "1.21890", "2019-09-30": "1.13780", "2019-06-30": "0.74620", "2019-03-31": "1.44060", "2018-12-31": "0.14960", "2018-09-30": "1.17140", "2018-06-30": "0.81620", "2018-03-31": "0.96570", "2017-12-31": "2.99450", "2017-09-30": "1.38610", "2017-06-30": "0.15600", "2017-03-31": "1.61900", "2016-12-31": "0.40280", "2016-09-30": "0.87040", "2016-06-30": "0.51450", "2016-03-31": "0.21530", "2015-12-31": "0.56610", "2015-09-30": "1.11860", "2015-06-30": "1.24270", "2015-03-31": "1.61120", "2014-12-31": "0.21830", "2014-09-30": "2.39210", "2014-06-30": "1.29500", "2014-03-31": "0.22160", "2013-12-31": "1.20110", "2013-09-30": "1.81120", "2013-06-30": "1.28070", "2013-03-31": "0.00260", "2012-12-31": "0.96070", "2012-09-30": "0.73610", "2012-06-30": "0.71370", "2012-03-31": "0.50560", "2011-12-31": "2.28390", "2011-09-30": "2.23590", "2011-06-30": "2.36400", "2011-03-31": "2.56460", "2010-12-31": "2.04950", "2010-09-30": "3.24910", "2010-06-30": "1.82470", "2010-03-31": "3.03870", "2009-12-31": "2.41830", "2009-09-30": "3.16720", "2009-06-30": "2.71630", "2009-03-31": "2.91740", "2008-12-31": "2.90620", "2008-09-30": "2.93280", "2008-06-30": "3.32480", "2008-03-31": "2.56720", "2007-12-31": "2.54730", "2007-09-30": "3.51650", "2007-06-30": "3.17000", "2007-03-31": "3.12790", "2006-12-31": "2.71470", "2006-09-30": "-0.21150", "2006-06-30": "3.03120", "2006-03-31": "1.91470", "2005-12-31": "-3.81130", "2005-09-30": "3.24370", "2005-06-30": "2.28470", "2005-03-31": "2.44810"}, "Book Value Per Share": {"2020-09-30": "35.96620", "2020-06-30": "35.76510", "2020-03-31": "35.54000", "2019-12-31": "35.53240", "2019-09-30": "35.34160", "2019-06-30": "34.88370", "2019-03-31": "34.71060", "2018-12-31": "34.13950", "2018-09-30": "34.52740", "2018-06-30": "34.06540", "2018-03-31": "33.74610", "2017-12-31": "33.42370", "2017-09-30": "31.54740", "2017-06-30": "30.51040", "2017-03-31": "30.55180", "2016-12-31": "29.88310", "2016-09-30": "29.75080", "2016-06-30": "29.57530", "2016-03-31": "29.48590", "2015-12-31": "29.66740", "2015-09-30": "29.66200", "2015-06-30": "29.08240", "2015-03-31": "28.61560", "2014-12-31": "28.06160", "2014-09-30": "29.16180", "2014-06-30": "27.10180", "2014-03-31": "26.51690", "2013-12-31": "26.76780", "2013-09-30": "25.74910", "2013-06-30": "25.19020", "2013-03-31": "24.91360", "2012-12-31": "25.41520", "2012-09-30": "25.88170", "2012-06-30": "26.13820", "2012-03-31": "25.94130", "2011-12-31": "22.91080", "2011-09-30": "21.65760", "2011-06-30": "21.28960", "2011-03-31": "21.04830", "2010-12-31": "20.48790", "2010-09-30": "21.11200", "2010-06-30": "19.94860", "2010-03-31": "20.34950", "2009-12-31": "19.15150", "2009-09-30": "18.95300", "2009-06-30": "18.44160", "2009-03-31": "19.25000", "2008-12-31": "16.78880", "2008-09-30": "17.60940", "2008-06-30": "15.04870", "2008-03-31": "14.98930", "2007-12-31": "15.33590", "2007-09-30": "15.78940", "2007-06-30": "16.90020", "2007-03-31": "15.03120", "2006-12-31": "14.93580", "2006-09-30": "14.45900", "2006-06-30": "14.54070", "2006-03-31": "13.73970", "2005-12-31": "13.70120", "2005-09-30": "15.22330", "2005-06-30": "14.97020", "2005-03-31": "14.52940"}, "Operating Cash Flow Per Share": {"2020-09-30": 1.5755, "2020-06-30": 1.6393, "2020-03-31": "1.10660", "2019-12-31": 1.2937, "2019-09-30": 2.5677, "2019-06-30": 1.9013, "2019-03-31": "1.07410", "2018-12-31": 2.0391, "2018-09-30": 2.8886, "2018-06-30": 2.4411, "2018-03-31": "1.55170", "2017-12-31": 2.0032, "2017-09-30": 2.7859, "2017-06-30": 1.9381, "2017-03-31": "1.15480", "2016-12-31": 1.1845, "2016-09-30": 3.026, "2016-06-30": 3.3244, "2016-03-31": "1.59240", "2015-12-31": 2.3275, "2015-09-30": 1.618, "2015-06-30": 2.8645, "2015-03-31": "1.71860", "2014-12-31": 0.9373, "2014-09-30": 2.1947, "2014-06-30": 1.835, "2014-03-31": "0.19160", "2013-12-31": 2.2663, "2013-09-30": 2.3907, "2013-06-30": 1.7139, "2013-03-31": "1.00470", "2012-12-31": 2.1488, "2012-09-30": 2.1678, "2012-06-30": 1.7635, "2012-03-31": "1.40590", "2011-12-31": 2.9112, "2011-09-30": 2.8609, "2011-06-30": 1.8373, "2011-03-31": "-0.31170", "2010-12-31": 1.7074, "2010-09-30": 2.6235, "2010-06-30": 0.7674, "2010-03-31": "2.81120", "2009-12-31": 2.213, "2009-09-30": 2.3827, "2009-06-30": 1.6596, "2009-03-31": "2.95010", "2008-12-31": 3.2991, "2008-09-30": 4.068, "2008-06-30": 1.4474, "2008-03-31": "1.08130", "2007-12-31": 1.4695, "2007-09-30": 2.7902, "2007-06-30": 1.4045, "2007-03-31": "0.98670", "2006-12-31": 1.8573, "2006-09-30": 2.0584, "2006-06-30": 1.9804, "2006-03-31": "1.25630", "2005-12-31": 0.8924, "2005-09-30": 1.8611, "2005-06-30": 1.9173, "2005-03-31": "-1.49480"}, "Free Cash Flow Per Share": {"2020-09-30": -0.2496, "2020-06-30": -0.1609, "2020-03-31": "-0.95900", "2019-12-31": -0.7115, "2019-09-30": 0.8388, "2019-06-30": 0.1671, "2019-03-31": "-0.84470", "2018-12-31": -0.1297, "2018-09-30": 1.1514, "2018-06-30": 0.4647, "2018-03-31": "-0.30890", "2017-12-31": -0.227, "2017-09-30": 1.1377, "2017-06-30": 0.1922, "2017-03-31": "-0.98170", "2016-12-31": -1.1596, "2016-09-30": 1.0085, "2016-06-30": 0.9058, "2016-03-31": "-0.78810", "2015-12-31": -0.2552, "2015-09-30": -0.3443, "2015-06-30": 0.9305, "2015-03-31": "-0.17530", "2014-12-31": -2.094, "2014-09-30": 1.05, "2014-06-30": 0.3699, "2014-03-31": "-1.20090", "2013-12-31": 0.4756, "2013-09-30": 0.8314, "2013-06-30": 0.483, "2013-03-31": "-0.68770", "2012-12-31": 0.3899, "2012-09-30": 0.5823, "2012-06-30": 0.6084, "2012-03-31": "-0.71000", "2011-12-31": 1.3022, "2011-09-30": 1.3812, "2011-06-30": 0.5798, "2011-03-31": "-2.04370", "2010-12-31": 0.2835, "2010-09-30": 1.4236, "2010-06-30": -0.2991, "2010-03-31": "1.48490", "2009-12-31": 0.6707, "2009-09-30": 1.1655, "2009-06-30": 0.5522, "2009-03-31": "1.87290", "2008-12-31": 2.0378, "2008-09-30": 2.9033, "2008-06-30": 0.5158, "2008-03-31": "-0.26960", "2007-12-31": 0.3044, "2007-09-30": 1.888, "2007-06-30": 0.5088, "2007-03-31": "-0.00590", "2006-12-31": 0.8913, "2006-09-30": 1.1575, "2006-06-30": 1.1785, "2006-03-31": "0.34810", "2005-12-31": -0.0635, "2005-09-30": 1.1019, "2005-06-30": 1.1543, "2005-03-31": "-2.21930"}}, "revenue": {"Exelon Annual Revenue (Millions of US $)": {"2019": "$34,438", "2018": "$35,978", "2017": "$33,558", "2016": "$31,366", "2015": "$29,447", "2014": "$27,429", "2013": "$24,888", "2012": "$23,489", "2011": "$19,063", "2010": "$18,644", "2009": "$17,318", "2008": "$18,859", "2007": "$18,916", "2006": "$15,655", "2005": "$15,357"}, "Exelon Quarterly Revenue (Millions of US $)": {"2020-09-30": "$8,853", "2020-06-30": "$7,322", "2020-03-31": "$8,747", "2019-12-31": "$8,343", "2019-09-30": "$8,929", "2019-06-30": "$7,689", "2019-03-31": "$9,477", "2018-12-31": "$8,806", "2018-09-30": "$9,403", "2018-06-30": "$8,076", "2018-03-31": "$9,693", "2017-12-31": "$8,378", "2017-09-30": "$8,768", "2017-06-30": "$7,665", "2017-03-31": "$8,747", "2016-12-31": "$7,881", "2016-09-30": "$9,002", "2016-06-30": "$6,910", "2016-03-31": "$7,573", "2015-12-31": "$6,702", "2015-09-30": "$7,401", "2015-06-30": "$6,514", "2015-03-31": "$8,830", "2014-12-31": "$7,256", "2014-09-30": "$6,912", "2014-06-30": "$6,024", "2014-03-31": "$7,237", "2013-12-31": "$6,163", "2013-09-30": "$6,502", "2013-06-30": "$6,141", "2013-03-31": "$6,082", "2012-12-31": "$6,254", "2012-09-30": "$6,579", "2012-06-30": "$5,966", "2012-03-31": "$4,690", "2011-12-31": "$4,357", "2011-09-30": "$5,254", "2011-06-30": "$4,496", "2011-03-31": "$4,956", "2010-12-31": "$4,494", "2010-09-30": "$5,291", "2010-06-30": "$4,398", "2010-03-31": "$4,461", "2009-12-31": "$4,116", "2009-09-30": "$4,339", "2009-06-30": "$4,141", "2009-03-31": "$4,722", "2008-12-31": "$4,492", "2008-09-30": "$5,228", "2008-06-30": "$4,622", "2008-03-31": "$4,517", "2007-12-31": "$4,554", "2007-09-30": "$5,032", "2007-06-30": "$4,501", "2007-03-31": "$4,829", "2006-12-31": "$3,696", "2006-09-30": "$4,401", "2006-06-30": "$3,697", "2006-03-31": "$3,861", "2005-12-31": "$3,839", "2005-09-30": "$4,473", "2005-06-30": "$3,484", "2005-03-31": "$3,561"}}, "gross-profit": {"Exelon Annual Gross Profit (Millions of US $)": {"2019": "$18,941", "2018": "$19,308", "2017": "$19,523", "2016": "$18,726", "2015": "$16,363", "2014": "$14,426", "2013": "$14,164", "2012": "$13,332", "2011": "$11,796", "2010": "$12,209", "2009": "$12,037", "2008": "$12,277", "2007": "$11,274", "2006": "$10,423", "2005": "$9,687"}, "Exelon Quarterly Gross Profit (Millions of US $)": {"2020-09-30": "$5,239", "2020-06-30": "$4,398", "2020-03-31": "$4,880", "2019-12-31": "$4,576", "2019-09-30": "$4,977", "2019-06-30": "$4,464", "2019-03-31": "$4,924", "2018-12-31": "$4,510", "2018-09-30": "$5,071", "2018-06-30": "$4,761", "2018-03-31": "$4,966", "2017-12-31": "$4,870", "2017-09-30": "$5,226", "2017-06-30": "$4,579", "2017-03-31": "$4,848", "2016-12-31": "$4,703", "2016-09-30": "$5,248", "2016-06-30": "$4,456", "2016-03-31": "$4,319", "2015-12-31": "$3,828", "2015-09-30": "$4,110", "2015-06-30": "$4,065", "2015-03-31": "$4,360", "2014-12-31": "$3,653", "2014-09-30": "$4,264", "2014-06-30": "$3,612", "2014-03-31": "$2,897", "2013-12-31": "$3,582", "2013-09-30": "$3,759", "2013-06-30": "$3,722", "2013-03-31": "$3,101", "2012-12-31": "$3,494", "2012-09-30": "$3,553", "2012-06-30": "$3,360", "2012-03-31": "$2,925", "2011-12-31": "$2,928", "2011-09-30": "$3,133", "2011-06-30": "$2,780", "2011-03-31": "$2,955", "2010-12-31": "$2,801", "2010-09-30": "$3,335", "2010-06-30": "$2,871", "2010-03-31": "$3,202", "2009-12-31": "$2,875", "2009-09-30": "$3,139", "2009-06-30": "$2,760", "2009-03-31": "$3,263", "2008-12-31": "$3,083", "2008-09-30": "$3,183", "2008-06-30": "$3,104", "2008-03-31": "$2,907", "2007-12-31": "$2,638", "2007-09-30": "$2,961", "2007-06-30": "$2,861", "2007-03-31": "$2,814", "2006-12-31": "$2,484", "2006-09-30": "$2,916", "2006-06-30": "$2,624", "2006-03-31": "$2,399", "2005-12-31": "$2,207", "2005-09-30": "$2,781", "2005-06-30": "$2,328", "2005-03-31": "$2,371"}}, "operating-income": {"Exelon Annual Operating Income (Millions of US $)": {"2019": "$4,374", "2018": "$3,891", "2017": "$4,388", "2016": "$3,212", "2015": "$4,409", "2014": "$3,096", "2013": "$3,669", "2012": "$2,373", "2011": "$4,479", "2010": "$4,726", "2009": "$4,750", "2008": "$5,299", "2007": "$4,668", "2006": "$3,521", "2005": "$2,724"}, "Exelon Quarterly Operating Income (Millions of US $)": {"2020-09-30": "$769", "2020-06-30": "$565", "2020-03-31": "$1,220", "2019-12-31": "$962", "2019-09-30": "$1,353", "2019-06-30": "$841", "2019-03-31": "$1,218", "2018-12-31": "$702", "2018-09-30": "$1,146", "2018-06-30": "$942", "2018-03-31": "$1,101", "2017-12-31": "$1,281", "2017-09-30": "$1,499", "2017-06-30": "$300", "2017-03-31": "$1,308", "2016-12-31": "$815", "2016-09-30": "$1,267", "2016-06-30": "$647", "2016-03-31": "$483", "2015-12-31": "$709", "2015-09-30": "$1,200", "2015-06-30": "$1,134", "2015-03-31": "$1,366", "2014-12-31": "$348", "2014-09-30": "$1,738", "2014-06-30": "$842", "2014-03-31": "$168", "2013-12-31": "$902", "2013-09-30": "$1,254", "2013-06-30": "$1,005", "2013-03-31": "$508", "2012-12-31": "$697", "2012-09-30": "$603", "2012-06-30": "$714", "2012-03-31": "$359", "2011-12-31": "$1,062", "2011-09-30": "$1,181", "2011-06-30": "$1,034", "2011-03-31": "$1,202", "2010-12-31": "$940", "2010-09-30": "$1,366", "2010-06-30": "$1,018", "2010-03-31": "$1,402", "2009-12-31": "$1,076", "2009-09-30": "$1,403", "2009-06-30": "$1,016", "2009-03-31": "$1,255", "2008-12-31": "$1,333", "2008-09-30": "$1,413", "2008-06-30": "$1,430", "2008-03-31": "$1,123", "2007-12-31": "$895", "2007-09-30": "$1,351", "2007-06-30": "$1,231", "2007-03-31": "$1,191", "2006-12-31": "$1,063", "2006-09-30": "$438", "2006-06-30": "$1,202", "2006-03-31": "$818", "2005-12-31": "$-416", "2005-09-30": "$1,312", "2005-06-30": "$897", "2005-03-31": "$931"}}, "ebitda": {"Exelon Annual EBITDA (Millions of US $)": {"2019": "$10,154", "2018": "$9,862", "2017": "$9,815", "2016": "$8,788", "2015": "$8,432", "2014": "$7,651", "2013": "$7,619", "2012": "$6,452", "2011": "$6,795", "2010": "$7,669", "2009": "$7,351", "2008": "$7,607", "2007": "$6,851", "2006": "$5,653", "2005": "$4,691"}, "Exelon Quarterly EBITDA (Millions of US $)": {"2020-09-30": "$2,447", "2020-06-30": "$1,928", "2020-03-31": "$2,598", "2019-12-31": "$2,349", "2019-09-30": "$2,824", "2019-06-30": "$2,303", "2019-03-31": "$2,678", "2018-12-31": "$2,162", "2018-09-30": "$2,657", "2018-06-30": "$2,441", "2018-03-31": "$2,602", "2017-12-31": "$2,221", "2017-09-30": "$2,950", "2017-06-30": "$2,052", "2017-03-31": "$2,592", "2016-12-31": "$2,382", "2016-09-30": "$2,641", "2016-06-30": "$2,219", "2016-03-31": "$1,546", "2015-12-31": "$1,802", "2015-09-30": "$2,149", "2015-06-30": "$2,167", "2015-03-31": "$2,314", "2014-12-31": "$1,885", "2014-09-30": "$2,831", "2014-06-30": "$1,859", "2014-03-31": "$1,076", "2013-12-31": "$2,008", "2013-09-30": "$2,126", "2013-06-30": "$1,960", "2013-03-31": "$1,525", "2012-12-31": "$1,867", "2012-09-30": "$1,617", "2012-06-30": "$1,833", "2012-03-31": "$1,135", "2011-12-31": "$1,676", "2011-09-30": "$1,769", "2011-06-30": "$1,596", "2011-03-31": "$1,754", "2010-12-31": "$1,628", "2010-09-30": "$2,166", "2010-06-30": "$1,755", "2010-03-31": "$2,120", "2009-12-31": "$1,742", "2009-09-30": "$2,085", "2009-06-30": "$1,647", "2009-03-31": "$1,877", "2008-12-31": "$1,916", "2008-09-30": "$2,042", "2008-06-30": "$1,974", "2008-03-31": "$1,675", "2007-12-31": "$1,435", "2007-09-30": "$1,928", "2007-06-30": "$1,764", "2007-03-31": "$1,724", "2006-12-31": "$1,574", "2006-09-30": "$999", "2006-06-30": "$1,738", "2006-03-31": "$1,342", "2005-12-31": "$74", "2005-09-30": "$1,828", "2005-06-30": "$1,380", "2005-03-31": "$1,409"}}, "net-income": {"Exelon Annual Net Income (Millions of US $)": {"2019": "$2,936", "2018": "$2,005", "2017": "$3,779", "2016": "$1,121", "2015": "$2,269", "2014": "$1,623", "2013": "$1,719", "2012": "$1,160", "2011": "$2,495", "2010": "$2,563", "2009": "$2,707", "2008": "$2,737", "2007": "$2,736", "2006": "$1,592", "2005": "$923"}, "Exelon Quarterly Net Income (Millions of US $)": {"2020-09-30": "$501", "2020-06-30": "$521", "2020-03-31": "$582", "2019-12-31": "$773", "2019-09-30": "$772", "2019-06-30": "$484", "2019-03-31": "$907", "2018-12-31": "$148", "2018-09-30": "$733", "2018-06-30": "$539", "2018-03-31": "$585", "2017-12-31": "$1,871", "2017-09-30": "$823", "2017-06-30": "$95", "2017-03-31": "$990", "2016-12-31": "$191", "2016-09-30": "$490", "2016-06-30": "$267", "2016-03-31": "$173", "2015-12-31": "$309", "2015-09-30": "$629", "2015-06-30": "$638", "2015-03-31": "$693", "2014-12-31": "$18", "2014-09-30": "$993", "2014-06-30": "$522", "2014-03-31": "$90", "2013-12-31": "$495", "2013-09-30": "$738", "2013-06-30": "$490", "2013-03-31": "$-4", "2012-12-31": "$378", "2012-09-30": "$296", "2012-06-30": "$286", "2012-03-31": "$200", "2011-12-31": "$606", "2011-09-30": "$601", "2011-06-30": "$620", "2011-03-31": "$668", "2010-12-31": "$524", "2010-09-30": "$845", "2010-06-30": "$445", "2010-03-31": "$749", "2009-12-31": "$581", "2009-09-30": "$757", "2009-06-30": "$657", "2009-03-31": "$712", "2008-12-31": "$708", "2008-09-30": "$700", "2008-06-30": "$748", "2008-03-31": "$581", "2007-12-31": "$563", "2007-09-30": "$780", "2007-06-30": "$702", "2007-03-31": "$691", "2006-12-31": "$592", "2006-09-30": "$-44", "2006-06-30": "$644", "2006-03-31": "$400", "2005-12-31": "$-837", "2005-09-30": "$725", "2005-06-30": "$514", "2005-03-31": "$521"}}, "eps-earnings-per-share-diluted": {"Exelon Annual EPS": {"2019": "$3.01", "2018": "$2.07", "2017": "$3.98", "2016": "$1.21", "2015": "$2.54", "2014": "$1.88", "2013": "$2.00", "2012": "$1.42", "2011": "$3.75", "2010": "$3.87", "2009": "$4.09", "2008": "$4.13", "2007": "$4.05", "2006": "$2.35", "2005": "$1.36"}, "Exelon Quarterly EPS": {"2020-09-30": "$0.51", "2020-06-30": "$0.53", "2020-03-31": "$0.60", "2019-12-31": "$0.79", "2019-09-30": "$0.79", "2019-06-30": "$0.50", "2019-03-31": "$0.93", "2018-12-31": "$0.15", "2018-09-30": "$0.76", "2018-06-30": "$0.56", "2018-03-31": "$0.60", "2017-12-31": "$1.97", "2017-09-30": "$0.85", "2017-06-30": "$0.10", "2017-03-31": "$1.06", "2016-12-31": "$0.20", "2016-09-30": "$0.53", "2016-06-30": "$0.29", "2016-03-31": "$0.19", "2015-12-31": "$0.31", "2015-09-30": "$0.69", "2015-06-30": "$0.74", "2015-03-31": "$0.80", "2014-12-31": "$0.03", "2014-09-30": "$1.15", "2014-06-30": "$0.60", "2014-03-31": "$0.10", "2013-12-31": "$0.58", "2013-09-30": "$0.86", "2013-06-30": "$0.57", "2013-03-31": "$-0.01", "2012-12-31": "$0.46", "2012-09-30": "$0.35", "2012-06-30": "$0.33", "2012-03-31": "$0.28", "2011-12-31": "$0.91", "2011-09-30": "$0.90", "2011-06-30": "$0.93", "2011-03-31": "$1.01", "2010-12-31": "$0.80", "2010-09-30": "$1.27", "2010-06-30": "$0.67", "2010-03-31": "$1.13", "2009-12-31": "$0.88", "2009-09-30": "$1.14", "2009-06-30": "$0.99", "2009-03-31": "$1.08", "2008-12-31": "$1.06", "2008-09-30": "$1.06", "2008-06-30": "$1.13", "2008-03-31": "$0.88", "2007-12-31": "$0.85", "2007-09-30": "$1.15", "2007-06-30": "$1.03", "2007-03-31": "$1.02", "2006-12-31": "$0.88", "2006-09-30": "$-0.07", "2006-06-30": "$0.95", "2006-03-31": "$0.59", "2005-12-31": "$-1.24", "2005-09-30": "$1.07", "2005-06-30": "$0.76", "2005-03-31": "$0.77"}}, "shares-outstanding": {"Exelon Annual Shares Outstanding (Millions of Shares)": {"2019": "974", "2018": "969", "2017": "949", "2016": "927", "2015": "893", "2014": "864", "2013": "860", "2012": "819", "2011": "665", "2010": "663", "2009": "662", "2008": "662", "2007": "676", "2006": "676", "2005": "676"}, "Exelon Quarterly Shares Outstanding (Millions of Shares)": {"2020-09-30": "977", "2020-06-30": "976", "2020-03-31": "976", "2019-12-31": "974", "2019-09-30": "974", "2019-06-30": "974", "2019-03-31": "972", "2018-12-31": "969", "2018-09-30": "970", "2018-06-30": "969", "2018-03-31": "968", "2017-12-31": "949", "2017-09-30": "965", "2017-06-30": "936", "2017-03-31": "930", "2016-12-31": "927", "2016-09-30": "927", "2016-06-30": "926", "2016-03-31": "925", "2015-12-31": "893", "2015-09-30": "915", "2015-06-30": "866", "2015-03-31": "867", "2014-12-31": "864", "2014-09-30": "863", "2014-06-30": "864", "2014-03-31": "861", "2013-12-31": "860", "2013-09-30": "860", "2013-06-30": "860", "2013-03-31": "855", "2012-12-31": "819", "2012-09-30": "857", "2012-06-30": "856", "2012-03-31": "707", "2011-12-31": "665", "2011-09-30": "665", "2011-06-30": "664", "2011-03-31": "664", "2010-12-31": "663", "2010-09-30": "663", "2010-06-30": "662", "2010-03-31": "662", "2009-12-31": "662", "2009-09-30": "662", "2009-06-30": "661", "2009-03-31": "661", "2008-12-31": "662", "2008-09-30": "662", "2008-06-30": "662", "2008-03-31": "664", "2007-12-31": "676", "2007-09-30": "678", "2007-06-30": "680", "2007-03-31": "677", "2006-12-31": "676", "2006-09-30": "671", "2006-06-30": "676", "2006-03-31": "675", "2005-12-31": "676", "2005-09-30": "677", "2005-06-30": "677", "2005-03-31": "675"}}, "total-assets": {"Exelon Annual Total Assets (Millions of US $)": {"2019": "$124,977", "2018": "$119,634", "2017": "$116,770", "2016": "$114,904", "2015": "$95,384", "2014": "$86,416", "2013": "$79,924", "2012": "$78,561", "2011": "$54,995", "2010": "$52,240", "2009": "$49,180", "2008": "$47,546", "2007": "$45,361", "2006": "$44,319", "2005": "$42,797"}, "Exelon Quarterly Total Assets (Millions of US $)": {"2020-09-30": "$127,767", "2020-06-30": "$126,313", "2020-03-31": "$124,677", "2019-12-31": "$124,977", "2019-09-30": "$122,738", "2019-06-30": "$121,596", "2019-03-31": "$121,593", "2018-12-31": "$119,634", "2018-09-30": "$119,485", "2018-06-30": "$117,249", "2018-03-31": "$117,018", "2017-12-31": "$116,770", "2017-09-30": "$118,473", "2017-06-30": "$117,104", "2017-03-31": "$117,068", "2016-12-31": "$114,904", "2016-09-30": "$114,535", "2016-06-30": "$112,778", "2016-03-31": "$111,742", "2015-12-31": "$95,384", "2015-09-30": "$95,128", "2015-06-30": "$92,213", "2015-03-31": "$87,391", "2014-12-31": "$86,416", "2014-09-30": "$85,264", "2014-06-30": "$83,656", "2014-03-31": "$79,468", "2013-12-31": "$79,924", "2013-09-30": "$79,661", "2013-06-30": "$78,420", "2013-03-31": "$78,243", "2012-12-31": "$78,561", "2012-09-30": "$78,353", "2012-06-30": "$77,434", "2012-03-31": "$77,628", "2011-12-31": "$54,995", "2011-09-30": "$54,156", "2011-06-30": "$51,986", "2011-03-31": "$51,376", "2010-12-31": "$52,240", "2010-09-30": "$50,948", "2010-06-30": "$49,173", "2010-03-31": "$50,741", "2009-12-31": "$49,180", "2009-09-30": "$49,502", "2009-06-30": "$48,979", "2009-03-31": "$48,863", "2008-12-31": "$47,546", "2008-09-30": "$45,214", "2008-06-30": "$46,800", "2008-03-31": "$45,848", "2007-12-31": "$45,361", "2007-09-30": "$45,719", "2007-06-30": "$45,305", "2007-03-31": "$44,711", "2006-12-31": "$44,319", "2006-09-30": "$41,648", "2006-06-30": "$42,290", "2006-03-31": "$42,294", "2005-12-31": "$42,797", "2005-09-30": "$43,152", "2005-06-30": "$42,082", "2005-03-31": "$42,408"}}, "cash-on-hand": {"Exelon Annual Cash on Hand (Millions of US $)": {"2019": "$945", "2018": "$1,596", "2017": "$1,105", "2016": "$888", "2015": "$6,707", "2014": "$2,149", "2013": "$1,776", "2012": "$1,619", "2011": "$1,056", "2010": "$1,642", "2009": "$2,050", "2008": "$1,346", "2007": "$429", "2006": "$282", "2005": "$189"}, "Exelon Quarterly Cash on Hand (Millions of US $)": {"2020-09-30": "$2,343", "2020-06-30": "$2,502", "2020-03-31": "$1,871", "2019-12-31": "$945", "2019-09-30": "$1,992", "2019-06-30": "$987", "2019-03-31": "$1,103", "2018-12-31": "$1,596", "2018-09-30": "$2,158", "2018-06-30": "$900", "2018-03-31": "$996", "2017-12-31": "$1,105", "2017-09-30": "$1,523", "2017-06-30": "$788", "2017-03-31": "$863", "2016-12-31": "$888", "2016-09-30": "$2,218", "2016-06-30": "$1,848", "2016-03-31": "$1,178", "2015-12-31": "$6,707", "2015-09-30": "$7,606", "2015-06-30": "$6,288", "2015-03-31": "$2,122", "2014-12-31": "$2,149", "2014-09-30": "$3,081", "2014-06-30": "$1,569", "2014-03-31": "$1,121", "2013-12-31": "$1,776", "2013-09-30": "$1,791", "2013-06-30": "$1,105", "2013-03-31": "$920", "2012-12-31": "$1,619", "2012-09-30": "$1,840", "2012-06-30": "$1,466", "2012-03-31": "$831", "2011-12-31": "$1,056", "2011-09-30": "$1,636", "2011-06-30": "$597", "2011-03-31": "$509", "2010-12-31": "$1,642", "2010-09-30": "$2,761", "2010-06-30": "$1,627", "2010-03-31": "$2,763", "2009-12-31": "$2,050", "2009-09-30": "$2,417", "2009-06-30": "$1,884", "2009-03-31": "$2,201", "2008-12-31": "$1,346", "2008-09-30": "$258", "2008-06-30": "$461", "2008-03-31": "$411", "2007-12-31": "$429", "2007-09-30": "$514", "2007-06-30": "$233", "2007-03-31": "$429", "2006-12-31": "$282", "2006-09-30": "$316", "2006-06-30": "$330", "2006-03-31": "$218", "2005-12-31": "$189", "2005-09-30": "$185", "2005-06-30": "$592", "2005-03-31": "$438"}}, "long-term-debt": {"Exelon Annual Long Term Debt (Millions of US $)": {"2019": "$31,719", "2018": "$34,465", "2017": "$32,565", "2016": "$32,216", "2015": "$24,286", "2014": "$19,853", "2013": "$18,271", "2012": "$18,346", "2011": "$12,189", "2010": "$12,004", "2009": "$11,385", "2008": "$12,592", "2007": "$11,965", "2006": "$11,911", "2005": "$11,760"}, "Exelon Quarterly Long Term Debt (Millions of US $)": {"2020-09-30": "$35,902", "2020-06-30": "$36,502", "2020-03-31": "$35,198", "2019-12-31": "$31,719", "2019-09-30": "$32,446", "2019-06-30": "$32,299", "2019-03-31": "$33,350", "2018-12-31": "$34,465", "2018-09-30": "$34,909", "2018-06-30": "$33,568", "2018-03-31": "$33,294", "2017-12-31": "$32,565", "2017-09-30": "$32,090", "2017-06-30": "$30,956", "2017-03-31": "$31,685", "2016-12-31": "$32,216", "2016-09-30": "$32,972", "2016-06-30": "$32,182", "2016-03-31": "$29,955", "2015-12-31": "$24,286", "2015-09-30": "$25,189", "2015-06-30": "$25,868", "2015-03-31": "$21,167", "2014-12-31": "$19,853", "2014-09-30": "$19,848", "2014-06-30": "$18,781", "2014-03-31": "$19,195", "2013-12-31": "$18,271", "2013-09-30": "$18,570", "2013-06-30": "$17,218", "2013-03-31": "$17,355", "2012-12-31": "$18,346", "2012-09-30": "$18,245", "2012-06-30": "$18,173", "2012-03-31": "$17,458", "2011-12-31": "$12,189", "2011-09-30": "$12,565", "2011-06-30": "$12,154", "2011-03-31": "$12,152", "2010-12-31": "$12,004", "2010-09-30": "$12,052", "2010-06-30": "$11,201", "2010-03-31": "$11,198", "2009-12-31": "$11,385", "2009-09-30": "$11,411", "2009-06-30": "$12,034", "2009-03-31": "$12,393", "2008-12-31": "$12,592", "2008-09-30": "$12,281", "2008-06-30": "$12,641", "2008-03-31": "$12,799", "2007-12-31": "$11,965", "2007-09-30": "$11,732", "2007-06-30": "$11,006", "2007-03-31": "$11,656", "2006-12-31": "$11,911", "2006-09-30": "$11,575", "2006-06-30": "$11,412", "2006-03-31": "$11,654", "2005-12-31": "$11,760", "2005-09-30": "$12,163", "2005-06-30": "$12,546", "2005-03-31": "$10,997"}}, "total-liabilities": {"Exelon Annual Total Liabilities (Millions of US $)": {"2019": "$90,404", "2018": "$86,587", "2017": "$84,583", "2016": "$87,292", "2015": "$68,090", "2014": "$62,283", "2013": "$56,984", "2012": "$56,831", "2011": "$40,607", "2010": "$38,677", "2009": "$36,540", "2008": "$36,499", "2007": "$35,224", "2006": "$34,312", "2005": "$33,672"}, "Exelon Quarterly Total Liabilities (Millions of US $)": {"2020-09-30": "$92,664", "2020-06-30": "$91,442", "2020-03-31": "$90,061", "2019-12-31": "$90,404", "2019-09-30": "$88,386", "2019-06-30": "$87,689", "2019-03-31": "$87,889", "2018-12-31": "$86,587", "2018-09-30": "$86,097", "2018-06-30": "$84,410", "2018-03-31": "$84,453", "2017-12-31": "$84,583", "2017-09-30": "$88,156", "2017-06-30": "$87,814", "2017-03-31": "$88,777", "2016-12-31": "$87,292", "2016-09-30": "$87,075", "2016-06-30": "$85,480", "2016-03-31": "$84,556", "2015-12-31": "$68,090", "2015-09-30": "$67,839", "2015-06-30": "$67,144", "2015-03-31": "$62,753", "2014-12-31": "$62,283", "2014-09-30": "$60,214", "2014-06-30": "$59,427", "2014-03-31": "$56,690", "2013-12-31": "$56,984", "2013-09-30": "$57,594", "2013-06-30": "$56,832", "2013-03-31": "$56,917", "2012-12-31": "$56,831", "2012-09-30": "$56,250", "2012-06-30": "$55,112", "2012-03-31": "$55,526", "2011-12-31": "$40,607", "2011-09-30": "$39,797", "2011-06-30": "$37,871", "2011-03-31": "$37,442", "2010-12-31": "$38,677", "2010-09-30": "$36,993", "2010-06-30": "$35,987", "2010-03-31": "$37,290", "2009-12-31": "$36,540", "2009-09-30": "$37,012", "2009-06-30": "$36,826", "2009-03-31": "$36,851", "2008-12-31": "$36,499", "2008-09-30": "$33,627", "2008-06-30": "$36,913", "2008-03-31": "$36,015", "2007-12-31": "$35,224", "2007-09-30": "$35,298", "2007-06-30": "$34,134", "2007-03-31": "$34,595", "2006-12-31": "$34,312", "2006-09-30": "$31,946", "2006-06-30": "$32,555", "2006-03-31": "$33,109", "2005-12-31": "$33,672", "2005-09-30": "$32,995", "2005-06-30": "$32,043", "2005-03-31": "$32,695"}}, "total-share-holder-equity": {"Exelon Annual Share Holder Equity (Millions of US $)": {"2019": "$34,573", "2018": "$33,047", "2017": "$32,187", "2016": "$27,612", "2015": "$27,294", "2014": "$24,133", "2013": "$22,940", "2012": "$21,730", "2011": "$14,388", "2010": "$13,563", "2009": "$12,640", "2008": "$11,047", "2007": "$10,137", "2006": "$10,007", "2005": "$9,125"}, "Exelon Quarterly Share Holder Equity (Millions of US $)": {"2020-09-30": "$35,103", "2020-06-30": "$34,871", "2020-03-31": "$34,616", "2019-12-31": "$34,573", "2019-09-30": "$34,352", "2019-06-30": "$33,907", "2019-03-31": "$33,704", "2018-12-31": "$33,047", "2018-09-30": "$33,388", "2018-06-30": "$32,839", "2018-03-31": "$32,565", "2017-12-31": "$32,187", "2017-09-30": "$30,317", "2017-06-30": "$29,290", "2017-03-31": "$28,291", "2016-12-31": "$27,612", "2016-09-30": "$27,460", "2016-06-30": "$27,298", "2016-03-31": "$27,186", "2015-12-31": "$27,294", "2015-09-30": "$27,289", "2015-06-30": "$25,069", "2015-03-31": "$24,638", "2014-12-31": "$24,133", "2014-09-30": "$25,050", "2014-06-30": "$24,229", "2014-03-31": "$22,778", "2013-12-31": "$22,940", "2013-09-30": "$22,067", "2013-06-30": "$21,588", "2013-03-31": "$21,326", "2012-12-31": "$21,730", "2012-09-30": "$22,103", "2012-06-30": "$22,322", "2012-03-31": "$22,102", "2011-12-31": "$14,388", "2011-09-30": "$14,359", "2011-06-30": "$14,115", "2011-03-31": "$13,934", "2010-12-31": "$13,563", "2010-09-30": "$13,955", "2010-06-30": "$13,186", "2010-03-31": "$13,451", "2009-12-31": "$12,640", "2009-09-30": "$12,490", "2009-06-30": "$12,153", "2009-03-31": "$12,012", "2008-12-31": "$11,047", "2008-09-30": "$11,587", "2008-06-30": "$9,887", "2008-03-31": "$9,833", "2007-12-31": "$10,137", "2007-09-30": "$10,421", "2007-06-30": "$11,171", "2007-03-31": "$10,116", "2006-12-31": "$10,007", "2006-09-30": "$9,702", "2006-06-30": "$9,735", "2006-03-31": "$9,185", "2005-12-31": "$9,125", "2005-09-30": "$10,157", "2005-06-30": "$10,039", "2005-03-31": "$9,713"}}, "profit-margins": {"current": "7.15%"}, "gross margin": {"2020-09-30": "57.40%", "2020-06-30": "56.48%", "2020-03-31": "56.06%", "2019-12-31": "55.00%", "2019-09-30": "54.08%", "2019-06-30": "53.62%", "2019-03-31": "53.87%", "2018-12-31": "53.67%", "2018-09-30": "55.32%", "2018-06-30": "56.78%", "2018-03-31": "56.92%", "2017-12-31": "58.18%", "2017-09-30": "58.55%", "2017-06-30": "58.20%", "2017-03-31": "59.17%", "2016-12-31": "59.70%", "2016-09-30": "59.13%", "2016-06-30": "58.47%", "2016-03-31": "57.90%", "2015-12-31": "55.57%", "2015-09-30": "53.96%", "2015-06-30": "55.37%", "2015-03-31": "54.75%", "2014-12-31": "52.59%", "2014-09-30": "54.51%", "2014-06-30": "53.42%", "2014-03-31": "53.60%", "2013-12-31": "56.91%", "2013-09-30": "56.35%", "2013-06-30": "55.36%", "2013-03-31": "54.29%", "2012-12-31": "56.76%", "2012-09-30": "59.12%", "2012-06-30": "60.92%", "2012-03-31": "62.60%", "2011-12-31": "61.88%", "2011-09-30": "60.78%", "2011-06-30": "61.71%", "2011-03-31": "62.50%", "2010-12-31": "65.48%", "2010-09-30": "67.25%", "2010-06-30": "69.81%", "2010-03-31": "70.21%", "2009-12-31": "69.51%", "2009-09-30": "69.20%", "2009-06-30": "66.13%", "2009-03-31": "66.27%", "2008-12-31": "65.10%", "2008-09-30": "62.53%", "2008-06-30": "62.00%", "2008-03-31": "61.10%", "2007-12-31": "59.60%", "2007-09-30": "61.58%", "2007-06-30": "63.55%", "2007-03-31": "65.20%", "2006-12-31": "66.58%", "2006-09-30": "64.22%", "2006-06-30": "63.08%", "2006-03-31": "62.05%", "2005-12-31": "63.08%"}, "operating margin": {"2020-09-30": "10.57%", "2020-06-30": "12.30%", "2020-03-31": "12.98%", "2019-12-31": "12.70%", "2019-09-30": "11.79%", "2019-06-30": "11.04%", "2019-03-31": "11.21%", "2018-12-31": "10.81%", "2018-09-30": "12.57%", "2018-06-30": "13.81%", "2018-03-31": "12.12%", "2017-12-31": "13.08%", "2017-09-30": "11.86%", "2017-06-30": "11.08%", "2017-03-31": "12.41%", "2016-12-31": "10.24%", "2016-09-30": "10.29%", "2016-06-30": "10.63%", "2016-03-31": "12.51%", "2015-12-31": "14.97%", "2015-09-30": "13.49%", "2015-06-30": "15.54%", "2015-03-31": "14.80%", "2014-12-31": "11.29%", "2014-09-30": "13.86%", "2014-06-30": "12.21%", "2014-03-31": "12.78%", "2013-12-31": "14.74%", "2013-09-30": "13.87%", "2013-06-30": "11.23%", "2013-03-31": "10.14%", "2012-12-31": "10.10%", "2012-09-30": "12.68%", "2012-06-30": "16.36%", "2012-03-31": "19.34%", "2011-12-31": "23.50%", "2011-09-30": "22.69%", "2011-06-30": "23.61%", "2011-03-31": "23.65%", "2010-12-31": "25.35%", "2010-09-30": "26.62%", "2010-06-30": "28.30%", "2010-03-31": "28.71%", "2009-12-31": "27.43%", "2009-09-30": "28.30%", "2009-06-30": "27.00%", "2009-03-31": "28.49%", "2008-12-31": "28.10%", "2008-09-30": "25.69%", "2008-06-30": "25.63%", "2008-03-31": "24.73%", "2007-12-31": "24.68%", "2007-09-30": "26.78%", "2007-06-30": "22.51%", "2007-03-31": "23.43%", "2006-12-31": "22.49%", "2006-09-30": "12.93%", "2006-06-30": "18.37%", "2006-03-31": "16.68%", "2005-12-31": "17.74%"}, "ebitda margin": {"2020-09-30": "28.02%", "2020-06-30": "29.09%", "2020-03-31": "29.89%", "2019-12-31": "29.48%", "2019-09-30": "28.56%", "2019-06-30": "27.70%", "2019-03-31": "27.79%", "2018-12-31": "27.41%", "2018-09-30": "27.91%", "2018-06-30": "29.25%", "2018-03-31": "28.47%", "2017-12-31": "29.25%", "2017-09-30": "30.17%", "2017-06-30": "29.03%", "2017-03-31": "30.22%", "2016-12-31": "28.02%", "2016-09-30": "27.19%", "2016-06-30": "26.99%", "2016-03-31": "27.19%", "2015-12-31": "28.63%", "2015-09-30": "28.38%", "2015-06-30": "31.16%", "2015-03-31": "30.63%", "2014-12-31": "27.89%", "2014-09-30": "29.52%", "2014-06-30": "27.27%", "2014-03-31": "27.53%", "2013-12-31": "30.61%", "2013-09-30": "29.94%", "2013-06-30": "27.81%", "2013-03-31": "27.50%", "2012-12-31": "27.47%", "2012-09-30": "29.00%", "2012-06-30": "31.64%", "2012-03-31": "32.86%", "2011-12-31": "35.64%", "2011-09-30": "35.14%", "2011-06-30": "37.14%", "2011-03-31": "38.16%", "2010-12-31": "41.13%", "2010-09-30": "42.61%", "2010-06-30": "44.48%", "2010-03-31": "44.52%", "2009-12-31": "42.45%", "2009-09-30": "42.53%", "2009-06-30": "40.26%", "2009-03-31": "40.96%", "2008-12-31": "40.34%", "2008-09-30": "37.66%", "2008-06-30": "37.45%", "2008-03-31": "36.56%", "2007-12-31": "36.22%", "2007-09-30": "38.71%", "2007-06-30": "34.78%", "2007-03-31": "36.31%", "2006-12-31": "36.11%", "2006-09-30": "26.29%", "2006-06-30": "31.39%", "2006-03-31": "29.53%", "2005-12-31": "30.55%"}, "pre tax profit margin": {"2020-09-30": "7.88%", "2020-06-30": "8.81%", "2020-03-31": "8.27%", "2019-12-31": "11.57%", "2019-09-30": "8.57%", "2019-06-30": "8.02%", "2019-03-31": "7.84%", "2018-12-31": "6.18%", "2018-09-30": "9.79%", "2018-06-30": "11.05%", "2018-03-31": "9.52%", "2017-12-31": "11.25%", "2017-09-30": "8.87%", "2017-06-30": "7.45%", "2017-03-31": "8.77%", "2016-12-31": "6.29%", "2016-09-30": "7.16%", "2016-06-30": "6.97%", "2016-03-31": "9.01%", "2015-12-31": "11.31%", "2015-09-30": "9.61%", "2015-06-30": "12.46%", "2015-03-31": "12.23%", "2014-12-31": "9.06%", "2014-09-30": "12.05%", "2014-06-30": "11.00%", "2014-03-31": "10.58%", "2013-12-31": "11.14%", "2013-09-30": "10.15%", "2013-06-30": "7.26%", "2013-03-31": "6.02%", "2012-12-31": "7.65%", "2012-09-30": "10.48%", "2012-06-30": "13.13%", "2012-03-31": "17.02%", "2011-12-31": "20.75%", "2011-09-30": "19.88%", "2011-06-30": "22.64%", "2011-03-31": "21.03%", "2010-12-31": "22.64%", "2010-09-30": "23.45%", "2010-06-30": "24.50%", "2010-03-31": "27.60%", "2009-12-31": "25.52%", "2009-09-30": "25.13%", "2009-06-30": "22.26%", "2009-03-31": "22.13%", "2008-12-31": "21.39%", "2008-09-30": "20.90%", "2008-06-30": "22.15%", "2008-03-31": "21.48%", "2007-12-31": "22.06%", "2007-09-30": "22.93%", "2007-06-30": "18.50%", "2007-03-31": "19.32%", "2006-12-31": "17.86%", "2006-09-30": "8.20%", "2006-06-30": "12.87%", "2006-03-31": "11.25%", "2005-12-31": "12.34%"}, "net profit margin": {"2020-09-30": "7.15%", "2020-06-30": "7.94%", "2020-03-31": "7.75%", "2019-12-31": "8.53%", "2019-09-30": "6.62%", "2019-06-30": "6.42%", "2019-03-31": "6.51%", "2018-12-31": "5.57%", "2018-09-30": "10.49%", "2018-06-30": "10.94%", "2018-03-31": "9.78%", "2017-12-31": "11.26%", "2017-09-30": "6.35%", "2017-06-30": "5.30%", "2017-03-31": "5.96%", "2016-12-31": "3.57%", "2016-09-30": "4.10%", "2016-06-30": "4.82%", "2016-03-31": "6.20%", "2015-12-31": "7.71%", "2015-09-30": "6.59%", "2015-06-30": "7.94%", "2015-03-31": "7.67%", "2014-12-31": "5.92%", "2014-09-30": "7.97%", "2014-06-30": "7.12%", "2014-03-31": "6.96%", "2013-12-31": "6.91%", "2013-09-30": "6.41%", "2013-06-30": "4.63%", "2013-03-31": "3.84%", "2012-12-31": "4.94%", "2012-09-30": "6.43%", "2012-06-30": "8.35%", "2012-03-31": "10.78%", "2011-12-31": "13.09%", "2011-09-30": "12.57%", "2011-06-30": "13.81%", "2011-03-31": "12.97%", "2010-12-31": "13.75%", "2010-09-30": "14.34%", "2010-06-30": "14.62%", "2010-03-31": "16.09%", "2009-12-31": "15.63%", "2009-09-30": "16.02%", "2009-06-30": "14.94%", "2009-03-31": "15.04%", "2008-12-31": "14.51%", "2008-09-30": "13.70%", "2008-06-30": "14.27%", "2008-03-31": "14.12%", "2007-12-31": "14.46%", "2007-09-30": "15.31%", "2007-06-30": "11.14%", "2007-03-31": "11.33%", "2006-12-31": "10.17%", "2006-09-30": "1.03%", "2006-06-30": "5.87%", "2006-03-31": "5.12%", "2005-12-31": "6.01%"}, "pe ratio": {"current": "13.24", "2021-02-11": "17.59", "2020-09-30": "14.59", "2020-06-30": "13.14", "2020-03-31": "13.34", "2019-12-31": "14.59", "2019-09-30": "19.40", "2019-06-30": "19.34", "2019-03-31": "19.58", "2018-12-31": "20.25", "2018-09-30": "10.48", "2018-06-30": "9.92", "2018-03-31": "10.22", "2017-12-31": "9.01", "2017-09-30": "15.14", "2017-06-30": "16.78", "2017-03-31": "15.01", "2016-12-31": "25.16", "2016-09-30": "21.44", "2016-06-30": "20.73", "2016-03-31": "15.58", "2015-12-31": "9.10", "2015-09-30": "10.96", "2015-06-30": "9.53", "2015-03-31": "10.65", "2014-12-31": "16.01", "2014-09-30": "11.23", "2014-06-30": "13.51", "2014-03-31": "12.50", "2013-12-31": "10.59", "2013-09-30": "12.19", "2013-06-30": "17.28", "2013-03-31": "23.22", "2012-12-31": "15.76", "2012-09-30": "13.87", "2012-06-30": "11.18", "2012-03-31": "9.25", "2011-12-31": "8.10", "2011-09-30": "8.12", "2011-06-30": "7.32", "2011-03-31": "7.44", "2010-12-31": "7.19", "2010-09-30": "7.09", "2010-06-30": "6.46", "2010-03-31": "6.79", "2009-12-31": "7.58", "2009-09-30": "7.27", "2009-06-30": "7.57", "2009-03-31": "6.42", "2008-12-31": "8.17", "2008-09-30": "9.64", "2008-06-30": "13.45", "2008-03-31": "12.39", "2007-12-31": "11.94", "2007-09-30": "10.88", "2007-06-30": "14.88", "2007-03-31": "14.40", "2006-12-31": "15.25"}, "price sales": {"2021-02-11": "1.25", "2020-09-30": "1.04", "2020-06-30": "1.04", "2020-03-31": "1.03", "2019-12-31": "1.24", "2019-09-30": "1.29", "2019-06-30": "1.25", "2019-03-31": "1.28", "2018-12-31": "1.13", "2018-09-30": "1.10", "2018-06-30": "1.08", "2018-03-31": "0.98", "2017-12-31": "1.00", "2017-09-30": "0.96", "2017-06-30": "0.90", "2017-03-31": "0.90", "2016-12-31": "0.91", "2016-09-30": "0.87", "2016-06-30": "1.00", "2016-03-31": "0.97", "2015-12-31": "0.70", "2015-09-30": "0.72", "2015-06-30": "0.76", "2015-03-31": "0.82", "2014-12-31": "0.94", "2014-09-30": "0.89", "2014-06-30": "0.96", "2014-03-31": "0.87", "2013-12-31": "0.73", "2013-09-30": "0.77", "2013-06-30": "0.79", "2013-03-31": "0.88", "2012-12-31": "0.76", "2012-09-30": "0.93", "2012-06-30": "0.96", "2012-03-31": "1.00", "2011-12-31": "1.06", "2011-09-30": "1.02", "2011-06-30": "1.01", "2011-03-31": "0.96", "2010-12-31": "0.99", "2010-09-30": "1.02", "2010-06-30": "0.94", "2010-03-31": "1.09", "2009-12-31": "1.18", "2009-09-30": "1.16", "2009-06-30": "1.13", "2009-03-31": "0.97", "2008-12-31": "1.19", "2008-09-30": "1.33", "2008-06-30": "1.93", "2008-03-31": "1.75", "2007-12-31": "1.73", "2007-09-30": "1.66", "2007-06-30": "1.64", "2007-03-31": "1.62", "2006-12-31": "1.54"}, "price book": {"current": "1.21", "2021-02-11": "1.19", "2020-09-30": "0.99", "2020-06-30": "1.00", "2020-03-31": "1.01", "2019-12-31": "1.24", "2019-09-30": "1.31", "2019-06-30": "1.30", "2019-03-31": "1.36", "2018-12-31": "1.23", "2018-09-30": "1.17", "2018-06-30": "1.15", "2018-03-31": "1.05", "2017-12-31": "1.07", "2017-09-30": "1.07", "2017-06-30": "1.05", "2017-03-31": "1.04", "2016-12-31": "1.04", "2016-09-30": "0.97", "2016-06-30": "1.05", "2016-03-31": "1.03", "2015-12-31": "0.79", "2015-09-30": "0.83", "2015-06-30": "0.89", "2015-03-31": "0.96", "2014-12-31": "1.07", "2014-09-30": "0.94", "2014-06-30": "1.07", "2014-03-31": "0.99", "2013-12-31": "0.80", "2013-09-30": "0.88", "2013-06-30": "0.93", "2013-03-31": "1.04", "2012-12-31": "0.87", "2012-09-30": "1.00", "2012-06-30": "1.03", "2012-03-31": "1.08", "2011-12-31": "1.33", "2011-09-30": "1.36", "2011-06-30": "1.37", "2011-03-31": "1.32", "2010-12-31": "1.35", "2010-09-30": "1.33", "2010-06-30": "1.24", "2010-03-31": "1.38", "2009-12-31": "1.62", "2009-09-30": "1.64", "2009-06-30": "1.72", "2009-03-31": "1.45", "2008-12-31": "2.01", "2008-09-30": "2.14", "2008-06-30": "3.58", "2008-03-31": "3.22", "2007-12-31": "3.14", "2007-09-30": "2.80", "2007-06-30": "2.51", "2007-03-31": "2.65", "2006-12-31": "2.39", "2006-09-30": "2.40", "2006-06-30": "2.22", "2006-03-31": "2.17"}, "price fcf": {"2021-02-11": "", "2020-09-30": "$-2.08", "2020-06-30": "$-0.99", "2020-03-31": "$-0.66", "2019-12-31": "$-0.55", "2019-09-30": "$0.03", "2019-06-30": "$0.34", "2019-03-31": "$0.64", "2018-12-31": "$1.18", "2018-09-30": "$1.08", "2018-06-30": "$1.07", "2018-03-31": "$0.79", "2017-12-31": "$0.12", "2017-09-30": "$-0.81", "2017-06-30": "$-0.94", "2017-03-31": "$-0.23", "2016-12-31": "$-0.03", "2016-09-30": "$0.87", "2016-06-30": "$-0.48", "2016-03-31": "$-0.46", "2015-12-31": "$0.16", "2015-09-30": "$-1.68", "2015-06-30": "$-0.29", "2015-03-31": "$-0.85", "2014-12-31": "$-1.88", "2014-09-30": "$0.69", "2014-06-30": "$0.48", "2014-03-31": "$0.59", "2013-12-31": "$1.10", "2013-09-30": "$1.02", "2013-06-30": "$0.77", "2013-03-31": "$0.89", "2012-12-31": "$0.87", "2012-09-30": "$1.78", "2012-06-30": "$2.58", "2012-03-31": "$2.55", "2011-12-31": "$1.22", "2011-09-30": "$0.20", "2011-06-30": "$0.24", "2011-03-31": "$-0.64", "2010-12-31": "$2.89", "2010-09-30": "$3.28", "2010-06-30": "$3.02", "2010-03-31": "$3.87", "2009-12-31": "$4.26", "2009-09-30": "$5.63", "2009-06-30": "$7.37", "2009-03-31": "$7.33", "2008-12-31": "$5.19", "2008-09-30": "$3.45", "2008-06-30": "$2.44", "2008-03-31": "$2.43", "2007-12-31": "$2.70", "2007-09-30": "$3.28", "2007-06-30": "$2.55", "2007-03-31": "$3.22", "2006-12-31": "$3.58"}, "net worth": {"value": "$42.51B"}, "current ratio": {"current": "1.09", "2020-09-30": "1.09", "2020-06-30": "1.13", "2020-03-31": "1.06", "2019-12-31": "0.85", "2019-09-30": "0.93", "2019-06-30": "0.90", "2019-03-31": "1.02", "2018-12-31": "1.17", "2018-09-30": "1.33", "2018-06-30": "1.19", "2018-03-31": "1.14", "2017-12-31": "1.10", "2017-09-30": "1.03", "2017-06-30": "0.88", "2017-03-31": "0.85", "2016-12-31": "0.92", "2016-09-30": "1.00", "2016-06-30": "0.97", "2016-03-31": "0.83", "2015-12-31": "1.68", "2015-09-30": "2.15", "2015-06-30": "2.36", "2015-03-31": "1.54", "2014-12-31": "1.35", "2014-09-30": "1.40", "2014-06-30": "1.15", "2014-03-31": "1.32", "2013-12-31": "1.31", "2013-09-30": "1.33", "2013-06-30": "1.12", "2013-03-31": "1.12", "2012-12-31": "1.30", "2012-09-30": "1.46", "2012-06-30": "1.45", "2012-03-31": "1.31", "2011-12-31": "1.11", "2011-09-30": "1.26", "2011-06-30": "1.17", "2011-03-31": "1.12", "2010-12-31": "1.51", "2010-09-30": "1.70", "2010-06-30": "1.39", "2010-03-31": "1.31", "2009-12-31": "1.28", "2009-09-30": "1.33", "2009-06-30": "1.40", "2009-03-31": "1.45", "2008-12-31": "1.35", "2008-09-30": "1.02", "2008-06-30": "0.84", "2008-03-31": "0.85", "2007-12-31": "0.81", "2007-09-30": "0.94", "2007-06-30": "0.93", "2007-03-31": "0.87", "2006-12-31": "0.86", "2006-09-30": "0.78", "2006-06-30": "0.68", "2006-03-31": "0.65", "2005-12-31": "0.71", "2005-09-30": "0.78", "2005-06-30": "0.83", "2005-03-31": "0.64"}, "quick ratio": {"2020-09-30": "0.94", "2020-06-30": "0.97", "2020-03-31": "0.92", "2019-12-31": "0.72", "2019-09-30": "0.80", "2019-06-30": "0.77", "2019-03-31": "0.89", "2018-12-31": "1.02", "2018-09-30": "1.16", "2018-06-30": "1.03", "2018-03-31": "0.99", "2017-12-31": "0.95", "2017-09-30": "0.89", "2017-06-30": "0.76", "2017-03-31": "0.74", "2016-12-31": "0.80", "2016-09-30": "0.88", "2016-06-30": "0.84", "2016-03-31": "0.72", "2015-12-31": "1.51", "2015-09-30": "1.96", "2015-06-30": "2.14", "2015-03-31": "1.36", "2014-12-31": "1.17", "2014-09-30": "1.22", "2014-06-30": "0.98", "2014-03-31": "1.18", "2013-12-31": "1.17", "2013-09-30": "1.18", "2013-06-30": "1.00", "2013-03-31": "1.01", "2012-12-31": "1.17", "2012-09-30": "1.33", "2012-06-30": "1.33", "2012-03-31": "1.20", "2011-12-31": "0.94", "2011-09-30": "1.09", "2011-06-30": "0.98", "2011-03-31": "0.94", "2010-12-31": "1.32", "2010-09-30": "1.50", "2010-06-30": "1.20", "2010-03-31": "1.16", "2009-12-31": "1.11", "2009-09-30": "1.15", "2009-06-30": "1.22", "2009-03-31": "1.29", "2008-12-31": "1.13", "2008-09-30": "0.82", "2008-06-30": "0.73", "2008-03-31": "0.73", "2007-12-31": "0.69", "2007-09-30": "0.81", "2007-06-30": "0.80", "2007-03-31": "0.76", "2006-12-31": "0.74", "2006-09-30": "0.66", "2006-06-30": "0.57", "2006-03-31": "0.55", "2005-12-31": "0.61", "2005-09-30": "0.68", "2005-06-30": "0.72", "2005-03-31": "0.57"}, "debt equity ratio": {"current": "1.02", "2020-09-30": "2.64", "2020-06-30": "2.62", "2020-03-31": "2.60", "2019-12-31": "2.62", "2019-09-30": "2.57", "2019-06-30": "2.59", "2019-03-31": "2.61", "2018-12-31": "2.62", "2018-09-30": "2.58", "2018-06-30": "2.57", "2018-03-31": "2.59", "2017-12-31": "2.63", "2017-09-30": "2.91", "2017-06-30": "3.00", "2017-03-31": "3.14", "2016-12-31": "3.16", "2016-09-30": "3.17", "2016-06-30": "3.13", "2016-03-31": "3.11", "2015-12-31": "2.50", "2015-09-30": "2.49", "2015-06-30": "2.68", "2015-03-31": "2.55", "2014-12-31": "2.58", "2014-09-30": "2.40", "2014-06-30": "2.45", "2014-03-31": "2.49", "2013-12-31": "2.48", "2013-09-30": "2.61", "2013-06-30": "2.63", "2013-03-31": "2.67", "2012-12-31": "2.62", "2012-09-30": "2.55", "2012-06-30": "2.47", "2012-03-31": "2.51", "2011-12-31": "2.82", "2011-09-30": "2.77", "2011-06-30": "2.68", "2011-03-31": "2.69", "2010-12-31": "2.85", "2010-09-30": "2.65", "2010-06-30": "2.73", "2010-03-31": "2.77", "2009-12-31": "2.89", "2009-09-30": "2.96", "2009-06-30": "3.03", "2009-03-31": "3.07", "2008-12-31": "3.30", "2008-09-30": "2.90", "2008-06-30": "3.73", "2008-03-31": "3.66", "2007-12-31": "3.48", "2007-09-30": "3.39", "2007-06-30": "3.06", "2007-03-31": "3.42", "2006-12-31": "3.43", "2006-09-30": "3.29", "2006-06-30": "3.34", "2006-03-31": "3.61", "2005-12-31": "3.69", "2005-09-30": "3.25", "2005-06-30": "3.19", "2005-03-31": "3.37"}, "return on equity": {"2020-09-30": "6.83%", "2020-06-30": "7.65%", "2020-03-31": "7.60%", "2019-12-31": "8.60%", "2019-09-30": "6.85%", "2019-06-30": "6.78%", "2019-03-31": "7.00%", "2018-12-31": "6.08%", "2018-09-30": "11.39%", "2018-06-30": "11.94%", "2018-03-31": "10.85%", "2017-12-31": "12.59%", "2017-09-30": "7.27%", "2017-06-30": "6.27%", "2017-03-31": "7.01%", "2016-12-31": "4.09%", "2016-09-30": "4.54%", "2016-06-30": "5.05%", "2016-03-31": "6.55%", "2015-12-31": "8.70%", "2015-09-30": "7.82%", "2015-06-30": "9.47%", "2015-03-31": "9.08%", "2014-12-31": "6.75%", "2014-09-30": "8.84%", "2014-06-30": "8.02%", "2014-03-31": "8.11%", "2013-12-31": "7.82%", "2013-09-30": "7.39%", "2013-06-30": "5.35%", "2013-03-31": "4.37%", "2012-12-31": "5.26%", "2012-09-30": "6.86%", "2012-06-30": "9.26%", "2012-03-31": "12.48%", "2011-12-31": "17.57%", "2011-09-30": "17.24%", "2011-06-30": "19.13%", "2011-03-31": "18.17%", "2010-12-31": "18.93%", "2010-09-30": "19.69%", "2010-06-30": "19.56%", "2010-03-31": "21.63%", "2009-12-31": "21.97%", "2009-09-30": "23.76%", "2009-06-30": "23.74%", "2009-03-31": "25.76%", "2008-12-31": "25.85%", "2008-09-30": "25.02%", "2008-06-30": "26.54%", "2008-03-31": "25.27%", "2007-12-31": "26.15%", "2007-09-30": "26.51%", "2007-06-30": "18.94%", "2007-03-31": "19.04%", "2006-12-31": "16.49%", "2006-09-30": "1.73%", "2006-06-30": "9.76%", "2006-03-31": "8.33%", "2005-12-31": "9.46%"}, "return on assets": {"2020-09-30": "1.89%", "2020-06-30": "2.12%", "2020-03-31": "2.11%", "2019-12-31": "2.39%", "2019-09-30": "1.90%", "2019-06-30": "1.88%", "2019-03-31": "1.95%", "2018-12-31": "1.69%", "2018-09-30": "3.17%", "2018-06-30": "3.25%", "2018-03-31": "2.88%", "2017-12-31": "3.22%", "2017-09-30": "1.80%", "2017-06-30": "1.52%", "2017-03-31": "1.69%", "2016-12-31": "0.99%", "2016-09-30": "1.14%", "2016-06-30": "1.33%", "2016-03-31": "1.77%", "2015-12-31": "2.45%", "2015-09-30": "2.19%", "2015-06-30": "2.67%", "2015-03-31": "2.60%", "2014-12-31": "1.94%", "2014-09-30": "2.56%", "2014-06-30": "2.29%", "2014-03-31": "2.28%", "2013-12-31": "2.17%", "2013-09-30": "2.04%", "2013-06-30": "1.48%", "2013-03-31": "1.22%", "2012-12-31": "1.49%", "2012-09-30": "1.93%", "2012-06-30": "2.56%", "2012-03-31": "3.40%", "2011-12-31": "4.70%", "2011-09-30": "4.60%", "2011-06-30": "5.15%", "2011-03-31": "4.87%", "2010-12-31": "5.05%", "2010-09-30": "5.24%", "2010-06-30": "5.10%", "2010-03-31": "5.53%", "2009-12-31": "5.51%", "2009-09-30": "5.82%", "2009-06-30": "5.83%", "2009-03-31": "6.09%", "2008-12-31": "5.90%", "2008-09-30": "5.66%", "2008-06-30": "5.82%", "2008-03-31": "5.76%", "2007-12-31": "6.04%", "2007-09-30": "6.14%", "2007-06-30": "4.41%", "2007-03-31": "4.35%", "2006-12-31": "3.73%", "2006-09-30": "0.39%", "2006-06-30": "2.19%", "2006-03-31": "1.88%", "2005-12-31": "2.17%"}, "return on investments": {"2020-09-30": "5.05%", "2020-06-30": "5.98%", "2020-03-31": "6.50%", "2019-12-31": "6.57%", "2019-09-30": "6.15%", "2019-06-30": "5.81%", "2019-03-31": "5.95%", "2018-12-31": "5.81%", "2018-09-30": "6.74%", "2018-06-30": "7.44%", "2018-03-31": "6.60%", "2017-12-31": "7.10%", "2017-09-30": "6.47%", "2017-06-30": "6.14%", "2017-03-31": "6.74%", "2016-12-31": "5.42%", "2016-09-30": "5.43%", "2016-06-30": "5.51%", "2016-03-31": "6.65%", "2015-12-31": "8.78%", "2015-09-30": "8.38%", "2015-06-30": "9.88%", "2015-03-31": "9.67%", "2014-12-31": "7.12%", "2014-09-30": "8.53%", "2014-06-30": "7.59%", "2014-03-31": "8.19%", "2013-12-31": "9.21%", "2013-09-30": "8.76%", "2013-06-30": "7.13%", "2013-03-31": "6.32%", "2012-12-31": "5.91%", "2012-09-30": "7.45%", "2012-06-30": "9.93%", "2012-03-31": "12.19%", "2011-12-31": "16.92%", "2011-09-30": "16.62%", "2011-06-30": "17.48%", "2011-03-31": "17.74%", "2010-12-31": "18.79%", "2010-09-30": "19.63%", "2010-06-30": "20.21%", "2010-03-31": "20.24%", "2009-12-31": "19.69%", "2009-09-30": "20.83%", "2009-06-30": "20.88%", "2009-03-31": "23.00%", "2008-12-31": "22.87%", "2008-09-30": "21.34%", "2008-06-30": "21.47%", "2008-03-31": "20.66%", "2007-12-31": "21.17%", "2007-09-30": "21.98%", "2007-06-30": "18.01%", "2007-03-31": "18.09%", "2006-12-31": "16.53%", "2006-09-30": "9.71%", "2006-06-30": "13.69%", "2006-03-31": "12.06%", "2005-12-31": "12.60%"}, "return on tangible equity": {"2020-09-30": "8.45%", "2020-06-30": "9.48%", "2020-03-31": "9.43%", "2019-12-31": "10.69%", "2019-09-30": "8.54%", "2019-06-30": "8.47%", "2019-03-31": "8.76%", "2018-12-31": "7.63%", "2018-09-30": "14.30%", "2018-06-30": "15.09%", "2018-03-31": "13.82%", "2017-12-31": "16.19%", "2017-09-30": "9.45%", "2017-06-30": "8.22%", "2017-03-31": "9.24%", "2016-12-31": "5.41%", "2016-09-30": "5.73%", "2016-06-30": "6.10%", "2016-03-31": "7.59%", "2015-12-31": "9.70%", "2015-09-30": "8.75%", "2015-06-30": "10.62%", "2015-03-31": "10.19%", "2014-12-31": "7.59%", "2014-09-30": "9.95%", "2014-06-30": "9.06%", "2014-03-31": "9.19%", "2013-12-31": "8.88%", "2013-09-30": "8.41%", "2013-06-30": "6.09%", "2013-03-31": "4.97%", "2012-12-31": "5.97%", "2012-09-30": "7.88%", "2012-06-30": "10.81%", "2012-03-31": "14.89%", "2011-12-31": "21.56%", "2011-09-30": "21.23%", "2011-06-30": "23.58%", "2011-03-31": "22.49%", "2010-12-31": "23.48%", "2010-09-30": "24.52%", "2010-06-30": "24.54%", "2010-03-31": "27.28%", "2009-12-31": "27.91%", "2009-09-30": "30.47%", "2009-06-30": "30.60%", "2009-03-31": "33.71%", "2008-12-31": "34.37%", "2008-09-30": "33.51%", "2008-06-30": "35.91%", "2008-03-31": "33.85%", "2007-12-31": "34.97%", "2007-09-30": "35.56%", "2007-06-30": "25.60%", "2007-03-31": "26.85%", "2006-12-31": "24.22%", "2006-09-30": "2.65%", "2006-06-30": "16.15%", "2006-03-31": "14.47%", "2005-12-31": "17.20%"}, "dividend yield history": {"last payout": "$1.53", "last yield": "3.51%"}}