{"ticker": "EXEL", "price": {"title": "Exelixis Historical Annual Stock Price Data", "value": 23.17, "historical": {"2020": {"Average Stock Price": "21.4541", "Year Open": "17.6600", "Year High": "27.4200", "Year Low": "14.4600", "Year Close": "20.0700", "Annual % Change": "13.90%"}, "2019": {"Average Stock Price": "20.2044", "Year Open": "19.9300", "Year High": "24.7600", "Year Low": "15.1500", "Year Close": "17.6200", "Annual % Change": "-10.42%"}, "2018": {"Average Stock Price": "21.3594", "Year Open": "31.4000", "Year High": "31.8900", "Year Low": "13.6500", "Year Close": "19.6700", "Annual % Change": "-35.30%"}, "2017": {"Average Stock Price": "23.6912", "Year Open": "14.7300", "Year High": "30.9300", "Year Low": "14.7300", "Year Close": "30.4000", "Annual % Change": "103.89%"}, "2016": {"Average Stock Price": "8.8409", "Year Open": "5.4900", "Year High": "18.2500", "Year Low": "3.6400", "Year Close": "14.9100", "Annual % Change": "164.36%"}, "2015": {"Average Stock Price": "4.1775", "Year Open": "1.6500", "Year High": "6.6200", "Year Low": "1.5800", "Year Close": "5.6400", "Annual % Change": "291.67%"}, "2014": {"Average Stock Price": "3.7219", "Year Open": "6.1800", "Year High": "8.2400", "Year Low": "1.2900", "Year Close": "1.4400", "Annual % Change": "-76.51%"}, "2013": {"Average Stock Price": "5.0341", "Year Open": "4.8300", "Year High": "6.1300", "Year Low": "4.4000", "Year Close": "6.1300", "Annual % Change": "34.14%"}, "2012": {"Average Stock Price": "5.0902", "Year Open": "4.6600", "Year High": "6.4700", "Year Low": "4.2840", "Year Close": "4.5700", "Annual % Change": "-3.48%"}, "2011": {"Average Stock Price": "8.2141", "Year Open": "8.4950", "Year High": "12.4500", "Year Low": "3.9500", "Year Close": "4.7350", "Annual % Change": "-42.33%"}, "2010": {"Average Stock Price": "5.2375", "Year Open": "7.5000", "Year High": "9.0800", "Year Low": "2.8800", "Year Close": "8.2100", "Annual % Change": "11.40%"}, "2009": {"Average Stock Price": "5.5646", "Year Open": "5.2200", "Year High": "8.0000", "Year Low": "4.1600", "Year Close": "7.3700", "Annual % Change": "46.81%"}, "2008": {"Average Stock Price": "5.8875", "Year Open": "8.7400", "Year High": "8.7400", "Year Low": "2.4000", "Year Close": "5.0200", "Annual % Change": "-41.83%"}, "2007": {"Average Stock Price": "10.4600", "Year Open": "9.4700", "Year High": "12.3800", "Year Low": "7.9700", "Year Close": "8.6300", "Annual % Change": "-4.11%"}, "2006": {"Average Stock Price": "9.8708", "Year Open": "9.7400", "Year High": "12.1200", "Year Low": "7.5700", "Year Close": "9.0000", "Annual % Change": "-4.46%"}, "2005": {"Average Stock Price": "7.7525", "Year Open": "9.2000", "Year High": "9.8600", "Year Low": "6.1100", "Year Close": "9.4200", "Annual % Change": "-0.84%"}, "2004": {"Average Stock Price": "8.5272", "Year Open": "7.0000", "Year High": "10.2200", "Year Low": "6.1200", "Year Close": "9.5000", "Annual % Change": "34.75%"}, "2003": {"Average Stock Price": "7.2335", "Year Open": "7.6090", "Year High": "9.3800", "Year Low": "5.1700", "Year Close": "7.0500", "Annual % Change": "-11.88%"}, "2002": {"Average Stock Price": "8.0600", "Year Open": "15.8100", "Year High": "16.5000", "Year Low": "3.0200", "Year Close": "8.0000", "Annual % Change": "-51.87%"}, "2001": {"Average Stock Price": "13.7222", "Year Open": "12.6900", "Year High": "19.1500", "Year Low": "8.0000", "Year Close": "16.6200", "Annual % Change": "13.60%"}, "2000": {"Average Stock Price": "28.8885", "Year Open": "14.7500", "Year High": "49.2500", "Year Low": "11.5600", "Year Close": "14.6300", "Annual % Change": "0.00%"}}}, "market cap": {"value": "$7.19B"}, "income statement": {"Revenue": {"2019-12-31": "967.77500", "2018-12-31": "853.82600", "2017-12-31": "452.47700", "2016-12-31": "191.45400", "2015-12-31": "37.17200", "2014-12-31": "25.11100", "2013-12-31": "31.33800", "2012-12-31": "47.45000", "2011-12-31": "289.63600", "2010-12-31": "185.04500", "2009-12-31": "151.75900", "2008-12-31": "117.85900", "2007-12-31": "113.47000", "2006-12-31": "98.67000", "2005-12-31": "75.96100"}, "Cost Of Goods Sold": {"2019-12-31": "33.09700", "2018-12-31": "26.34800", "2017-12-31": "15.06600", "2016-12-31": "6.55200", "2015-12-31": "3.89500", "2014-12-31": "2.04300", "2013-12-31": "1.11800", "2012-12-31": "", "2011-12-31": "", "2010-12-31": "", "2009-12-31": "", "2008-12-31": "", "2007-12-31": "", "2006-12-31": "", "2005-12-31": ""}, "Gross Profit": {"2019-12-31": "934.67800", "2018-12-31": "827.47800", "2017-12-31": "437.41100", "2016-12-31": "184.90200", "2015-12-31": "33.27700", "2014-12-31": "23.06800", "2013-12-31": "30.22000", "2012-12-31": "47.45000", "2011-12-31": "289.63600", "2010-12-31": "185.04500", "2009-12-31": "151.75900", "2008-12-31": "117.85900", "2007-12-31": "113.47000", "2006-12-31": "98.67000", "2005-12-31": "75.96100"}, "Research And Development Expenses": {"2019-12-31": "336.96400", "2018-12-31": "182.25700", "2017-12-31": "112.17100", "2016-12-31": "95.96700", "2015-12-31": "96.35100", "2014-12-31": "189.10100", "2013-12-31": "178.76300", "2012-12-31": "128.87800", "2011-12-31": "156.83600", "2010-12-31": "210.67800", "2009-12-31": "234.70200", "2008-12-31": "257.39000", "2007-12-31": "225.37500", "2006-12-31": "185.48100", "2005-12-31": "141.13500"}, "SG&A Expenses": {"2019-12-31": "228.24400", "2018-12-31": "206.36600", "2017-12-31": "159.33000", "2016-12-31": "116.14500", "2015-12-31": "57.30500", "2014-12-31": "50.82900", "2013-12-31": "50.95800", "2012-12-31": "31.83700", "2011-12-31": "33.12900", "2010-12-31": "33.02000", "2009-12-31": "34.38200", "2008-12-31": "36.89200", "2007-12-31": "44.94000", "2006-12-31": "39.12300", "2005-12-31": "27.73100"}, "Other Operating Income Or Expenses": {"2019-12-31": "", "2018-12-31": "", "2017-12-31": "", "2016-12-31": "", "2015-12-31": "", "2014-12-31": "", "2013-12-31": "", "2012-12-31": "", "2011-12-31": "", "2010-12-31": "", "2009-12-31": "-4.58200", "2008-12-31": "", "2007-12-31": "", "2006-12-31": "", "2005-12-31": ""}, "Operating Expenses": {"2019-12-31": "598.30500", "2018-12-31": "414.97100", "2017-12-31": "286.56700", "2016-12-31": "219.57800", "2015-12-31": "158.59300", "2014-12-31": "249.56900", "2013-12-31": "232.07000", "2012-12-31": "169.88600", "2011-12-31": "200.10100", "2010-12-31": "276.44200", "2009-12-31": "273.66600", "2008-12-31": "297.17200", "2007-12-31": "270.51700", "2006-12-31": "225.42400", "2005-12-31": "169.95200"}, "Operating Income": {"2019-12-31": "369.47000", "2018-12-31": "438.85500", "2017-12-31": "165.91000", "2016-12-31": "-28.12400", "2015-12-31": "-121.42100", "2014-12-31": "-224.45800", "2013-12-31": "-200.73200", "2012-12-31": "-122.43600", "2011-12-31": "89.53500", "2010-12-31": "-91.39700", "2009-12-31": "-121.90700", "2008-12-31": "-179.31300", "2007-12-31": "-157.04700", "2006-12-31": "-126.75400", "2005-12-31": "-93.99100"}, "Total Non-Operating Income/Expense": {"2019-12-31": "28.63900", "2018-12-31": "13.23700", "2017-12-31": "-7.33300", "2016-12-31": "-42.09800", "2015-12-31": "-40.26800", "2014-12-31": "-37.02100", "2013-12-31": "-44.12400", "2012-12-31": "-25.10200", "2011-12-31": "-12.54300", "2010-12-31": "-1.00500", "2009-12-31": "-18.93600", "2008-12-31": "3.74300", "2007-12-31": "46.02500", "2006-12-31": "3.56500", "2005-12-31": "-0.81900"}, "Pre-Tax Income": {"2019-12-31": "398.10900", "2018-12-31": "452.09200", "2017-12-31": "158.57700", "2016-12-31": "-70.22200", "2015-12-31": "-161.68900", "2014-12-31": "-261.47900", "2013-12-31": "-244.85600", "2012-12-31": "-147.53800", "2011-12-31": "76.99200", "2010-12-31": "-92.40200", "2009-12-31": "-140.84300", "2008-12-31": "-175.57000", "2007-12-31": "-111.02200", "2006-12-31": "-123.18900", "2005-12-31": "-94.81000"}, "Income Taxes": {"2019-12-31": "77.09700", "2018-12-31": "-237.97800", "2017-12-31": "4.35000", "2016-12-31": "", "2015-12-31": "0.05500", "2014-12-31": "-0.18200", "2013-12-31": "-0.09600", "2012-12-31": "0.10700", "2011-12-31": "1.29500", "2010-12-31": "-0.07200", "2009-12-31": "-1.28600", "2008-12-31": "", "2007-12-31": "", "2006-12-31": "", "2005-12-31": ""}, "Income After Taxes": {"2019-12-31": "321.01200", "2018-12-31": "690.07000", "2017-12-31": "154.22700", "2016-12-31": "-70.22200", "2015-12-31": "-161.74400", "2014-12-31": "-261.29700", "2013-12-31": "-244.76000", "2012-12-31": "-147.64500", "2011-12-31": "75.69700", "2010-12-31": "-92.33000", "2009-12-31": "-139.55700", "2008-12-31": "-175.57000", "2007-12-31": "-111.02200", "2006-12-31": "-123.18900", "2005-12-31": "-94.81000"}, "Other Income": {"2019-12-31": "", "2018-12-31": "", "2017-12-31": "", "2016-12-31": "", "2015-12-31": "", "2014-12-31": "", "2013-12-31": "", "2012-12-31": "", "2011-12-31": "", "2010-12-31": "", "2009-12-31": "", "2008-12-31": "", "2007-12-31": "", "2006-12-31": "", "2005-12-31": ""}, "Income From Continuous Operations": {"2019-12-31": "321.01200", "2018-12-31": "690.07000", "2017-12-31": "154.22700", "2016-12-31": "-70.22200", "2015-12-31": "-161.74400", "2014-12-31": "-261.29700", "2013-12-31": "-244.76000", "2012-12-31": "-147.64500", "2011-12-31": "75.69700", "2010-12-31": "-92.33000", "2009-12-31": "-139.55700", "2008-12-31": "-175.57000", "2007-12-31": "-111.02200", "2006-12-31": "-101.49200", "2005-12-31": "-84.40400"}, "Income From Discontinued Operations": {"2019-12-31": "", "2018-12-31": "", "2017-12-31": "", "2016-12-31": "", "2015-12-31": "", "2014-12-31": "", "2013-12-31": "", "2012-12-31": "", "2011-12-31": "", "2010-12-31": "", "2009-12-31": "", "2008-12-31": "", "2007-12-31": "", "2006-12-31": "", "2005-12-31": ""}, "Net Income": {"2019-12-31": "321.01200", "2018-12-31": "690.07000", "2017-12-31": "154.22700", "2016-12-31": "-70.22200", "2015-12-31": "-161.74400", "2014-12-31": "-261.29700", "2013-12-31": "-244.76000", "2012-12-31": "-147.64500", "2011-12-31": "75.69700", "2010-12-31": "-92.33000", "2009-12-31": "-135.22000", "2008-12-31": "-162.85400", "2007-12-31": "-86.38100", "2006-12-31": "-101.49200", "2005-12-31": "-84.40400"}, "EBITDA": {"2019-12-31": "377.81800", "2018-12-31": "443.77000", "2017-12-31": "167.09700", "2016-12-31": "-18.69000", "2015-12-31": "-102.97400", "2014-12-31": "-199.77800", "2013-12-31": "-197.58500", "2012-12-31": "-116.92300", "2011-12-31": "96.35700", "2010-12-31": "-80.85400", "2009-12-31": "-109.31200", "2008-12-31": "-166.08600", "2007-12-31": "-145.71500", "2006-12-31": "-109.84400", "2005-12-31": "-76.23600"}, "EBIT": {"2019-12-31": "369.47000", "2018-12-31": "438.85500", "2017-12-31": "165.91000", "2016-12-31": "-28.12400", "2015-12-31": "-121.42100", "2014-12-31": "-224.45800", "2013-12-31": "-200.73200", "2012-12-31": "-122.43600", "2011-12-31": "89.53500", "2010-12-31": "-91.39700", "2009-12-31": "-121.90700", "2008-12-31": "-179.31300", "2007-12-31": "-157.04700", "2006-12-31": "-126.75400", "2005-12-31": "-93.99100"}, "Basic Shares Outstanding": {"2019-12-31": "302.58400", "2018-12-31": "297.89200", "2017-12-31": "293.58800", "2016-12-31": "250.53100", "2015-12-31": "209.22700", "2014-12-31": "194.29900", "2013-12-31": "184.06200", "2012-12-31": "160.13800", "2011-12-31": "126.01800", "2010-12-31": "108.52200", "2009-12-31": "107.07300", "2008-12-31": "105.49800", "2007-12-31": "99.14700", "2006-12-31": "86.60200", "2005-12-31": "78.81000"}, "Shares Outstanding": {"2019-12-31": "315.00900", "2018-12-31": "312.80300", "2017-12-31": "312.00300", "2016-12-31": "250.53100", "2015-12-31": "209.22700", "2014-12-31": "194.29900", "2013-12-31": "184.06200", "2012-12-31": "160.13800", "2011-12-31": "130.47900", "2010-12-31": "108.52200", "2009-12-31": "107.07300", "2008-12-31": "105.49800", "2007-12-31": "99.14700", "2006-12-31": "86.60200", "2005-12-31": "78.81000"}, "Basic EPS": {"2019-12-31": "1.06000", "2018-12-31": "2.32000", "2017-12-31": "0.52000", "2016-12-31": "-0.28000", "2015-12-31": "-0.77000", "2014-12-31": "-1.34000", "2013-12-31": "-1.33000", "2012-12-31": "-0.92000", "2011-12-31": "0.60000", "2010-12-31": "-0.85000", "2009-12-31": "-1.26000", "2008-12-31": "-1.54000", "2007-12-31": "-0.87000", "2006-12-31": "-1.17000", "2005-12-31": "-1.07000"}, "EPS - Earnings Per Share": {"2019-12-31": "1.02000", "2018-12-31": "2.21000", "2017-12-31": "0.49000", "2016-12-31": "-0.28000", "2015-12-31": "-0.77000", "2014-12-31": "-1.34000", "2013-12-31": "-1.33000", "2012-12-31": "-0.92000", "2011-12-31": "0.58000", "2010-12-31": "-0.85000", "2009-12-31": "-1.26000", "2008-12-31": "-1.54000", "2007-12-31": "-0.87000", "2006-12-31": "-1.17000", "2005-12-31": "-1.07000"}}, "income statement, quarterly": {"Revenue": {"2020-09-30": "231.09200", "2020-06-30": "259.47900", "2020-03-31": "226.91500", "2019-12-31": "240.31000", "2019-09-30": "271.70300", "2019-06-30": "240.27500", "2019-03-31": "215.48700", "2018-12-31": "228.60200", "2018-09-30": "225.39700", "2018-06-30": "186.10800", "2018-03-31": "213.71900", "2017-12-31": "120.07200", "2017-09-30": "152.51000", "2017-06-30": "99.00800", "2017-03-31": "80.88700", "2016-12-31": "77.58100", "2016-09-30": "62.19400", "2016-06-30": "36.25200", "2016-03-31": "15.42700", "2015-12-31": "9.93800", "2015-09-30": "9.85400", "2015-06-30": "7.99200", "2015-03-31": "9.38800", "2014-12-31": "7.35300", "2014-09-30": "6.29100", "2014-06-30": "6.56200", "2014-03-31": "4.90500", "2013-12-31": "4.34700", "2013-09-30": "5.46600", "2013-06-30": "11.85600", "2013-03-31": "9.66900", "2012-12-31": "7.81400", "2012-09-30": "13.31300", "2012-06-30": "7.81300", "2012-03-31": "18.51000", "2011-12-31": "93.30900", "2011-09-30": "128.27200", "2011-06-30": "32.16200", "2011-03-31": "35.89300", "2010-12-31": "40.77600", "2010-09-30": "54.47400", "2010-06-30": "47.59600", "2010-03-31": "42.19900", "2009-12-31": "44.07900", "2009-09-30": "54.97600", "2009-06-30": "27.40200", "2009-03-31": "25.30200", "2008-12-31": "29.57100", "2008-09-30": "29.93200", "2008-06-30": "30.41200", "2008-03-31": "27.94400", "2007-12-31": "29.25000", "2007-09-30": "26.82500", "2007-06-30": "29.25900", "2007-03-31": "28.13600", "2006-12-31": "29.77100", "2006-09-30": "23.54000", "2006-06-30": "27.24000", "2006-03-31": "18.11900", "2005-12-31": "14.37700", "2005-09-30": "14.40000", "2005-06-30": "34.31000", "2005-03-31": "12.87400"}, "Cost Of Goods Sold": {"2020-09-30": "8.72500", "2020-06-30": "9.22100", "2020-03-31": "9.28900", "2019-12-31": "10.52000", "2019-09-30": "7.53700", "2019-06-30": "7.53900", "2019-03-31": "7.50100", "2018-12-31": "7.35200", "2018-09-30": "7.36000", "2018-06-30": "5.99700", "2018-03-31": "5.63900", "2017-12-31": "4.19100", "2017-09-30": "4.65800", "2017-06-30": "3.01400", "2017-03-31": "3.20300", "2016-12-31": "1.85200", "2016-09-30": "2.45500", "2016-06-30": "1.56000", "2016-03-31": "0.68500", "2015-12-31": "1.02300", "2015-09-30": "1.42000", "2015-06-30": "0.68600", "2015-03-31": "0.76600", "2014-12-31": "0.68400", "2014-09-30": "0.57300", "2014-06-30": "0.47700", "2014-03-31": "0.30900", "2013-12-31": "0.26300", "2013-09-30": "0.29000", "2013-06-30": "0.28500", "2013-03-31": "0.28000", "2012-12-31": "", "2012-09-30": "", "2012-06-30": "", "2012-03-31": "", "2011-12-31": "", "2011-09-30": "", "2011-06-30": "", "2011-03-31": "", "2010-12-31": "", "2010-09-30": "", "2010-06-30": "", "2010-03-31": "", "2009-12-31": "", "2009-09-30": "", "2009-06-30": "", "2009-03-31": "", "2008-12-31": "", "2008-09-30": "", "2008-06-30": "", "2008-03-31": "", "2007-12-31": "", "2007-09-30": "", "2007-06-30": "", "2007-03-31": "", "2006-12-31": "", "2006-09-30": "", "2006-06-30": "", "2006-03-31": "", "2005-12-31": "", "2005-09-30": "", "2005-06-30": "", "2005-03-31": ""}, "Gross Profit": {"2020-09-30": "222.36700", "2020-06-30": "250.25800", "2020-03-31": "217.62600", "2019-12-31": "229.79000", "2019-09-30": "264.16600", "2019-06-30": "232.73600", "2019-03-31": "207.98600", "2018-12-31": "221.25000", "2018-09-30": "218.03700", "2018-06-30": "180.11100", "2018-03-31": "208.08000", "2017-12-31": "115.88100", "2017-09-30": "147.85200", "2017-06-30": "95.99400", "2017-03-31": "77.68400", "2016-12-31": "75.72900", "2016-09-30": "59.73900", "2016-06-30": "34.69200", "2016-03-31": "14.74200", "2015-12-31": "8.91500", "2015-09-30": "8.43400", "2015-06-30": "7.30600", "2015-03-31": "8.62200", "2014-12-31": "6.66900", "2014-09-30": "5.71800", "2014-06-30": "6.08500", "2014-03-31": "4.59600", "2013-12-31": "4.08400", "2013-09-30": "5.17600", "2013-06-30": "11.57100", "2013-03-31": "9.38900", "2012-12-31": "7.81400", "2012-09-30": "13.31300", "2012-06-30": "7.81300", "2012-03-31": "18.51000", "2011-12-31": "93.30900", "2011-09-30": "128.27200", "2011-06-30": "32.16200", "2011-03-31": "35.89300", "2010-12-31": "40.77600", "2010-09-30": "54.47400", "2010-06-30": "47.59600", "2010-03-31": "42.19900", "2009-12-31": "44.07900", "2009-09-30": "54.97600", "2009-06-30": "27.40200", "2009-03-31": "25.30200", "2008-12-31": "29.57100", "2008-09-30": "29.93200", "2008-06-30": "30.41200", "2008-03-31": "27.94400", "2007-12-31": "29.25000", "2007-09-30": "26.82500", "2007-06-30": "29.25900", "2007-03-31": "28.13600", "2006-12-31": "29.77100", "2006-09-30": "23.54000", "2006-06-30": "27.24000", "2006-03-31": "18.11900", "2005-12-31": "14.37700", "2005-09-30": "14.40000", "2005-06-30": "34.31000", "2005-03-31": "12.87400"}, "Research And Development Expenses": {"2020-09-30": "176.76200", "2020-06-30": "114.93300", "2020-03-31": "101.87700", "2019-12-31": "94.44800", "2019-09-30": "97.29500", "2019-06-30": "81.93200", "2019-03-31": "63.28900", "2018-12-31": "57.27100", "2018-09-30": "44.74100", "2018-06-30": "42.48800", "2018-03-31": "37.75700", "2017-12-31": "32.20400", "2017-09-30": "28.54300", "2017-06-30": "28.21400", "2017-03-31": "23.21000", "2016-12-31": "23.80100", "2016-09-30": "20.25600", "2016-06-30": "22.98400", "2016-03-31": "28.92600", "2015-12-31": "23.47200", "2015-09-30": "26.09100", "2015-06-30": "24.50600", "2015-03-31": "22.28200", "2014-12-31": "39.65000", "2014-09-30": "43.62800", "2014-06-30": "50.97600", "2014-03-31": "54.84700", "2013-12-31": "49.59700", "2013-09-30": "47.35400", "2013-06-30": "49.07700", "2013-03-31": "32.73500", "2012-12-31": "32.49200", "2012-09-30": "30.68000", "2012-06-30": "32.61000", "2012-03-31": "33.09600", "2011-12-31": "30.77900", "2011-09-30": "37.46500", "2011-06-30": "42.90100", "2011-03-31": "45.69100", "2010-12-31": "42.30200", "2010-09-30": "49.38800", "2010-06-30": "54.23700", "2010-03-31": "64.75100", "2009-12-31": "64.13600", "2009-09-30": "60.18600", "2009-06-30": "55.03600", "2009-03-31": "55.34400", "2008-12-31": "56.87800", "2008-09-30": "65.67000", "2008-06-30": "68.86900", "2008-03-31": "65.97300", "2007-12-31": "60.21600", "2007-09-30": "58.64300", "2007-06-30": "56.30600", "2007-03-31": "50.21000", "2006-12-31": "52.13700", "2006-09-30": "46.04800", "2006-06-30": "47.39900", "2006-03-31": "39.89700", "2005-12-31": "36.04400", "2005-09-30": "35.20200", "2005-06-30": "36.56800", "2005-03-31": "33.32100"}, "SG&A Expenses": {"2020-09-30": "88.18500", "2020-06-30": "59.79100", "2020-03-31": "62.94000", "2019-12-31": "58.02600", "2019-09-30": "51.26500", "2019-06-30": "58.81500", "2019-03-31": "60.13800", "2018-12-31": "52.37700", "2018-09-30": "48.12000", "2018-06-30": "51.85300", "2018-03-31": "54.01600", "2017-12-31": "46.24600", "2017-09-30": "38.12900", "2017-06-30": "40.66700", "2017-03-31": "34.28800", "2016-12-31": "13.00200", "2016-09-30": "32.46300", "2016-06-30": "35.82300", "2016-03-31": "34.85700", "2015-12-31": "17.14300", "2015-09-30": "17.84200", "2015-06-30": "12.78900", "2015-03-31": "9.53100", "2014-12-31": "9.76600", "2014-09-30": "9.90600", "2014-06-30": "16.46600", "2014-03-31": "14.69100", "2013-12-31": "13.63500", "2013-09-30": "13.59800", "2013-06-30": "13.18000", "2013-03-31": "10.54500", "2012-12-31": "9.82900", "2012-09-30": "7.34300", "2012-06-30": "6.76000", "2012-03-31": "7.90500", "2011-12-31": "7.01000", "2011-09-30": "8.17100", "2011-06-30": "8.78300", "2011-03-31": "9.16500", "2010-12-31": "5.66200", "2010-09-30": "8.95200", "2010-06-30": "9.57100", "2010-03-31": "8.83500", "2009-12-31": "8.47100", "2009-09-30": "8.64300", "2009-06-30": "8.73900", "2009-03-31": "8.52900", "2008-12-31": "9.10600", "2008-09-30": "8.86700", "2008-06-30": "10.22800", "2008-03-31": "8.69100", "2007-12-31": "11.78900", "2007-09-30": "10.75700", "2007-06-30": "11.18300", "2007-03-31": "11.21100", "2006-12-31": "11.28900", "2006-09-30": "8.84300", "2006-06-30": "9.98400", "2006-03-31": "9.00700", "2005-12-31": "7.55800", "2005-09-30": "6.81900", "2005-06-30": "7.11200", "2005-03-31": "6.24200"}, "Other Operating Income Or Expenses": {"2020-09-30": "", "2020-06-30": "", "2020-03-31": "", "2019-12-31": "", "2019-09-30": "", "2019-06-30": "", "2019-03-31": "", "2018-12-31": "", "2018-09-30": "", "2018-06-30": "", "2018-03-31": "", "2017-12-31": "", "2017-09-30": "", "2017-06-30": "", "2017-03-31": "", "2016-12-31": "", "2016-09-30": "", "2016-06-30": "", "2016-03-31": "", "2015-12-31": "", "2015-09-30": "", "2015-06-30": "", "2015-03-31": "", "2014-12-31": "", "2014-09-30": "", "2014-06-30": "", "2014-03-31": "", "2013-12-31": "", "2013-09-30": "", "2013-06-30": "", "2013-03-31": "", "2012-12-31": "", "2012-09-30": "", "2012-06-30": "", "2012-03-31": "", "2011-12-31": "", "2011-09-30": "", "2011-06-30": "", "2011-03-31": "", "2010-12-31": "", "2010-09-30": "", "2010-06-30": "", "2010-03-31": "", "2009-12-31": "-1.77500", "2009-09-30": "-2.96500", "2009-06-30": "-1.63900", "2009-03-31": "1.79700", "2008-12-31": "", "2008-09-30": "", "2008-06-30": "", "2008-03-31": "", "2007-12-31": "", "2007-09-30": "", "2007-06-30": "", "2007-03-31": "", "2006-12-31": "", "2006-09-30": "", "2006-06-30": "", "2006-03-31": "", "2005-12-31": "", "2005-09-30": "", "2005-06-30": "", "2005-03-31": ""}, "Operating Expenses": {"2020-09-30": "273.67200", "2020-06-30": "183.94500", "2020-03-31": "174.10600", "2019-12-31": "162.99400", "2019-09-30": "156.09700", "2019-06-30": "148.28600", "2019-03-31": "130.92800", "2018-12-31": "117.00000", "2018-09-30": "100.22100", "2018-06-30": "100.33800", "2018-03-31": "97.41200", "2017-12-31": "82.64100", "2017-09-30": "71.33000", "2017-06-30": "71.89500", "2017-03-31": "60.70100", "2016-12-31": "38.69800", "2016-09-30": "54.93000", "2016-06-30": "61.38800", "2016-03-31": "64.56200", "2015-12-31": "41.53800", "2015-09-30": "45.63500", "2015-06-30": "39.27200", "2015-03-31": "32.14800", "2014-12-31": "53.56100", "2014-09-30": "57.86500", "2014-06-30": "68.25000", "2014-03-31": "69.89300", "2013-12-31": "63.86100", "2013-09-30": "61.37900", "2013-06-30": "63.15100", "2013-03-31": "43.67900", "2012-12-31": "49.78800", "2012-09-30": "38.75600", "2012-06-30": "40.53600", "2012-03-31": "40.80600", "2011-12-31": "41.73500", "2011-09-30": "48.57300", "2011-06-30": "50.17000", "2011-03-31": "59.62300", "2010-12-31": "54.88500", "2010-09-30": "58.67900", "2010-06-30": "73.22700", "2010-03-31": "89.65100", "2009-12-31": "74.38200", "2009-09-30": "71.79400", "2009-06-30": "65.41400", "2009-03-31": "62.07600", "2008-12-31": "68.87400", "2008-09-30": "74.53700", "2008-06-30": "79.09700", "2008-03-31": "74.66400", "2007-12-31": "72.01200", "2007-09-30": "69.45100", "2007-06-30": "67.56100", "2007-03-31": "61.49300", "2006-12-31": "63.52400", "2006-09-30": "55.10100", "2006-06-30": "57.62300", "2006-03-31": "49.17600", "2005-12-31": "43.87300", "2005-09-30": "42.29200", "2005-06-30": "43.95200", "2005-03-31": "39.83500"}, "Operating Income": {"2020-09-30": "-42.58000", "2020-06-30": "75.53400", "2020-03-31": "52.80900", "2019-12-31": "77.31600", "2019-09-30": "115.60600", "2019-06-30": "91.98900", "2019-03-31": "84.55900", "2018-12-31": "111.60200", "2018-09-30": "125.17600", "2018-06-30": "85.77000", "2018-03-31": "116.30700", "2017-12-31": "37.43100", "2017-09-30": "81.18000", "2017-06-30": "27.11300", "2017-03-31": "20.18600", "2016-12-31": "38.88300", "2016-09-30": "7.26400", "2016-06-30": "-25.13600", "2016-03-31": "-49.13500", "2015-12-31": "-31.60000", "2015-09-30": "-35.78100", "2015-06-30": "-31.28000", "2015-03-31": "-22.76000", "2014-12-31": "-46.20800", "2014-09-30": "-51.57400", "2014-06-30": "-61.68800", "2014-03-31": "-64.98800", "2013-12-31": "-59.51400", "2013-09-30": "-55.91300", "2013-06-30": "-51.29500", "2013-03-31": "-34.01000", "2012-12-31": "-41.97400", "2012-09-30": "-25.44300", "2012-06-30": "-32.72300", "2012-03-31": "-22.29600", "2011-12-31": "51.57400", "2011-09-30": "79.69900", "2011-06-30": "-18.00800", "2011-03-31": "-23.73000", "2010-12-31": "-14.10900", "2010-09-30": "-4.20500", "2010-06-30": "-25.63100", "2010-03-31": "-47.45200", "2009-12-31": "-30.30300", "2009-09-30": "-16.81800", "2009-06-30": "-38.01200", "2009-03-31": "-36.77400", "2008-12-31": "-39.30300", "2008-09-30": "-44.60500", "2008-06-30": "-48.68500", "2008-03-31": "-46.72000", "2007-12-31": "-42.76200", "2007-09-30": "-42.62600", "2007-06-30": "-38.30200", "2007-03-31": "-33.35700", "2006-12-31": "-33.75300", "2006-09-30": "-31.56100", "2006-06-30": "-30.38300", "2006-03-31": "-31.05700", "2005-12-31": "-29.49600", "2005-09-30": "-27.89200", "2005-06-30": "-9.64200", "2005-03-31": "-26.96100"}, "Total Non-Operating Income/Expense": {"2020-09-30": "4.55900", "2020-06-30": "5.16200", "2020-03-31": "7.22600", "2019-12-31": "7.69800", "2019-09-30": "7.05100", "2019-06-30": "7.77800", "2019-03-31": "6.11200", "2018-12-31": "4.77000", "2018-09-30": "3.77800", "2018-06-30": "2.62500", "2018-03-31": "2.06400", "2017-12-31": "1.48700", "2017-09-30": "3.40800", "2017-06-30": "-8.87600", "2017-03-31": "-3.35200", "2016-12-31": "-3.76000", "2016-09-30": "-18.54800", "2016-06-30": "-9.70200", "2016-03-31": "-10.08800", "2015-12-31": "-6.01500", "2015-09-30": "-9.76100", "2015-06-30": "-12.08200", "2015-03-31": "-12.41000", "2014-12-31": "-4.68200", "2014-09-30": "-10.98600", "2014-06-30": "-11.72200", "2014-03-31": "-9.63100", "2013-12-31": "-11.32800", "2013-09-30": "-11.21100", "2013-06-30": "-10.86600", "2013-03-31": "-10.71900", "2012-12-31": "-10.14500", "2012-09-30": "-7.36100", "2012-06-30": "-3.75200", "2012-03-31": "-3.84400", "2011-12-31": "-3.98200", "2011-09-30": "-1.83400", "2011-06-30": "-2.96700", "2011-03-31": "-3.76000", "2010-12-31": "-3.75500", "2010-09-30": "-4.47000", "2010-06-30": "3.01700", "2010-03-31": "4.20300", "2009-12-31": "-5.83000", "2009-09-30": "-1.76700", "2009-06-30": "-9.77700", "2009-03-31": "-1.56200", "2008-12-31": "-1.44300", "2008-09-30": "3.41900", "2008-06-30": "0.21700", "2008-03-31": "1.55000", "2007-12-31": "20.43200", "2007-09-30": "20.74600", "2007-06-30": "2.28000", "2007-03-31": "2.56700", "2006-12-31": "1.70800", "2006-09-30": "0.81800", "2006-06-30": "0.62300", "2006-03-31": "0.41600", "2005-12-31": "0.08300", "2005-09-30": "0.03100", "2005-06-30": "-0.48300", "2005-03-31": "-0.45000"}, "Pre-Tax Income": {"2020-09-30": "-38.02100", "2020-06-30": "80.69600", "2020-03-31": "60.03500", "2019-12-31": "85.01400", "2019-09-30": "122.65700", "2019-06-30": "99.76700", "2019-03-31": "90.67100", "2018-12-31": "116.37200", "2018-09-30": "128.95400", "2018-06-30": "88.39500", "2018-03-31": "118.37100", "2017-12-31": "38.91800", "2017-09-30": "84.58800", "2017-06-30": "18.23700", "2017-03-31": "16.83400", "2016-12-31": "35.12300", "2016-09-30": "-11.28400", "2016-06-30": "-34.83800", "2016-03-31": "-59.22300", "2015-12-31": "-37.61500", "2015-09-30": "-45.54200", "2015-06-30": "-43.36200", "2015-03-31": "-35.17000", "2014-12-31": "-50.89000", "2014-09-30": "-62.56000", "2014-06-30": "-73.41000", "2014-03-31": "-74.61900", "2013-12-31": "-70.84200", "2013-09-30": "-67.12400", "2013-06-30": "-62.16100", "2013-03-31": "-44.72900", "2012-12-31": "-52.11900", "2012-09-30": "-32.80400", "2012-06-30": "-36.47500", "2012-03-31": "-26.14000", "2011-12-31": "47.59200", "2011-09-30": "77.86500", "2011-06-30": "-20.97500", "2011-03-31": "-27.49000", "2010-12-31": "-17.86400", "2010-09-30": "-8.67500", "2010-06-30": "-22.61400", "2010-03-31": "-43.24900", "2009-12-31": "-36.13300", "2009-09-30": "-18.58500", "2009-06-30": "-47.78900", "2009-03-31": "-38.33600", "2008-12-31": "-40.74600", "2008-09-30": "-41.18600", "2008-06-30": "-48.46800", "2008-03-31": "-45.17000", "2007-12-31": "-22.33000", "2007-09-30": "-21.88000", "2007-06-30": "-36.02200", "2007-03-31": "-30.79000", "2006-12-31": "-32.04500", "2006-09-30": "-30.74300", "2006-06-30": "-29.76000", "2006-03-31": "-30.64100", "2005-12-31": "-29.41300", "2005-09-30": "-27.86100", "2005-06-30": "-10.12500", "2005-03-31": "-27.41100"}, "Income Taxes": {"2020-09-30": "-5.98100", "2020-06-30": "13.87500", "2020-03-31": "11.42300", "2019-12-31": "16.27100", "2019-09-30": "25.20500", "2019-06-30": "20.72500", "2019-03-31": "14.89600", "2018-12-31": "-243.71700", "2018-09-30": "2.32400", "2018-06-30": "0.90100", "2018-03-31": "2.51400", "2017-12-31": "0.42900", "2017-09-30": "3.20600", "2017-06-30": "0.58100", "2017-03-31": "0.13400", "2016-12-31": "", "2016-09-30": "", "2016-06-30": "", "2016-03-31": "", "2015-12-31": "", "2015-09-30": "", "2015-06-30": "", "2015-03-31": "", "2014-12-31": "", "2014-09-30": "", "2014-06-30": "", "2014-03-31": "", "2013-12-31": "", "2013-09-30": "", "2013-06-30": "", "2013-03-31": "", "2012-12-31": "0.07400", "2012-09-30": "0.01000", "2012-06-30": "0.01200", "2012-03-31": "0.01100", "2011-12-31": "", "2011-09-30": "", "2011-06-30": "0.00000", "2011-03-31": "0.00000", "2010-12-31": "", "2010-09-30": "-0.07200", "2010-06-30": "", "2010-03-31": "", "2009-12-31": "-7.30000", "2009-09-30": "6.86000", "2009-06-30": "-0.84600", "2009-03-31": "", "2008-12-31": "", "2008-09-30": "", "2008-06-30": "", "2008-03-31": "", "2007-12-31": "", "2007-09-30": "", "2007-06-30": "", "2007-03-31": "", "2006-12-31": "", "2006-09-30": "", "2006-06-30": "", "2006-03-31": "", "2005-12-31": "", "2005-09-30": "", "2005-06-30": "", "2005-03-31": ""}, "Income After Taxes": {"2020-09-30": "-32.04000", "2020-06-30": "66.82100", "2020-03-31": "48.61200", "2019-12-31": "68.74300", "2019-09-30": "97.45200", "2019-06-30": "79.04200", "2019-03-31": "75.77500", "2018-12-31": "360.08900", "2018-09-30": "126.63000", "2018-06-30": "87.49400", "2018-03-31": "115.85700", "2017-12-31": "38.48900", "2017-09-30": "81.38200", "2017-06-30": "17.65600", "2017-03-31": "16.70000", "2016-12-31": "35.12300", "2016-09-30": "-11.28400", "2016-06-30": "-34.83800", "2016-03-31": "-59.22300", "2015-12-31": "-37.67000", "2015-09-30": "-45.54200", "2015-06-30": "-43.36200", "2015-03-31": "-35.17000", "2014-12-31": "-50.70800", "2014-09-30": "-62.56000", "2014-06-30": "-73.41000", "2014-03-31": "-74.61900", "2013-12-31": "-70.74600", "2013-09-30": "-67.12400", "2013-06-30": "-62.16100", "2013-03-31": "-44.72900", "2012-12-31": "-52.19300", "2012-09-30": "-32.81400", "2012-06-30": "-36.48700", "2012-03-31": "-26.15100", "2011-12-31": "46.29700", "2011-09-30": "77.86500", "2011-06-30": "-20.97500", "2011-03-31": "-27.49000", "2010-12-31": "-17.86400", "2010-09-30": "-8.60300", "2010-06-30": "-22.61400", "2010-03-31": "-43.24900", "2009-12-31": "-28.83300", "2009-09-30": "-25.44500", "2009-06-30": "-46.94300", "2009-03-31": "-38.33600", "2008-12-31": "-40.74600", "2008-09-30": "-41.18600", "2008-06-30": "-48.46800", "2008-03-31": "-45.17000", "2007-12-31": "-22.33000", "2007-09-30": "-21.88000", "2007-06-30": "-36.02200", "2007-03-31": "-30.79000", "2006-12-31": "-32.04500", "2006-09-30": "-30.74300", "2006-06-30": "-29.76000", "2006-03-31": "-30.64100", "2005-12-31": "-29.41300", "2005-09-30": "-27.86100", "2005-06-30": "-10.12500", "2005-03-31": "-27.41100"}, "Other Income": {"2020-09-30": "", "2020-06-30": "", "2020-03-31": "", "2019-12-31": "", "2019-09-30": "", "2019-06-30": "", "2019-03-31": "", "2018-12-31": "", "2018-09-30": "", "2018-06-30": "", "2018-03-31": "", "2017-12-31": "", "2017-09-30": "", "2017-06-30": "", "2017-03-31": "", "2016-12-31": "", "2016-09-30": "", "2016-06-30": "", "2016-03-31": "", "2015-12-31": "", "2015-09-30": "", "2015-06-30": "", "2015-03-31": "", "2014-12-31": "", "2014-09-30": "", "2014-06-30": "", "2014-03-31": "", "2013-12-31": "", "2013-09-30": "", "2013-06-30": "", "2013-03-31": "", "2012-12-31": "", "2012-09-30": "", "2012-06-30": "", "2012-03-31": "", "2011-12-31": "", "2011-09-30": "", "2011-06-30": "", "2011-03-31": "", "2010-12-31": "", "2010-09-30": "", "2010-06-30": "", "2010-03-31": "", "2009-12-31": "", "2009-09-30": "", "2009-06-30": "", "2009-03-31": "", "2008-12-31": "", "2008-09-30": "", "2008-06-30": "", "2008-03-31": "", "2007-12-31": "", "2007-09-30": "", "2007-06-30": "", "2007-03-31": "", "2006-12-31": "", "2006-09-30": "", "2006-06-30": "", "2006-03-31": "", "2005-12-31": "", "2005-09-30": "", "2005-06-30": "", "2005-03-31": ""}, "Income From Continuous Operations": {"2020-09-30": "-32.04000", "2020-06-30": "66.82100", "2020-03-31": "48.61200", "2019-12-31": "68.74300", "2019-09-30": "97.45200", "2019-06-30": "79.04200", "2019-03-31": "75.77500", "2018-12-31": "360.08900", "2018-09-30": "126.63000", "2018-06-30": "87.49400", "2018-03-31": "115.85700", "2017-12-31": "38.48900", "2017-09-30": "81.38200", "2017-06-30": "17.65600", "2017-03-31": "16.70000", "2016-12-31": "35.12300", "2016-09-30": "-11.28400", "2016-06-30": "-34.83800", "2016-03-31": "-59.22300", "2015-12-31": "-37.67000", "2015-09-30": "-45.54200", "2015-06-30": "-43.36200", "2015-03-31": "-35.17000", "2014-12-31": "-50.70800", "2014-09-30": "-62.56000", "2014-06-30": "-73.41000", "2014-03-31": "-74.61900", "2013-12-31": "-70.74600", "2013-09-30": "-67.12400", "2013-06-30": "-62.16100", "2013-03-31": "-44.72900", "2012-12-31": "-52.19300", "2012-09-30": "-32.81400", "2012-06-30": "-36.48700", "2012-03-31": "-26.15100", "2011-12-31": "46.29700", "2011-09-30": "77.86500", "2011-06-30": "-20.97500", "2011-03-31": "-27.49000", "2010-12-31": "-17.86400", "2010-09-30": "-8.60300", "2010-06-30": "-22.61400", "2010-03-31": "-43.24900", "2009-12-31": "-28.83300", "2009-09-30": "-25.44500", "2009-06-30": "-46.94300", "2009-03-31": "-38.33600", "2008-12-31": "-44.64200", "2008-09-30": "-41.18600", "2008-06-30": "-48.46800", "2008-03-31": "-41.27400", "2007-12-31": "-44.56300", "2007-09-30": "-13.69600", "2007-06-30": "-28.56200", "2007-03-31": "-24.20100", "2006-12-31": "-25.18200", "2006-09-30": "-25.19700", "2006-06-30": "-23.99000", "2006-03-31": "-27.12300", "2005-12-31": "-24.52200", "2005-09-30": "-22.77500", "2005-06-30": "-9.69600", "2005-03-31": "-27.41100"}, "Income From Discontinued Operations": {"2020-09-30": "", "2020-06-30": "", "2020-03-31": "", "2019-12-31": "", "2019-09-30": "", "2019-06-30": "", "2019-03-31": "", "2018-12-31": "", "2018-09-30": "", "2018-06-30": "", "2018-03-31": "", "2017-12-31": "", "2017-09-30": "", "2017-06-30": "", "2017-03-31": "", "2016-12-31": "", "2016-09-30": "", "2016-06-30": "", "2016-03-31": "", "2015-12-31": "", "2015-09-30": "", "2015-06-30": "", "2015-03-31": "", "2014-12-31": "", "2014-09-30": "", "2014-06-30": "", "2014-03-31": "", "2013-12-31": "", "2013-09-30": "", "2013-06-30": "", "2013-03-31": "", "2012-12-31": "", "2012-09-30": "", "2012-06-30": "", "2012-03-31": "", "2011-12-31": "", "2011-09-30": "", "2011-06-30": "", "2011-03-31": "", "2010-12-31": "", "2010-09-30": "", "2010-06-30": "", "2010-03-31": "", "2009-12-31": "", "2009-09-30": "", "2009-06-30": "", "2009-03-31": "", "2008-12-31": "", "2008-09-30": "", "2008-06-30": "", "2008-03-31": "", "2007-12-31": "", "2007-09-30": "", "2007-06-30": "", "2007-03-31": "", "2006-12-31": "", "2006-09-30": "", "2006-06-30": "", "2006-03-31": "", "2005-12-31": "", "2005-09-30": "", "2005-06-30": "", "2005-03-31": ""}, "Net Income": {"2020-09-30": "-32.04000", "2020-06-30": "66.82100", "2020-03-31": "48.61200", "2019-12-31": "68.74300", "2019-09-30": "97.45200", "2019-06-30": "79.04200", "2019-03-31": "75.77500", "2018-12-31": "360.08900", "2018-09-30": "126.63000", "2018-06-30": "87.49400", "2018-03-31": "115.85700", "2017-12-31": "38.48900", "2017-09-30": "81.38200", "2017-06-30": "17.65600", "2017-03-31": "16.70000", "2016-12-31": "35.12300", "2016-09-30": "-11.28400", "2016-06-30": "-34.83800", "2016-03-31": "-59.22300", "2015-12-31": "-37.67000", "2015-09-30": "-45.54200", "2015-06-30": "-43.36200", "2015-03-31": "-35.17000", "2014-12-31": "-50.70800", "2014-09-30": "-62.56000", "2014-06-30": "-73.41000", "2014-03-31": "-74.61900", "2013-12-31": "-70.74600", "2013-09-30": "-67.12400", "2013-06-30": "-62.16100", "2013-03-31": "-44.72900", "2012-12-31": "-52.19300", "2012-09-30": "-32.81400", "2012-06-30": "-36.48700", "2012-03-31": "-26.15100", "2011-12-31": "46.29700", "2011-09-30": "77.86500", "2011-06-30": "-20.97500", "2011-03-31": "-27.49000", "2010-12-31": "-17.86400", "2010-09-30": "-8.60300", "2010-06-30": "-22.61400", "2010-03-31": "-43.24900", "2009-12-31": "-28.83300", "2009-09-30": "-25.44500", "2009-06-30": "-44.76200", "2009-03-31": "-36.18000", "2008-12-31": "-37.95000", "2008-09-30": "-38.50600", "2008-06-30": "-45.12400", "2008-03-31": "-41.27400", "2007-12-31": "-19.92200", "2007-09-30": "-13.69600", "2007-06-30": "-28.56200", "2007-03-31": "-24.20100", "2006-12-31": "-25.18200", "2006-09-30": "-25.19700", "2006-06-30": "-23.99000", "2006-03-31": "-27.12300", "2005-12-31": "-24.52200", "2005-09-30": "-22.77500", "2005-06-30": "-9.69600", "2005-03-31": "-27.41100"}, "EBITDA": {"2020-09-30": "-40.22500", "2020-06-30": "77.73500", "2020-03-31": "54.98400", "2019-12-31": "79.57600", "2019-09-30": "117.69600", "2019-06-30": "94.02500", "2019-03-31": "86.52100", "2018-12-31": "110.90900", "2018-09-30": "129.60800", "2018-06-30": "86.57500", "2018-03-31": "116.67800", "2017-12-31": "37.59400", "2017-09-30": "81.45900", "2017-06-30": "27.48800", "2017-03-31": "20.55600", "2016-12-31": "39.26800", "2016-09-30": "9.44600", "2016-06-30": "-21.65900", "2016-03-31": "-45.74500", "2015-12-31": "-14.21600", "2015-09-30": "-35.40200", "2015-06-30": "-30.89300", "2015-03-31": "-22.46300", "2014-12-31": "-24.54200", "2014-09-30": "-49.65300", "2014-06-30": "-61.09300", "2014-03-31": "-64.49000", "2013-12-31": "-58.74900", "2013-09-30": "-55.15900", "2013-06-30": "-50.50900", "2013-03-31": "-33.16800", "2012-12-31": "-40.53200", "2012-09-30": "-24.01200", "2012-06-30": "-31.31600", "2012-03-31": "-21.06300", "2011-12-31": "53.36100", "2011-09-30": "80.80500", "2011-06-30": "-16.00800", "2011-03-31": "-21.80100", "2010-12-31": "-11.84200", "2010-09-30": "-1.80200", "2010-06-30": "-22.83000", "2010-03-31": "-44.38000", "2009-12-31": "-27.26600", "2009-09-30": "-13.70100", "2009-06-30": "-34.85700", "2009-03-31": "-33.48800", "2008-12-31": "-35.89800", "2008-09-30": "-41.34400", "2008-06-30": "-45.38800", "2008-03-31": "-43.45600", "2007-12-31": "-39.61300", "2007-09-30": "-39.72800", "2007-06-30": "-35.84600", "2007-03-31": "-30.52800", "2006-12-31": "-30.13100", "2006-09-30": "-27.45800", "2006-06-30": "-25.78300", "2006-03-31": "-26.47200", "2005-12-31": "-25.11000", "2005-09-30": "-23.32300", "2005-06-30": "-5.29200", "2005-03-31": "-22.51100"}, "EBIT": {"2020-09-30": "-42.58000", "2020-06-30": "75.53400", "2020-03-31": "52.80900", "2019-12-31": "77.31600", "2019-09-30": "115.60600", "2019-06-30": "91.98900", "2019-03-31": "84.55900", "2018-12-31": "111.60200", "2018-09-30": "125.17600", "2018-06-30": "85.77000", "2018-03-31": "116.30700", "2017-12-31": "37.43100", "2017-09-30": "81.18000", "2017-06-30": "27.11300", "2017-03-31": "20.18600", "2016-12-31": "38.88300", "2016-09-30": "7.26400", "2016-06-30": "-25.13600", "2016-03-31": "-49.13500", "2015-12-31": "-31.60000", "2015-09-30": "-35.78100", "2015-06-30": "-31.28000", "2015-03-31": "-22.76000", "2014-12-31": "-46.20800", "2014-09-30": "-51.57400", "2014-06-30": "-61.68800", "2014-03-31": "-64.98800", "2013-12-31": "-59.51400", "2013-09-30": "-55.91300", "2013-06-30": "-51.29500", "2013-03-31": "-34.01000", "2012-12-31": "-41.97400", "2012-09-30": "-25.44300", "2012-06-30": "-32.72300", "2012-03-31": "-22.29600", "2011-12-31": "51.57400", "2011-09-30": "79.69900", "2011-06-30": "-18.00800", "2011-03-31": "-23.73000", "2010-12-31": "-14.10900", "2010-09-30": "-4.20500", "2010-06-30": "-25.63100", "2010-03-31": "-47.45200", "2009-12-31": "-30.30300", "2009-09-30": "-16.81800", "2009-06-30": "-38.01200", "2009-03-31": "-36.77400", "2008-12-31": "-39.30300", "2008-09-30": "-44.60500", "2008-06-30": "-48.68500", "2008-03-31": "-46.72000", "2007-12-31": "-42.76200", "2007-09-30": "-42.62600", "2007-06-30": "-38.30200", "2007-03-31": "-33.35700", "2006-12-31": "-33.75300", "2006-09-30": "-31.56100", "2006-06-30": "-30.38300", "2006-03-31": "-31.05700", "2005-12-31": "-29.49600", "2005-09-30": "-27.89200", "2005-06-30": "-9.64200", "2005-03-31": "-26.96100"}, "Basic Shares Outstanding": {"2020-09-30": "309.11600", "2020-06-30": "307.80700", "2020-03-31": "305.38800", "2019-12-31": "302.58400", "2019-09-30": "303.26800", "2019-06-30": "302.18800", "2019-03-31": "300.54200", "2018-12-31": "297.89200", "2018-09-30": "298.41600", "2018-06-30": "297.33600", "2018-03-31": "296.42100", "2017-12-31": "293.58800", "2017-09-30": "294.26900", "2017-06-30": "293.18800", "2017-03-31": "290.87000", "2016-12-31": "250.53100", "2016-09-30": "256.31900", "2016-06-30": "229.31000", "2016-03-31": "228.30400", "2015-12-31": "209.22700", "2015-09-30": "217.58700", "2015-06-30": "196.20100", "2015-03-31": "195.90400", "2014-12-31": "194.29900", "2014-09-30": "195.12600", "2014-06-30": "194.92900", "2014-03-31": "191.69900", "2013-12-31": "184.06200", "2013-09-30": "184.14900", "2013-06-30": "183.98100", "2013-03-31": "183.74200", "2012-12-31": "160.13800", "2012-09-30": "166.35400", "2012-06-30": "148.65400", "2012-03-31": "141.94000", "2011-12-31": "126.01800", "2011-09-30": "129.14500", "2011-06-30": "128.24500", "2011-03-31": "113.21500", "2010-12-31": "108.52200", "2010-09-30": "108.66700", "2010-06-30": "108.47600", "2010-03-31": "107.97600", "2009-12-31": "107.07300", "2009-09-30": "107.33600", "2009-06-30": "106.84000", "2009-03-31": "106.38300", "2008-12-31": "105.49800", "2008-09-30": "105.54800", "2008-06-30": "105.34000", "2008-03-31": "104.99300", "2007-12-31": "99.14700", "2007-09-30": "98.55100", "2007-06-30": "96.97600", "2007-03-31": "96.41100", "2006-12-31": "86.60200", "2006-09-30": "84.17800", "2006-06-30": "84.05400", "2006-03-31": "83.67800", "2005-12-31": "78.81000", "2005-09-30": "79.54000", "2005-06-30": "76.40500", "2005-03-31": "75.91800"}, "Shares Outstanding": {"2020-09-30": "309.11600", "2020-06-30": "318.14400", "2020-03-31": "315.83900", "2019-12-31": "315.00900", "2019-09-30": "315.45300", "2019-06-30": "314.91100", "2019-03-31": "314.64400", "2018-12-31": "312.80300", "2018-09-30": "312.34600", "2018-06-30": "312.24100", "2018-03-31": "313.69100", "2017-12-31": "312.00300", "2017-09-30": "312.94000", "2017-06-30": "311.21900", "2017-03-31": "309.53500", "2016-12-31": "250.53100", "2016-09-30": "256.31900", "2016-06-30": "229.31000", "2016-03-31": "228.30400", "2015-12-31": "209.22700", "2015-09-30": "217.58700", "2015-06-30": "196.20100", "2015-03-31": "195.90400", "2014-12-31": "194.29900", "2014-09-30": "195.12600", "2014-06-30": "194.92900", "2014-03-31": "191.69900", "2013-12-31": "184.06200", "2013-09-30": "184.14900", "2013-06-30": "183.98100", "2013-03-31": "183.74200", "2012-12-31": "160.13800", "2012-09-30": "166.35400", "2012-06-30": "148.65400", "2012-03-31": "141.94000", "2011-12-31": "130.47900", "2011-09-30": "131.34400", "2011-06-30": "128.24500", "2011-03-31": "113.21500", "2010-12-31": "108.52200", "2010-09-30": "108.66700", "2010-06-30": "108.47600", "2010-03-31": "107.97600", "2009-12-31": "107.07300", "2009-09-30": "107.33600", "2009-06-30": "106.84000", "2009-03-31": "106.38300", "2008-12-31": "105.49800", "2008-09-30": "105.54800", "2008-06-30": "105.34000", "2008-03-31": "104.99300", "2007-12-31": "99.14700", "2007-09-30": "98.55100", "2007-06-30": "96.97600", "2007-03-31": "96.41100", "2006-12-31": "86.60200", "2006-09-30": "84.17800", "2006-06-30": "84.05400", "2006-03-31": "83.67800", "2005-12-31": "78.81000", "2005-09-30": "79.54000", "2005-06-30": "76.40500", "2005-03-31": "75.91800"}, "Basic EPS": {"2020-09-30": "-0.10000", "2020-06-30": "0.22000", "2020-03-31": "0.16000", "2019-12-31": "0.23000", "2019-09-30": "0.32000", "2019-06-30": "0.26000", "2019-03-31": "0.25000", "2018-12-31": "1.22000", "2018-09-30": "0.42000", "2018-06-30": "0.29000", "2018-03-31": "0.39000", "2017-12-31": "0.12000", "2017-09-30": "0.28000", "2017-06-30": "0.06000", "2017-03-31": "0.06000", "2016-12-31": "0.17000", "2016-09-30": "-0.04000", "2016-06-30": "-0.15000", "2016-03-31": "-0.26000", "2015-12-31": "-0.16000", "2015-09-30": "-0.21000", "2015-06-30": "-0.22000", "2015-03-31": "-0.18000", "2014-12-31": "-0.25000", "2014-09-30": "-0.32000", "2014-06-30": "-0.38000", "2014-03-31": "-0.39000", "2013-12-31": "-0.39000", "2013-09-30": "-0.36000", "2013-06-30": "-0.34000", "2013-03-31": "-0.24000", "2012-12-31": "-0.29000", "2012-09-30": "-0.20000", "2012-06-30": "-0.25000", "2012-03-31": "-0.18000", "2011-12-31": "0.40000", "2011-09-30": "0.60000", "2011-06-30": "-0.16000", "2011-03-31": "-0.24000", "2010-12-31": "-0.16000", "2010-09-30": "-0.08000", "2010-06-30": "-0.21000", "2010-03-31": "-0.40000", "2009-12-31": "-0.26000", "2009-09-30": "-0.24000", "2009-06-30": "-0.42000", "2009-03-31": "-0.34000", "2008-12-31": "-0.36000", "2008-09-30": "-0.36000", "2008-06-30": "-0.43000", "2008-03-31": "-0.39000", "2007-12-31": "-0.19000", "2007-09-30": "-0.14000", "2007-06-30": "-0.29000", "2007-03-31": "-0.25000", "2006-12-31": "-0.26000", "2006-09-30": "-0.30000", "2006-06-30": "-0.29000", "2006-03-31": "-0.32000", "2005-12-31": "-0.29000", "2005-09-30": "-0.29000", "2005-06-30": "-0.13000", "2005-03-31": "-0.36000"}, "EPS - Earnings Per Share": {"2020-09-30": "-0.10000", "2020-06-30": "0.21000", "2020-03-31": "0.15000", "2019-12-31": "0.22000", "2019-09-30": "0.31000", "2019-06-30": "0.25000", "2019-03-31": "0.24000", "2018-12-31": "1.15000", "2018-09-30": "0.41000", "2018-06-30": "0.28000", "2018-03-31": "0.37000", "2017-12-31": "0.12000", "2017-09-30": "0.26000", "2017-06-30": "0.06000", "2017-03-31": "0.05000", "2016-12-31": "0.17000", "2016-09-30": "-0.04000", "2016-06-30": "-0.15000", "2016-03-31": "-0.26000", "2015-12-31": "-0.16000", "2015-09-30": "-0.21000", "2015-06-30": "-0.22000", "2015-03-31": "-0.18000", "2014-12-31": "-0.25000", "2014-09-30": "-0.32000", "2014-06-30": "-0.38000", "2014-03-31": "-0.39000", "2013-12-31": "-0.39000", "2013-09-30": "-0.36000", "2013-06-30": "-0.34000", "2013-03-31": "-0.24000", "2012-12-31": "-0.29000", "2012-09-30": "-0.20000", "2012-06-30": "-0.25000", "2012-03-31": "-0.18000", "2011-12-31": "0.39000", "2011-09-30": "0.59000", "2011-06-30": "-0.16000", "2011-03-31": "-0.24000", "2010-12-31": "-0.16000", "2010-09-30": "-0.08000", "2010-06-30": "-0.21000", "2010-03-31": "-0.40000", "2009-12-31": "-0.26000", "2009-09-30": "-0.24000", "2009-06-30": "-0.42000", "2009-03-31": "-0.34000", "2008-12-31": "-0.36000", "2008-09-30": "-0.36000", "2008-06-30": "-0.43000", "2008-03-31": "-0.39000", "2007-12-31": "-0.19000", "2007-09-30": "-0.14000", "2007-06-30": "-0.29000", "2007-03-31": "-0.25000", "2006-12-31": "-0.26000", "2006-09-30": "-0.30000", "2006-06-30": "-0.29000", "2006-03-31": "-0.32000", "2005-12-31": "-0.29000", "2005-09-30": "-0.29000", "2005-06-30": "-0.13000", "2005-03-31": "-0.36000"}}, "balance sheet": {"Cash On Hand": {"2019-12-31": "852.24300", "2018-12-31": "693.33400", "2017-12-31": "388.27500", "2016-12-31": "419.80300", "2015-12-31": "167.06000", "2014-12-31": "156.49700", "2013-12-31": "254.66600", "2012-12-31": "423.68600", "2011-12-31": "194.26200", "2010-12-31": "162.66400", "2009-12-31": "203.08600", "2008-12-31": "262.40100", "2007-12-31": "271.54500", "2006-12-31": "233.97200", "2005-12-31": "182.67400"}, "Receivables": {"2019-12-31": "119.07300", "2018-12-31": "162.77100", "2017-12-31": "81.19200", "2016-12-31": "40.44400", "2015-12-31": "5.18300", "2014-12-31": "4.88200", "2013-12-31": "3.94100", "2012-12-31": "2.75100", "2011-12-31": "30.19000", "2010-12-31": "5.89600", "2009-12-31": "11.86400", "2008-12-31": "1.45700", "2007-12-31": "6.08700", "2006-12-31": "22.19700", "2005-12-31": "7.10200"}, "Inventory": {"2019-12-31": "12.88600", "2018-12-31": "9.83800", "2017-12-31": "6.65700", "2016-12-31": "3.33800", "2015-12-31": "2.61600", "2014-12-31": "2.38100", "2013-12-31": "2.89000", "2012-12-31": "", "2011-12-31": "", "2010-12-31": "", "2009-12-31": "", "2008-12-31": "", "2007-12-31": "", "2006-12-31": "", "2005-12-31": ""}, "Pre-Paid Expenses": {"2019-12-31": "26.98800", "2018-12-31": "31.07300", "2017-12-31": "8.75000", "2016-12-31": "5.41600", "2015-12-31": "3.80600", "2014-12-31": "3.48100", "2013-12-31": "5.11200", "2012-12-31": "6.10400", "2011-12-31": "4.37200", "2010-12-31": "14.92600", "2009-12-31": "15.05000", "2008-12-31": "7.71300", "2007-12-31": "6.15100", "2006-12-31": "6.08200", "2005-12-31": "5.44200"}, "Other Current Assets": {"2019-12-31": "", "2018-12-31": "", "2017-12-31": "", "2016-12-31": "", "2015-12-31": "", "2014-12-31": "", "2013-12-31": "", "2012-12-31": "", "2011-12-31": "", "2010-12-31": "", "2009-12-31": "", "2008-12-31": "", "2007-12-31": "", "2006-12-31": "", "2005-12-31": ""}, "Total Current Assets": {"2019-12-31": "1011.19000", "2018-12-31": "897.01600", "2017-12-31": "484.87400", "2016-12-31": "469.00100", "2015-12-31": "178.66500", "2014-12-31": "167.24100", "2013-12-31": "266.60900", "2012-12-31": "432.54100", "2011-12-31": "228.82400", "2010-12-31": "183.48600", "2009-12-31": "230.00000", "2008-12-31": "271.57100", "2007-12-31": "283.78300", "2006-12-31": "262.25100", "2005-12-31": "195.21800"}, "Property, Plant, And Equipment": {"2019-12-31": "48.89200", "2018-12-31": "50.89700", "2017-12-31": "25.74300", "2016-12-31": "2.07100", "2015-12-31": "1.43400", "2014-12-31": "2.43200", "2013-12-31": "4.91000", "2012-12-31": "6.05900", "2011-12-31": "8.50600", "2010-12-31": "15.81100", "2009-12-31": "29.39200", "2008-12-31": "36.24700", "2007-12-31": "34.66400", "2006-12-31": "32.29400", "2005-12-31": "35.57700"}, "Long-Term Investments": {"2019-12-31": "536.38500", "2018-12-31": "158.28700", "2017-12-31": "64.25500", "2016-12-31": "55.60100", "2015-12-31": "83.60000", "2014-12-31": "81.57900", "2013-12-31": "144.29900", "2012-12-31": "182.31100", "2011-12-31": "85.26000", "2010-12-31": "87.31400", "2009-12-31": "11.46300", "2008-12-31": "17.76900", "2007-12-31": "20.74700", "2006-12-31": "19.57300", "2005-12-31": "15.14300"}, "Goodwill And Intangible Assets": {"2019-12-31": "63.68400", "2018-12-31": "63.68400", "2017-12-31": "63.68400", "2016-12-31": "63.68400", "2015-12-31": "63.68400", "2014-12-31": "63.68400", "2013-12-31": "63.68400", "2012-12-31": "63.68400", "2011-12-31": "63.68400", "2010-12-31": "63.68400", "2009-12-31": "63.68400", "2008-12-31": "63.68400", "2007-12-31": "63.68400", "2006-12-31": "69.96900", "2005-12-31": "70.78900"}, "Other Long-Term Assets": {"2019-12-31": "53.14500", "2018-12-31": "8.29100", "2017-12-31": "16.73800", "2016-12-31": "5.38200", "2015-12-31": "4.95900", "2014-12-31": "8.33300", "2013-12-31": "23.78500", "2012-12-31": "36.50200", "2011-12-31": "6.98800", "2010-12-31": "10.49500", "2009-12-31": "8.87100", "2008-12-31": "12.35100", "2007-12-31": "9.24200", "2006-12-31": "11.33000", "2005-12-31": "15.98500"}, "Total Long-Term Assets": {"2019-12-31": "874.48000", "2018-12-31": "525.27000", "2017-12-31": "170.42000", "2016-12-31": "126.73800", "2015-12-31": "153.67700", "2014-12-31": "156.02800", "2013-12-31": "236.67800", "2012-12-31": "288.55600", "2011-12-31": "164.43800", "2010-12-31": "177.30400", "2009-12-31": "113.41000", "2008-12-31": "130.05100", "2007-12-31": "128.33700", "2006-12-31": "133.16600", "2005-12-31": "137.49400"}, "Total Assets": {"2019-12-31": "1885.67000", "2018-12-31": "1422.28600", "2017-12-31": "655.29400", "2016-12-31": "595.73900", "2015-12-31": "332.34200", "2014-12-31": "323.26900", "2013-12-31": "503.28700", "2012-12-31": "721.09700", "2011-12-31": "393.26200", "2010-12-31": "360.79000", "2009-12-31": "343.41000", "2008-12-31": "401.62200", "2007-12-31": "412.12000", "2006-12-31": "395.41700", "2005-12-31": "332.71200"}, "Total Current Liabilities": {"2019-12-31": "142.74600", "2018-12-31": "105.47200", "2017-12-31": "115.17000", "2016-12-31": "268.78600", "2015-12-31": "52.25100", "2014-12-31": "170.42900", "2013-12-31": "87.85300", "2012-12-31": "81.70400", "2011-12-31": "92.32500", "2010-12-31": "199.94100", "2009-12-31": "207.11800", "2008-12-31": "189.54300", "2007-12-31": "132.88500", "2006-12-31": "111.43700", "2005-12-31": "108.75500"}, "Long Term Debt": {"2019-12-31": "", "2018-12-31": "", "2017-12-31": "14.93800", "2016-12-31": "", "2015-12-31": "417.93700", "2014-12-31": "263.50000", "2013-12-31": "344.52200", "2012-12-31": "336.70300", "2011-12-31": "186.14000", "2010-12-31": "177.69700", "2009-12-31": "40.36300", "2008-12-31": "74.71900", "2007-12-31": "105.74700", "2006-12-31": "108.07400", "2005-12-31": "106.85800"}, "Other Non-Current Liabilities": {"2019-12-31": "2.34700", "2018-12-31": "1.28600", "2017-12-31": "1.70500", "2016-12-31": "0.54100", "2015-12-31": "2.96000", "2014-12-31": "4.16900", "2013-12-31": "4.67400", "2012-12-31": "6.25600", "2011-12-31": "7.84400", "2010-12-31": "9.00500", "2009-12-31": "17.32500", "2008-12-31": "22.62000", "2007-12-31": "24.92400", "2006-12-31": "20.49100", "2005-12-31": "14.47500"}, "Total Long Term Liabilities": {"2019-12-31": "56.95400", "2018-12-31": "29.36100", "2017-12-31": "255.16300", "2016-12-31": "237.63500", "2015-12-31": "420.89700", "2014-12-31": "267.66900", "2013-12-31": "349.19600", "2012-12-31": "342.95900", "2011-12-31": "210.30500", "2010-12-31": "389.17400", "2009-12-31": "300.01700", "2008-12-31": "268.34000", "2007-12-31": "207.15400", "2006-12-31": "231.44000", "2005-12-31": "190.41400"}, "Total Liabilities": {"2019-12-31": "199.70000", "2018-12-31": "134.83300", "2017-12-31": "370.33300", "2016-12-31": "506.42100", "2015-12-31": "473.14800", "2014-12-31": "438.09800", "2013-12-31": "437.04900", "2012-12-31": "424.66300", "2011-12-31": "302.63000", "2010-12-31": "589.11500", "2009-12-31": "507.13500", "2008-12-31": "457.88300", "2007-12-31": "340.03900", "2006-12-31": "342.87700", "2005-12-31": "299.16900"}, "Common Stock Net": {"2019-12-31": "0.30500", "2018-12-31": "0.30000", "2017-12-31": "0.29600", "2016-12-31": "0.29000", "2015-12-31": "0.22800", "2014-12-31": "0.19600", "2013-12-31": "0.18400", "2012-12-31": "0.18300", "2011-12-31": "0.13500", "2010-12-31": "0.10900", "2009-12-31": "0.10800", "2008-12-31": "0.10600", "2007-12-31": "0.10500", "2006-12-31": "0.09600", "2005-12-31": "0.08400"}, "Retained Earnings (Accumulated Deficit)": {"2019-12-31": "-559.35100", "2018-12-31": "-880.36300", "2017-12-31": "-1829.17200", "2016-12-31": "-1983.14700", "2015-12-31": "-1912.92500", "2014-12-31": "-1767.30400", "2013-12-31": "-1498.76200", "2012-12-31": "-1254.00200", "2011-12-31": "-1106.35700", "2010-12-31": "-1182.05400", "2009-12-31": "-1089.72400", "2008-12-31": "-954.50400", "2007-12-31": "-791.65000", "2006-12-31": "-705.26900", "2005-12-31": "-603.77700"}, "Comprehensive Income": {"2019-12-31": "3.06900", "2018-12-31": "-0.70100", "2017-12-31": "-0.34700", "2016-12-31": "-0.41600", "2015-12-31": "-0.23200", "2014-12-31": "-0.12100", "2013-12-31": "0.14600", "2012-12-31": "-0.09200", "2011-12-31": "-0.13800", "2010-12-31": "0.01200", "2009-12-31": "0.15500", "2008-12-31": "", "2007-12-31": "0.49900", "2006-12-31": "1.14500", "2005-12-31": "0.97300"}, "Other Share Holders Equity": {"2019-12-31": "", "2018-12-31": "", "2017-12-31": "", "2016-12-31": "", "2015-12-31": "", "2014-12-31": "", "2013-12-31": "", "2012-12-31": "", "2011-12-31": "", "2010-12-31": "", "2009-12-31": "", "2008-12-31": "", "2007-12-31": "", "2006-12-31": "", "2005-12-31": ""}, "Share Holder Equity": {"2019-12-31": "1685.97000", "2018-12-31": "1287.45300", "2017-12-31": "284.96100", "2016-12-31": "89.31800", "2015-12-31": "-140.80600", "2014-12-31": "-114.82900", "2013-12-31": "66.23800", "2012-12-31": "296.43400", "2011-12-31": "90.63200", "2010-12-31": "-228.32500", "2009-12-31": "-163.72500", "2008-12-31": "-56.26100", "2007-12-31": "72.08100", "2006-12-31": "52.54000", "2005-12-31": "33.54300"}, "Total Liabilities And Share Holders Equity": {"2019-12-31": "1885.67000", "2018-12-31": "1422.28600", "2017-12-31": "655.29400", "2016-12-31": "595.73900", "2015-12-31": "332.34200", "2014-12-31": "323.26900", "2013-12-31": "503.28700", "2012-12-31": "721.09700", "2011-12-31": "393.26200", "2010-12-31": "360.79000", "2009-12-31": "343.41000", "2008-12-31": "401.62200", "2007-12-31": "412.12000", "2006-12-31": "395.41700", "2005-12-31": "332.71200"}}, "balance sheet, quarterly": {"Cash On Hand": {"2020-09-30": "1187.88100", "2020-06-30": "1213.03800", "2020-03-31": "954.36800", "2019-12-31": "852.24300", "2019-09-30": "760.66700", "2019-06-30": "822.11700", "2019-03-31": "799.65000", "2018-12-31": "693.33400", "2018-09-30": "635.12700", "2018-06-30": "500.42700", "2018-03-31": "427.42400", "2017-12-31": "388.27500", "2017-09-30": "367.09800", "2017-06-30": "349.25600", "2017-03-31": "424.27300", "2016-12-31": "419.80300", "2016-09-30": "319.68100", "2016-06-30": "328.11900", "2016-03-31": "322.11700", "2015-12-31": "167.06000", "2015-09-30": "197.81100", "2015-06-30": "82.70600", "2015-03-31": "113.35300", "2014-12-31": "156.49700", "2014-09-30": "204.21200", "2014-06-30": "245.73100", "2014-03-31": "285.78000", "2013-12-31": "254.66600", "2013-09-30": "291.43000", "2013-06-30": "364.18600", "2013-03-31": "368.77000", "2012-12-31": "423.68600", "2012-09-30": "484.58900", "2012-06-30": "207.04100", "2012-03-31": "243.44500", "2011-12-31": "194.26200", "2011-09-30": "223.15800", "2011-06-30": "262.78200", "2011-03-31": "301.67200", "2010-12-31": "162.66400", "2010-09-30": "167.27100", "2010-06-30": "212.79500", "2010-03-31": "152.53500", "2009-12-31": "203.08600", "2009-09-30": "286.30700", "2009-06-30": "195.90500", "2009-03-31": "218.05000", "2008-12-31": "262.40100", "2008-09-30": "108.86200", "2008-06-30": "159.05700", "2008-03-31": "228.96500", "2007-12-31": "271.54500", "2007-09-30": "276.02200", "2007-06-30": "228.55200", "2007-03-31": "278.42700", "2006-12-31": "233.97200", "2006-09-30": "131.40500", "2006-06-30": "181.19800", "2006-03-31": "207.37500", "2005-12-31": "182.67400", "2005-09-30": "200.48100", "2005-06-30": "187.50800", "2005-03-31": "123.57300"}, "Receivables": {"2020-09-30": "166.13800", "2020-06-30": "121.08000", "2020-03-31": "137.33800", "2019-12-31": "119.07300", "2019-09-30": "183.58900", "2019-06-30": "109.93100", "2019-03-31": "115.11500", "2018-12-31": "162.77100", "2018-09-30": "104.63400", "2018-06-30": "167.16100", "2018-03-31": "91.99900", "2017-12-31": "81.19200", "2017-09-30": "90.00500", "2017-06-30": "43.12500", "2017-03-31": "34.07600", "2016-12-31": "40.44400", "2016-09-30": "91.20700", "2016-06-30": "17.79900", "2016-03-31": "10.08800", "2015-12-31": "5.18300", "2015-09-30": "3.47000", "2015-06-30": "3.75800", "2015-03-31": "3.88200", "2014-12-31": "4.88200", "2014-09-30": "4.72200", "2014-06-30": "5.03400", "2014-03-31": "4.45700", "2013-12-31": "3.94100", "2013-09-30": "5.17100", "2013-06-30": "4.20900", "2013-03-31": "3.86500", "2012-12-31": "2.75100", "2012-09-30": "2.70800", "2012-06-30": "2.28400", "2012-03-31": "1.93000", "2011-12-31": "30.19000", "2011-09-30": "4.65400", "2011-06-30": "6.36300", "2011-03-31": "5.77100", "2010-12-31": "5.89600", "2010-09-30": "7.30600", "2010-06-30": "6.02800", "2010-03-31": "7.09000", "2009-12-31": "11.86400", "2009-09-30": "9.59400", "2009-06-30": "8.86000", "2009-03-31": "3.71200", "2008-12-31": "1.45700", "2008-09-30": "1.82000", "2008-06-30": "6.50400", "2008-03-31": "9.19000", "2007-12-31": "6.08700", "2007-09-30": "8.25600", "2007-06-30": "2.85500", "2007-03-31": "3.81200", "2006-12-31": "22.19700", "2006-09-30": "3.51100", "2006-06-30": "1.39100", "2006-03-31": "5.93600", "2005-12-31": "7.10200", "2005-09-30": "6.67100", "2005-06-30": "4.51200", "2005-03-31": "13.14200"}, "Inventory": {"2020-09-30": "19.31900", "2020-06-30": "16.60800", "2020-03-31": "15.41700", "2019-12-31": "12.88600", "2019-09-30": "13.36600", "2019-06-30": "12.35200", "2019-03-31": "10.14300", "2018-12-31": "9.83800", "2018-09-30": "10.43300", "2018-06-30": "8.37100", "2018-03-31": "7.56300", "2017-12-31": "6.65700", "2017-09-30": "5.80600", "2017-06-30": "5.42500", "2017-03-31": "3.30400", "2016-12-31": "3.33800", "2016-09-30": "3.29200", "2016-06-30": "2.80800", "2016-03-31": "2.47200", "2015-12-31": "2.61600", "2015-09-30": "2.12100", "2015-06-30": "2.60800", "2015-03-31": "2.59300", "2014-12-31": "2.38100", "2014-09-30": "3.87600", "2014-06-30": "3.02600", "2014-03-31": "2.68600", "2013-12-31": "2.89000", "2013-09-30": "1.76400", "2013-06-30": "0.68100", "2013-03-31": "0.28000", "2012-12-31": "", "2012-09-30": "", "2012-06-30": "", "2012-03-31": "", "2011-12-31": "", "2011-09-30": "", "2011-06-30": "", "2011-03-31": "", "2010-12-31": "", "2010-09-30": "", "2010-06-30": "", "2010-03-31": "", "2009-12-31": "", "2009-09-30": "", "2009-06-30": "", "2009-03-31": "", "2008-12-31": "", "2008-09-30": "", "2008-06-30": "", "2008-03-31": "", "2007-12-31": "", "2007-09-30": "", "2007-06-30": "", "2007-03-31": "", "2006-12-31": "", "2006-09-30": "", "2006-06-30": "", "2006-03-31": "", "2005-12-31": "", "2005-09-30": "", "2005-06-30": "", "2005-03-31": ""}, "Pre-Paid Expenses": {"2020-09-30": "34.47000", "2020-06-30": "43.93700", "2020-03-31": "29.77300", "2019-12-31": "26.98800", "2019-09-30": "14.49000", "2019-06-30": "12.84700", "2019-03-31": "14.14600", "2018-12-31": "31.07300", "2018-09-30": "12.27900", "2018-06-30": "10.32700", "2018-03-31": "6.85000", "2017-12-31": "8.75000", "2017-09-30": "8.01200", "2017-06-30": "4.43300", "2017-03-31": "6.29700", "2016-12-31": "5.41600", "2016-09-30": "7.14800", "2016-06-30": "4.65700", "2016-03-31": "4.79100", "2015-12-31": "3.80600", "2015-09-30": "3.94900", "2015-06-30": "2.73100", "2015-03-31": "5.21200", "2014-12-31": "3.48100", "2014-09-30": "7.86000", "2014-06-30": "4.79200", "2014-03-31": "5.38600", "2013-12-31": "5.11200", "2013-09-30": "7.79900", "2013-06-30": "5.88000", "2013-03-31": "11.03000", "2012-12-31": "6.10400", "2012-09-30": "6.09800", "2012-06-30": "4.49800", "2012-03-31": "4.64100", "2011-12-31": "4.37200", "2011-09-30": "17.06200", "2011-06-30": "14.55500", "2011-03-31": "16.76600", "2010-12-31": "14.92600", "2010-09-30": "17.63500", "2010-06-30": "16.02500", "2010-03-31": "18.00000", "2009-12-31": "15.05000", "2009-09-30": "10.62100", "2009-06-30": "8.88200", "2009-03-31": "8.45300", "2008-12-31": "7.71300", "2008-09-30": "6.76000", "2008-06-30": "8.20100", "2008-03-31": "7.68900", "2007-12-31": "6.15100", "2007-09-30": "9.75500", "2007-06-30": "9.47800", "2007-03-31": "6.99700", "2006-12-31": "6.08200", "2006-09-30": "7.50200", "2006-06-30": "6.15200", "2006-03-31": "4.95100", "2005-12-31": "5.44200", "2005-09-30": "7.14100", "2005-06-30": "5.89100", "2005-03-31": "5.24800"}, "Other Current Assets": {"2020-09-30": "", "2020-06-30": "", "2020-03-31": "", "2019-12-31": "", "2019-09-30": "", "2019-06-30": "", "2019-03-31": "7.24400", "2018-12-31": "", "2018-09-30": "24.48900", "2018-06-30": "", "2018-03-31": "31.84400", "2017-12-31": "", "2017-09-30": "", "2017-06-30": "", "2017-03-31": "", "2016-12-31": "", "2016-09-30": "", "2016-06-30": "", "2016-03-31": "", "2015-12-31": "", "2015-09-30": "", "2015-06-30": "", "2015-03-31": "", "2014-12-31": "", "2014-09-30": "", "2014-06-30": "", "2014-03-31": "", "2013-12-31": "", "2013-09-30": "", "2013-06-30": "", "2013-03-31": "", "2012-12-31": "", "2012-09-30": "", "2012-06-30": "", "2012-03-31": "", "2011-12-31": "", "2011-09-30": "", "2011-06-30": "", "2011-03-31": "", "2010-12-31": "", "2010-09-30": "", "2010-06-30": "", "2010-03-31": "", "2009-12-31": "", "2009-09-30": "", "2009-06-30": "", "2009-03-31": "", "2008-12-31": "", "2008-09-30": "", "2008-06-30": "", "2008-03-31": "", "2007-12-31": "", "2007-09-30": "", "2007-06-30": "", "2007-03-31": "", "2006-12-31": "", "2006-09-30": "", "2006-06-30": "", "2006-03-31": "", "2005-12-31": "", "2005-09-30": "", "2005-06-30": "", "2005-03-31": ""}, "Total Current Assets": {"2020-09-30": "1407.80800", "2020-06-30": "1394.66300", "2020-03-31": "1136.89600", "2019-12-31": "1011.19000", "2019-09-30": "972.11200", "2019-06-30": "957.24700", "2019-03-31": "946.29800", "2018-12-31": "897.01600", "2018-09-30": "786.96200", "2018-06-30": "686.28600", "2018-03-31": "565.68000", "2017-12-31": "484.87400", "2017-09-30": "470.92100", "2017-06-30": "402.23900", "2017-03-31": "467.95000", "2016-12-31": "469.00100", "2016-09-30": "421.32800", "2016-06-30": "353.38300", "2016-03-31": "339.46800", "2015-12-31": "178.66500", "2015-09-30": "207.35100", "2015-06-30": "91.80300", "2015-03-31": "125.04000", "2014-12-31": "167.24100", "2014-09-30": "220.67000", "2014-06-30": "258.58300", "2014-03-31": "298.30900", "2013-12-31": "266.60900", "2013-09-30": "306.16400", "2013-06-30": "374.95600", "2013-03-31": "383.94500", "2012-12-31": "432.54100", "2012-09-30": "493.39500", "2012-06-30": "213.82300", "2012-03-31": "250.01600", "2011-12-31": "228.82400", "2011-09-30": "244.87400", "2011-06-30": "283.70000", "2011-03-31": "324.20900", "2010-12-31": "183.48600", "2010-09-30": "192.21200", "2010-06-30": "234.84800", "2010-03-31": "177.62500", "2009-12-31": "230.00000", "2009-09-30": "306.52200", "2009-06-30": "213.64700", "2009-03-31": "230.21500", "2008-12-31": "271.57100", "2008-09-30": "117.44200", "2008-06-30": "173.76200", "2008-03-31": "245.84400", "2007-12-31": "283.78300", "2007-09-30": "294.03300", "2007-06-30": "240.88500", "2007-03-31": "289.23600", "2006-12-31": "262.25100", "2006-09-30": "142.41800", "2006-06-30": "188.74100", "2006-03-31": "218.26200", "2005-12-31": "195.21800", "2005-09-30": "214.29300", "2005-06-30": "197.91100", "2005-03-31": "141.96300"}, "Property, Plant, And Equipment": {"2020-09-30": "56.38500", "2020-06-30": "52.32300", "2020-03-31": "48.48900", "2019-12-31": "48.89200", "2019-09-30": "49.46700", "2019-06-30": "50.70900", "2019-03-31": "50.55300", "2018-12-31": "50.89700", "2018-09-30": "51.04600", "2018-06-30": "64.74400", "2018-03-31": "45.41200", "2017-12-31": "25.74300", "2017-09-30": "19.25600", "2017-06-30": "18.68400", "2017-03-31": "2.59400", "2016-12-31": "2.07100", "2016-09-30": "1.73700", "2016-06-30": "1.98200", "2016-03-31": "1.81300", "2015-12-31": "1.43400", "2015-09-30": "1.44800", "2015-06-30": "1.81200", "2015-03-31": "2.15800", "2014-12-31": "2.43200", "2014-09-30": "2.92800", "2014-06-30": "4.05200", "2014-03-31": "4.68500", "2013-12-31": "4.91000", "2013-09-30": "5.52000", "2013-06-30": "5.65000", "2013-03-31": "5.78600", "2012-12-31": "6.05900", "2012-09-30": "6.29200", "2012-06-30": "6.43900", "2012-03-31": "7.32600", "2011-12-31": "8.50600", "2011-09-30": "10.19600", "2011-06-30": "11.90300", "2011-03-31": "13.60500", "2010-12-31": "15.81100", "2010-09-30": "18.77600", "2010-06-30": "20.92300", "2010-03-31": "24.37900", "2009-12-31": "29.39200", "2009-09-30": "28.48100", "2009-06-30": "30.69600", "2009-03-31": "33.35400", "2008-12-31": "36.24700", "2008-09-30": "38.68300", "2008-06-30": "39.41700", "2008-03-31": "35.82500", "2007-12-31": "34.66400", "2007-09-30": "36.26600", "2007-06-30": "34.62100", "2007-03-31": "32.45100", "2006-12-31": "32.29400", "2006-09-30": "33.34400", "2006-06-30": "33.76900", "2006-03-31": "33.71500", "2005-12-31": "35.57700", "2005-09-30": "36.14400", "2005-06-30": "36.96500", "2005-03-31": "36.06500"}, "Long-Term Investments": {"2020-09-30": "358.07900", "2020-06-30": "327.14100", "2020-03-31": "486.03600", "2019-12-31": "536.38500", "2019-09-30": "486.76300", "2019-06-30": "337.78500", "2019-03-31": "218.61900", "2018-12-31": "158.28700", "2018-09-30": "114.09300", "2018-06-30": "94.39600", "2018-03-31": "96.71000", "2017-12-31": "64.25500", "2017-09-30": "50.56900", "2017-06-30": "26.41300", "2017-03-31": "47.35100", "2016-12-31": "55.60100", "2016-09-30": "55.81700", "2016-06-30": "51.72700", "2016-03-31": "82.85000", "2015-12-31": "83.60000", "2015-09-30": "81.60000", "2015-06-30": "81.59800", "2015-03-31": "81.59700", "2014-12-31": "81.57900", "2014-09-30": "84.58900", "2014-06-30": "95.51300", "2014-03-31": "111.15500", "2013-12-31": "144.29900", "2013-09-30": "157.40200", "2013-06-30": "138.12500", "2013-03-31": "176.08800", "2012-12-31": "182.31100", "2012-09-30": "162.17300", "2012-06-30": "83.67800", "2012-03-31": "84.47000", "2011-12-31": "85.26000", "2011-09-30": "85.78700", "2011-06-30": "86.57400", "2011-03-31": "85.82500", "2010-12-31": "87.31400", "2010-09-30": "87.29500", "2010-06-30": "89.42200", "2010-03-31": "9.50200", "2009-12-31": "11.46300", "2009-09-30": "9.97600", "2009-06-30": "12.40600", "2009-03-31": "14.83100", "2008-12-31": "17.76900", "2008-09-30": "21.43400", "2008-06-30": "25.09400", "2008-03-31": "17.93900", "2007-12-31": "20.74700", "2007-09-30": "13.51600", "2007-06-30": "15.53700", "2007-03-31": "17.55300", "2006-12-31": "19.57300", "2006-09-30": "11.76800", "2006-06-30": "", "2006-03-31": "", "2005-12-31": "15.14300", "2005-09-30": "", "2005-06-30": "", "2005-03-31": ""}, "Goodwill And Intangible Assets": {"2020-09-30": "63.68400", "2020-06-30": "63.68400", "2020-03-31": "63.68400", "2019-12-31": "63.68400", "2019-09-30": "63.68400", "2019-06-30": "63.68400", "2019-03-31": "63.68400", "2018-12-31": "63.68400", "2018-09-30": "63.68400", "2018-06-30": "63.68400", "2018-03-31": "63.68400", "2017-12-31": "63.68400", "2017-09-30": "63.68400", "2017-06-30": "63.68400", "2017-03-31": "63.68400", "2016-12-31": "63.68400", "2016-09-30": "63.68400", "2016-06-30": "63.68400", "2016-03-31": "63.68400", "2015-12-31": "63.68400", "2015-09-30": "63.68400", "2015-06-30": "63.68400", "2015-03-31": "63.68400", "2014-12-31": "63.68400", "2014-09-30": "63.68400", "2014-06-30": "63.68400", "2014-03-31": "63.68400", "2013-12-31": "63.68400", "2013-09-30": "63.68400", "2013-06-30": "63.68400", "2013-03-31": "63.68400", "2012-12-31": "63.68400", "2012-09-30": "63.68400", "2012-06-30": "63.68400", "2012-03-31": "63.68400", "2011-12-31": "63.68400", "2011-09-30": "63.68400", "2011-06-30": "63.68400", "2011-03-31": "63.68400", "2010-12-31": "63.68400", "2010-09-30": "63.68400", "2010-06-30": "63.68400", "2010-03-31": "63.68400", "2009-12-31": "63.68400", "2009-09-30": "63.68400", "2009-06-30": "63.68400", "2009-03-31": "63.68400", "2008-12-31": "63.68400", "2008-09-30": "63.68400", "2008-06-30": "63.68400", "2008-03-31": "63.68400", "2007-12-31": "63.68400", "2007-09-30": "66.32700", "2007-06-30": "69.82500", "2007-03-31": "69.89700", "2006-12-31": "69.96900", "2006-09-30": "70.06800", "2006-06-30": "70.27800", "2006-03-31": "70.51800", "2005-12-31": "70.78900", "2005-09-30": "71.06100", "2005-06-30": "71.33200", "2005-03-31": "71.60400"}, "Other Long-Term Assets": {"2020-09-30": "69.40900", "2020-06-30": "60.50200", "2020-03-31": "57.31200", "2019-12-31": "53.14500", "2019-09-30": "8.26800", "2019-06-30": "6.86300", "2019-03-31": "5.00200", "2018-12-31": "8.29100", "2018-09-30": "2.59200", "2018-06-30": "2.04800", "2018-03-31": "3.42900", "2017-12-31": "16.73800", "2017-09-30": "5.34200", "2017-06-30": "5.51200", "2017-03-31": "5.40100", "2016-12-31": "5.38200", "2016-09-30": "5.92400", "2016-06-30": "6.36000", "2016-03-31": "4.71800", "2015-12-31": "4.95900", "2015-09-30": "9.15800", "2015-06-30": "9.88100", "2015-03-31": "10.45500", "2014-12-31": "8.33300", "2014-09-30": "11.78500", "2014-06-30": "18.80300", "2014-03-31": "19.73200", "2013-12-31": "23.78500", "2013-09-30": "23.18900", "2013-06-30": "29.66900", "2013-03-31": "30.02400", "2012-12-31": "36.50200", "2012-09-30": "37.06900", "2012-06-30": "6.86400", "2012-03-31": "7.10400", "2011-12-31": "6.98800", "2011-09-30": "7.09500", "2011-06-30": "8.32100", "2011-03-31": "8.41300", "2010-12-31": "10.49500", "2010-09-30": "10.93900", "2010-06-30": "10.84800", "2010-03-31": "9.03000", "2009-12-31": "8.87100", "2009-09-30": "12.43900", "2009-06-30": "12.74400", "2009-03-31": "13.02100", "2008-12-31": "12.35100", "2008-09-30": "13.52000", "2008-06-30": "14.66400", "2008-03-31": "7.28000", "2007-12-31": "9.24200", "2007-09-30": "10.14900", "2007-06-30": "10.92000", "2007-03-31": "11.49400", "2006-12-31": "11.33000", "2006-09-30": "13.05900", "2006-06-30": "13.68900", "2006-03-31": "15.08700", "2005-12-31": "15.98500", "2005-09-30": "17.20100", "2005-06-30": "18.92800", "2005-03-31": "20.09700"}, "Total Long-Term Assets": {"2020-09-30": "703.23500", "2020-06-30": "651.88500", "2020-03-31": "818.70810", "2019-12-31": "874.48000", "2019-09-30": "812.75300", "2019-06-30": "685.85100", "2019-03-31": "595.49600", "2018-12-31": "525.27000", "2018-09-30": "237.40400", "2018-06-30": "224.87200", "2018-03-31": "209.23500", "2017-12-31": "170.42000", "2017-09-30": "138.85100", "2017-06-30": "114.29300", "2017-03-31": "119.03000", "2016-12-31": "126.73800", "2016-09-30": "127.16200", "2016-06-30": "123.75300", "2016-03-31": "153.06500", "2015-12-31": "153.67700", "2015-09-30": "155.89000", "2015-06-30": "156.97500", "2015-03-31": "157.89400", "2014-12-31": "156.02800", "2014-09-30": "162.98600", "2014-06-30": "182.05200", "2014-03-31": "199.25600", "2013-12-31": "236.67800", "2013-09-30": "249.79500", "2013-06-30": "237.12800", "2013-03-31": "275.58200", "2012-12-31": "288.55600", "2012-09-30": "269.21800", "2012-06-30": "160.66500", "2012-03-31": "162.58400", "2011-12-31": "164.43800", "2011-09-30": "166.76200", "2011-06-30": "170.48200", "2011-03-31": "171.52700", "2010-12-31": "177.30400", "2010-09-30": "180.69400", "2010-06-30": "184.87700", "2010-03-31": "106.59500", "2009-12-31": "113.41000", "2009-09-30": "114.58000", "2009-06-30": "119.53000", "2009-03-31": "124.89000", "2008-12-31": "130.05100", "2008-09-30": "137.32100", "2008-06-30": "142.85900", "2008-03-31": "124.72800", "2007-12-31": "128.33700", "2007-09-30": "126.25800", "2007-06-30": "130.90300", "2007-03-31": "131.39500", "2006-12-31": "133.16600", "2006-09-30": "128.23900", "2006-06-30": "117.73600", "2006-03-31": "119.32000", "2005-12-31": "137.49400", "2005-09-30": "124.41300", "2005-06-30": "127.23400", "2005-03-31": "127.79000"}, "Total Assets": {"2020-09-30": "2111.04300", "2020-06-30": "2046.54800", "2020-03-31": "1955.60400", "2019-12-31": "1885.67000", "2019-09-30": "1784.86500", "2019-06-30": "1643.09800", "2019-03-31": "1541.79400", "2018-12-31": "1422.28600", "2018-09-30": "1024.36600", "2018-06-30": "911.15800", "2018-03-31": "774.91500", "2017-12-31": "655.29400", "2017-09-30": "609.77200", "2017-06-30": "516.53200", "2017-03-31": "586.98000", "2016-12-31": "595.73900", "2016-09-30": "548.49000", "2016-06-30": "477.13600", "2016-03-31": "492.53300", "2015-12-31": "332.34200", "2015-09-30": "363.24100", "2015-06-30": "248.77800", "2015-03-31": "282.93400", "2014-12-31": "323.26900", "2014-09-30": "383.65600", "2014-06-30": "440.63500", "2014-03-31": "497.56500", "2013-12-31": "503.28700", "2013-09-30": "555.95900", "2013-06-30": "612.08400", "2013-03-31": "659.52700", "2012-12-31": "721.09700", "2012-09-30": "762.61300", "2012-06-30": "374.48800", "2012-03-31": "412.60000", "2011-12-31": "393.26200", "2011-09-30": "411.63600", "2011-06-30": "454.18200", "2011-03-31": "495.73600", "2010-12-31": "360.79000", "2010-09-30": "372.90600", "2010-06-30": "419.72500", "2010-03-31": "284.22000", "2009-12-31": "343.41000", "2009-09-30": "421.10200", "2009-06-30": "333.17700", "2009-03-31": "355.10500", "2008-12-31": "401.62200", "2008-09-30": "254.76300", "2008-06-30": "316.62100", "2008-03-31": "370.57200", "2007-12-31": "412.12000", "2007-09-30": "420.29100", "2007-06-30": "371.78800", "2007-03-31": "420.63100", "2006-12-31": "395.41700", "2006-09-30": "270.65700", "2006-06-30": "306.47700", "2006-03-31": "337.58200", "2005-12-31": "332.71200", "2005-09-30": "338.70600", "2005-06-30": "325.14500", "2005-03-31": "269.75300"}, "Total Current Liabilities": {"2020-09-30": "201.34300", "2020-06-30": "142.68100", "2020-03-31": "140.47700", "2019-12-31": "142.74600", "2019-09-30": "141.06900", "2019-06-30": "110.79600", "2019-03-31": "125.13200", "2018-12-31": "105.47200", "2018-09-30": "90.90600", "2018-06-30": "99.94400", "2018-03-31": "84.85900", "2017-12-31": "115.17000", "2017-09-30": "108.95300", "2017-06-30": "97.67100", "2017-03-31": "202.28700", "2016-12-31": "268.78600", "2016-09-30": "201.64300", "2016-06-30": "192.79500", "2016-03-31": "101.06700", "2015-12-31": "52.25100", "2015-09-30": "55.92200", "2015-06-30": "60.31600", "2015-03-31": "58.68000", "2014-12-31": "170.42900", "2014-09-30": "173.91200", "2014-06-30": "171.85700", "2014-03-31": "71.05600", "2013-12-31": "87.85300", "2013-09-30": "77.88000", "2013-06-30": "74.60000", "2013-03-31": "67.79900", "2012-12-31": "81.70400", "2012-09-30": "85.41500", "2012-06-30": "90.14700", "2012-03-31": "87.45900", "2011-12-31": "92.32500", "2011-09-30": "166.61500", "2011-06-30": "193.54200", "2011-03-31": "198.12300", "2010-12-31": "199.94100", "2010-09-30": "203.96900", "2010-06-30": "222.01500", "2010-03-31": "210.34400", "2009-12-31": "207.11800", "2009-09-30": "214.99500", "2009-06-30": "184.47400", "2009-03-31": "176.45800", "2008-12-31": "189.54300", "2008-09-30": "118.88200", "2008-06-30": "134.14200", "2008-03-31": "132.78100", "2007-12-31": "132.88500", "2007-09-30": "120.49100", "2007-06-30": "115.82100", "2007-03-31": "125.82200", "2006-12-31": "111.43700", "2006-09-30": "82.33100", "2006-06-30": "86.47000", "2006-03-31": "124.31900", "2005-12-31": "108.75500", "2005-09-30": "88.69300", "2005-06-30": "91.89300", "2005-03-31": "67.98100"}, "Long Term Debt": {"2020-09-30": "", "2020-06-30": "", "2020-03-31": "", "2019-12-31": "", "2019-09-30": "23.70500", "2019-06-30": "22.54300", "2019-03-31": "19.95800", "2018-12-31": "", "2018-09-30": "12.61900", "2018-06-30": "", "2018-03-31": "", "2017-12-31": "14.93800", "2017-09-30": "", "2017-06-30": "", "2017-03-31": "", "2016-12-31": "", "2016-09-30": "81.49300", "2016-06-30": "288.55500", "2016-03-31": "361.67200", "2015-12-31": "417.93700", "2015-09-30": "379.66600", "2015-06-30": "374.30500", "2015-03-31": "368.05200", "2014-12-31": "263.50000", "2014-09-30": "263.48300", "2014-06-30": "260.43300", "2014-03-31": "349.56000", "2013-12-31": "344.52200", "2013-09-30": "339.59000", "2013-06-30": "335.27000", "2013-03-31": "330.76300", "2012-12-31": "336.70300", "2012-09-30": "328.58500", "2012-06-30": "177.03900", "2012-03-31": "176.52900", "2011-12-31": "186.14000", "2011-09-30": "182.75200", "2011-06-30": "181.34000", "2011-03-31": "180.01900", "2010-12-31": "177.69700", "2010-09-30": "197.85600", "2010-06-30": "198.32200", "2010-03-31": "38.40200", "2009-12-31": "40.36300", "2009-09-30": "66.92600", "2009-06-30": "69.35600", "2009-03-31": "71.78100", "2008-12-31": "74.71900", "2008-09-30": "106.43300", "2008-06-30": "110.09400", "2008-03-31": "102.93900", "2007-12-31": "105.74700", "2007-09-30": "99.84100", "2007-06-30": "102.71300", "2007-03-31": "105.63300", "2006-12-31": "108.07400", "2006-09-30": "100.96500", "2006-06-30": "103.30100", "2006-03-31": "106.25000", "2005-12-31": "106.85800", "2005-09-30": "104.67200", "2005-06-30": "107.38000", "2005-03-31": "133.64100"}, "Other Non-Current Liabilities": {"2020-09-30": "0.72100", "2020-06-30": "7.20600", "2020-03-31": "5.45900", "2019-12-31": "2.34700", "2019-09-30": "0.97500", "2019-06-30": "4.49500", "2019-03-31": "3.36100", "2018-12-31": "1.28600", "2018-09-30": "2.60700", "2018-06-30": "24.27600", "2018-03-31": "17.11300", "2017-12-31": "1.70500", "2017-09-30": "16.01200", "2017-06-30": "16.68700", "2017-03-31": "3.70700", "2016-12-31": "0.54100", "2016-09-30": "0.75900", "2016-06-30": "1.08200", "2016-03-31": "1.31700", "2015-12-31": "2.96000", "2015-09-30": "1.88100", "2015-06-30": "2.34500", "2015-03-31": "2.96100", "2014-12-31": "4.16900", "2014-09-30": "4.77200", "2014-06-30": "5.10200", "2014-03-31": "5.46700", "2013-12-31": "4.67400", "2013-09-30": "5.72600", "2013-06-30": "5.88200", "2013-03-31": "6.11300", "2012-12-31": "6.25600", "2012-09-30": "7.76800", "2012-06-30": "7.55800", "2012-03-31": "7.75500", "2011-12-31": "7.84400", "2011-09-30": "8.24700", "2011-06-30": "8.44500", "2011-03-31": "8.77200", "2010-12-31": "9.00500", "2010-09-30": "23.41500", "2010-06-30": "23.60600", "2010-03-31": "17.17300", "2009-12-31": "17.32500", "2009-09-30": "23.90700", "2009-06-30": "23.50500", "2009-03-31": "23.10300", "2008-12-31": "22.62000", "2008-09-30": "27.33800", "2008-06-30": "26.25400", "2008-03-31": "25.75500", "2007-12-31": "24.92400", "2007-09-30": "24.41900", "2007-06-30": "23.25500", "2007-03-31": "21.58800", "2006-12-31": "20.49100", "2006-09-30": "19.18000", "2006-06-30": "17.85500", "2006-03-31": "16.18400", "2005-12-31": "14.47500", "2005-09-30": "12.75000", "2005-06-30": "10.94900", "2005-03-31": "9.78800"}, "Total Long Term Liabilities": {"2020-09-30": "57.66900", "2020-06-30": "70.54300", "2020-03-31": "67.47500", "2019-12-31": "56.95400", "2019-09-30": "40.07900", "2019-06-30": "43.67000", "2019-03-31": "31.64200", "2018-12-31": "29.36100", "2018-09-30": "17.49400", "2018-06-30": "36.24600", "2018-03-31": "20.29000", "2017-12-31": "255.16300", "2017-09-30": "262.10400", "2017-06-30": "270.35000", "2017-03-31": "264.94300", "2016-12-31": "237.63500", "2016-09-30": "314.82500", "2016-06-30": "470.47500", "2016-03-31": "547.42000", "2015-12-31": "420.89700", "2015-09-30": "381.54700", "2015-06-30": "376.65000", "2015-03-31": "371.01300", "2014-12-31": "267.66900", "2014-09-30": "268.25500", "2014-06-30": "265.53500", "2014-03-31": "355.02700", "2013-12-31": "349.19600", "2013-09-30": "345.31600", "2013-06-30": "341.15200", "2013-03-31": "336.87600", "2012-12-31": "342.95900", "2012-09-30": "336.35300", "2012-06-30": "185.29200", "2012-03-31": "192.79200", "2011-12-31": "210.30500", "2011-09-30": "241.96700", "2011-06-30": "342.45500", "2011-03-31": "366.36200", "2010-12-31": "389.17400", "2010-09-30": "386.53000", "2010-06-30": "412.40400", "2010-03-31": "273.16100", "2009-12-31": "300.01700", "2009-09-30": "348.87700", "2009-06-30": "272.32200", "2009-03-31": "267.59500", "2008-12-31": "268.34000", "2008-09-30": "162.83700", "2008-06-30": "176.61200", "2008-03-31": "197.93100", "2007-12-31": "207.15400", "2007-09-30": "215.00400", "2007-06-30": "236.18300", "2007-03-31": "256.82000", "2006-12-31": "231.44000", "2006-09-30": "207.92400", "2006-06-30": "219.02300", "2006-03-31": "198.97500", "2005-12-31": "190.41400", "2005-09-30": "194.10800", "2005-06-30": "204.76700", "2005-03-31": "168.66400"}, "Total Liabilities": {"2020-09-30": "259.01200", "2020-06-30": "213.22400", "2020-03-31": "207.95200", "2019-12-31": "199.70000", "2019-09-30": "181.14800", "2019-06-30": "154.46600", "2019-03-31": "156.77400", "2018-12-31": "134.83300", "2018-09-30": "108.40000", "2018-06-30": "136.19000", "2018-03-31": "105.14900", "2017-12-31": "370.33300", "2017-09-30": "371.05700", "2017-06-30": "368.02100", "2017-03-31": "467.23000", "2016-12-31": "506.42100", "2016-09-30": "516.46800", "2016-06-30": "663.27000", "2016-03-31": "648.48700", "2015-12-31": "473.14800", "2015-09-30": "437.46900", "2015-06-30": "436.96600", "2015-03-31": "429.69300", "2014-12-31": "438.09800", "2014-09-30": "442.16700", "2014-06-30": "437.39200", "2014-03-31": "426.08300", "2013-12-31": "437.04900", "2013-09-30": "423.19600", "2013-06-30": "415.75200", "2013-03-31": "404.67500", "2012-12-31": "424.66300", "2012-09-30": "421.76800", "2012-06-30": "275.43900", "2012-03-31": "280.25100", "2011-12-31": "302.63000", "2011-09-30": "408.58200", "2011-06-30": "535.99700", "2011-03-31": "564.48500", "2010-12-31": "589.11500", "2010-09-30": "590.49900", "2010-06-30": "634.41900", "2010-03-31": "483.50500", "2009-12-31": "507.13500", "2009-09-30": "563.87200", "2009-06-30": "456.79600", "2009-03-31": "444.05300", "2008-12-31": "457.88300", "2008-09-30": "281.72100", "2008-06-30": "310.75400", "2008-03-31": "330.71200", "2007-12-31": "340.03900", "2007-09-30": "335.49500", "2007-06-30": "352.00400", "2007-03-31": "382.64200", "2006-12-31": "342.87700", "2006-09-30": "290.25500", "2006-06-30": "305.49300", "2006-03-31": "323.29400", "2005-12-31": "299.16900", "2005-09-30": "282.80100", "2005-06-30": "296.66000", "2005-03-31": "236.64500"}, "Common Stock Net": {"2020-09-30": "0.30900", "2020-06-30": "0.30900", "2020-03-31": "0.30600", "2019-12-31": "0.30500", "2019-09-30": "0.30400", "2019-06-30": "0.30300", "2019-03-31": "0.30200", "2018-12-31": "0.30000", "2018-09-30": "0.29900", "2018-06-30": "0.29800", "2018-03-31": "0.29700", "2017-12-31": "0.29600", "2017-09-30": "0.29600", "2017-06-30": "0.29400", "2017-03-31": "0.29200", "2016-12-31": "0.29000", "2016-09-30": "0.28600", "2016-06-30": "0.23000", "2016-03-31": "0.22800", "2015-12-31": "0.22800", "2015-09-30": "0.22500", "2015-06-30": "0.19600", "2015-03-31": "0.19600", "2014-12-31": "0.19600", "2014-09-30": "0.19500", "2014-06-30": "0.19500", "2014-03-31": "0.19400", "2013-12-31": "0.18400", "2013-09-30": "0.18400", "2013-06-30": "0.18400", "2013-03-31": "0.18400", "2012-12-31": "0.18300", "2012-09-30": "0.18300", "2012-06-30": "0.14900", "2012-03-31": "0.14800", "2011-12-31": "0.13500", "2011-09-30": "0.12900", "2011-06-30": "0.12800", "2011-03-31": "0.12700", "2010-12-31": "0.10900", "2010-09-30": "0.10900", "2010-06-30": "0.10900", "2010-03-31": "0.10800", "2009-12-31": "0.10800", "2009-09-30": "0.10700", "2009-06-30": "0.10700", "2009-03-31": "0.10600", "2008-12-31": "0.10600", "2008-09-30": "0.10600", "2008-06-30": "0.10500", "2008-03-31": "0.10500", "2007-12-31": "0.10500", "2007-09-30": "0.10400", "2007-06-30": "0.09700", "2007-03-31": "0.09700", "2006-12-31": "0.09600", "2006-09-30": "0.08400", "2006-06-30": "0.08500", "2006-03-31": "0.08500", "2005-12-31": "0.08400", "2005-09-30": "0.08400", "2005-06-30": "0.07700", "2005-03-31": "0.07600"}, "Retained Earnings (Accumulated Deficit)": {"2020-09-30": "-475.95800", "2020-06-30": "-443.91800", "2020-03-31": "-510.73900", "2019-12-31": "-559.35100", "2019-09-30": "-628.09400", "2019-06-30": "-725.54600", "2019-03-31": "-804.58800", "2018-12-31": "-880.36300", "2018-09-30": "-1240.45200", "2018-06-30": "-1367.31600", "2018-03-31": "-1454.81000", "2017-12-31": "-1829.17200", "2017-09-30": "-1867.66100", "2017-06-30": "-1949.04300", "2017-03-31": "-1966.69900", "2016-12-31": "-1983.14700", "2016-09-30": "-2018.27000", "2016-06-30": "-2035.40300", "2016-03-31": "-1998.38800", "2015-12-31": "-1912.92500", "2015-09-30": "-1893.40000", "2015-06-30": "-1845.83600", "2015-03-31": "-1802.47400", "2014-12-31": "-1767.30400", "2014-09-30": "-1709.35100", "2014-06-30": "-1646.79100", "2014-03-31": "-1573.38100", "2013-12-31": "-1498.76200", "2013-09-30": "-1428.01600", "2013-06-30": "-1360.89200", "2013-03-31": "-1298.73100", "2012-12-31": "-1254.00200", "2012-09-30": "-1201.80900", "2012-06-30": "-1168.99500", "2012-03-31": "-1132.50800", "2011-12-31": "-1106.35700", "2011-09-30": "-1152.65300", "2011-06-30": "-1230.51800", "2011-03-31": "-1209.54400", "2010-12-31": "-1182.05400", "2010-09-30": "-1164.18900", "2010-06-30": "-1155.58600", "2010-03-31": "-1132.97300", "2009-12-31": "-1089.72400", "2009-09-30": "-1060.88900", "2009-06-30": "-1035.44500", "2009-03-31": "-990.68400", "2008-12-31": "-954.50400", "2008-09-30": "-916.55500", "2008-06-30": "-878.04800", "2008-03-31": "-832.92400", "2007-12-31": "-791.65000", "2007-09-30": "-771.72800", "2007-06-30": "-758.03200", "2007-03-31": "-729.47000", "2006-12-31": "-705.26900", "2006-09-30": "-680.08700", "2006-06-30": "-654.89000", "2006-03-31": "-630.90000", "2005-12-31": "-603.77700", "2005-09-30": "-579.25500", "2005-06-30": "-556.48100", "2005-03-31": "-546.78400"}, "Comprehensive Income": {"2020-09-30": "6.23900", "2020-06-30": "7.84000", "2020-03-31": "-0.22200", "2019-12-31": "3.06900", "2019-09-30": "2.66800", "2019-06-30": "2.20700", "2019-03-31": "0.72800", "2018-12-31": "-0.70100", "2018-09-30": "-0.51300", "2018-06-30": "-0.73100", "2018-03-31": "-0.88700", "2017-12-31": "-0.34700", "2017-09-30": "-0.05200", "2017-06-30": "-0.11900", "2017-03-31": "-0.32600", "2016-12-31": "-0.41600", "2016-09-30": "-0.08000", "2016-06-30": "0.12900", "2016-03-31": "-0.04200", "2015-12-31": "-0.23200", "2015-09-30": "-0.04100", "2015-06-30": "-0.17400", "2015-03-31": "-0.06100", "2014-12-31": "-0.12100", "2014-09-30": "0.02400", "2014-06-30": "0.17700", "2014-03-31": "0.15300", "2013-12-31": "0.14600", "2013-09-30": "0.18000", "2013-06-30": "-0.26300", "2013-03-31": "0.10200", "2012-12-31": "-0.09200", "2012-09-30": "-0.01800", "2012-06-30": "0.00500", "2012-03-31": "0.05000", "2011-12-31": "-0.13800", "2011-09-30": "-0.24900", "2011-06-30": "-0.01300", "2011-03-31": "-0.03200", "2010-12-31": "0.01200", "2010-09-30": "0.01800", "2010-06-30": "0.01800", "2010-03-31": "0.09900", "2009-12-31": "0.15500", "2009-09-30": "0.09600", "2009-06-30": "0.02000", "2009-03-31": "0.00300", "2008-12-31": "", "2008-09-30": "0.17800", "2008-06-30": "0.60200", "2008-03-31": "1.23600", "2007-12-31": "0.49900", "2007-09-30": "1.01700", "2007-06-30": "1.10200", "2007-03-31": "1.08000", "2006-12-31": "1.14500", "2006-09-30": "1.20700", "2006-06-30": "1.02800", "2006-03-31": "1.00700", "2005-12-31": "0.97300", "2005-09-30": "0.81200", "2005-06-30": "0.84400", "2005-03-31": "0.53200"}, "Other Share Holders Equity": {"2020-09-30": "", "2020-06-30": "", "2020-03-31": "", "2019-12-31": "", "2019-09-30": "", "2019-06-30": "", "2019-03-31": "", "2018-12-31": "", "2018-09-30": "", "2018-06-30": "", "2018-03-31": "", "2017-12-31": "", "2017-09-30": "", "2017-06-30": "", "2017-03-31": "", "2016-12-31": "", "2016-09-30": "", "2016-06-30": "", "2016-03-31": "", "2015-12-31": "", "2015-09-30": "", "2015-06-30": "", "2015-03-31": "", "2014-12-31": "", "2014-09-30": "", "2014-06-30": "", "2014-03-31": "", "2013-12-31": "", "2013-09-30": "", "2013-06-30": "", "2013-03-31": "", "2012-12-31": "", "2012-09-30": "", "2012-06-30": "", "2012-03-31": "", "2011-12-31": "", "2011-09-30": "", "2011-06-30": "", "2011-03-31": "", "2010-12-31": "", "2010-09-30": "", "2010-06-30": "", "2010-03-31": "", "2009-12-31": "", "2009-09-30": "", "2009-06-30": "", "2009-03-31": "", "2008-12-31": "", "2008-09-30": "", "2008-06-30": "", "2008-03-31": "", "2007-12-31": "", "2007-09-30": "", "2007-06-30": "", "2007-03-31": "", "2006-12-31": "", "2006-09-30": "", "2006-06-30": "", "2006-03-31": "", "2005-12-31": "", "2005-09-30": "", "2005-06-30": "", "2005-03-31": ""}, "Share Holder Equity": {"2020-09-30": "1852.03100", "2020-06-30": "1833.32400", "2020-03-31": "1747.65200", "2019-12-31": "1685.97000", "2019-09-30": "1603.71700", "2019-06-30": "1488.63200", "2019-03-31": "1385.02000", "2018-12-31": "1287.45300", "2018-09-30": "915.96600", "2018-06-30": "774.96800", "2018-03-31": "669.76600", "2017-12-31": "284.96100", "2017-09-30": "238.71500", "2017-06-30": "148.51100", "2017-03-31": "119.75000", "2016-12-31": "89.31800", "2016-09-30": "32.02200", "2016-06-30": "-186.13400", "2016-03-31": "-155.95400", "2015-12-31": "-140.80600", "2015-09-30": "-74.22800", "2015-06-30": "-188.18800", "2015-03-31": "-146.75900", "2014-12-31": "-114.82900", "2014-09-30": "-58.51100", "2014-06-30": "3.24300", "2014-03-31": "71.48200", "2013-12-31": "66.23800", "2013-09-30": "132.76300", "2013-06-30": "196.33200", "2013-03-31": "254.85200", "2012-12-31": "296.43400", "2012-09-30": "340.84500", "2012-06-30": "99.04900", "2012-03-31": "132.34900", "2011-12-31": "90.63200", "2011-09-30": "3.05400", "2011-06-30": "-81.81500", "2011-03-31": "-68.74900", "2010-12-31": "-228.32500", "2010-09-30": "-217.59300", "2010-06-30": "-214.69400", "2010-03-31": "-199.28500", "2009-12-31": "-163.72500", "2009-09-30": "-142.77000", "2009-06-30": "-123.61900", "2009-03-31": "-88.94800", "2008-12-31": "-56.26100", "2008-09-30": "-26.95800", "2008-06-30": "5.86700", "2008-03-31": "39.86000", "2007-12-31": "72.08100", "2007-09-30": "84.79600", "2007-06-30": "19.78400", "2007-03-31": "37.98900", "2006-12-31": "52.54000", "2006-09-30": "-19.59800", "2006-06-30": "0.98400", "2006-03-31": "14.28800", "2005-12-31": "33.54300", "2005-09-30": "55.90500", "2005-06-30": "28.48500", "2005-03-31": "33.10800"}, "Total Liabilities And Share Holders Equity": {"2020-09-30": "2111.04300", "2020-06-30": "2046.54800", "2020-03-31": "1955.60400", "2019-12-31": "1885.67000", "2019-09-30": "1784.86500", "2019-06-30": "1643.09800", "2019-03-31": "1541.79400", "2018-12-31": "1422.28600", "2018-09-30": "1024.36600", "2018-06-30": "911.15800", "2018-03-31": "774.91500", "2017-12-31": "655.29400", "2017-09-30": "609.77200", "2017-06-30": "516.53200", "2017-03-31": "586.98000", "2016-12-31": "595.73900", "2016-09-30": "548.49000", "2016-06-30": "477.13600", "2016-03-31": "492.53300", "2015-12-31": "332.34200", "2015-09-30": "363.24100", "2015-06-30": "248.77800", "2015-03-31": "282.93400", "2014-12-31": "323.26900", "2014-09-30": "383.65600", "2014-06-30": "440.63500", "2014-03-31": "497.56500", "2013-12-31": "503.28700", "2013-09-30": "555.95900", "2013-06-30": "612.08400", "2013-03-31": "659.52700", "2012-12-31": "721.09700", "2012-09-30": "762.61300", "2012-06-30": "374.48800", "2012-03-31": "412.60000", "2011-12-31": "393.26200", "2011-09-30": "411.63600", "2011-06-30": "454.18200", "2011-03-31": "495.73600", "2010-12-31": "360.79000", "2010-09-30": "372.90600", "2010-06-30": "419.72500", "2010-03-31": "284.22000", "2009-12-31": "343.41000", "2009-09-30": "421.10200", "2009-06-30": "333.17700", "2009-03-31": "355.10500", "2008-12-31": "401.62200", "2008-09-30": "254.76300", "2008-06-30": "316.62100", "2008-03-31": "370.57200", "2007-12-31": "412.12000", "2007-09-30": "420.29100", "2007-06-30": "371.78800", "2007-03-31": "420.63100", "2006-12-31": "395.41700", "2006-09-30": "270.65700", "2006-06-30": "306.47700", "2006-03-31": "337.58200", "2005-12-31": "332.71200", "2005-09-30": "338.70600", "2005-06-30": "325.14500", "2005-03-31": "269.75300"}}, "cash flow statement": {"Net Income/Loss": {"2019-12-31": "321.01200", "2018-12-31": "690.07000", "2017-12-31": "154.22700", "2016-12-31": "-70.22200", "2015-12-31": "-161.74400", "2014-12-31": "-261.29700", "2013-12-31": "-244.76000", "2012-12-31": "-147.64500", "2011-12-31": "75.69700", "2010-12-31": "-92.33000", "2009-12-31": "-139.55700", "2008-12-31": "-175.57000", "2007-12-31": "-111.02200", "2006-12-31": "-101.49200", "2005-12-31": "-84.40400"}, "Total Depreciation And Amortization - Cash Flow": {"2019-12-31": "8.34800", "2018-12-31": "4.91500", "2017-12-31": "1.18700", "2016-12-31": "9.43400", "2015-12-31": "18.44700", "2014-12-31": "24.68000", "2013-12-31": "3.14700", "2012-12-31": "5.51300", "2011-12-31": "6.82200", "2010-12-31": "10.54300", "2009-12-31": "12.59500", "2008-12-31": "13.22700", "2007-12-31": "11.33200", "2006-12-31": "16.91000", "2005-12-31": "17.75500"}, "Other Non-Cash Items": {"2019-12-31": "130.42300", "2018-12-31": "-200.63100", "2017-12-31": "23.93800", "2016-12-31": "43.36300", "2015-12-31": "26.23000", "2014-12-31": "7.32800", "2013-12-31": "38.32100", "2012-12-31": "23.58500", "2011-12-31": "18.33100", "2010-12-31": "19.83800", "2009-12-31": "30.68000", "2008-12-31": "18.33700", "2007-12-31": "-16.76800", "2006-12-31": "-4.08400", "2005-12-31": "-10.23600"}, "Total Non-Cash Items": {"2019-12-31": "138.77100", "2018-12-31": "-195.71600", "2017-12-31": "25.12500", "2016-12-31": "52.79700", "2015-12-31": "44.67700", "2014-12-31": "32.00800", "2013-12-31": "41.46800", "2012-12-31": "29.09800", "2011-12-31": "25.15300", "2010-12-31": "30.38100", "2009-12-31": "43.27500", "2008-12-31": "31.56400", "2007-12-31": "-5.43600", "2006-12-31": "12.82600", "2005-12-31": "7.51900"}, "Change In Accounts Receivable": {"2019-12-31": "43.71600", "2018-12-31": "-85.47100", "2017-12-31": "-43.29900", "2016-12-31": "-35.31800", "2015-12-31": "-0.54000", "2014-12-31": "-0.94100", "2013-12-31": "-1.19000", "2012-12-31": "27.03800", "2011-12-31": "-24.29400", "2010-12-31": "5.96800", "2009-12-31": "-8.50500", "2008-12-31": "0.20100", "2007-12-31": "17.69800", "2006-12-31": "-15.09000", "2005-12-31": "-2.80100"}, "Change In Inventories": {"2019-12-31": "-5.73100", "2018-12-31": "-3.18100", "2017-12-31": "-3.31900", "2016-12-31": "-0.72200", "2015-12-31": "-0.23500", "2014-12-31": "0.50900", "2013-12-31": "-2.89000", "2012-12-31": "", "2011-12-31": "", "2010-12-31": "", "2009-12-31": "", "2008-12-31": "", "2007-12-31": "", "2006-12-31": "", "2005-12-31": ""}, "Change In Accounts Payable": {"2019-12-31": "", "2018-12-31": "", "2017-12-31": "", "2016-12-31": "", "2015-12-31": "", "2014-12-31": "", "2013-12-31": "", "2012-12-31": "", "2011-12-31": "", "2010-12-31": "", "2009-12-31": "", "2008-12-31": "", "2007-12-31": "", "2006-12-31": "", "2005-12-31": ""}, "Change In Assets/Liabilities": {"2019-12-31": "-15.02400", "2018-12-31": "-8.25400", "2017-12-31": "13.36700", "2016-12-31": "250.37800", "2015-12-31": "-25.33700", "2014-12-31": "2.53400", "2013-12-31": "-6.87900", "2012-12-31": "-40.82500", "2011-12-31": "-225.78900", "2010-12-31": "-38.85700", "2009-12-31": "79.56900", "2008-12-31": "126.13900", "2007-12-31": "5.41200", "2006-12-31": "45.48100", "2005-12-31": "32.36800"}, "Total Change In Assets/Liabilities": {"2019-12-31": "67.08500", "2018-12-31": "-79.76300", "2017-12-31": "-6.94600", "2016-12-31": "227.26700", "2015-12-31": "-25.84500", "2014-12-31": "-10.27700", "2013-12-31": "-2.26800", "2012-12-31": "-8.63800", "2011-12-31": "-264.88400", "2010-12-31": "-42.33300", "2009-12-31": "80.07200", "2008-12-31": "133.37600", "2007-12-31": "47.18600", "2006-12-31": "42.55500", "2005-12-31": "29.92200"}, "Cash Flow From Operating Activities": {"2019-12-31": "526.95600", "2018-12-31": "415.72000", "2017-12-31": "165.61100", "2016-12-31": "210.40400", "2015-12-31": "-141.05100", "2014-12-31": "-235.40500", "2013-12-31": "-198.77300", "2012-12-31": "-123.14600", "2011-12-31": "-159.23300", "2010-12-31": "-101.04800", "2009-12-31": "-14.59100", "2008-12-31": "-9.68400", "2007-12-31": "-68.32100", "2006-12-31": "-45.33900", "2005-12-31": "-46.36100"}, "Net Change In Property, Plant, And Equipment": {"2019-12-31": "-12.83400", "2018-12-31": "-32.98900", "2017-12-31": "-20.97900", "2016-12-31": "-1.60600", "2015-12-31": "0.89900", "2014-12-31": "-0.08200", "2013-12-31": "-2.02800", "2012-12-31": "-0.77400", "2011-12-31": "0.53500", "2010-12-31": "-1.64600", "2009-12-31": "-5.90800", "2008-12-31": "-15.20500", "2007-12-31": "-17.81700", "2006-12-31": "-11.60000", "2005-12-31": "-14.17100"}, "Net Change In Intangible Assets": {"2019-12-31": "", "2018-12-31": "", "2017-12-31": "", "2016-12-31": "", "2015-12-31": "", "2014-12-31": "", "2013-12-31": "", "2012-12-31": "", "2011-12-31": "", "2010-12-31": "", "2009-12-31": "", "2008-12-31": "", "2007-12-31": "", "2006-12-31": "", "2005-12-31": ""}, "Net Acquisitions/Divestitures": {"2019-12-31": "", "2018-12-31": "", "2017-12-31": "", "2016-12-31": "", "2015-12-31": "0.09500", "2014-12-31": "0.83800", "2013-12-31": "", "2012-12-31": "", "2011-12-31": "3.01000", "2010-12-31": "9.00000", "2009-12-31": "2.20000", "2008-12-31": "9.00000", "2007-12-31": "35.30900", "2006-12-31": "", "2005-12-31": ""}, "Net Change In Short-term Investments": {"2019-12-31": "-1182.68200", "2018-12-31": "-557.83200", "2017-12-31": "-319.09000", "2016-12-31": "-217.70200", "2015-12-31": "34.94400", "2014-12-31": "133.36300", "2013-12-31": "135.19600", "2012-12-31": "-222.71000", "2011-12-31": "-112.41300", "2010-12-31": "-26.96800", "2009-12-31": "-110.63300", "2008-12-31": "108.04500", "2007-12-31": "-47.47800", "2006-12-31": "7.89900", "2005-12-31": "4.20400"}, "Net Change In Long-Term Investments": {"2019-12-31": "608.26900", "2018-12-31": "292.97100", "2017-12-31": "376.86400", "2016-12-31": "4.76000", "2015-12-31": "", "2014-12-31": "", "2013-12-31": "", "2012-12-31": "", "2011-12-31": "55.20500", "2010-12-31": "", "2009-12-31": "4.44800", "2008-12-31": "16.23200", "2007-12-31": "24.15300", "2006-12-31": "-21.04800", "2005-12-31": "-34.03900"}, "Net Change In Investments - Total": {"2019-12-31": "-574.41300", "2018-12-31": "-264.86100", "2017-12-31": "57.77400", "2016-12-31": "-212.94200", "2015-12-31": "34.94400", "2014-12-31": "133.36300", "2013-12-31": "135.19600", "2012-12-31": "-222.71000", "2011-12-31": "-57.20800", "2010-12-31": "-26.96800", "2009-12-31": "-106.18500", "2008-12-31": "124.27700", "2007-12-31": "-23.32500", "2006-12-31": "-13.14900", "2005-12-31": "-29.83500"}, "Investing Activities - Other": {"2019-12-31": "", "2018-12-31": "", "2017-12-31": "", "2016-12-31": "", "2015-12-31": "14.13900", "2014-12-31": "12.21100", "2013-12-31": "11.18300", "2012-12-31": "-35.98600", "2011-12-31": "2.20000", "2010-12-31": "0.04500", "2009-12-31": "-2.42900", "2008-12-31": "3.22300", "2007-12-31": "2.39600", "2006-12-31": "3.04800", "2005-12-31": "3.35800"}, "Cash Flow From Investing Activities": {"2019-12-31": "-587.24700", "2018-12-31": "-297.85000", "2017-12-31": "36.79500", "2016-12-31": "-214.54800", "2015-12-31": "50.07700", "2014-12-31": "146.33000", "2013-12-31": "144.35100", "2012-12-31": "-259.47000", "2011-12-31": "-51.46300", "2010-12-31": "-19.56900", "2009-12-31": "-112.32200", "2008-12-31": "121.29500", "2007-12-31": "-3.43700", "2006-12-31": "-21.70100", "2005-12-31": "-40.64800"}, "Net Long-Term Debt": {"2019-12-31": "", "2018-12-31": "", "2017-12-31": "-185.78800", "2016-12-31": "-7.71000", "2015-12-31": "-4.38100", "2014-12-31": "-11.70900", "2013-12-31": "-13.17000", "2012-12-31": "272.80300", "2011-12-31": "-6.03200", "2010-12-31": "", "2009-12-31": "", "2008-12-31": "", "2007-12-31": "", "2006-12-31": "-0.09800", "2005-12-31": "-1.93100"}, "Net Current Debt": {"2019-12-31": "", "2018-12-31": "", "2017-12-31": "", "2016-12-31": "", "2015-12-31": "", "2014-12-31": "", "2013-12-31": "", "2012-12-31": "", "2011-12-31": "", "2010-12-31": "125.44500", "2009-12-31": "-38.06300", "2008-12-31": "-3.83400", "2007-12-31": "0.49000", "2006-12-31": "-27.09800", "2005-12-31": "3.42400"}, "Debt Issuance/Retirement Net - Total": {"2019-12-31": "", "2018-12-31": "", "2017-12-31": "-185.78800", "2016-12-31": "-7.71000", "2015-12-31": "-4.38100", "2014-12-31": "-11.70900", "2013-12-31": "-13.17000", "2012-12-31": "272.80300", "2011-12-31": "-6.03200", "2010-12-31": "125.44500", "2009-12-31": "-38.06300", "2008-12-31": "-3.83400", "2007-12-31": "0.49000", "2006-12-31": "-27.19600", "2005-12-31": "1.49300"}, "Net Common Equity Issued/Repurchased": {"2019-12-31": "22.49900", "2018-12-31": "17.27800", "2017-12-31": "22.42300", "2016-12-31": "27.51400", "2015-12-31": "157.12800", "2014-12-31": "77.20100", "2013-12-31": "1.50100", "2012-12-31": "205.62500", "2011-12-31": "193.54500", "2010-12-31": "5.81600", "2009-12-31": "4.09900", "2008-12-31": "4.46400", "2007-12-31": "83.75800", "2006-12-31": "96.54000", "2005-12-31": "62.44000"}, "Net Total Equity Issued/Repurchased": {"2019-12-31": "22.49900", "2018-12-31": "17.27800", "2017-12-31": "22.42300", "2016-12-31": "27.51400", "2015-12-31": "157.12800", "2014-12-31": "77.20100", "2013-12-31": "1.50100", "2012-12-31": "205.62500", "2011-12-31": "193.54500", "2010-12-31": "5.81600", "2009-12-31": "4.09900", "2008-12-31": "4.46400", "2007-12-31": "83.75800", "2006-12-31": "96.54000", "2005-12-31": "62.44000"}, "Total Common And Preferred Stock Dividends Paid": {"2019-12-31": "", "2018-12-31": "", "2017-12-31": "", "2016-12-31": "", "2015-12-31": "", "2014-12-31": "", "2013-12-31": "", "2012-12-31": "", "2011-12-31": "", "2010-12-31": "", "2009-12-31": "", "2008-12-31": "", "2007-12-31": "", "2006-12-31": "", "2005-12-31": ""}, "Financial Activities - Other": {"2019-12-31": "-9.94600", "2018-12-31": "-7.58700", "2017-12-31": "-6.56300", "2016-12-31": "-4.10800", "2015-12-31": "-0.53400", "2014-12-31": "", "2013-12-31": "", "2012-12-31": "", "2011-12-31": "", "2010-12-31": "", "2009-12-31": "-0.02500", "2008-12-31": "", "2007-12-31": "", "2006-12-31": "40.00000", "2005-12-31": "37.00000"}, "Cash Flow From Financial Activities": {"2019-12-31": "12.55300", "2018-12-31": "9.69100", "2017-12-31": "-169.92800", "2016-12-31": "15.69600", "2015-12-31": "152.21300", "2014-12-31": "65.49200", "2013-12-31": "-11.66900", "2012-12-31": "478.42800", "2011-12-31": "187.51300", "2010-12-31": "131.26100", "2009-12-31": "-33.98900", "2008-12-31": "0.63000", "2007-12-31": "84.24800", "2006-12-31": "109.34400", "2005-12-31": "100.93300"}, "Net Cash Flow": {"2019-12-31": "-47.73800", "2018-12-31": "127.56100", "2017-12-31": "32.47800", "2016-12-31": "11.55200", "2015-12-31": "61.23900", "2014-12-31": "-23.58300", "2013-12-31": "-66.09100", "2012-12-31": "95.81200", "2011-12-31": "-23.18300", "2010-12-31": "10.64400", "2009-12-31": "-160.90200", "2008-12-31": "112.24100", "2007-12-31": "12.08800", "2006-12-31": "42.04100", "2005-12-31": "13.78700"}, "Stock-Based Compensation": {"2019-12-31": "56.60200", "2018-12-31": "40.62600", "2017-12-31": "23.93800", "2016-12-31": "22.91200", "2015-12-31": "21.97700", "2014-12-31": "10.00600", "2013-12-31": "12.03100", "2012-12-31": "8.83300", "2011-12-31": "12.09900", "2010-12-31": "21.11200", "2009-12-31": "22.90600", "2008-12-31": "22.90700", "2007-12-31": "20.16800", "2006-12-31": "17.61300", "2005-12-31": "0.11000"}, "Common Stock Dividends Paid": {"2019-12-31": "", "2018-12-31": "", "2017-12-31": "", "2016-12-31": "", "2015-12-31": "", "2014-12-31": "", "2013-12-31": "", "2012-12-31": "", "2011-12-31": "", "2010-12-31": "", "2009-12-31": "", "2008-12-31": "", "2007-12-31": "", "2006-12-31": "", "2005-12-31": ""}}, "cash flow statement, quarterly": {"Net Income/Loss": {"2020-09-30": -32.04, "2020-06-30": 66.821, "2020-03-31": "48.61200", "2019-12-31": 68.743, "2019-09-30": 97.452, "2019-06-30": 79.042, "2019-03-31": "75.77500", "2018-12-31": 360.089, "2018-09-30": 126.63, "2018-06-30": 87.494, "2018-03-31": "115.85700", "2017-12-31": 38.489, "2017-09-30": 81.382, "2017-06-30": 17.656, "2017-03-31": "16.70000", "2016-12-31": 35.123, "2016-09-30": -11.284, "2016-06-30": -34.838, "2016-03-31": "-59.22300", "2015-12-31": -41.568, "2015-09-30": -41.644, "2015-06-30": -43.362, "2015-03-31": "-35.17000", "2014-12-31": -50.708, "2014-09-30": -62.56, "2014-06-30": -73.41, "2014-03-31": "-74.61900", "2013-12-31": -70.746, "2013-09-30": -67.124, "2013-06-30": -62.161, "2013-03-31": "-44.72900", "2012-12-31": -52.193, "2012-09-30": -32.814, "2012-06-30": -36.487, "2012-03-31": "-26.15100", "2011-12-31": 46.296, "2011-09-30": 77.865, "2011-06-30": -20.974, "2011-03-31": "-27.49000", "2010-12-31": -17.865, "2010-09-30": -8.603, "2010-06-30": -22.613, "2010-03-31": "-43.24900", "2009-12-31": -28.834, "2009-09-30": -25.445, "2009-06-30": -46.942, "2009-03-31": "-38.33600", "2008-12-31": -40.745, "2008-09-30": -41.188, "2008-06-30": -48.467, "2008-03-31": "-45.17000", "2007-12-31": -44.563, "2007-09-30": -13.696, "2007-06-30": -28.562, "2007-03-31": "-24.20100", "2006-12-31": -25.182, "2006-09-30": -25.197, "2006-06-30": -23.99, "2006-03-31": "-27.12300", "2005-12-31": -24.522, "2005-09-30": -22.775, "2005-06-30": -9.696, "2005-03-31": "-27.41100"}, "Total Depreciation And Amortization - Cash Flow": {"2020-09-30": 2.355, "2020-06-30": 2.201, "2020-03-31": "2.17500", "2019-12-31": 2.26, "2019-09-30": 2.09, "2019-06-30": 2.036, "2019-03-31": "1.96200", "2018-12-31": -0.693, "2018-09-30": 4.432, "2018-06-30": 0.805, "2018-03-31": "0.37100", "2017-12-31": 0.163, "2017-09-30": 0.279, "2017-06-30": 0.375, "2017-03-31": "0.37000", "2016-12-31": 0.385, "2016-09-30": 2.182, "2016-06-30": 3.477, "2016-03-31": "3.39000", "2015-12-31": 17.384, "2015-09-30": 0.379, "2015-06-30": 0.387, "2015-03-31": "0.29700", "2014-12-31": 21.666, "2014-09-30": 1.921, "2014-06-30": 0.595, "2014-03-31": "0.49800", "2013-12-31": 0.765, "2013-09-30": 0.754, "2013-06-30": 0.786, "2013-03-31": "0.84200", "2012-12-31": 1.442, "2012-09-30": 1.431, "2012-06-30": 1.407, "2012-03-31": "1.23300", "2011-12-31": 1.787, "2011-09-30": 1.106, "2011-06-30": 2, "2011-03-31": "1.92900", "2010-12-31": 2.267, "2010-09-30": 2.403, "2010-06-30": 2.801, "2010-03-31": "3.07200", "2009-12-31": 3.037, "2009-09-30": 3.117, "2009-06-30": 3.155, "2009-03-31": "3.28600", "2008-12-31": 3.405, "2008-09-30": 3.261, "2008-06-30": 3.297, "2008-03-31": "3.26400", "2007-12-31": 3.149, "2007-09-30": 2.898, "2007-06-30": 2.456, "2007-03-31": "2.82900", "2006-12-31": 3.622, "2006-09-30": 4.103, "2006-06-30": 4.6, "2006-03-31": "4.58500", "2005-12-31": 4.386, "2005-09-30": 4.569, "2005-06-30": 4.35, "2005-03-31": "4.45000"}, "Other Non-Cash Items": {"2020-09-30": 49.889, "2020-06-30": 30.028, "2020-03-31": "25.28400", "2019-12-31": 31.534, "2019-09-30": 37.115, "2019-06-30": 48.805, "2019-03-31": "12.96900", "2018-12-31": -230.561, "2018-09-30": 9.318, "2018-06-30": 9.794, "2018-03-31": "10.81800", "2017-12-31": 16.102, "2017-09-30": 3.323, "2017-06-30": -2.268, "2017-03-31": "6.78100", "2016-12-31": 7.799, "2016-09-30": 16.913, "2016-06-30": 5.53, "2016-03-31": "13.12100", "2015-12-31": -5.808, "2015-09-30": 13.299, "2015-06-30": 8.95, "2015-03-31": "9.78900", "2014-12-31": -20.865, "2014-09-30": 7.991, "2014-06-30": 11.195, "2014-03-31": "9.00700", "2013-12-31": 10.373, "2013-09-30": 9.55, "2013-06-30": 9.405, "2013-03-31": "8.99300", "2012-12-31": 8.88, "2012-09-30": 6.085, "2012-06-30": 4.29, "2012-03-31": "4.33000", "2011-12-31": 4.853, "2011-09-30": 2.717, "2011-06-30": 5.158, "2011-03-31": "5.60300", "2010-12-31": 6.749, "2010-09-30": 7.124, "2010-06-30": 1.465, "2010-03-31": "4.50000", "2009-12-31": 3.342, "2009-09-30": 7.739, "2009-06-30": 14.507, "2009-03-31": "5.09200", "2008-12-31": 5.756, "2008-09-30": 1.288, "2008-06-30": 5.619, "2008-03-31": "5.67400", "2007-12-31": 9.323, "2007-09-30": -21.763, "2007-06-30": -2.282, "2007-03-31": "-2.04600", "2006-12-31": -2.44, "2006-09-30": -1.473, "2006-06-30": -1.289, "2006-03-31": "1.11800", "2005-12-31": -4.618, "2005-09-30": -5.058, "2005-06-30": -0.422, "2005-03-31": "-0.13800"}, "Total Non-Cash Items": {"2020-09-30": 52.244, "2020-06-30": 32.229, "2020-03-31": "27.45900", "2019-12-31": 33.794, "2019-09-30": 39.205, "2019-06-30": 50.841, "2019-03-31": "14.93100", "2018-12-31": -231.254, "2018-09-30": 13.75, "2018-06-30": 10.599, "2018-03-31": "11.18900", "2017-12-31": 16.265, "2017-09-30": 3.602, "2017-06-30": -1.893, "2017-03-31": "7.15100", "2016-12-31": 8.184, "2016-09-30": 19.095, "2016-06-30": 9.007, "2016-03-31": "16.51100", "2015-12-31": 11.576, "2015-09-30": 13.678, "2015-06-30": 9.337, "2015-03-31": "10.08600", "2014-12-31": 0.801, "2014-09-30": 9.912, "2014-06-30": 11.79, "2014-03-31": "9.50500", "2013-12-31": 11.138, "2013-09-30": 10.304, "2013-06-30": 10.191, "2013-03-31": "9.83500", "2012-12-31": 10.322, "2012-09-30": 7.516, "2012-06-30": 5.697, "2012-03-31": "5.56300", "2011-12-31": 6.64, "2011-09-30": 3.823, "2011-06-30": 7.158, "2011-03-31": "7.53200", "2010-12-31": 9.016, "2010-09-30": 9.527, "2010-06-30": 4.266, "2010-03-31": "7.57200", "2009-12-31": 6.379, "2009-09-30": 10.856, "2009-06-30": 17.662, "2009-03-31": "8.37800", "2008-12-31": 9.161, "2008-09-30": 4.549, "2008-06-30": 8.916, "2008-03-31": "8.93800", "2007-12-31": 12.472, "2007-09-30": -18.865, "2007-06-30": 0.174, "2007-03-31": "0.78300", "2006-12-31": 1.182, "2006-09-30": 2.63, "2006-06-30": 3.311, "2006-03-31": "5.70300", "2005-12-31": -0.232, "2005-09-30": -0.489, "2005-06-30": 3.928, "2005-03-31": "4.31200"}, "Change In Accounts Receivable": {"2020-09-30": -45.06, "2020-06-30": 16.256, "2020-03-31": "-18.27000", "2019-12-31": 50.733, "2019-09-30": -72.247, "2019-06-30": 10.129, "2019-03-31": "55.10100", "2018-12-31": -69.826, "2018-09-30": 70.324, "2018-06-30": -75.214, "2018-03-31": "-10.75500", "2017-12-31": 5.942, "2017-09-30": -46.66, "2017-06-30": -9.122, "2017-03-31": "6.54100", "2016-12-31": 49.708, "2016-09-30": -73.476, "2016-06-30": -6.594, "2016-03-31": "-4.95600", "2015-12-31": -1.574, "2015-09-30": 0.288, "2015-06-30": -0.546, "2015-03-31": "1.29200", "2014-12-31": -0.16, "2014-09-30": 0.312, "2014-06-30": -0.577, "2014-03-31": "-0.51600", "2013-12-31": 1.23, "2013-09-30": -0.962, "2013-06-30": -0.344, "2013-03-31": "-1.11400", "2012-12-31": -0.044, "2012-09-30": -0.424, "2012-06-30": -0.364, "2012-03-31": "27.87000", "2011-12-31": -25.536, "2011-09-30": 1.709, "2011-06-30": -0.592, "2011-03-31": "0.12500", "2010-12-31": 1.41, "2010-09-30": -1.278, "2010-06-30": 1.062, "2010-03-31": "4.77400", "2009-12-31": -0.47, "2009-09-30": -4.333, "2009-06-30": -1.447, "2009-03-31": "-2.25500", "2008-12-31": 0.434, "2008-09-30": 0.184, "2008-06-30": 2.686, "2008-03-31": "-3.10300", "2007-12-31": -0.743, "2007-09-30": -0.901, "2007-06-30": 0.957, "2007-03-31": "18.38500", "2006-12-31": -18.674, "2006-09-30": -2.151, "2006-06-30": 4.422, "2006-03-31": "1.31300", "2005-12-31": -0.454, "2005-09-30": -2.163, "2005-06-30": 8.216, "2005-03-31": "-8.40000"}, "Change In Inventories": {"2020-09-30": -6.417, "2020-06-30": -2.354, "2020-03-31": "-4.69500", "2019-12-31": -2.203, "2019-09-30": -1.014, "2019-06-30": -2.209, "2019-03-31": "-0.30500", "2018-12-31": 0.595, "2018-09-30": -2.062, "2018-06-30": -0.808, "2018-03-31": "-0.90600", "2017-12-31": -0.851, "2017-09-30": -0.381, "2017-06-30": -2.121, "2017-03-31": "0.03400", "2016-12-31": -0.046, "2016-09-30": -0.484, "2016-06-30": -0.336, "2016-03-31": "0.14400", "2015-12-31": -0.494, "2015-09-30": 0.486, "2015-06-30": -0.015, "2015-03-31": "-0.21200", "2014-12-31": 1.495, "2014-09-30": -0.85, "2014-06-30": -0.34, "2014-03-31": "0.20400", "2013-12-31": -1.126, "2013-09-30": -1.083, "2013-06-30": -0.401, "2013-03-31": "-0.28000", "2012-12-31": 0, "2012-09-30": 0, "2012-06-30": 0, "2012-03-31": "", "2011-12-31": 0, "2011-09-30": 0, "2011-06-30": 0, "2011-03-31": "", "2010-12-31": 0, "2010-09-30": 0, "2010-06-30": 0, "2010-03-31": "", "2009-12-31": 0, "2009-09-30": 0, "2009-06-30": 0, "2009-03-31": "", "2008-12-31": 0, "2008-09-30": 0, "2008-06-30": 0, "2008-03-31": "", "2007-12-31": 0, "2007-09-30": 0, "2007-06-30": 0, "2007-03-31": "", "2006-12-31": 0, "2006-09-30": 0, "2006-06-30": 0, "2006-03-31": "", "2005-12-31": 0, "2005-09-30": 0, "2005-06-30": 0, "2005-03-31": ""}, "Change In Accounts Payable": {"2020-09-30": 0, "2020-06-30": 0, "2020-03-31": "", "2019-12-31": 0, "2019-09-30": 0, "2019-06-30": 0, "2019-03-31": "", "2018-12-31": 0, "2018-09-30": 0, "2018-06-30": 0, "2018-03-31": "", "2017-12-31": 0, "2017-09-30": 0, "2017-06-30": 0, "2017-03-31": "", "2016-12-31": 0, "2016-09-30": 0, "2016-06-30": 0, "2016-03-31": "", "2015-12-31": 0, "2015-09-30": 0, "2015-06-30": 0, "2015-03-31": "", "2014-12-31": 0, "2014-09-30": 0, "2014-06-30": 0, "2014-03-31": "", "2013-12-31": 0, "2013-09-30": 0, "2013-06-30": 0, "2013-03-31": "", "2012-12-31": 0, "2012-09-30": 0, "2012-06-30": 0, "2012-03-31": "", "2011-12-31": 0, "2011-09-30": 0, "2011-06-30": 0, "2011-03-31": "", "2010-12-31": 0, "2010-09-30": 0, "2010-06-30": 0, "2010-03-31": "", "2009-12-31": 0, "2009-09-30": 0, "2009-06-30": 0, "2009-03-31": "", "2008-12-31": 0, "2008-09-30": 0, "2008-06-30": 0, "2008-03-31": "", "2007-12-31": 0, "2007-09-30": 0, "2007-06-30": 0, "2007-03-31": "", "2006-12-31": 0, "2006-09-30": 0, "2006-06-30": 0, "2006-03-31": "", "2005-12-31": 0, "2005-09-30": 0, "2005-06-30": 0, "2005-03-31": ""}, "Change In Assets/Liabilities": {"2020-09-30": -2.561, "2020-06-30": -15.282, "2020-03-31": "5.98700", "2019-12-31": -4.508, "2019-09-30": -5.894, "2019-06-30": 7.856, "2019-03-31": "-12.47800", "2018-12-31": 30.786, "2018-09-30": -51.975, "2018-06-30": 51.514, "2018-03-31": "-38.57900", "2017-12-31": -24.792, "2017-09-30": -4.898, "2017-06-30": -2.108, "2017-03-31": "45.16500", "2016-12-31": -10.098, "2016-09-30": 55.748, "2016-06-30": 2.503, "2016-03-31": "202.22500", "2015-12-31": -17.922, "2015-09-30": 0.444, "2015-06-30": 10.444, "2015-03-31": "-18.30300", "2014-12-31": -1.184, "2014-09-30": 0.888, "2014-06-30": 0.711, "2014-03-31": "2.11900", "2013-12-31": 1.288, "2013-09-30": 1.3, "2013-06-30": 5.624, "2013-03-31": "-15.09100", "2012-12-31": -1.251, "2012-09-30": -12.781, "2012-06-30": -5.977, "2012-03-31": "-20.81600", "2011-12-31": -45.162, "2011-09-30": -126.108, "2011-06-30": -26.247, "2011-03-31": "-28.27200", "2010-12-31": 36.108, "2010-09-30": -46.651, "2010-06-30": -9.159, "2010-03-31": "-19.15500", "2009-12-31": -36.526, "2009-09-30": 104.801, "2009-06-30": 14.538, "2009-03-31": "-3.24400", "2008-12-31": 183.861, "2008-09-30": -24.149, "2008-06-30": -31.181, "2008-03-31": "-2.39200", "2007-12-31": 1.873, "2007-09-30": -13.399, "2007-06-30": -26.078, "2007-03-31": "43.01600", "2006-12-31": 44.478, "2006-09-30": -12.033, "2006-06-30": -15.778, "2006-03-31": "28.81400", "2005-12-31": 16.282, "2005-09-30": -8.6, "2005-06-30": 18.8, "2005-03-31": "5.88600"}, "Total Change In Assets/Liabilities": {"2020-09-30": -3.149, "2020-06-30": 1.013, "2020-03-31": "-19.10900", "2019-12-31": 54.775, "2019-09-30": -60.52, "2019-06-30": 2.997, "2019-03-31": "69.83300", "2018-12-31": -25.373, "2018-09-30": 24.476, "2018-06-30": -23.628, "2018-03-31": "-55.23800", "2017-12-31": 5.551, "2017-09-30": -47.128, "2017-06-30": -9.696, "2017-03-31": "44.32700", "2016-12-31": 42.572, "2016-09-30": -14.003, "2016-06-30": -0.384, "2016-03-31": "199.08200", "2015-12-31": -5.43, "2015-09-30": -6.512, "2015-06-30": 6.736, "2015-03-31": "-20.63900", "2014-12-31": -0.628, "2014-09-30": -6.345, "2014-06-30": 5.143, "2014-03-31": "-8.44700", "2013-12-31": 10.735, "2013-09-30": -1.776, "2013-06-30": 10.027, "2013-03-31": "-21.25400", "2012-12-31": 2.546, "2012-09-30": -9.839, "2012-06-30": -5.663, "2012-03-31": "4.31800", "2011-12-31": -83.274, "2011-09-30": -126.81, "2011-06-30": -31.004, "2011-03-31": "-23.79600", "2010-12-31": 29.284, "2010-09-30": -45.513, "2010-06-30": -7.104, "2010-03-31": "-19.00000", "2009-12-31": -29.293, "2009-09-30": 104.869, "2009-06-30": 17.021, "2009-03-31": "-12.52500", "2008-12-31": 185.541, "2008-09-30": -20.169, "2008-06-30": -28.798, "2008-03-31": "-3.19800", "2007-12-31": 7.203, "2007-09-30": -7.031, "2007-06-30": -21.054, "2007-03-31": "68.06800", "2006-12-31": 33.904, "2006-09-30": -11.926, "2006-06-30": -10.742, "2006-03-31": "31.31900", "2005-12-31": 18.421, "2005-09-30": -9.538, "2005-06-30": 30.342, "2005-03-31": "-9.30300"}, "Cash Flow From Operating Activities": {"2020-09-30": 17.938, "2020-06-30": 101.677, "2020-03-31": "56.07400", "2019-12-31": 158.021, "2019-09-30": 75.614, "2019-06-30": 131.728, "2019-03-31": "161.59300", "2018-12-31": 104.591, "2018-09-30": 164.856, "2018-06-30": 74.465, "2018-03-31": "71.80800", "2017-12-31": 53.353, "2017-09-30": 37.865, "2017-06-30": 5.535, "2017-03-31": "68.85800", "2016-12-31": 85.109, "2016-09-30": -5.781, "2016-06-30": -25.734, "2016-03-31": "156.81000", "2015-12-31": -34.899, "2015-09-30": -34.233, "2015-06-30": -26.833, "2015-03-31": "-45.08600", "2014-12-31": -49.976, "2014-09-30": -58.006, "2014-06-30": -55.337, "2014-03-31": "-72.08600", "2013-12-31": -47.329, "2013-09-30": -56.995, "2013-06-30": -40.034, "2013-03-31": "-54.41500", "2012-12-31": -38.736, "2012-09-30": -34.053, "2012-06-30": -35.391, "2012-03-31": "-14.96600", "2011-12-31": -29.174, "2011-09-30": -43.267, "2011-06-30": -43.516, "2011-03-31": "-43.27600", "2010-12-31": 21.254, "2010-09-30": -43.827, "2010-06-30": -24.736, "2010-03-31": "-53.73900", "2009-12-31": -50.75, "2009-09-30": 90.706, "2009-06-30": -12.42, "2009-03-31": "-42.12700", "2008-12-31": 153.894, "2008-09-30": -56.391, "2008-06-30": -67.969, "2008-03-31": "-39.21800", "2007-12-31": -24.496, "2007-09-30": -39.356, "2007-06-30": -49.269, "2007-03-31": "44.80000", "2006-12-31": 10.124, "2006-09-30": -34.251, "2006-06-30": -31.246, "2006-03-31": "10.03400", "2005-12-31": -6.177, "2005-09-30": -32.645, "2005-06-30": 24.746, "2005-03-31": "-32.28500"}, "Net Change In Property, Plant, And Equipment": {"2020-09-30": -6.13, "2020-06-30": -6.964, "2020-03-31": "-2.96100", "2019-12-31": -7.259, "2019-09-30": -2.059, "2019-06-30": -1.209, "2019-03-31": "-2.30700", "2018-12-31": -2.894, "2018-09-30": -14.913, "2018-06-30": -12.235, "2018-03-31": "-2.94700", "2017-12-31": -17.544, "2017-09-30": -1.137, "2017-06-30": -1.494, "2017-03-31": "-0.80400", "2016-12-31": -0.582, "2016-09-30": -0.053, "2016-06-30": -0.396, "2016-03-31": "-0.57500", "2015-12-31": -0.287, "2015-09-30": -0.015, "2015-06-30": 0.593, "2015-03-31": "0.60800", "2014-12-31": -0.754, "2014-09-30": 0.735, "2014-06-30": 0.045, "2014-03-31": "-0.10800", "2013-12-31": 0.011, "2013-09-30": -0.637, "2013-06-30": -0.673, "2013-03-31": "-0.72900", "2012-12-31": -0.123, "2012-09-30": -1.001, "2012-06-30": -0.425, "2012-03-31": "0.77500", "2011-12-31": 1.247, "2011-09-30": -0.144, "2011-06-30": -0.163, "2011-03-31": "-0.40500", "2010-12-31": -0.344, "2010-09-30": -0.639, "2010-06-30": -0.586, "2010-03-31": "-0.07700", "2009-12-31": -4.316, "2009-09-30": -0.75, "2009-06-30": -0.449, "2009-03-31": "-0.39300", "2008-12-31": -10.28, "2008-09-30": 6.609, "2008-06-30": -6.171, "2008-03-31": "-5.36300", "2007-12-31": -21.667, "2007-09-30": 13.251, "2007-06-30": -5.761, "2007-03-31": "-3.64000", "2006-12-31": -3.267, "2006-09-30": -1.54, "2006-06-30": -4.736, "2006-03-31": "-2.05700", "2005-12-31": -3.205, "2005-09-30": -2.859, "2005-06-30": -4.273, "2005-03-31": "-3.83400"}, "Net Change In Intangible Assets": {"2020-09-30": 0, "2020-06-30": 0, "2020-03-31": "", "2019-12-31": 0, "2019-09-30": 0, "2019-06-30": 0, "2019-03-31": "", "2018-12-31": 0, "2018-09-30": 0, "2018-06-30": 0, "2018-03-31": "", "2017-12-31": 0, "2017-09-30": 0, "2017-06-30": 0, "2017-03-31": "", "2016-12-31": 0, "2016-09-30": 0, "2016-06-30": 0, "2016-03-31": "", "2015-12-31": 0, "2015-09-30": 0, "2015-06-30": 0, "2015-03-31": "", "2014-12-31": 0, "2014-09-30": 0, "2014-06-30": 0, "2014-03-31": "", "2013-12-31": 0, "2013-09-30": 0, "2013-06-30": 0, "2013-03-31": "", "2012-12-31": 0, "2012-09-30": 0, "2012-06-30": 0, "2012-03-31": "", "2011-12-31": 0, "2011-09-30": 0, "2011-06-30": 0, "2011-03-31": "", "2010-12-31": 0, "2010-09-30": 0, "2010-06-30": 0, "2010-03-31": "", "2009-12-31": 0, "2009-09-30": 0, "2009-06-30": 0, "2009-03-31": "", "2008-12-31": 0, "2008-09-30": 0, "2008-06-30": 0, "2008-03-31": "", "2007-12-31": 0, "2007-09-30": 0, "2007-06-30": 0, "2007-03-31": "", "2006-12-31": 0, "2006-09-30": 0, "2006-06-30": 0, "2006-03-31": "", "2005-12-31": 0, "2005-09-30": 0, "2005-06-30": 0, "2005-03-31": ""}, "Net Acquisitions/Divestitures": {"2020-09-30": 0, "2020-06-30": 0, "2020-03-31": "", "2019-12-31": 0, "2019-09-30": 0, "2019-06-30": 0, "2019-03-31": "", "2018-12-31": 0, "2018-09-30": 0, "2018-06-30": 0, "2018-03-31": "", "2017-12-31": 0, "2017-09-30": 0, "2017-06-30": 0, "2017-03-31": "", "2016-12-31": 0, "2016-09-30": 0, "2016-06-30": 0, "2016-03-31": "", "2015-12-31": 0.095, "2015-09-30": 0, "2015-06-30": 0, "2015-03-31": "", "2014-12-31": 0.838, "2014-09-30": 0, "2014-06-30": 0, "2014-03-31": "", "2013-12-31": 0, "2013-09-30": 0, "2013-06-30": 0, "2013-03-31": "", "2012-12-31": 0, "2012-09-30": 0, "2012-06-30": 0, "2012-03-31": "", "2011-12-31": 0, "2011-09-30": 3.01, "2011-06-30": 0, "2011-03-31": "", "2010-12-31": 0.4, "2010-09-30": 0, "2010-06-30": 4.1, "2010-03-31": "4.50000", "2009-12-31": 0.4, "2009-09-30": 1.8, "2009-06-30": 0, "2009-03-31": "", "2008-12-31": 9, "2008-09-30": 0, "2008-06-30": 0, "2008-03-31": "", "2007-12-31": 35.309, "2007-09-30": 0, "2007-06-30": 0, "2007-03-31": "", "2006-12-31": 0, "2006-09-30": 0, "2006-06-30": 0, "2006-03-31": "", "2005-12-31": 0, "2005-09-30": 0, "2005-06-30": 0, "2005-03-31": ""}, "Net Change In Short-term Investments": {"2020-09-30": -201.47, "2020-06-30": 80.238, "2020-03-31": "35.58100", "2019-12-31": -731.211, "2019-09-30": -204.401, "2019-06-30": -141.72, "2019-03-31": "-105.35000", "2018-12-31": -420.941, "2018-09-30": -49.827, "2018-06-30": -58.24, "2018-03-31": "-28.82400", "2017-12-31": -337.379, "2017-09-30": -27.795, "2017-06-30": 48.071, "2017-03-31": "-1.98700", "2016-12-31": -59.828, "2016-09-30": -216.214, "2016-06-30": 77.467, "2016-03-31": "-19.12700", "2015-12-31": 24.295, "2015-09-30": -37.572, "2015-06-30": -6.189, "2015-03-31": "54.41000", "2014-12-31": 30.094, "2014-09-30": 4.291, "2014-06-30": 44.604, "2014-03-31": "54.37400", "2013-12-31": 60.494, "2013-09-30": 12.564, "2013-06-30": 1.199, "2013-03-31": "60.93900", "2012-12-31": -99.509, "2012-09-30": -104.084, "2012-06-30": 33.936, "2012-03-31": "-53.05300", "2011-12-31": -19.077, "2011-09-30": 29.693, "2011-06-30": -89.732, "2011-03-31": "-33.29700", "2010-12-31": 6.338, "2010-09-30": -14.553, "2010-06-30": -41.941, "2010-03-31": "23.18800", "2009-12-31": -2.535, "2009-09-30": -70.441, "2009-06-30": -36.547, "2009-03-31": "-1.11000", "2008-12-31": 29.921, "2008-09-30": 38.702, "2008-06-30": 10.055, "2008-03-31": "29.36700", "2007-12-31": -15.574, "2007-09-30": -15.165, "2007-06-30": 8.437, "2007-03-31": "-25.17600", "2006-12-31": -47.01, "2006-09-30": 15.839, "2006-06-30": 8.807, "2006-03-31": "30.26300", "2005-12-31": 2.574, "2005-09-30": -32.027, "2005-06-30": 19.43, "2005-03-31": "14.22700"}, "Net Change In Long-Term Investments": {"2020-09-30": 0, "2020-06-30": 0, "2020-03-31": "", "2019-12-31": 608.269, "2019-09-30": 0, "2019-06-30": 0, "2019-03-31": "", "2018-12-31": 281.036, "2018-09-30": 1.489, "2018-06-30": 4.208, "2018-03-31": "6.23800", "2017-12-31": 336.59, "2017-09-30": 2.341, "2017-06-30": 0.639, "2017-03-31": "37.29400", "2016-12-31": 0, "2016-09-30": 204.139, "2016-06-30": -199.396, "2016-03-31": "0.01700", "2015-12-31": -0.095, "2015-09-30": 0, "2015-06-30": 13.282, "2015-03-31": "-13.18700", "2014-12-31": 0, "2014-09-30": 0, "2014-06-30": 0, "2014-03-31": "", "2013-12-31": 0, "2013-09-30": 0, "2013-06-30": 0, "2013-03-31": "", "2012-12-31": 0, "2012-09-30": 0, "2012-06-30": 0, "2012-03-31": "", "2011-12-31": 55.205, "2011-09-30": 0, "2011-06-30": 0, "2011-03-31": "", "2010-12-31": 0, "2010-09-30": 0, "2010-06-30": 0, "2010-03-31": "", "2009-12-31": 0, "2009-09-30": 0, "2009-06-30": 2.326, "2009-03-31": "2.12200", "2008-12-31": 3.77, "2008-09-30": 3.903, "2008-06-30": 5.197, "2008-03-31": "3.36200", "2007-12-31": 7.797, "2007-09-30": 5.978, "2007-06-30": 6.243, "2007-03-31": "4.13500", "2006-12-31": 4.653, "2006-09-30": 5.296, "2006-06-30": -34.756, "2006-03-31": "3.75900", "2005-12-31": 3.503, "2005-09-30": 2.463, "2005-06-30": -40.005, "2005-03-31": ""}, "Net Change In Investments - Total": {"2020-09-30": -201.47, "2020-06-30": 80.238, "2020-03-31": "35.58100", "2019-12-31": -122.942, "2019-09-30": -204.401, "2019-06-30": -141.72, "2019-03-31": "-105.35000", "2018-12-31": -139.905, "2018-09-30": -48.338, "2018-06-30": -54.032, "2018-03-31": "-22.58600", "2017-12-31": -0.789, "2017-09-30": -25.454, "2017-06-30": 48.71, "2017-03-31": "35.30700", "2016-12-31": -59.828, "2016-09-30": -12.075, "2016-06-30": -121.929, "2016-03-31": "-19.11000", "2015-12-31": 24.2, "2015-09-30": -37.572, "2015-06-30": 7.093, "2015-03-31": "41.22300", "2014-12-31": 30.094, "2014-09-30": 4.291, "2014-06-30": 44.604, "2014-03-31": "54.37400", "2013-12-31": 60.494, "2013-09-30": 12.564, "2013-06-30": 1.199, "2013-03-31": "60.93900", "2012-12-31": -99.509, "2012-09-30": -104.084, "2012-06-30": 33.936, "2012-03-31": "-53.05300", "2011-12-31": 36.128, "2011-09-30": 29.693, "2011-06-30": -89.732, "2011-03-31": "-33.29700", "2010-12-31": 6.338, "2010-09-30": -14.553, "2010-06-30": -41.941, "2010-03-31": "23.18800", "2009-12-31": -2.535, "2009-09-30": -70.441, "2009-06-30": -34.221, "2009-03-31": "1.01200", "2008-12-31": 33.691, "2008-09-30": 42.605, "2008-06-30": 15.252, "2008-03-31": "32.72900", "2007-12-31": -7.777, "2007-09-30": -9.187, "2007-06-30": 14.68, "2007-03-31": "-21.04100", "2006-12-31": -42.357, "2006-09-30": 21.135, "2006-06-30": -25.949, "2006-03-31": "34.02200", "2005-12-31": 6.077, "2005-09-30": -29.564, "2005-06-30": -20.575, "2005-03-31": "14.22700"}, "Investing Activities - Other": {"2020-09-30": 0, "2020-06-30": 0, "2020-03-31": "", "2019-12-31": 0, "2019-09-30": 0, "2019-06-30": 0, "2019-03-31": "", "2018-12-31": 0, "2018-09-30": 0, "2018-06-30": 0, "2018-03-31": "", "2017-12-31": 0, "2017-09-30": 0, "2017-06-30": 0, "2017-03-31": "", "2016-12-31": 1.5, "2016-09-30": 0, "2016-06-30": -1.5, "2016-03-31": "0.00000", "2015-12-31": 0.001, "2015-09-30": 6.075, "2015-06-30": -0.001, "2015-03-31": "8.06400", "2014-12-31": -0.002, "2014-09-30": 6.079, "2014-06-30": 0.04, "2014-03-31": "6.09400", "2013-12-31": -1, "2013-09-30": 6.099, "2013-06-30": -0.059, "2013-03-31": "6.14300", "2012-12-31": 0.003, "2012-09-30": -36.121, "2012-06-30": 0.132, "2012-03-31": "0.00000", "2011-12-31": 0, "2011-09-30": 0, "2011-06-30": 0, "2011-03-31": "2.20000", "2010-12-31": 0, "2010-09-30": 0, "2010-06-30": 0.045, "2010-03-31": "", "2009-12-31": -1.7, "2009-09-30": 0, "2009-06-30": 0.108, "2009-03-31": "-0.83700", "2008-12-31": 0.839, "2008-09-30": 0.84, "2008-06-30": -0.361, "2008-03-31": "1.90500", "2007-12-31": 0.839, "2007-09-30": 0.84, "2007-06-30": 0.99, "2007-03-31": "-0.27300", "2006-12-31": 1.586, "2006-09-30": -0.216, "2006-06-30": 1.119, "2006-03-31": "0.55900", "2005-12-31": 0.84, "2005-09-30": 1.231, "2005-06-30": 0.727, "2005-03-31": "0.56000"}, "Cash Flow From Investing Activities": {"2020-09-30": -207.6, "2020-06-30": 73.274, "2020-03-31": "32.62000", "2019-12-31": -130.201, "2019-09-30": -206.46, "2019-06-30": -142.929, "2019-03-31": "-107.65700", "2018-12-31": -142.799, "2018-09-30": -63.251, "2018-06-30": -66.267, "2018-03-31": "-25.53300", "2017-12-31": -18.333, "2017-09-30": -26.591, "2017-06-30": 47.216, "2017-03-31": "34.50300", "2016-12-31": -58.91, "2016-09-30": -12.128, "2016-06-30": -123.825, "2016-03-31": "-19.68500", "2015-12-31": 24.009, "2015-09-30": -31.512, "2015-06-30": 7.685, "2015-03-31": "49.89500", "2014-12-31": 30.176, "2014-09-30": 11.105, "2014-06-30": 44.689, "2014-03-31": "60.36000", "2013-12-31": 59.505, "2013-09-30": 18.026, "2013-06-30": 0.467, "2013-03-31": "66.35300", "2012-12-31": -99.629, "2012-09-30": -141.206, "2012-06-30": 33.643, "2012-03-31": "-52.27800", "2011-12-31": 37.375, "2011-09-30": 32.559, "2011-06-30": -89.895, "2011-03-31": "-31.50200", "2010-12-31": 6.394, "2010-09-30": -15.192, "2010-06-30": -38.382, "2010-03-31": "27.61100", "2009-12-31": -8.151, "2009-09-30": -69.391, "2009-06-30": -34.562, "2009-03-31": "-0.21800", "2008-12-31": 33.25, "2008-09-30": 50.054, "2008-06-30": 8.72, "2008-03-31": "29.27100", "2007-12-31": 6.704, "2007-09-30": 4.904, "2007-06-30": 9.909, "2007-03-31": "-24.95400", "2006-12-31": -44.038, "2006-09-30": 19.379, "2006-06-30": -29.566, "2006-03-31": "32.52400", "2005-12-31": 3.712, "2005-09-30": -31.192, "2005-06-30": -24.121, "2005-03-31": "10.95300"}, "Net Long-Term Debt": {"2020-09-30": 0, "2020-06-30": 0, "2020-03-31": "", "2019-12-31": 0, "2019-09-30": 0, "2019-06-30": 0, "2019-03-31": "", "2018-12-31": 0, "2018-09-30": 0, "2018-06-30": 0, "2018-03-31": "", "2017-12-31": 0, "2017-09-30": 0, "2017-06-30": -105.788, "2017-03-31": "-80.00000", "2016-12-31": -0.576, "2016-09-30": -7.134, "2016-06-30": 0, "2016-03-31": "", "2015-12-31": 0, "2015-09-30": 0, "2015-06-30": -4.164, "2015-03-31": "-0.21700", "2014-12-31": -0.376, "2014-09-30": -0.375, "2014-06-30": -0.479, "2014-03-31": "-10.47900", "2013-12-31": -0.796, "2013-09-30": -0.792, "2013-06-30": -0.791, "2013-03-31": "-10.79100", "2012-12-31": -0.788, "2012-09-30": 273.591, "2012-06-30": 0, "2012-03-31": "", "2011-12-31": -6.032, "2011-09-30": 0, "2011-06-30": 0, "2011-03-31": "", "2010-12-31": 0, "2010-09-30": 0, "2010-06-30": 0, "2010-03-31": "", "2009-12-31": 0, "2009-09-30": 0, "2009-06-30": 0, "2009-03-31": "", "2008-12-31": 0, "2008-09-30": 0, "2008-06-30": 0, "2008-03-31": "", "2007-12-31": 0, "2007-09-30": 0, "2007-06-30": 0, "2007-03-31": "", "2006-12-31": 0, "2006-09-30": 0, "2006-06-30": -0.008, "2006-03-31": "-0.09000", "2005-12-31": -0.249, "2005-09-30": -0.384, "2005-06-30": -0.634, "2005-03-31": "-0.66400"}, "Net Current Debt": {"2020-09-30": 0, "2020-06-30": 0, "2020-03-31": "", "2019-12-31": 0, "2019-09-30": 0, "2019-06-30": 0, "2019-03-31": "", "2018-12-31": 0, "2018-09-30": 0, "2018-06-30": 0, "2018-03-31": "", "2017-12-31": 0, "2017-09-30": 0, "2017-06-30": 0, "2017-03-31": "", "2016-12-31": 0, "2016-09-30": 0, "2016-06-30": 0, "2016-03-31": "", "2015-12-31": 0, "2015-09-30": 0, "2015-06-30": 0, "2015-03-31": "", "2014-12-31": 0, "2014-09-30": 0, "2014-06-30": 0, "2014-03-31": "", "2013-12-31": 0, "2013-09-30": 0, "2013-06-30": 0, "2013-03-31": "", "2012-12-31": 0, "2012-09-30": 3.294, "2012-06-30": -1.648, "2012-03-31": "-1.64600", "2011-12-31": 4.401, "2011-09-30": -2.44, "2011-06-30": 1.791, "2011-03-31": "-3.75200", "2010-12-31": -28.19, "2010-09-30": -2.892, "2010-06-30": 159.774, "2010-03-31": "-3.24700", "2009-12-31": -26.818, "2009-09-30": -3.659, "2009-06-30": -3.656, "2009-03-31": "-3.93000", "2008-12-31": -5.699, "2008-09-30": -4.485, "2008-06-30": 9.983, "2008-03-31": "-3.63300", "2007-12-31": 9.775, "2007-09-30": -2.973, "2007-06-30": -3.813, "2007-03-31": "-2.49900", "2006-12-31": 9.161, "2006-09-30": -2.353, "2006-06-30": -33.488, "2006-03-31": "-0.41800", "2005-12-31": 4.387, "2005-09-30": -2.179, "2005-06-30": 4.894, "2005-03-31": "-3.67800"}, "Debt Issuance/Retirement Net - Total": {"2020-09-30": 0, "2020-06-30": 0, "2020-03-31": "", "2019-12-31": 0, "2019-09-30": 0, "2019-06-30": 0, "2019-03-31": "", "2018-12-31": 0, "2018-09-30": 0, "2018-06-30": 0, "2018-03-31": "", "2017-12-31": 0, "2017-09-30": 0, "2017-06-30": -105.788, "2017-03-31": "-80.00000", "2016-12-31": -0.576, "2016-09-30": -7.134, "2016-06-30": 0, "2016-03-31": "", "2015-12-31": 0, "2015-09-30": 0, "2015-06-30": -4.164, "2015-03-31": "-0.21700", "2014-12-31": -0.376, "2014-09-30": -0.375, "2014-06-30": -0.479, "2014-03-31": "-10.47900", "2013-12-31": -0.796, "2013-09-30": -0.792, "2013-06-30": -0.791, "2013-03-31": "-10.79100", "2012-12-31": -0.788, "2012-09-30": 276.885, "2012-06-30": -1.648, "2012-03-31": "-1.64600", "2011-12-31": -1.631, "2011-09-30": -2.44, "2011-06-30": 1.791, "2011-03-31": "-3.75200", "2010-12-31": -28.19, "2010-09-30": -2.892, "2010-06-30": 159.774, "2010-03-31": "-3.24700", "2009-12-31": -26.818, "2009-09-30": -3.659, "2009-06-30": -3.656, "2009-03-31": "-3.93000", "2008-12-31": -5.699, "2008-09-30": -4.485, "2008-06-30": 9.983, "2008-03-31": "-3.63300", "2007-12-31": 9.775, "2007-09-30": -2.973, "2007-06-30": -3.813, "2007-03-31": "-2.49900", "2006-12-31": 9.161, "2006-09-30": -2.353, "2006-06-30": -33.496, "2006-03-31": "-0.50800", "2005-12-31": 4.138, "2005-09-30": -2.563, "2005-06-30": 4.26, "2005-03-31": "-4.34200"}, "Net Common Equity Issued/Repurchased": {"2020-09-30": 1.744, "2020-06-30": 14, "2020-03-31": "3.93800", "2019-12-31": 3.543, "2019-09-30": 4.221, "2019-06-30": 7.918, "2019-03-31": "6.81700", "2018-12-31": 3.238, "2018-09-30": 3.84, "2018-06-30": 8.325, "2018-03-31": "1.87500", "2017-12-31": 2.838, "2017-09-30": 3.552, "2017-06-30": 6.358, "2017-03-31": "9.67500", "2016-12-31": 17.739, "2016-09-30": 7.089, "2016-06-30": 2.649, "2016-03-31": "0.03700", "2015-12-31": 7.416, "2015-09-30": 149.438, "2015-06-30": 0.274, "2015-03-31": "", "2014-12-31": 0.506, "2014-09-30": 0.001, "2014-06-30": 0.928, "2014-03-31": "75.76600", "2013-12-31": 0.582, "2013-09-30": 0.003, "2013-06-30": 0.9, "2013-03-31": "0.01600", "2012-12-31": 0.417, "2012-09-30": 139.039, "2012-06-30": 1.07, "2012-03-31": "65.09900", "2011-12-31": 1.476, "2011-09-30": 4.079, "2011-06-30": 4.849, "2011-03-31": "183.14100", "2010-12-31": 2.64, "2010-09-30": 0.05, "2010-06-30": 2.255, "2010-03-31": "0.87100", "2009-12-31": 1.945, "2009-09-30": 0.002, "2009-06-30": 2.15, "2009-03-31": "0.00200", "2008-12-31": 2.023, "2008-09-30": 0.005, "2008-06-30": 2.43, "2008-03-31": "0.00600", "2007-12-31": 2.298, "2007-09-30": 73.327, "2007-06-30": 4.952, "2007-03-31": "3.18100", "2006-12-31": 92.754, "2006-09-30": 0.159, "2006-06-30": 2.065, "2006-03-31": "1.56200", "2005-12-31": 1.767, "2005-09-30": 50.04, "2005-06-30": 1.725, "2005-03-31": "8.90800"}, "Net Total Equity Issued/Repurchased": {"2020-09-30": 1.744, "2020-06-30": 14, "2020-03-31": "3.93800", "2019-12-31": 3.543, "2019-09-30": 4.221, "2019-06-30": 7.918, "2019-03-31": "6.81700", "2018-12-31": 3.238, "2018-09-30": 3.84, "2018-06-30": 8.325, "2018-03-31": "1.87500", "2017-12-31": 2.838, "2017-09-30": 3.552, "2017-06-30": 6.358, "2017-03-31": "9.67500", "2016-12-31": 17.739, "2016-09-30": 7.089, "2016-06-30": 2.649, "2016-03-31": "0.03700", "2015-12-31": 7.416, "2015-09-30": 149.438, "2015-06-30": 0.274, "2015-03-31": "", "2014-12-31": 0.506, "2014-09-30": 0.001, "2014-06-30": 0.928, "2014-03-31": "75.76600", "2013-12-31": 0.582, "2013-09-30": 0.003, "2013-06-30": 0.9, "2013-03-31": "0.01600", "2012-12-31": 0.417, "2012-09-30": 139.039, "2012-06-30": 1.07, "2012-03-31": "65.09900", "2011-12-31": 1.476, "2011-09-30": 4.079, "2011-06-30": 4.849, "2011-03-31": "183.14100", "2010-12-31": 2.64, "2010-09-30": 0.05, "2010-06-30": 2.255, "2010-03-31": "0.87100", "2009-12-31": 1.945, "2009-09-30": 0.002, "2009-06-30": 2.15, "2009-03-31": "0.00200", "2008-12-31": 2.023, "2008-09-30": 0.005, "2008-06-30": 2.43, "2008-03-31": "0.00600", "2007-12-31": 2.298, "2007-09-30": 73.327, "2007-06-30": 4.952, "2007-03-31": "3.18100", "2006-12-31": 92.754, "2006-09-30": 0.159, "2006-06-30": 2.065, "2006-03-31": "1.56200", "2005-12-31": 1.767, "2005-09-30": 50.04, "2005-06-30": 1.725, "2005-03-31": "8.90800"}, "Total Common And Preferred Stock Dividends Paid": {"2020-09-30": 0, "2020-06-30": 0, "2020-03-31": "", "2019-12-31": 0, "2019-09-30": 0, "2019-06-30": 0, "2019-03-31": "", "2018-12-31": 0, "2018-09-30": 0, "2018-06-30": 0, "2018-03-31": "", "2017-12-31": 0, "2017-09-30": 0, "2017-06-30": 0, "2017-03-31": "", "2016-12-31": 0, "2016-09-30": 0, "2016-06-30": 0, "2016-03-31": "", "2015-12-31": 0, "2015-09-30": 0, "2015-06-30": 0, "2015-03-31": "", "2014-12-31": 0, "2014-09-30": 0, "2014-06-30": 0, "2014-03-31": "", "2013-12-31": 0, "2013-09-30": 0, "2013-06-30": 0, "2013-03-31": "", "2012-12-31": 0, "2012-09-30": 0, "2012-06-30": 0, "2012-03-31": "", "2011-12-31": 0, "2011-09-30": 0, "2011-06-30": 0, "2011-03-31": "", "2010-12-31": 0, "2010-09-30": 0, "2010-06-30": 0, "2010-03-31": "", "2009-12-31": 0, "2009-09-30": 0, "2009-06-30": 0, "2009-03-31": "", "2008-12-31": 0, "2008-09-30": 0, "2008-06-30": 0, "2008-03-31": "", "2007-12-31": 0, "2007-09-30": 0, "2007-06-30": 0, "2007-03-31": "", "2006-12-31": 0, "2006-09-30": 0, "2006-06-30": 0, "2006-03-31": "", "2005-12-31": 0, "2005-09-30": 0, "2005-06-30": 0, "2005-03-31": ""}, "Financial Activities - Other": {"2020-09-30": -5.179, "2020-06-30": -19.148, "2020-03-31": "-1.79300", "2019-12-31": -6.543, "2019-09-30": -0.947, "2019-06-30": -0.865, "2019-03-31": "-1.59100", "2018-12-31": -4.382, "2018-09-30": -0.229, "2018-06-30": -0.847, "2018-03-31": "-2.12900", "2017-12-31": -3.551, "2017-09-30": -0.681, "2017-06-30": -0.788, "2017-03-31": "-1.54300", "2016-12-31": -1.395, "2016-09-30": -0.654, "2016-06-30": -0.145, "2016-03-31": "-1.91400", "2015-12-31": -0.534, "2015-09-30": 0, "2015-06-30": 0, "2015-03-31": "", "2014-12-31": 0, "2014-09-30": 0, "2014-06-30": 0, "2014-03-31": "", "2013-12-31": 0, "2013-09-30": 0, "2013-06-30": 0, "2013-03-31": "", "2012-12-31": 0, "2012-09-30": 0, "2012-06-30": 0, "2012-03-31": "", "2011-12-31": 0, "2011-09-30": 0, "2011-06-30": 0, "2011-03-31": "", "2010-12-31": 0, "2010-09-30": 0, "2010-06-30": 0, "2010-03-31": "", "2009-12-31": 0, "2009-09-30": 0, "2009-06-30": -0.025, "2009-03-31": "", "2008-12-31": 0, "2008-09-30": 0, "2008-06-30": 0, "2008-03-31": "", "2007-12-31": 0, "2007-09-30": 0, "2007-06-30": 0, "2007-03-31": "", "2006-12-31": 0, "2006-09-30": 0, "2006-06-30": 40, "2006-03-31": "", "2005-12-31": 0, "2005-09-30": 0, "2005-06-30": 37, "2005-03-31": ""}, "Cash Flow From Financial Activities": {"2020-09-30": -3.435, "2020-06-30": -5.148, "2020-03-31": "2.14500", "2019-12-31": -3, "2019-09-30": 3.274, "2019-06-30": 7.053, "2019-03-31": "5.22600", "2018-12-31": -1.144, "2018-09-30": 3.611, "2018-06-30": 7.478, "2018-03-31": "-0.25400", "2017-12-31": -0.713, "2017-09-30": 2.871, "2017-06-30": -100.218, "2017-03-31": "-71.86800", "2016-12-31": 15.768, "2016-09-30": -0.699, "2016-06-30": 2.504, "2016-03-31": "-1.87700", "2015-12-31": 6.882, "2015-09-30": 149.438, "2015-06-30": -3.89, "2015-03-31": "-0.21700", "2014-12-31": 0.13, "2014-09-30": -0.374, "2014-06-30": 0.449, "2014-03-31": "65.28700", "2013-12-31": -0.214, "2013-09-30": -0.789, "2013-06-30": 0.109, "2013-03-31": "-10.77500", "2012-12-31": -0.371, "2012-09-30": 415.924, "2012-06-30": -0.578, "2012-03-31": "63.45300", "2011-12-31": -0.155, "2011-09-30": 1.639, "2011-06-30": 6.64, "2011-03-31": "179.38900", "2010-12-31": -25.55, "2010-09-30": -2.842, "2010-06-30": 162.029, "2010-03-31": "-2.37600", "2009-12-31": -24.873, "2009-09-30": -3.657, "2009-06-30": -1.531, "2009-03-31": "-3.92800", "2008-12-31": -3.676, "2008-09-30": -4.48, "2008-06-30": 12.413, "2008-03-31": "-3.62700", "2007-12-31": 12.073, "2007-09-30": 70.354, "2007-06-30": 1.139, "2007-03-31": "0.68200", "2006-12-31": 101.915, "2006-09-30": -2.194, "2006-06-30": 8.569, "2006-03-31": "1.05400", "2005-12-31": 5.905, "2005-09-30": 47.477, "2005-06-30": 42.985, "2005-03-31": "4.56600"}, "Net Cash Flow": {"2020-09-30": -193.097, "2020-06-30": 169.803, "2020-03-31": "90.83900", "2019-12-31": 24.82, "2019-09-30": -127.572, "2019-06-30": -4.148, "2019-03-31": "59.16200", "2018-12-31": -39.352, "2018-09-30": 105.216, "2018-06-30": 15.676, "2018-03-31": "46.02100", "2017-12-31": 34.307, "2017-09-30": 14.145, "2017-06-30": -47.467, "2017-03-31": "31.49300", "2016-12-31": 41.967, "2016-09-30": -18.608, "2016-06-30": -147.055, "2016-03-31": "135.24800", "2015-12-31": -4.008, "2015-09-30": 83.693, "2015-06-30": -23.038, "2015-03-31": "4.59200", "2014-12-31": -19.67, "2014-09-30": -47.275, "2014-06-30": -10.199, "2014-03-31": "53.56100", "2013-12-31": 11.962, "2013-09-30": -39.758, "2013-06-30": -39.458, "2013-03-31": "1.16300", "2012-12-31": -138.736, "2012-09-30": 240.665, "2012-06-30": -2.326, "2012-03-31": "-3.79100", "2011-12-31": 8.046, "2011-09-30": -9.069, "2011-06-30": -126.771, "2011-03-31": "104.61100", "2010-12-31": 2.098, "2010-09-30": -61.861, "2010-06-30": 98.911, "2010-03-31": "-28.50400", "2009-12-31": -83.774, "2009-09-30": 17.658, "2009-06-30": -48.513, "2009-03-31": "-46.27300", "2008-12-31": 183.468, "2008-09-30": -10.817, "2008-06-30": -46.836, "2008-03-31": "-13.57400", "2007-12-31": -5.869, "2007-09-30": 35.719, "2007-06-30": -38.232, "2007-03-31": "20.47000", "2006-12-31": 67.669, "2006-09-30": -17.052, "2006-06-30": -52.206, "2006-03-31": "43.63000", "2005-12-31": 3.435, "2005-09-30": -16.364, "2005-06-30": 43.437, "2005-03-31": "-16.72100"}, "Stock-Based Compensation": {"2020-09-30": 55.655, "2020-06-30": 16.154, "2020-03-31": "13.98200", "2019-12-31": 15.855, "2019-09-30": 13.139, "2019-06-30": 15.079, "2019-03-31": "12.52900", "2018-12-31": 12.296, "2018-09-30": 9.742, "2018-06-30": 9.283, "2018-03-31": "9.30500", "2017-12-31": 8.909, "2017-09-30": 5.289, "2017-06-30": 5.027, "2017-03-31": "4.71300", "2016-12-31": 4.566, "2016-09-30": 3.603, "2016-06-30": 3.558, "2016-03-31": "11.18500", "2015-12-31": 6.557, "2015-09-30": 12.026, "2015-06-30": 1.734, "2015-03-31": "1.66000", "2014-12-31": 1.552, "2014-09-30": 0.714, "2014-06-30": 3.982, "2014-03-31": "3.75800", "2013-12-31": 3.528, "2013-09-30": 2.898, "2013-06-30": 2.926, "2013-03-31": "2.67900", "2012-12-31": 2.611, "2012-09-30": 1.9, "2012-06-30": 1.99, "2012-03-31": "2.33200", "2011-12-31": 2.69, "2011-09-30": 2.974, "2011-06-30": 2.832, "2011-03-31": "3.60300", "2010-12-31": 4.368, "2010-09-30": 5.463, "2010-06-30": 4.755, "2010-03-31": "6.52600", "2009-12-31": 5.394, "2009-09-30": 5.939, "2009-06-30": 6.481, "2009-03-31": "5.09200", "2008-12-31": 5.826, "2008-09-30": 5.788, "2008-06-30": 5.619, "2008-03-31": "5.67400", "2007-12-31": 5.218, "2007-09-30": 5.229, "2007-06-30": 5.178, "2007-03-31": "4.54300", "2006-12-31": 4.458, "2006-09-30": 4.076, "2006-06-30": 4.443, "2006-03-31": "4.63600", "2005-12-31": 0.075, "2005-09-30": 0.028, "2005-06-30": 0.023, "2005-03-31": "-0.01600"}, "Common Stock Dividends Paid": {"2020-09-30": 0, "2020-06-30": 0, "2020-03-31": "", "2019-12-31": 0, "2019-09-30": 0, "2019-06-30": 0, "2019-03-31": "", "2018-12-31": 0, "2018-09-30": 0, "2018-06-30": 0, "2018-03-31": "", "2017-12-31": 0, "2017-09-30": 0, "2017-06-30": 0, "2017-03-31": "", "2016-12-31": 0, "2016-09-30": 0, "2016-06-30": 0, "2016-03-31": "", "2015-12-31": 0, "2015-09-30": 0, "2015-06-30": 0, "2015-03-31": "", "2014-12-31": 0, "2014-09-30": 0, "2014-06-30": 0, "2014-03-31": "", "2013-12-31": 0, "2013-09-30": 0, "2013-06-30": 0, "2013-03-31": "", "2012-12-31": 0, "2012-09-30": 0, "2012-06-30": 0, "2012-03-31": "", "2011-12-31": 0, "2011-09-30": 0, "2011-06-30": 0, "2011-03-31": "", "2010-12-31": 0, "2010-09-30": 0, "2010-06-30": 0, "2010-03-31": "", "2009-12-31": 0, "2009-09-30": 0, "2009-06-30": 0, "2009-03-31": "", "2008-12-31": 0, "2008-09-30": 0, "2008-06-30": 0, "2008-03-31": "", "2007-12-31": 0, "2007-09-30": 0, "2007-06-30": 0, "2007-03-31": "", "2006-12-31": 0, "2006-09-30": 0, "2006-06-30": 0, "2006-03-31": "", "2005-12-31": 0, "2005-09-30": 0, "2005-06-30": 0, "2005-03-31": ""}}, "financial ratios": {"Current Ratio": {"2019-12-31": "7.08380", "2018-12-31": "8.50480", "2017-12-31": "4.21010", "2016-12-31": "1.74490", "2015-12-31": "3.41940", "2014-12-31": "0.98130", "2013-12-31": "3.03470", "2012-12-31": "5.29400", "2011-12-31": "2.47850", "2010-12-31": "0.91770", "2009-12-31": "1.11050", "2008-12-31": "1.43280", "2007-12-31": "2.13560", "2006-12-31": "2.35340", "2005-12-31": "1.79500"}, "Long-term Debt / Capital": {"2019-12-31": "", "2018-12-31": "", "2017-12-31": "0.04980", "2016-12-31": "", "2015-12-31": "1.50810", "2014-12-31": "1.77240", "2013-12-31": "0.83870", "2012-12-31": "0.53180", "2011-12-31": "0.67250", "2010-12-31": "-3.50990", "2009-12-31": "-0.32720", "2008-12-31": "4.04810", "2007-12-31": "0.59470", "2006-12-31": "0.67290", "2005-12-31": "0.76110"}, "Debt/Equity Ratio": {"2019-12-31": "", "2018-12-31": "", "2017-12-31": "0.05240", "2016-12-31": "1.22170", "2015-12-31": "-2.96820", "2014-12-31": "-3.20260", "2013-12-31": "5.44570", "2012-12-31": "1.19740", "2011-12-31": "2.15700", "2010-12-31": "-0.97550", "2009-12-31": "-0.48630", "2008-12-31": "-2.09170", "2007-12-31": "1.68580", "2006-12-31": "2.31540", "2005-12-31": "4.43760"}, "Gross Margin": {"2019-12-31": "96.58010", "2018-12-31": "96.91410", "2017-12-31": "96.67030", "2016-12-31": "96.57780", "2015-12-31": "89.52170", "2014-12-31": "91.86410", "2013-12-31": "96.43250", "2012-12-31": "100.00000", "2011-12-31": "100.00000", "2010-12-31": "100.00000", "2009-12-31": "100.00000", "2008-12-31": "100.00000", "2007-12-31": "100.00000", "2006-12-31": "100.00000", "2005-12-31": "100.00000"}, "Operating Margin": {"2019-12-31": "38.17730", "2018-12-31": "51.39870", "2017-12-31": "36.66710", "2016-12-31": "-14.68970", "2015-12-31": "-326.64640", "2014-12-31": "-893.86320", "2013-12-31": "-640.53860", "2012-12-31": "-258.03160", "2011-12-31": "30.91290", "2010-12-31": "-49.39180", "2009-12-31": "-80.32930", "2008-12-31": "-152.14200", "2007-12-31": "-138.40400", "2006-12-31": "-128.46260", "2005-12-31": "-123.73590"}, "EBIT Margin": {"2019-12-31": "38.17730", "2018-12-31": "51.39870", "2017-12-31": "36.66710", "2016-12-31": "-14.68970", "2015-12-31": "-326.64640", "2014-12-31": "-893.86320", "2013-12-31": "-640.53860", "2012-12-31": "-258.03160", "2011-12-31": "30.91290", "2010-12-31": "-49.39180", "2009-12-31": "-80.32930", "2008-12-31": "-152.14200", "2007-12-31": "-138.40400", "2006-12-31": "-128.46260", "2005-12-31": "-123.73590"}, "EBITDA Margin": {"2019-12-31": "39.03990", "2018-12-31": "51.97430", "2017-12-31": "36.92940", "2016-12-31": "-9.76210", "2015-12-31": "-277.02040", "2014-12-31": "-795.57960", "2013-12-31": "-630.49650", "2012-12-31": "-246.41310", "2011-12-31": "33.26830", "2010-12-31": "-43.69420", "2009-12-31": "-72.03000", "2008-12-31": "-140.91930", "2007-12-31": "-128.41720", "2006-12-31": "-111.32460", "2005-12-31": "-100.36200"}, "Pre-Tax Profit Margin": {"2019-12-31": "41.13650", "2018-12-31": "52.94900", "2017-12-31": "35.04640", "2016-12-31": "-36.67830", "2015-12-31": "-434.97530", "2014-12-31": "-1041.29300", "2013-12-31": "-781.33900", "2012-12-31": "-310.93360", "2011-12-31": "26.58230", "2010-12-31": "-49.93490", "2009-12-31": "-92.80700", "2008-12-31": "-148.96610", "2007-12-31": "-97.84260", "2006-12-31": "-124.84950", "2005-12-31": "-124.81400"}, "Net Profit Margin": {"2019-12-31": "33.17010", "2018-12-31": "80.82090", "2017-12-31": "34.08510", "2016-12-31": "-36.67830", "2015-12-31": "-435.12320", "2014-12-31": "-1040.56800", "2013-12-31": "-781.03260", "2012-12-31": "-311.15910", "2011-12-31": "26.13520", "2010-12-31": "-49.89600", "2009-12-31": "-89.10180", "2008-12-31": "-138.17700", "2007-12-31": "-76.12670", "2006-12-31": "-102.86000", "2005-12-31": "-111.11490"}, "Asset Turnover": {"2019-12-31": "0.51320", "2018-12-31": "0.60030", "2017-12-31": "0.69050", "2016-12-31": "0.32140", "2015-12-31": "0.11180", "2014-12-31": "0.07770", "2013-12-31": "0.06230", "2012-12-31": "0.06580", "2011-12-31": "0.73650", "2010-12-31": "0.51290", "2009-12-31": "0.44190", "2008-12-31": "0.29350", "2007-12-31": "0.27530", "2006-12-31": "0.24950", "2005-12-31": "0.22830"}, "Inventory Turnover Ratio": {"2019-12-31": "2.56840", "2018-12-31": "2.67820", "2017-12-31": "2.26320", "2016-12-31": "1.96290", "2015-12-31": "1.48890", "2014-12-31": "0.85800", "2013-12-31": "0.38690", "2012-12-31": "", "2011-12-31": "", "2010-12-31": "", "2009-12-31": "", "2008-12-31": "", "2007-12-31": "", "2006-12-31": "", "2005-12-31": ""}, "Receiveable Turnover": {"2019-12-31": "8.12760", "2018-12-31": "5.24560", "2017-12-31": "5.57290", "2016-12-31": "4.73380", "2015-12-31": "7.17190", "2014-12-31": "5.14360", "2013-12-31": "7.95180", "2012-12-31": "17.24830", "2011-12-31": "9.59380", "2010-12-31": "31.38480", "2009-12-31": "12.79160", "2008-12-31": "80.89160", "2007-12-31": "18.64140", "2006-12-31": "4.44520", "2005-12-31": "10.69570"}, "Days Sales In Receivables": {"2019-12-31": "44.90880", "2018-12-31": "69.58260", "2017-12-31": "65.49520", "2016-12-31": "77.10500", "2015-12-31": "50.89300", "2014-12-31": "70.96210", "2013-12-31": "45.90160", "2012-12-31": "21.16150", "2011-12-31": "38.04550", "2010-12-31": "11.62980", "2009-12-31": "28.53450", "2008-12-31": "4.51220", "2007-12-31": "19.58010", "2006-12-31": "82.11110", "2005-12-31": "34.12580"}, "ROE - Return On Equity": {"2019-12-31": "19.04020", "2018-12-31": "53.59960", "2017-12-31": "54.12210", "2016-12-31": "-78.62010", "2015-12-31": "114.87010", "2014-12-31": "227.55340", "2013-12-31": "-369.51570", "2012-12-31": "-49.80700", "2011-12-31": "83.52140", "2010-12-31": "40.43800", "2009-12-31": "85.23870", "2008-12-31": "312.06320", "2007-12-31": "-154.02400", "2006-12-31": "-193.17090", "2005-12-31": "-251.62920"}, "Return On Tangible Equity": {"2019-12-31": "19.78760", "2018-12-31": "56.38890", "2017-12-31": "69.69860", "2016-12-31": "-273.94060", "2015-12-31": "79.09630", "2014-12-31": "146.37420", "2013-12-31": "-9583.48100", "2012-12-31": "-63.43500", "2011-12-31": "280.90030", "2010-12-31": "31.61890", "2009-12-31": "61.36830", "2008-12-31": "146.37540", "2007-12-31": "-1322.16300", "2006-12-31": "582.31600", "2005-12-31": "226.61220"}, "ROA - Return On Assets": {"2019-12-31": "17.02380", "2018-12-31": "48.51840", "2017-12-31": "23.53550", "2016-12-31": "-11.78740", "2015-12-31": "-48.66790", "2014-12-31": "-80.82960", "2013-12-31": "-48.63230", "2012-12-31": "-20.47510", "2011-12-31": "19.24850", "2010-12-31": "-25.59110", "2009-12-31": "-40.63860", "2008-12-31": "-43.71520", "2007-12-31": "-26.93920", "2006-12-31": "-25.66710", "2005-12-31": "-25.36850"}, "ROI - Return On Investment": {"2019-12-31": "19.04020", "2018-12-31": "53.59960", "2017-12-31": "51.42630", "2016-12-31": "-78.62020", "2015-12-31": "-58.36370", "2014-12-31": "-175.75520", "2013-12-31": "-59.58710", "2012-12-31": "-23.31960", "2011-12-31": "27.35000", "2010-12-31": "182.36950", "2009-12-31": "113.12800", "2008-12-31": "-951.18650", "2007-12-31": "-62.43220", "2006-12-31": "-63.19000", "2005-12-31": "-60.11640"}, "Book Value Per Share": {"2019-12-31": "5.53080", "2018-12-31": "4.29330", "2017-12-31": "0.96200", "2016-12-31": "0.30810", "2015-12-31": "-0.61770", "2014-12-31": "-0.58620", "2013-12-31": "0.35890", "2012-12-31": "1.61370", "2011-12-31": "0.66860", "2010-12-31": "-2.08920", "2009-12-31": "-1.51710", "2008-12-31": "-0.52910", "2007-12-31": "0.68820", "2006-12-31": "0.54730", "2005-12-31": "0.40220"}, "Operating Cash Flow Per Share": {"2019-12-31": 0.3438, "2018-12-31": 0.7982, "2017-12-31": -0.309, "2016-12-31": 1.514, "2015-12-31": 0.5374, "2014-12-31": -0.1317, "2013-12-31": -0.3109, "2012-12-31": 0.4514, "2011-12-31": -0.2893, "2010-12-31": -0.7948, "2009-12-31": -0.0445, "2008-12-31": 0.5973, "2007-12-31": -0.1656, "2006-12-31": 0.0648, "2005-12-31": -0.5883}, "Free Cash Flow Per Share": {"2019-12-31": 0.4085, "2018-12-31": 0.76, "2017-12-31": -0.3698, "2016-12-31": 1.5033, "2015-12-31": 0.5421, "2014-12-31": -0.1211, "2013-12-31": -0.3171, "2012-12-31": 0.4425, "2011-12-31": -0.27, "2010-12-31": -0.7549, "2009-12-31": 0.0445, "2008-12-31": 0.6329, "2007-12-31": -0.2113, "2006-12-31": 0.1106, "2005-12-31": -0.7681}}, "financial ratios, quarterly": {"Current Ratio": {"2020-09-30": "6.99210", "2020-06-30": "9.77470", "2020-03-31": "8.09310", "2019-12-31": "7.08380", "2019-09-30": "6.89100", "2019-06-30": "8.63970", "2019-03-31": "7.56240", "2018-12-31": "8.50480", "2018-09-30": "8.65690", "2018-06-30": "6.86670", "2018-03-31": "6.66610", "2017-12-31": "4.21010", "2017-09-30": "4.32220", "2017-06-30": "4.11830", "2017-03-31": "2.31330", "2016-12-31": "1.74490", "2016-09-30": "2.08950", "2016-06-30": "1.83290", "2016-03-31": "3.35880", "2015-12-31": "3.41940", "2015-09-30": "3.70790", "2015-06-30": "1.52200", "2015-03-31": "2.13090", "2014-12-31": "0.98130", "2014-09-30": "1.26890", "2014-06-30": "1.50460", "2014-03-31": "4.19820", "2013-12-31": "3.03470", "2013-09-30": "3.93120", "2013-06-30": "5.02620", "2013-03-31": "5.66300", "2012-12-31": "5.29400", "2012-09-30": "5.77640", "2012-06-30": "2.37190", "2012-03-31": "2.85870", "2011-12-31": "2.47850", "2011-09-30": "1.46970", "2011-06-30": "1.46580", "2011-03-31": "1.63640", "2010-12-31": "0.91770", "2010-09-30": "0.94240", "2010-06-30": "1.05780", "2010-03-31": "0.84450", "2009-12-31": "1.11050", "2009-09-30": "1.42570", "2009-06-30": "1.15810", "2009-03-31": "1.30460", "2008-12-31": "1.43280", "2008-09-30": "0.98790", "2008-06-30": "1.29540", "2008-03-31": "1.85150", "2007-12-31": "2.13560", "2007-09-30": "2.44030", "2007-06-30": "2.07980", "2007-03-31": "2.29880", "2006-12-31": "2.35340", "2006-09-30": "1.72980", "2006-06-30": "2.18270", "2006-03-31": "1.75570", "2005-12-31": "1.79500", "2005-09-30": "2.41610", "2005-06-30": "2.15370", "2005-03-31": "2.08830"}, "Long-term Debt / Capital": {"2020-09-30": "", "2020-06-30": "", "2020-03-31": "", "2019-12-31": "", "2019-09-30": "0.01460", "2019-06-30": "0.01490", "2019-03-31": "0.01420", "2018-12-31": "", "2018-09-30": "0.01360", "2018-06-30": "", "2018-03-31": "", "2017-12-31": "0.04980", "2017-09-30": "", "2017-06-30": "", "2017-03-31": "", "2016-12-31": "", "2016-09-30": "0.71790", "2016-06-30": "2.81730", "2016-03-31": "1.75810", "2015-12-31": "1.50810", "2015-09-30": "1.24300", "2015-06-30": "2.01110", "2015-03-31": "1.66320", "2014-12-31": "1.77240", "2014-09-30": "1.28550", "2014-06-30": "0.98770", "2014-03-31": "0.83020", "2013-12-31": "0.83870", "2013-09-30": "0.71890", "2013-06-30": "0.63070", "2013-03-31": "0.56480", "2012-12-31": "0.53180", "2012-09-30": "0.49080", "2012-06-30": "0.64120", "2012-03-31": "0.57150", "2011-12-31": "0.67250", "2011-09-30": "0.98360", "2011-06-30": "1.82210", "2011-03-31": "1.61790", "2010-12-31": "-3.50990", "2010-09-30": "-10.02460", "2010-06-30": "-12.11350", "2010-03-31": "-0.23870", "2009-12-31": "-0.32720", "2009-09-30": "-0.88240", "2009-06-30": "-1.27810", "2009-03-31": "-4.18130", "2008-12-31": "4.04810", "2008-09-30": "1.33920", "2008-06-30": "0.94940", "2008-03-31": "0.72090", "2007-12-31": "0.59470", "2007-09-30": "0.54070", "2007-06-30": "0.83850", "2007-03-31": "0.73550", "2006-12-31": "0.67290", "2006-09-30": "1.24090", "2006-06-30": "0.99060", "2006-03-31": "0.88150", "2005-12-31": "0.76110", "2005-09-30": "0.65180", "2005-06-30": "0.79030", "2005-03-31": "0.80150"}, "Debt/Equity Ratio": {"2020-09-30": "", "2020-06-30": "", "2020-03-31": "", "2019-12-31": "", "2019-09-30": "0.01480", "2019-06-30": "0.01510", "2019-03-31": "0.01440", "2018-12-31": "", "2018-09-30": "0.01380", "2018-06-30": "", "2018-03-31": "", "2017-12-31": "0.05240", "2017-09-30": "", "2017-06-30": "", "2017-03-31": "0.94650", "2016-12-31": "1.22170", "2016-09-30": "3.46190", "2016-06-30": "-1.69800", "2016-03-31": "-2.51480", "2015-12-31": "-2.96820", "2015-09-30": "-5.17120", "2015-06-30": "-2.01710", "2015-03-31": "-2.56970", "2014-12-31": "-3.20260", "2014-09-30": "-6.27770", "2014-06-30": "110.83660", "2014-03-31": "4.96980", "2013-12-31": "5.44570", "2013-09-30": "2.67770", "2013-06-30": "1.79290", "2013-03-31": "1.36430", "2012-12-31": "1.19740", "2012-09-30": "1.01450", "2012-06-30": "1.96550", "2012-03-31": "1.46900", "2011-12-31": "2.15700", "2011-09-30": "72.15160", "2011-06-30": "-2.69500", "2011-03-31": "-3.21220", "2010-12-31": "-0.97550", "2010-09-30": "-1.07960", "2010-06-30": "-1.09990", "2010-03-31": "-0.38320", "2009-12-31": "-0.48630", "2009-09-30": "-0.74550", "2009-06-30": "-0.89060", "2009-03-31": "-1.27880", "2008-12-31": "-2.09170", "2008-09-30": "-4.57670", "2008-06-30": "21.79380", "2008-03-31": "2.95740", "2007-12-31": "1.68580", "2007-09-30": "1.32520", "2007-06-30": "5.83000", "2007-03-31": "3.13650", "2006-12-31": "2.31540", "2006-09-30": "-5.74000", "2006-06-30": "116.71240", "2006-03-31": "10.38210", "2005-12-31": "4.43760", "2005-09-30": "2.58850", "2005-06-30": "5.17020", "2005-03-31": "4.31960"}, "Gross Margin": {"2020-09-30": "96.22440", "2020-06-30": "96.44630", "2020-03-31": "95.90640", "2019-12-31": "95.62230", "2019-09-30": "97.22600", "2019-06-30": "96.86230", "2019-03-31": "96.51910", "2018-12-31": "96.78390", "2018-09-30": "96.73470", "2018-06-30": "96.77770", "2018-03-31": "97.36150", "2017-12-31": "96.50960", "2017-09-30": "96.94580", "2017-06-30": "96.95580", "2017-03-31": "96.04020", "2016-12-31": "97.61280", "2016-09-30": "96.05270", "2016-06-30": "95.69680", "2016-03-31": "95.55970", "2015-12-31": "89.70620", "2015-09-30": "85.58960", "2015-06-30": "91.41640", "2015-03-31": "91.84070", "2014-12-31": "90.69770", "2014-09-30": "90.89180", "2014-06-30": "92.73090", "2014-03-31": "93.70030", "2013-12-31": "93.94980", "2013-09-30": "94.69450", "2013-06-30": "97.59620", "2013-03-31": "97.10420", "2012-12-31": "100.00000", "2012-09-30": "100.00000", "2012-06-30": "100.00000", "2012-03-31": "100.00000", "2011-12-31": "100.00000", "2011-09-30": "100.00000", "2011-06-30": "100.00000", "2011-03-31": "100.00000", "2010-12-31": "100.00000", "2010-09-30": "100.00000", "2010-06-30": "100.00000", "2010-03-31": "100.00000", "2009-12-31": "100.00000", "2009-09-30": "100.00000", "2009-06-30": "100.00000", "2009-03-31": "100.00000", "2008-12-31": "100.00000", "2008-09-30": "100.00000", "2008-06-30": "100.00000", "2008-03-31": "100.00000", "2007-12-31": "100.00000", "2007-09-30": "100.00000", "2007-06-30": "100.00000", "2007-03-31": "100.00000", "2006-12-31": "100.00000", "2006-09-30": "100.00000", "2006-06-30": "100.00000", "2006-03-31": "100.00000", "2005-12-31": "100.00000", "2005-09-30": "100.00000", "2005-06-30": "100.00000", "2005-03-31": "100.00000"}, "Operating Margin": {"2020-09-30": "-18.42560", "2020-06-30": "29.10990", "2020-03-31": "23.27260", "2019-12-31": "32.17350", "2019-09-30": "42.54870", "2019-06-30": "38.28490", "2019-03-31": "39.24090", "2018-12-31": "48.81930", "2018-09-30": "55.53580", "2018-06-30": "46.08610", "2018-03-31": "54.42050", "2017-12-31": "31.17380", "2017-09-30": "53.22930", "2017-06-30": "27.38470", "2017-03-31": "24.95580", "2016-12-31": "50.11920", "2016-09-30": "11.67960", "2016-06-30": "-69.33690", "2016-03-31": "-318.50000", "2015-12-31": "-317.97140", "2015-09-30": "-363.11140", "2015-06-30": "-391.39140", "2015-03-31": "-242.43720", "2014-12-31": "-628.42350", "2014-09-30": "-819.80610", "2014-06-30": "-940.07940", "2014-03-31": "-1324.93400", "2013-12-31": "-1369.08200", "2013-09-30": "-1022.92400", "2013-06-30": "-432.65010", "2013-03-31": "-351.74270", "2012-12-31": "-537.16420", "2012-09-30": "-191.11400", "2012-06-30": "-418.82760", "2012-03-31": "-120.45380", "2011-12-31": "55.27230", "2011-09-30": "62.13280", "2011-06-30": "-55.99160", "2011-03-31": "-66.11320", "2010-12-31": "-34.60120", "2010-09-30": "-7.71930", "2010-06-30": "-53.85120", "2010-03-31": "-112.44820", "2009-12-31": "-68.74700", "2009-09-30": "-30.59150", "2009-06-30": "-138.71980", "2009-03-31": "-145.34030", "2008-12-31": "-132.91080", "2008-09-30": "-149.02110", "2008-06-30": "-160.08480", "2008-03-31": "-167.19150", "2007-12-31": "-146.19490", "2007-09-30": "-158.90400", "2007-06-30": "-130.90670", "2007-03-31": "-118.55630", "2006-12-31": "-113.37550", "2006-09-30": "-134.07390", "2006-06-30": "-111.53820", "2006-03-31": "-171.40570", "2005-12-31": "-205.16110", "2005-09-30": "-193.69440", "2005-06-30": "-28.10260", "2005-03-31": "-209.42210"}, "EBIT Margin": {"2020-09-30": "-18.42560", "2020-06-30": "29.10990", "2020-03-31": "23.27260", "2019-12-31": "32.17350", "2019-09-30": "42.54870", "2019-06-30": "38.28490", "2019-03-31": "39.24090", "2018-12-31": "48.81940", "2018-09-30": "55.53580", "2018-06-30": "46.08610", "2018-03-31": "54.42050", "2017-12-31": "31.17380", "2017-09-30": "53.22930", "2017-06-30": "27.38470", "2017-03-31": "24.95580", "2016-12-31": "50.11920", "2016-09-30": "11.67960", "2016-06-30": "-69.33690", "2016-03-31": "-318.50000", "2015-12-31": "-317.97140", "2015-09-30": "-363.11140", "2015-06-30": "-391.39140", "2015-03-31": "-242.43720", "2014-12-31": "-628.42340", "2014-09-30": "-819.80610", "2014-06-30": "-940.07940", "2014-03-31": "-1324.93400", "2013-12-31": "-1369.08200", "2013-09-30": "-1022.92400", "2013-06-30": "-432.65010", "2013-03-31": "-351.74270", "2012-12-31": "-537.16420", "2012-09-30": "-191.11400", "2012-06-30": "-418.82760", "2012-03-31": "-120.45380", "2011-12-31": "55.27230", "2011-09-30": "62.13280", "2011-06-30": "-55.99160", "2011-03-31": "-66.11320", "2010-12-31": "-34.60120", "2010-09-30": "-7.71930", "2010-06-30": "-53.85120", "2010-03-31": "-112.44820", "2009-12-31": "-68.74700", "2009-09-30": "-30.59150", "2009-06-30": "-138.71980", "2009-03-31": "-145.34030", "2008-12-31": "-132.91070", "2008-09-30": "-149.02110", "2008-06-30": "-160.08480", "2008-03-31": "-167.19150", "2007-12-31": "-146.19490", "2007-09-30": "-158.90400", "2007-06-30": "-130.90670", "2007-03-31": "-118.55630", "2006-12-31": "-113.37550", "2006-09-30": "-134.07390", "2006-06-30": "-111.53820", "2006-03-31": "-171.40570", "2005-12-31": "-205.16110", "2005-09-30": "-193.69440", "2005-06-30": "-28.10260", "2005-03-31": "-209.42210"}, "EBITDA Margin": {"2020-09-30": "", "2020-06-30": "", "2020-03-31": "", "2019-12-31": "", "2019-09-30": "", "2019-06-30": "", "2019-03-31": "", "2018-12-31": "", "2018-09-30": "", "2018-06-30": "", "2018-03-31": "", "2017-12-31": "", "2017-09-30": "", "2017-06-30": "", "2017-03-31": "", "2016-12-31": "", "2016-09-30": "", "2016-06-30": "", "2016-03-31": "", "2015-12-31": "", "2015-09-30": "", "2015-06-30": "", "2015-03-31": "", "2014-12-31": "", "2014-09-30": "", "2014-06-30": "", "2014-03-31": "", "2013-12-31": "", "2013-09-30": "", "2013-06-30": "", "2013-03-31": "", "2012-12-31": "", "2012-09-30": "", "2012-06-30": "", "2012-03-31": "", "2011-12-31": "", "2011-09-30": "", "2011-06-30": "", "2011-03-31": "", "2010-12-31": "", "2010-09-30": "", "2010-06-30": "", "2010-03-31": "", "2009-12-31": "", "2009-09-30": "", "2009-06-30": "", "2009-03-31": "", "2008-12-31": "", "2008-09-30": "", "2008-06-30": "", "2008-03-31": "", "2007-12-31": "", "2007-09-30": "", "2007-06-30": "", "2007-03-31": "", "2006-12-31": "", "2006-09-30": "", "2006-06-30": "", "2006-03-31": "", "2005-12-31": "", "2005-09-30": "", "2005-06-30": "", "2005-03-31": ""}, "Pre-Tax Profit Margin": {"2020-09-30": "-16.45280", "2020-06-30": "31.09920", "2020-03-31": "26.45700", "2019-12-31": "35.37680", "2019-09-30": "45.14380", "2019-06-30": "41.52200", "2019-03-31": "42.07730", "2018-12-31": "50.90600", "2018-09-30": "57.21190", "2018-06-30": "47.49660", "2018-03-31": "55.38630", "2017-12-31": "32.41220", "2017-09-30": "55.46390", "2017-06-30": "18.41970", "2017-03-31": "20.81180", "2016-12-31": "45.27270", "2016-09-30": "-18.14320", "2016-06-30": "-96.09950", "2016-03-31": "-383.89190", "2015-12-31": "-378.49660", "2015-09-30": "-462.16760", "2015-06-30": "-542.56760", "2015-03-31": "-374.62720", "2014-12-31": "-692.09850", "2014-09-30": "-994.43650", "2014-06-30": "-1118.71400", "2014-03-31": "-1521.28400", "2013-12-31": "-1629.67600", "2013-09-30": "-1228.02800", "2013-06-30": "-524.29990", "2013-03-31": "-462.60210", "2012-12-31": "-666.99500", "2012-09-30": "-246.40580", "2012-06-30": "-466.85010", "2012-03-31": "-141.22090", "2011-12-31": "51.00470", "2011-09-30": "60.70300", "2011-06-30": "-65.21670", "2011-03-31": "-76.58880", "2010-12-31": "-43.81010", "2010-09-30": "-15.92500", "2010-06-30": "-47.51240", "2010-03-31": "-102.48820", "2009-12-31": "-81.97330", "2009-09-30": "-33.80570", "2009-06-30": "-174.39970", "2009-03-31": "-151.51370", "2008-12-31": "-137.79040", "2008-09-30": "-137.59860", "2008-06-30": "-159.37130", "2008-03-31": "-161.64470", "2007-12-31": "-76.34190", "2007-09-30": "-81.56570", "2007-06-30": "-123.11430", "2007-03-31": "-109.43280", "2006-12-31": "-107.63830", "2006-09-30": "-130.59900", "2006-06-30": "-109.25110", "2006-03-31": "-169.10980", "2005-12-31": "-204.58380", "2005-09-30": "-193.47920", "2005-06-30": "-29.51040", "2005-03-31": "-212.91750"}, "Net Profit Margin": {"2020-09-30": "-13.86460", "2020-06-30": "25.75200", "2020-03-31": "21.42300", "2019-12-31": "28.60600", "2019-09-30": "35.86710", "2019-06-30": "32.89650", "2019-03-31": "35.16450", "2018-12-31": "157.51790", "2018-09-30": "56.18090", "2018-06-30": "47.01250", "2018-03-31": "54.21000", "2017-12-31": "32.05490", "2017-09-30": "53.36180", "2017-06-30": "17.83290", "2017-03-31": "20.64610", "2016-12-31": "45.27270", "2016-09-30": "-18.14320", "2016-06-30": "-96.09950", "2016-03-31": "-383.89190", "2015-12-31": "-379.05010", "2015-09-30": "-462.16760", "2015-06-30": "-542.56760", "2015-03-31": "-374.62720", "2014-12-31": "-689.62330", "2014-09-30": "-994.43650", "2014-06-30": "-1118.71400", "2014-03-31": "-1521.28400", "2013-12-31": "-1627.46700", "2013-09-30": "-1228.02800", "2013-06-30": "-524.29990", "2013-03-31": "-462.60210", "2012-12-31": "-667.94220", "2012-09-30": "-246.48090", "2012-06-30": "-467.00370", "2012-03-31": "-141.28040", "2011-12-31": "49.61690", "2011-09-30": "60.70300", "2011-06-30": "-65.21670", "2011-03-31": "-76.58880", "2010-12-31": "-43.81010", "2010-09-30": "-15.79290", "2010-06-30": "-47.51240", "2010-03-31": "-102.48820", "2009-12-31": "-65.41210", "2009-09-30": "-46.28380", "2009-06-30": "-163.35300", "2009-03-31": "-142.99260", "2008-12-31": "-128.33520", "2008-09-30": "-128.64490", "2008-06-30": "-148.37560", "2008-03-31": "-147.70250", "2007-12-31": "-68.10940", "2007-09-30": "-51.05690", "2007-06-30": "-97.61780", "2007-03-31": "-86.01440", "2006-12-31": "-84.58570", "2006-09-30": "-107.03910", "2006-06-30": "-88.06900", "2006-03-31": "-149.69370", "2005-12-31": "-170.56410", "2005-09-30": "-158.15970", "2005-06-30": "-28.26000", "2005-03-31": "-212.91750"}, "Asset Turnover": {"2020-09-30": "0.10950", "2020-06-30": "0.12680", "2020-03-31": "0.11600", "2019-12-31": "0.12740", "2019-09-30": "0.15220", "2019-06-30": "0.14620", "2019-03-31": "0.13980", "2018-12-31": "0.16070", "2018-09-30": "0.22000", "2018-06-30": "0.20430", "2018-03-31": "0.27580", "2017-12-31": "0.18320", "2017-09-30": "0.25010", "2017-06-30": "0.19170", "2017-03-31": "0.13780", "2016-12-31": "0.13020", "2016-09-30": "0.11340", "2016-06-30": "0.07600", "2016-03-31": "0.03130", "2015-12-31": "0.02990", "2015-09-30": "0.02710", "2015-06-30": "0.03210", "2015-03-31": "0.03320", "2014-12-31": "0.02270", "2014-09-30": "0.01640", "2014-06-30": "0.01490", "2014-03-31": "0.00990", "2013-12-31": "0.00860", "2013-09-30": "0.00980", "2013-06-30": "0.01940", "2013-03-31": "0.01470", "2012-12-31": "0.01080", "2012-09-30": "0.01750", "2012-06-30": "0.02090", "2012-03-31": "0.04490", "2011-12-31": "0.23730", "2011-09-30": "0.31160", "2011-06-30": "0.07080", "2011-03-31": "0.07240", "2010-12-31": "0.11300", "2010-09-30": "0.14610", "2010-06-30": "0.11340", "2010-03-31": "0.14850", "2009-12-31": "0.12840", "2009-09-30": "0.13060", "2009-06-30": "0.08220", "2009-03-31": "0.07130", "2008-12-31": "0.07360", "2008-09-30": "0.11750", "2008-06-30": "0.09610", "2008-03-31": "0.07540", "2007-12-31": "0.07100", "2007-09-30": "0.06380", "2007-06-30": "0.07870", "2007-03-31": "0.06690", "2006-12-31": "0.07530", "2006-09-30": "0.08700", "2006-06-30": "0.08890", "2006-03-31": "0.05370", "2005-12-31": "0.04320", "2005-09-30": "0.04250", "2005-06-30": "0.10550", "2005-03-31": "0.04770"}, "Inventory Turnover Ratio": {"2020-09-30": "0.45160", "2020-06-30": "0.55520", "2020-03-31": "0.60250", "2019-12-31": "0.81640", "2019-09-30": "0.56390", "2019-06-30": "0.61030", "2019-03-31": "0.73950", "2018-12-31": "0.74730", "2018-09-30": "0.70550", "2018-06-30": "0.71640", "2018-03-31": "0.74560", "2017-12-31": "0.62960", "2017-09-30": "0.80230", "2017-06-30": "0.55560", "2017-03-31": "0.96940", "2016-12-31": "0.55480", "2016-09-30": "0.74570", "2016-06-30": "0.55560", "2016-03-31": "0.27710", "2015-12-31": "0.39110", "2015-09-30": "0.66950", "2015-06-30": "0.26300", "2015-03-31": "0.29540", "2014-12-31": "0.28730", "2014-09-30": "0.14780", "2014-06-30": "0.15760", "2014-03-31": "0.11500", "2013-12-31": "0.09100", "2013-09-30": "0.16440", "2013-06-30": "0.41850", "2013-03-31": "1.00000", "2012-12-31": "", "2012-09-30": "", "2012-06-30": "", "2012-03-31": "", "2011-12-31": "", "2011-09-30": "", "2011-06-30": "", "2011-03-31": "", "2010-12-31": "", "2010-09-30": "", "2010-06-30": "", "2010-03-31": "", "2009-12-31": "", "2009-09-30": "", "2009-06-30": "", "2009-03-31": "", "2008-12-31": "", "2008-09-30": "", "2008-06-30": "", "2008-03-31": "", "2007-12-31": "", "2007-09-30": "", "2007-06-30": "", "2007-03-31": "", "2006-12-31": "", "2006-09-30": "", "2006-06-30": "", "2006-03-31": "", "2005-12-31": "", "2005-09-30": "", "2005-06-30": "", "2005-03-31": ""}, "Receiveable Turnover": {"2020-09-30": "1.39100", "2020-06-30": "2.14300", "2020-03-31": "1.65220", "2019-12-31": "2.01820", "2019-09-30": "1.48000", "2019-06-30": "2.18570", "2019-03-31": "1.87190", "2018-12-31": "1.40440", "2018-09-30": "2.15410", "2018-06-30": "1.11330", "2018-03-31": "2.32310", "2017-12-31": "1.47890", "2017-09-30": "1.69450", "2017-06-30": "2.29580", "2017-03-31": "2.37370", "2016-12-31": "1.91820", "2016-09-30": "0.68190", "2016-06-30": "2.03670", "2016-03-31": "1.52920", "2015-12-31": "1.91740", "2015-09-30": "2.83980", "2015-06-30": "2.12670", "2015-03-31": "2.41830", "2014-12-31": "1.50610", "2014-09-30": "1.33230", "2014-06-30": "1.30350", "2014-03-31": "1.10050", "2013-12-31": "1.10300", "2013-09-30": "1.05700", "2013-06-30": "2.81680", "2013-03-31": "2.50170", "2012-12-31": "2.84040", "2012-09-30": "4.91620", "2012-06-30": "3.42080", "2012-03-31": "9.59070", "2011-12-31": "3.09070", "2011-09-30": "27.56170", "2011-06-30": "5.05450", "2011-03-31": "6.21950", "2010-12-31": "6.91590", "2010-09-30": "7.45610", "2010-06-30": "7.89580", "2010-03-31": "5.95190", "2009-12-31": "3.71540", "2009-09-30": "5.73020", "2009-06-30": "3.09280", "2009-03-31": "6.81630", "2008-12-31": "20.29580", "2008-09-30": "16.44620", "2008-06-30": "4.67590", "2008-03-31": "3.04070", "2007-12-31": "4.80530", "2007-09-30": "3.24920", "2007-06-30": "10.24830", "2007-03-31": "7.38090", "2006-12-31": "1.34120", "2006-09-30": "6.70460", "2006-06-30": "19.58300", "2006-03-31": "3.05240", "2005-12-31": "2.02440", "2005-09-30": "2.15860", "2005-06-30": "7.60420", "2005-03-31": "0.97960"}, "Days Sales In Receivables": {"2020-09-30": "64.70330", "2020-06-30": "41.99650", "2020-03-31": "54.47160", "2019-12-31": "44.59480", "2019-09-30": "60.81280", "2019-06-30": "41.17690", "2019-03-31": "48.07880", "2018-12-31": "64.08250", "2018-09-30": "41.77990", "2018-06-30": "80.83740", "2018-03-31": "38.74200", "2017-12-31": "60.85750", "2017-09-30": "53.11420", "2017-06-30": "39.20140", "2017-03-31": "37.91510", "2016-12-31": "46.91820", "2016-09-30": "131.98430", "2016-06-30": "44.18820", "2016-03-31": "58.85270", "2015-12-31": "46.93800", "2015-09-30": "31.69270", "2015-06-30": "42.31980", "2015-03-31": "37.21560", "2014-12-31": "59.75520", "2014-09-30": "67.55370", "2014-06-30": "69.04300", "2014-03-31": "81.77980", "2013-12-31": "81.59420", "2013-09-30": "85.14270", "2013-06-30": "31.95090", "2013-03-31": "35.97580", "2012-12-31": "31.68540", "2012-09-30": "18.30690", "2012-06-30": "26.31000", "2012-03-31": "9.38410", "2011-12-31": "29.11940", "2011-09-30": "3.26540", "2011-06-30": "17.80580", "2011-03-31": "14.47050", "2010-12-31": "13.01350", "2010-09-30": "12.07070", "2010-06-30": "11.39840", "2010-03-31": "15.12120", "2009-12-31": "24.22380", "2009-09-30": "15.70610", "2009-06-30": "29.10010", "2009-03-31": "13.20370", "2008-12-31": "4.43440", "2008-09-30": "5.47240", "2008-06-30": "19.24770", "2008-03-31": "29.59850", "2007-12-31": "18.72920", "2007-09-30": "27.69950", "2007-06-30": "8.78190", "2007-03-31": "12.19360", "2006-12-31": "67.10320", "2006-09-30": "13.42350", "2006-06-30": "4.59580", "2006-03-31": "29.48510", "2005-12-31": "44.45850", "2005-09-30": "41.69380", "2005-06-30": "11.83560", "2005-03-31": "91.87350"}, "ROE - Return On Equity": {"2020-09-30": "-1.73000", "2020-06-30": "3.64480", "2020-03-31": "2.78160", "2019-12-31": "4.07740", "2019-09-30": "6.07660", "2019-06-30": "5.30970", "2019-03-31": "5.47100", "2018-12-31": "27.96910", "2018-09-30": "13.82480", "2018-06-30": "11.29000", "2018-03-31": "17.29810", "2017-12-31": "13.50680", "2017-09-30": "34.09170", "2017-06-30": "11.88870", "2017-03-31": "13.94570", "2016-12-31": "39.32350", "2016-09-30": "-35.23850", "2016-06-30": "18.71660", "2016-03-31": "37.97470", "2015-12-31": "26.75310", "2015-09-30": "61.35420", "2015-06-30": "23.04190", "2015-03-31": "23.96450", "2014-12-31": "44.15960", "2014-09-30": "106.92000", "2014-06-30": "-2263.70200", "2014-03-31": "-104.38850", "2013-12-31": "-106.80570", "2013-09-30": "-50.55930", "2013-06-30": "-31.66120", "2013-03-31": "-17.55100", "2012-12-31": "-17.60700", "2012-09-30": "-9.62720", "2012-06-30": "-36.83730", "2012-03-31": "-19.75910", "2011-12-31": "51.08250", "2011-09-30": "2549.52300", "2011-06-30": "25.63720", "2011-03-31": "39.98600", "2010-12-31": "7.82390", "2010-09-30": "3.95370", "2010-06-30": "10.53310", "2010-03-31": "21.70210", "2009-12-31": "17.61060", "2009-09-30": "17.82240", "2009-06-30": "37.97390", "2009-03-31": "43.09930", "2008-12-31": "79.34800", "2008-09-30": "152.77850", "2008-06-30": "-826.11010", "2008-03-31": "-103.54750", "2007-12-31": "-61.82350", "2007-09-30": "-16.15170", "2007-06-30": "-144.36920", "2007-03-31": "-63.70530", "2006-12-31": "-47.92920", "2006-09-30": "128.56930", "2006-06-30": "-2438.02400", "2006-03-31": "-189.83060", "2005-12-31": "-73.10620", "2005-09-30": "-40.73880", "2005-06-30": "-34.03900", "2005-03-31": "-82.79270"}, "Return On Tangible Equity": {"2020-09-30": "-1.79160", "2020-06-30": "3.77600", "2020-03-31": "2.88680", "2019-12-31": "4.23740", "2019-09-30": "6.32790", "2019-06-30": "5.54700", "2019-03-31": "5.73470", "2018-12-31": "29.42460", "2018-09-30": "14.85780", "2018-06-30": "12.30090", "2018-03-31": "19.11570", "2017-12-31": "17.39400", "2017-09-30": "46.49580", "2017-06-30": "20.81410", "2017-03-31": "29.78630", "2016-12-31": "137.01710", "2016-09-30": "35.63890", "2016-06-30": "13.94540", "2016-03-31": "26.96390", "2015-12-31": "18.42140", "2015-09-30": "33.02250", "2015-06-30": "17.21590", "2015-03-31": "16.71240", "2014-12-31": "28.40580", "2014-09-30": "51.19690", "2014-06-30": "121.45730", "2014-03-31": "-956.89970", "2013-12-31": "-2770.03200", "2013-09-30": "-97.16990", "2013-06-30": "-46.86160", "2013-03-31": "-23.39780", "2012-12-31": "-22.42450", "2012-09-30": "-11.83930", "2012-06-30": "-103.17260", "2012-03-31": "-38.08490", "2011-12-31": "171.80130", "2011-09-30": "-128.42650", "2011-06-30": "14.41590", "2011-03-31": "20.75770", "2010-12-31": "6.11760", "2010-09-30": "3.05860", "2010-06-30": "8.12350", "2010-03-31": "16.44640", "2009-12-31": "12.67890", "2009-09-30": "12.32480", "2009-06-30": "25.06260", "2009-03-31": "25.11660", "2008-12-31": "37.21870", "2008-09-30": "45.43810", "2008-06-30": "83.83000", "2008-03-31": "173.24540", "2007-12-31": "-530.70180", "2007-09-30": "-74.15680", "2007-06-30": "57.07720", "2007-03-31": "75.84620", "2006-12-31": "144.48320", "2006-09-30": "28.10100", "2006-06-30": "34.62060", "2006-03-31": "48.23580", "2005-12-31": "65.83790", "2005-09-30": "150.27050", "2005-06-30": "22.62940", "2005-03-31": "71.20480"}, "ROA - Return On Assets": {"2020-09-30": "-1.51770", "2020-06-30": "3.26510", "2020-03-31": "2.48580", "2019-12-31": "3.64560", "2019-09-30": "5.45990", "2019-06-30": "4.81050", "2019-03-31": "4.91470", "2018-12-31": "25.31760", "2018-09-30": "12.36180", "2018-06-30": "9.60250", "2018-03-31": "14.95090", "2017-12-31": "5.87350", "2017-09-30": "13.34630", "2017-06-30": "3.41820", "2017-03-31": "2.84510", "2016-12-31": "5.89570", "2016-09-30": "-2.05730", "2016-06-30": "-7.30150", "2016-03-31": "-12.02420", "2015-12-31": "-11.33470", "2015-09-30": "-12.53770", "2015-06-30": "-17.43000", "2015-03-31": "-12.43050", "2014-12-31": "-15.68600", "2014-09-30": "-16.30630", "2014-06-30": "-16.66010", "2014-03-31": "-14.99680", "2013-12-31": "-14.05680", "2013-09-30": "-12.07360", "2013-06-30": "-10.15560", "2013-03-31": "-6.78200", "2012-12-31": "-7.23800", "2012-09-30": "-4.30280", "2012-06-30": "-9.74320", "2012-03-31": "-6.33810", "2011-12-31": "11.77260", "2011-09-30": "18.91600", "2011-06-30": "-4.61820", "2011-03-31": "-5.54530", "2010-12-31": "-4.95140", "2010-09-30": "-2.30700", "2010-06-30": "-5.38780", "2010-03-31": "-15.21670", "2009-12-31": "-8.39610", "2009-09-30": "-6.04250", "2009-06-30": "-14.08950", "2009-03-31": "-10.79570", "2008-12-31": "-11.11540", "2008-09-30": "-16.16640", "2008-06-30": "-15.30790", "2008-03-31": "-11.13790", "2007-12-31": "-10.81310", "2007-09-30": "-3.25870", "2007-06-30": "-7.68230", "2007-03-31": "-5.75350", "2006-12-31": "-6.36850", "2006-09-30": "-9.30960", "2006-06-30": "-7.82770", "2006-03-31": "-8.03450", "2005-12-31": "-7.37030", "2005-09-30": "-6.72410", "2005-06-30": "-2.98210", "2005-03-31": "-10.16150"}, "ROI - Return On Investment": {"2020-09-30": "-1.73000", "2020-06-30": "3.64480", "2020-03-31": "2.78160", "2019-12-31": "4.07740", "2019-09-30": "5.98810", "2019-06-30": "5.23050", "2019-03-31": "5.39330", "2018-12-31": "27.96910", "2018-09-30": "13.63690", "2018-06-30": "11.29000", "2018-03-31": "17.29810", "2017-12-31": "12.83400", "2017-09-30": "34.09170", "2017-06-30": "11.88870", "2017-03-31": "13.94570", "2016-12-31": "39.32350", "2016-09-30": "-9.94050", "2016-06-30": "-34.01450", "2016-03-31": "-28.78840", "2015-12-31": "-13.59280", "2015-09-30": "-14.91040", "2015-06-30": "-23.29830", "2015-03-31": "-15.89300", "2014-12-31": "-34.10750", "2014-09-30": "-30.52120", "2014-06-30": "-27.84100", "2014-03-31": "-17.72250", "2013-12-31": "-17.22320", "2013-09-30": "-14.21060", "2013-06-30": "-11.69320", "2013-03-31": "-7.63800", "2012-12-31": "-8.24360", "2012-09-30": "-4.90180", "2012-06-30": "-13.21570", "2012-03-31": "-8.46650", "2011-12-31": "16.72750", "2011-09-30": "41.90660", "2011-06-30": "-21.07510", "2011-03-31": "-24.70570", "2010-12-31": "35.28480", "2010-09-30": "43.58820", "2010-06-30": "138.12600", "2010-03-31": "26.88230", "2009-12-31": "23.37270", "2009-09-30": "33.54910", "2009-06-30": "86.51020", "2009-03-31": "223.31220", "2008-12-31": "-241.85720", "2008-09-30": "-51.82260", "2008-06-30": "-41.79680", "2008-03-31": "-28.90360", "2007-12-31": "-25.05960", "2007-09-30": "-7.41780", "2007-06-30": "-23.31650", "2007-03-31": "-16.85050", "2006-12-31": "-15.67860", "2006-09-30": "-30.96710", "2006-06-30": "-23.00430", "2006-03-31": "-22.50160", "2005-12-31": "-17.46570", "2005-09-30": "-14.18320", "2005-06-30": "-7.13650", "2005-03-31": "-16.43850"}, "Book Value Per Share": {"2020-09-30": "5.98580", "2020-06-30": "5.93530", "2020-03-31": "5.71540", "2019-12-31": "5.53080", "2019-09-30": "5.27930", "2019-06-30": "4.91650", "2019-03-31": "4.59350", "2018-12-31": "4.29330", "2018-09-30": "3.06460", "2018-06-30": "2.60150", "2018-03-31": "2.25740", "2017-12-31": "0.96200", "2017-09-30": "0.80730", "2017-06-30": "0.50560", "2017-03-31": "0.40970", "2016-12-31": "0.30810", "2016-09-30": "0.11190", "2016-06-30": "-0.80840", "2016-03-31": "-0.68200", "2015-12-31": "-0.61770", "2015-09-30": "-0.32820", "2015-06-30": "-0.95830", "2015-03-31": "-0.74870", "2014-12-31": "-0.58620", "2014-09-30": "-0.29980", "2014-06-30": "0.01660", "2014-03-31": "0.36720", "2013-12-31": "0.35890", "2013-09-30": "0.72080", "2013-06-30": "1.06640", "2013-03-31": "1.38670", "2012-12-31": "1.61370", "2012-09-30": "1.85760", "2012-06-30": "0.66570", "2012-03-31": "0.89150", "2011-12-31": "0.66860", "2011-09-30": "0.02350", "2011-06-30": "-0.63440", "2011-03-31": "-0.53780", "2010-12-31": "-2.08920", "2010-09-30": "-1.99650", "2010-06-30": "-1.97590", "2010-03-31": "-1.83540", "2009-12-31": "-1.51710", "2009-09-30": "-1.32950", "2009-06-30": "-1.15170", "2009-03-31": "-0.83560", "2008-12-31": "-0.52910", "2008-09-30": "-0.25530", "2008-06-30": "0.05560", "2008-03-31": "0.37920", "2007-12-31": "0.68820", "2007-09-30": "0.81130", "2007-06-30": "0.20310", "2007-03-31": "0.39250", "2006-12-31": "0.54730", "2006-09-30": "-0.20460", "2006-06-30": "0.01170", "2006-03-31": "0.17020", "2005-12-31": "0.40220", "2005-09-30": "0.67250", "2005-06-30": "0.37200", "2005-03-31": "0.43390"}, "Operating Cash Flow Per Share": {"2020-09-30": 0.0726, "2020-06-30": 0.3183, "2020-03-31": "0.17750", "2019-12-31": 0.5033, "2019-09-30": 0.2381, "2019-06-30": 0.4178, "2019-03-31": "0.51360", "2018-12-31": 0.3329, "2018-09-30": 0.5276, "2018-06-30": 0.2396, "2018-03-31": "0.22890", "2017-12-31": 0.1721, "2017-09-30": 0.1197, "2017-06-30": 0.0165, "2017-03-31": "0.22250", "2016-12-31": 0.351, "2016-09-30": -0.0828, "2016-06-30": -0.1152, "2016-03-31": "0.68680", "2015-12-31": -0.1863, "2015-09-30": -0.1213, "2015-06-30": -0.1365, "2015-03-31": "-0.23010", "2014-12-31": -0.2613, "2014-09-30": -0.2966, "2014-06-30": -0.2777, "2014-03-31": "-0.37600", "2013-12-31": -0.2575, "2013-09-30": -0.309, "2013-06-30": -0.2173, "2013-03-31": "-0.29610", "2012-12-31": -0.2616, "2012-09-30": -0.1686, "2012-06-30": -0.2334, "2012-03-31": "-0.10540", "2011-12-31": -0.2302, "2011-09-30": -0.3134, "2011-06-30": -0.2946, "2011-03-31": "-0.38220", "2010-12-31": 0.1944, "2010-09-30": -0.4021, "2010-06-30": -0.2257, "2010-03-31": "-0.49770", "2009-12-31": -0.4732, "2009-09-30": 0.8474, "2009-06-30": -0.1145, "2009-03-31": "-0.39600", "2008-12-31": 1.458, "2008-09-30": -0.5323, "2008-06-30": -0.644, "2008-03-31": "-0.37350", "2007-12-31": -0.2444, "2007-09-30": -0.3986, "2007-06-30": -0.5108, "2007-03-31": "0.46470", "2006-12-31": 0.1354, "2006-09-30": -0.4065, "2006-06-30": -0.3723, "2006-03-31": "0.11990", "2005-12-31": -0.0831, "2005-09-30": -0.4065, "2005-06-30": 0.3266, "2005-03-31": "-0.42530"}, "Free Cash Flow Per Share": {"2020-09-30": 0.0517, "2020-06-30": 0.2965, "2020-03-31": "0.16820", "2019-12-31": 0.4802, "2019-09-30": 0.2316, "2019-06-30": 0.4141, "2019-03-31": "0.50620", "2018-12-31": 0.3238, "2018-09-30": 0.48, "2018-06-30": 0.2003, "2018-03-31": "0.21950", "2017-12-31": 0.1159, "2017-09-30": 0.116, "2017-06-30": 0.0118, "2017-03-31": "0.21990", "2016-12-31": 0.3486, "2016-09-30": -0.0826, "2016-06-30": -0.1169, "2016-03-31": "0.68430", "2015-12-31": -0.1875, "2015-09-30": -0.122, "2015-06-30": -0.1334, "2015-03-31": "-0.22700", "2014-12-31": -0.2651, "2014-09-30": -0.2929, "2014-06-30": -0.2774, "2014-03-31": "-0.37660", "2013-12-31": -0.2574, "2013-09-30": -0.3125, "2013-06-30": -0.2209, "2013-03-31": "-0.30010", "2012-12-31": -0.2625, "2012-09-30": -0.1749, "2012-06-30": -0.2364, "2012-03-31": "-0.10000", "2011-12-31": -0.2207, "2011-09-30": -0.3144, "2011-06-30": -0.2954, "2011-03-31": "-0.38580", "2010-12-31": 0.1912, "2010-09-30": -0.408, "2010-06-30": -0.2311, "2010-03-31": "-0.49840", "2009-12-31": -0.5134, "2009-09-30": 0.8404, "2009-06-30": -0.1187, "2009-03-31": "-0.39970", "2008-12-31": 1.3606, "2008-09-30": -0.4695, "2008-06-30": -0.7024, "2008-03-31": "-0.42460", "2007-12-31": -0.4632, "2007-09-30": -0.2626, "2007-06-30": -0.5699, "2007-03-31": "0.42690", "2006-12-31": 0.1004, "2006-09-30": -0.4247, "2006-06-30": -0.4285, "2006-03-31": "0.09530", "2005-12-31": -0.125, "2005-09-30": -0.4383, "2005-06-30": 0.271, "2005-03-31": "-0.47580"}}, "revenue": {"Exelixis Annual Revenue (Millions of US $)": {"2019": "$968", "2018": "$854", "2017": "$452", "2016": "$191", "2015": "$37", "2014": "$25", "2013": "$31", "2012": "$47", "2011": "$290", "2010": "$185", "2009": "$152", "2008": "$118", "2007": "$113", "2006": "$99", "2005": "$76"}, "Exelixis Quarterly Revenue (Millions of US $)": {"2020-09-30": "$231", "2020-06-30": "$259", "2020-03-31": "$227", "2019-12-31": "$240", "2019-09-30": "$272", "2019-06-30": "$240", "2019-03-31": "$215", "2018-12-31": "$229", "2018-09-30": "$225", "2018-06-30": "$186", "2018-03-31": "$214", "2017-12-31": "$120", "2017-09-30": "$153", "2017-06-30": "$99", "2017-03-31": "$81", "2016-12-31": "$78", "2016-09-30": "$62", "2016-06-30": "$36", "2016-03-31": "$15", "2015-12-31": "$10", "2015-09-30": "$10", "2015-06-30": "$8", "2015-03-31": "$9", "2014-12-31": "$7", "2014-09-30": "$6", "2014-06-30": "$7", "2014-03-31": "$5", "2013-12-31": "$4", "2013-09-30": "$5", "2013-06-30": "$12", "2013-03-31": "$10", "2012-12-31": "$8", "2012-09-30": "$13", "2012-06-30": "$8", "2012-03-31": "$19", "2011-12-31": "$93", "2011-09-30": "$128", "2011-06-30": "$32", "2011-03-31": "$36", "2010-12-31": "$41", "2010-09-30": "$54", "2010-06-30": "$48", "2010-03-31": "$42", "2009-12-31": "$44", "2009-09-30": "$55", "2009-06-30": "$27", "2009-03-31": "$25", "2008-12-31": "$30", "2008-09-30": "$30", "2008-06-30": "$30", "2008-03-31": "$28", "2007-12-31": "$29", "2007-09-30": "$27", "2007-06-30": "$29", "2007-03-31": "$28", "2006-12-31": "$30", "2006-09-30": "$24", "2006-06-30": "$27", "2006-03-31": "$18", "2005-12-31": "$14", "2005-09-30": "$14", "2005-06-30": "$34", "2005-03-31": "$13"}}, "gross-profit": {"Exelixis Annual Gross Profit (Millions of US $)": {"2019": "$935", "2018": "$827", "2017": "$437", "2016": "$185", "2015": "$33", "2014": "$23", "2013": "$30", "2012": "$47", "2011": "$290", "2010": "$185", "2009": "$152", "2008": "$118", "2007": "$113", "2006": "$99", "2005": "$76"}, "Exelixis Quarterly Gross Profit (Millions of US $)": {"2020-09-30": "$222", "2020-06-30": "$250", "2020-03-31": "$218", "2019-12-31": "$230", "2019-09-30": "$264", "2019-06-30": "$233", "2019-03-31": "$208", "2018-12-31": "$221", "2018-09-30": "$218", "2018-06-30": "$180", "2018-03-31": "$208", "2017-12-31": "$116", "2017-09-30": "$148", "2017-06-30": "$96", "2017-03-31": "$78", "2016-12-31": "$76", "2016-09-30": "$60", "2016-06-30": "$35", "2016-03-31": "$15", "2015-12-31": "$9", "2015-09-30": "$8", "2015-06-30": "$7", "2015-03-31": "$9", "2014-12-31": "$7", "2014-09-30": "$6", "2014-06-30": "$6", "2014-03-31": "$5", "2013-12-31": "$4", "2013-09-30": "$5", "2013-06-30": "$12", "2013-03-31": "$9", "2012-12-31": "$8", "2012-09-30": "$13", "2012-06-30": "$8", "2012-03-31": "$19", "2011-12-31": "$93", "2011-09-30": "$128", "2011-06-30": "$32", "2011-03-31": "$36", "2010-12-31": "$41", "2010-09-30": "$54", "2010-06-30": "$48", "2010-03-31": "$42", "2009-12-31": "$44", "2009-09-30": "$55", "2009-06-30": "$27", "2009-03-31": "$25", "2008-12-31": "$30", "2008-09-30": "$30", "2008-06-30": "$30", "2008-03-31": "$28", "2007-12-31": "$29", "2007-09-30": "$27", "2007-06-30": "$29", "2007-03-31": "$28", "2006-12-31": "$30", "2006-09-30": "$24", "2006-06-30": "$27", "2006-03-31": "$18", "2005-12-31": "$14", "2005-09-30": "$14", "2005-06-30": "$34", "2005-03-31": "$13"}}, "operating-income": {"Exelixis Annual Operating Income (Millions of US $)": {"2019": "$369", "2018": "$439", "2017": "$166", "2016": "$-28", "2015": "$-121", "2014": "$-224", "2013": "$-201", "2012": "$-122", "2011": "$90", "2010": "$-91", "2009": "$-122", "2008": "$-179", "2007": "$-157", "2006": "$-127", "2005": "$-94"}, "Exelixis Quarterly Operating Income (Millions of US $)": {"2020-09-30": "$-43", "2020-06-30": "$76", "2020-03-31": "$53", "2019-12-31": "$77", "2019-09-30": "$116", "2019-06-30": "$92", "2019-03-31": "$85", "2018-12-31": "$112", "2018-09-30": "$125", "2018-06-30": "$86", "2018-03-31": "$116", "2017-12-31": "$37", "2017-09-30": "$81", "2017-06-30": "$27", "2017-03-31": "$20", "2016-12-31": "$39", "2016-09-30": "$7", "2016-06-30": "$-25", "2016-03-31": "$-49", "2015-12-31": "$-32", "2015-09-30": "$-36", "2015-06-30": "$-31", "2015-03-31": "$-23", "2014-12-31": "$-46", "2014-09-30": "$-52", "2014-06-30": "$-62", "2014-03-31": "$-65", "2013-12-31": "$-60", "2013-09-30": "$-56", "2013-06-30": "$-51", "2013-03-31": "$-34", "2012-12-31": "$-42", "2012-09-30": "$-25", "2012-06-30": "$-33", "2012-03-31": "$-22", "2011-12-31": "$52", "2011-09-30": "$80", "2011-06-30": "$-18", "2011-03-31": "$-24", "2010-12-31": "$-14", "2010-09-30": "$-4", "2010-06-30": "$-26", "2010-03-31": "$-47", "2009-12-31": "$-30", "2009-09-30": "$-17", "2009-06-30": "$-38", "2009-03-31": "$-37", "2008-12-31": "$-39", "2008-09-30": "$-45", "2008-06-30": "$-49", "2008-03-31": "$-47", "2007-12-31": "$-43", "2007-09-30": "$-43", "2007-06-30": "$-38", "2007-03-31": "$-33", "2006-12-31": "$-34", "2006-09-30": "$-32", "2006-06-30": "$-30", "2006-03-31": "$-31", "2005-12-31": "$-29", "2005-09-30": "$-28", "2005-06-30": "$-10", "2005-03-31": "$-27"}}, "ebitda": {"Exelixis Annual EBITDA (Millions of US $)": {"2019": "$378", "2018": "$444", "2017": "$167", "2016": "$-19", "2015": "$-103", "2014": "$-200", "2013": "$-198", "2012": "$-117", "2011": "$96", "2010": "$-81", "2009": "$-109", "2008": "$-166", "2007": "$-146", "2006": "$-110", "2005": "$-76"}, "Exelixis Quarterly EBITDA (Millions of US $)": {"2020-09-30": "$-40", "2020-06-30": "$78", "2020-03-31": "$55", "2019-12-31": "$80", "2019-09-30": "$118", "2019-06-30": "$94", "2019-03-31": "$87", "2018-12-31": "$111", "2018-09-30": "$130", "2018-06-30": "$87", "2018-03-31": "$117", "2017-12-31": "$38", "2017-09-30": "$81", "2017-06-30": "$27", "2017-03-31": "$21", "2016-12-31": "$39", "2016-09-30": "$9", "2016-06-30": "$-22", "2016-03-31": "$-46", "2015-12-31": "$-14", "2015-09-30": "$-35", "2015-06-30": "$-31", "2015-03-31": "$-22", "2014-12-31": "$-25", "2014-09-30": "$-50", "2014-06-30": "$-61", "2014-03-31": "$-64", "2013-12-31": "$-59", "2013-09-30": "$-55", "2013-06-30": "$-51", "2013-03-31": "$-33", "2012-12-31": "$-41", "2012-09-30": "$-24", "2012-06-30": "$-31", "2012-03-31": "$-21", "2011-12-31": "$53", "2011-09-30": "$81", "2011-06-30": "$-16", "2011-03-31": "$-22", "2010-12-31": "$-12", "2010-09-30": "$-2", "2010-06-30": "$-23", "2010-03-31": "$-44", "2009-12-31": "$-27", "2009-09-30": "$-14", "2009-06-30": "$-35", "2009-03-31": "$-33", "2008-12-31": "$-36", "2008-09-30": "$-41", "2008-06-30": "$-45", "2008-03-31": "$-43", "2007-12-31": "$-40", "2007-09-30": "$-40", "2007-06-30": "$-36", "2007-03-31": "$-31", "2006-12-31": "$-30", "2006-09-30": "$-27", "2006-06-30": "$-26", "2006-03-31": "$-26", "2005-12-31": "$-25", "2005-09-30": "$-23", "2005-06-30": "$-5", "2005-03-31": "$-23"}}, "net-income": {"Exelixis Annual Net Income (Millions of US $)": {"2019": "$321", "2018": "$690", "2017": "$154", "2016": "$-70", "2015": "$-162", "2014": "$-261", "2013": "$-245", "2012": "$-148", "2011": "$76", "2010": "$-92", "2009": "$-135", "2008": "$-163", "2007": "$-86", "2006": "$-101", "2005": "$-84"}, "Exelixis Quarterly Net Income (Millions of US $)": {"2020-09-30": "$-32", "2020-06-30": "$67", "2020-03-31": "$49", "2019-12-31": "$69", "2019-09-30": "$97", "2019-06-30": "$79", "2019-03-31": "$76", "2018-12-31": "$360", "2018-09-30": "$127", "2018-06-30": "$87", "2018-03-31": "$116", "2017-12-31": "$38", "2017-09-30": "$81", "2017-06-30": "$18", "2017-03-31": "$17", "2016-12-31": "$35", "2016-09-30": "$-11", "2016-06-30": "$-35", "2016-03-31": "$-59", "2015-12-31": "$-38", "2015-09-30": "$-46", "2015-06-30": "$-43", "2015-03-31": "$-35", "2014-12-31": "$-51", "2014-09-30": "$-63", "2014-06-30": "$-73", "2014-03-31": "$-75", "2013-12-31": "$-71", "2013-09-30": "$-67", "2013-06-30": "$-62", "2013-03-31": "$-45", "2012-12-31": "$-52", "2012-09-30": "$-33", "2012-06-30": "$-36", "2012-03-31": "$-26", "2011-12-31": "$46", "2011-09-30": "$78", "2011-06-30": "$-21", "2011-03-31": "$-27", "2010-12-31": "$-18", "2010-09-30": "$-9", "2010-06-30": "$-23", "2010-03-31": "$-43", "2009-12-31": "$-29", "2009-09-30": "$-25", "2009-06-30": "$-45", "2009-03-31": "$-36", "2008-12-31": "$-38", "2008-09-30": "$-39", "2008-06-30": "$-45", "2008-03-31": "$-41", "2007-12-31": "$-20", "2007-09-30": "$-14", "2007-06-30": "$-29", "2007-03-31": "$-24", "2006-12-31": "$-25", "2006-09-30": "$-25", "2006-06-30": "$-24", "2006-03-31": "$-27", "2005-12-31": "$-25", "2005-09-30": "$-23", "2005-06-30": "$-10", "2005-03-31": "$-27"}}, "eps-earnings-per-share-diluted": {"Exelixis Annual EPS": {"2019": "$1.02", "2018": "$2.21", "2017": "$0.49", "2016": "$-0.28", "2015": "$-0.77", "2014": "$-1.34", "2013": "$-1.33", "2012": "$-0.92", "2011": "$0.58", "2010": "$-0.85", "2009": "$-1.26", "2008": "$-1.54", "2007": "$-0.87", "2006": "$-1.17", "2005": "$-1.07"}, "Exelixis Quarterly EPS": {"2020-09-30": "$-0.10", "2020-06-30": "$0.21", "2020-03-31": "$0.15", "2019-12-31": "$0.22", "2019-09-30": "$0.31", "2019-06-30": "$0.25", "2019-03-31": "$0.24", "2018-12-31": "$1.15", "2018-09-30": "$0.41", "2018-06-30": "$0.28", "2018-03-31": "$0.37", "2017-12-31": "$0.12", "2017-09-30": "$0.26", "2017-06-30": "$0.06", "2017-03-31": "$0.05", "2016-12-31": "$0.17", "2016-09-30": "$-0.04", "2016-06-30": "$-0.15", "2016-03-31": "$-0.26", "2015-12-31": "$-0.16", "2015-09-30": "$-0.21", "2015-06-30": "$-0.22", "2015-03-31": "$-0.18", "2014-12-31": "$-0.25", "2014-09-30": "$-0.32", "2014-06-30": "$-0.38", "2014-03-31": "$-0.39", "2013-12-31": "$-0.39", "2013-09-30": "$-0.36", "2013-06-30": "$-0.34", "2013-03-31": "$-0.24", "2012-12-31": "$-0.29", "2012-09-30": "$-0.20", "2012-06-30": "$-0.25", "2012-03-31": "$-0.18", "2011-12-31": "$0.39", "2011-09-30": "$0.59", "2011-06-30": "$-0.16", "2011-03-31": "$-0.24", "2010-12-31": "$-0.16", "2010-09-30": "$-0.08", "2010-06-30": "$-0.21", "2010-03-31": "$-0.40", "2009-12-31": "$-0.26", "2009-09-30": "$-0.24", "2009-06-30": "$-0.42", "2009-03-31": "$-0.34", "2008-12-31": "$-0.36", "2008-09-30": "$-0.36", "2008-06-30": "$-0.43", "2008-03-31": "$-0.39", "2007-12-31": "$-0.19", "2007-09-30": "$-0.14", "2007-06-30": "$-0.29", "2007-03-31": "$-0.25", "2006-12-31": "$-0.26", "2006-09-30": "$-0.30", "2006-06-30": "$-0.29", "2006-03-31": "$-0.32", "2005-12-31": "$-0.29", "2005-09-30": "$-0.29", "2005-06-30": "$-0.13", "2005-03-31": "$-0.36"}}, "shares-outstanding": {"Exelixis Annual Shares Outstanding (Millions of Shares)": {"2019": "315", "2018": "313", "2017": "312", "2016": "251", "2015": "209", "2014": "194", "2013": "184", "2012": "160", "2011": "130", "2010": "109", "2009": "107", "2008": "105", "2007": "99", "2006": "87", "2005": "79"}, "Exelixis Quarterly Shares Outstanding (Millions of Shares)": {"2020-09-30": "309", "2020-06-30": "318", "2020-03-31": "316", "2019-12-31": "315", "2019-09-30": "315", "2019-06-30": "315", "2019-03-31": "315", "2018-12-31": "313", "2018-09-30": "312", "2018-06-30": "312", "2018-03-31": "314", "2017-12-31": "312", "2017-09-30": "313", "2017-06-30": "311", "2017-03-31": "310", "2016-12-31": "251", "2016-09-30": "256", "2016-06-30": "229", "2016-03-31": "228", "2015-12-31": "209", "2015-09-30": "218", "2015-06-30": "196", "2015-03-31": "196", "2014-12-31": "194", "2014-09-30": "195", "2014-06-30": "195", "2014-03-31": "192", "2013-12-31": "184", "2013-09-30": "184", "2013-06-30": "184", "2013-03-31": "184", "2012-12-31": "160", "2012-09-30": "166", "2012-06-30": "149", "2012-03-31": "142", "2011-12-31": "130", "2011-09-30": "131", "2011-06-30": "128", "2011-03-31": "113", "2010-12-31": "109", "2010-09-30": "109", "2010-06-30": "108", "2010-03-31": "108", "2009-12-31": "107", "2009-09-30": "107", "2009-06-30": "107", "2009-03-31": "106", "2008-12-31": "105", "2008-09-30": "106", "2008-06-30": "105", "2008-03-31": "105", "2007-12-31": "99", "2007-09-30": "99", "2007-06-30": "97", "2007-03-31": "96", "2006-12-31": "87", "2006-09-30": "84", "2006-06-30": "84", "2006-03-31": "84", "2005-12-31": "79", "2005-09-30": "80", "2005-06-30": "76", "2005-03-31": "76"}}, "total-assets": {"Exelixis Annual Total Assets (Millions of US $)": {"2019": "$1,886", "2018": "$1,422", "2017": "$655", "2016": "$596", "2015": "$332", "2014": "$323", "2013": "$503", "2012": "$721", "2011": "$393", "2010": "$361", "2009": "$343", "2008": "$402", "2007": "$412", "2006": "$395", "2005": "$333"}, "Exelixis Quarterly Total Assets (Millions of US $)": {"2020-09-30": "$2,111", "2020-06-30": "$2,047", "2020-03-31": "$1,956", "2019-12-31": "$1,886", "2019-09-30": "$1,785", "2019-06-30": "$1,643", "2019-03-31": "$1,542", "2018-12-31": "$1,422", "2018-09-30": "$1,024", "2018-06-30": "$911", "2018-03-31": "$775", "2017-12-31": "$655", "2017-09-30": "$610", "2017-06-30": "$517", "2017-03-31": "$587", "2016-12-31": "$596", "2016-09-30": "$548", "2016-06-30": "$477", "2016-03-31": "$493", "2015-12-31": "$332", "2015-09-30": "$363", "2015-06-30": "$249", "2015-03-31": "$283", "2014-12-31": "$323", "2014-09-30": "$384", "2014-06-30": "$441", "2014-03-31": "$498", "2013-12-31": "$503", "2013-09-30": "$556", "2013-06-30": "$612", "2013-03-31": "$660", "2012-12-31": "$721", "2012-09-30": "$763", "2012-06-30": "$374", "2012-03-31": "$413", "2011-12-31": "$393", "2011-09-30": "$412", "2011-06-30": "$454", "2011-03-31": "$496", "2010-12-31": "$361", "2010-09-30": "$373", "2010-06-30": "$420", "2010-03-31": "$284", "2009-12-31": "$343", "2009-09-30": "$421", "2009-06-30": "$333", "2009-03-31": "$355", "2008-12-31": "$402", "2008-09-30": "$255", "2008-06-30": "$317", "2008-03-31": "$371", "2007-12-31": "$412", "2007-09-30": "$420", "2007-06-30": "$372", "2007-03-31": "$421", "2006-12-31": "$395", "2006-09-30": "$271", "2006-06-30": "$306", "2006-03-31": "$338", "2005-12-31": "$333", "2005-09-30": "$339", "2005-06-30": "$325", "2005-03-31": "$270"}}, "cash-on-hand": {"Exelixis Annual Cash on Hand (Millions of US $)": {"2019": "$852", "2018": "$693", "2017": "$388", "2016": "$420", "2015": "$167", "2014": "$156", "2013": "$255", "2012": "$424", "2011": "$194", "2010": "$163", "2009": "$203", "2008": "$262", "2007": "$272", "2006": "$234", "2005": "$183"}, "Exelixis Quarterly Cash on Hand (Millions of US $)": {"2020-09-30": "$1,188", "2020-06-30": "$1,213", "2020-03-31": "$954", "2019-12-31": "$852", "2019-09-30": "$761", "2019-06-30": "$822", "2019-03-31": "$800", "2018-12-31": "$693", "2018-09-30": "$635", "2018-06-30": "$500", "2018-03-31": "$427", "2017-12-31": "$388", "2017-09-30": "$367", "2017-06-30": "$349", "2017-03-31": "$424", "2016-12-31": "$420", "2016-09-30": "$320", "2016-06-30": "$328", "2016-03-31": "$322", "2015-12-31": "$167", "2015-09-30": "$198", "2015-06-30": "$83", "2015-03-31": "$113", "2014-12-31": "$156", "2014-09-30": "$204", "2014-06-30": "$246", "2014-03-31": "$286", "2013-12-31": "$255", "2013-09-30": "$291", "2013-06-30": "$364", "2013-03-31": "$369", "2012-12-31": "$424", "2012-09-30": "$485", "2012-06-30": "$207", "2012-03-31": "$243", "2011-12-31": "$194", "2011-09-30": "$223", "2011-06-30": "$263", "2011-03-31": "$302", "2010-12-31": "$163", "2010-09-30": "$167", "2010-06-30": "$213", "2010-03-31": "$153", "2009-12-31": "$203", "2009-09-30": "$286", "2009-06-30": "$196", "2009-03-31": "$218", "2008-12-31": "$262", "2008-09-30": "$109", "2008-06-30": "$159", "2008-03-31": "$229", "2007-12-31": "$272", "2007-09-30": "$276", "2007-06-30": "$229", "2007-03-31": "$278", "2006-12-31": "$234", "2006-09-30": "$131", "2006-06-30": "$181", "2006-03-31": "$207", "2005-12-31": "$183", "2005-09-30": "$200", "2005-06-30": "$188", "2005-03-31": "$124"}}, "long-term-debt": {"Exelixis Annual Long Term Debt (Millions of US $)": {"2019": "$", "2018": "$", "2017": "$15", "2016": "$", "2015": "$418", "2014": "$264", "2013": "$345", "2012": "$337", "2011": "$186", "2010": "$178", "2009": "$40", "2008": "$75", "2007": "$106", "2006": "$108", "2005": "$107"}, "Exelixis Quarterly Long Term Debt (Millions of US $)": {"2020-09-30": "", "2020-06-30": "", "2020-03-31": "", "2019-12-31": "", "2019-09-30": "$24", "2019-06-30": "$23", "2019-03-31": "$20", "2018-12-31": "", "2018-09-30": "$13", "2018-06-30": "", "2018-03-31": "", "2017-12-31": "$15", "2017-09-30": "", "2017-06-30": "", "2017-03-31": "", "2016-12-31": "", "2016-09-30": "$81", "2016-06-30": "$289", "2016-03-31": "$362", "2015-12-31": "$418", "2015-09-30": "$380", "2015-06-30": "$374", "2015-03-31": "$368", "2014-12-31": "$264", "2014-09-30": "$263", "2014-06-30": "$260", "2014-03-31": "$350", "2013-12-31": "$345", "2013-09-30": "$340", "2013-06-30": "$335", "2013-03-31": "$331", "2012-12-31": "$337", "2012-09-30": "$329", "2012-06-30": "$177", "2012-03-31": "$177", "2011-12-31": "$186", "2011-09-30": "$183", "2011-06-30": "$181", "2011-03-31": "$180", "2010-12-31": "$178", "2010-09-30": "$198", "2010-06-30": "$198", "2010-03-31": "$38", "2009-12-31": "$40", "2009-09-30": "$67", "2009-06-30": "$69", "2009-03-31": "$72", "2008-12-31": "$75", "2008-09-30": "$106", "2008-06-30": "$110", "2008-03-31": "$103", "2007-12-31": "$106", "2007-09-30": "$100", "2007-06-30": "$103", "2007-03-31": "$106", "2006-12-31": "$108", "2006-09-30": "$101", "2006-06-30": "$103", "2006-03-31": "$106", "2005-12-31": "$107", "2005-09-30": "$105", "2005-06-30": "$107", "2005-03-31": "$134"}}, "total-liabilities": {"Exelixis Annual Total Liabilities (Millions of US $)": {"2019": "$200", "2018": "$135", "2017": "$370", "2016": "$506", "2015": "$473", "2014": "$438", "2013": "$437", "2012": "$425", "2011": "$303", "2010": "$589", "2009": "$507", "2008": "$458", "2007": "$340", "2006": "$343", "2005": "$299"}, "Exelixis Quarterly Total Liabilities (Millions of US $)": {"2020-09-30": "$259", "2020-06-30": "$213", "2020-03-31": "$208", "2019-12-31": "$200", "2019-09-30": "$181", "2019-06-30": "$154", "2019-03-31": "$157", "2018-12-31": "$135", "2018-09-30": "$108", "2018-06-30": "$136", "2018-03-31": "$105", "2017-12-31": "$370", "2017-09-30": "$371", "2017-06-30": "$368", "2017-03-31": "$467", "2016-12-31": "$506", "2016-09-30": "$516", "2016-06-30": "$663", "2016-03-31": "$648", "2015-12-31": "$473", "2015-09-30": "$437", "2015-06-30": "$437", "2015-03-31": "$430", "2014-12-31": "$438", "2014-09-30": "$442", "2014-06-30": "$437", "2014-03-31": "$426", "2013-12-31": "$437", "2013-09-30": "$423", "2013-06-30": "$416", "2013-03-31": "$405", "2012-12-31": "$425", "2012-09-30": "$422", "2012-06-30": "$275", "2012-03-31": "$280", "2011-12-31": "$303", "2011-09-30": "$409", "2011-06-30": "$536", "2011-03-31": "$564", "2010-12-31": "$589", "2010-09-30": "$590", "2010-06-30": "$634", "2010-03-31": "$484", "2009-12-31": "$507", "2009-09-30": "$564", "2009-06-30": "$457", "2009-03-31": "$444", "2008-12-31": "$458", "2008-09-30": "$282", "2008-06-30": "$311", "2008-03-31": "$331", "2007-12-31": "$340", "2007-09-30": "$335", "2007-06-30": "$352", "2007-03-31": "$383", "2006-12-31": "$343", "2006-09-30": "$290", "2006-06-30": "$305", "2006-03-31": "$323", "2005-12-31": "$299", "2005-09-30": "$283", "2005-06-30": "$297", "2005-03-31": "$237"}}, "total-share-holder-equity": {"Exelixis Annual Share Holder Equity (Millions of US $)": {"2019": "$1,686", "2018": "$1,287", "2017": "$285", "2016": "$89", "2015": "$-141", "2014": "$-115", "2013": "$66", "2012": "$296", "2011": "$91", "2010": "$-228", "2009": "$-164", "2008": "$-56", "2007": "$72", "2006": "$53", "2005": "$34"}, "Exelixis Quarterly Share Holder Equity (Millions of US $)": {"2020-09-30": "$1,852", "2020-06-30": "$1,833", "2020-03-31": "$1,748", "2019-12-31": "$1,686", "2019-09-30": "$1,604", "2019-06-30": "$1,489", "2019-03-31": "$1,385", "2018-12-31": "$1,287", "2018-09-30": "$916", "2018-06-30": "$775", "2018-03-31": "$670", "2017-12-31": "$285", "2017-09-30": "$239", "2017-06-30": "$149", "2017-03-31": "$120", "2016-12-31": "$89", "2016-09-30": "$32", "2016-06-30": "$-186", "2016-03-31": "$-156", "2015-12-31": "$-141", "2015-09-30": "$-74", "2015-06-30": "$-188", "2015-03-31": "$-147", "2014-12-31": "$-115", "2014-09-30": "$-59", "2014-06-30": "$3", "2014-03-31": "$71", "2013-12-31": "$66", "2013-09-30": "$133", "2013-06-30": "$196", "2013-03-31": "$255", "2012-12-31": "$296", "2012-09-30": "$341", "2012-06-30": "$99", "2012-03-31": "$132", "2011-12-31": "$91", "2011-09-30": "$3", "2011-06-30": "$-82", "2011-03-31": "$-69", "2010-12-31": "$-228", "2010-09-30": "$-218", "2010-06-30": "$-215", "2010-03-31": "$-199", "2009-12-31": "$-164", "2009-09-30": "$-143", "2009-06-30": "$-124", "2009-03-31": "$-89", "2008-12-31": "$-56", "2008-09-30": "$-27", "2008-06-30": "$6", "2008-03-31": "$40", "2007-12-31": "$72", "2007-09-30": "$85", "2007-06-30": "$20", "2007-03-31": "$38", "2006-12-31": "$53", "2006-09-30": "$-20", "2006-06-30": "$1", "2006-03-31": "$14", "2005-12-31": "$34", "2005-09-30": "$56", "2005-06-30": "$28", "2005-03-31": "$33"}}, "profit-margins": {"current": "15.88%"}, "gross margin": {"2020-09-30": "96.13%", "2020-06-30": "96.39%", "2020-03-31": "96.53%", "2019-12-31": "96.69%", "2019-09-30": "96.86%", "2019-06-30": "96.81%", "2019-03-31": "96.73%", "2018-12-31": "96.84%", "2018-09-30": "96.91%", "2018-06-30": "96.88%", "2018-03-31": "96.93%", "2017-12-31": "96.69%", "2017-09-30": "96.84%", "2017-06-30": "96.88%", "2017-03-31": "96.89%", "2016-12-31": "97.38%", "2016-09-30": "96.75%", "2016-06-30": "94.37%", "2016-03-31": "90.70%", "2015-12-31": "89.19%", "2015-09-30": "91.18%", "2015-06-30": "96.67%", "2015-03-31": "96.55%", "2014-12-31": "96.00%", "2014-09-30": "95.45%", "2014-06-30": "95.24%", "2014-03-31": "100.00%", "2013-12-31": "96.77%", "2013-09-30": "97.14%", "2013-06-30": "97.67%", "2013-03-31": "97.44%", "2012-12-31": "100.00%", "2012-09-30": "100.00%", "2012-06-30": "100.00%", "2012-03-31": "100.00%", "2011-12-31": "100.00%", "2011-09-30": "100.00%", "2011-06-30": "100.00%", "2011-03-31": "100.00%", "2010-12-31": "100.00%", "2010-09-30": "100.00%", "2010-06-30": "100.00%", "2010-03-31": "100.00%", "2009-12-31": "100.00%", "2009-09-30": "100.00%", "2009-06-30": "100.00%", "2009-03-31": "100.00%", "2008-12-31": "100.00%", "2008-09-30": "100.00%", "2008-06-30": "100.00%", "2008-03-31": "100.00%", "2007-12-31": "100.00%", "2007-09-30": "100.00%", "2007-06-30": "100.00%", "2007-03-31": "100.00%", "2006-12-31": "100.00%", "2006-09-30": "100.00%", "2006-06-30": "100.00%", "2006-03-31": "100.00%", "2005-12-31": "100.00%"}, "operating margin": {"2020-09-30": "17.03%", "2020-06-30": "32.26%", "2020-03-31": "34.53%", "2019-12-31": "38.26%", "2019-09-30": "42.36%", "2019-06-30": "45.54%", "2019-03-31": "47.72%", "2018-12-31": "51.41%", "2018-09-30": "48.86%", "2018-06-30": "47.55%", "2018-03-31": "44.54%", "2017-12-31": "36.42%", "2017-09-30": "40.63%", "2017-06-30": "29.06%", "2017-03-31": "15.95%", "2016-12-31": "-14.66%", "2016-09-30": "-80.49%", "2016-06-30": "-200.00%", "2016-03-31": "-344.19%", "2015-12-31": "-329.73%", "2015-09-30": "-400.00%", "2015-06-30": "-506.67%", "2015-03-31": "-631.03%", "2014-12-31": "-900.00%", "2014-09-30": "-1086.36%", "2014-06-30": "-1157.14%", "2014-03-31": "-892.31%", "2013-12-31": "-648.39%", "2013-09-30": "-522.86%", "2013-06-30": "-353.49%", "2013-03-31": "-343.59%", "2012-12-31": "-254.17%", "2012-09-30": "-21.05%", "2012-06-30": "31.05%", "2012-03-31": "33.82%", "2011-12-31": "31.14%", "2011-09-30": "10.13%", "2011-06-30": "-36.81%", "2011-03-31": "-37.99%", "2010-12-31": "-49.19%", "2010-09-30": "-56.91%", "2010-06-30": "-63.49%", "2010-03-31": "-78.57%", "2009-12-31": "-80.79%", "2009-09-30": "-95.62%", "2009-06-30": "-141.96%", "2009-03-31": "-147.83%", "2008-12-31": "-152.54%", "2008-09-30": "-157.26%", "2008-06-30": "-159.65%", "2008-03-31": "-151.33%", "2007-12-31": "-138.94%", "2007-09-30": "-129.82%", "2007-06-30": "-123.42%", "2007-03-31": "-118.35%", "2006-12-31": "-128.28%", "2006-09-30": "-146.99%", "2006-06-30": "-161.64%", "2006-03-31": "-122.50%", "2005-12-31": "-125.33%"}, "ebitda margin": {"2020-09-30": "18.08%", "2020-06-30": "33.17%", "2020-03-31": "35.44%", "2019-12-31": "39.19%", "2019-09-30": "42.89%", "2019-06-30": "46.42%", "2019-03-31": "48.54%", "2018-12-31": "52.11%", "2018-09-30": "49.93%", "2018-06-30": "47.99%", "2018-03-31": "44.88%", "2017-12-31": "36.87%", "2017-09-30": "40.88%", "2017-06-30": "30.00%", "2017-03-31": "18.29%", "2016-12-31": "-10.47%", "2016-09-30": "-59.35%", "2016-06-30": "-164.79%", "2016-03-31": "-293.02%", "2015-12-31": "-275.68%", "2015-09-30": "-332.35%", "2015-06-30": "-426.67%", "2015-03-31": "-544.83%", "2014-12-31": "-800.00%", "2014-09-30": "-1063.64%", "2014-06-30": "-1138.10%", "2014-03-31": "-880.77%", "2013-12-31": "-638.71%", "2013-09-30": "-514.29%", "2013-06-30": "-346.51%", "2013-03-31": "-330.77%", "2012-12-31": "-243.75%", "2012-09-30": "-17.29%", "2012-06-30": "33.06%", "2012-03-31": "35.66%", "2011-12-31": "33.22%", "2011-09-30": "13.08%", "2011-06-30": "-31.90%", "2011-03-31": "-32.96%", "2010-12-31": "-43.78%", "2010-09-30": "-51.06%", "2010-06-30": "-57.14%", "2010-03-31": "-71.43%", "2009-12-31": "-72.19%", "2009-09-30": "-86.13%", "2009-06-30": "-129.46%", "2009-03-31": "-134.78%", "2008-12-31": "-139.83%", "2008-09-30": "-144.44%", "2008-06-30": "-147.37%", "2008-03-31": "-140.71%", "2007-12-31": "-130.09%", "2007-09-30": "-120.18%", "2007-06-30": "-111.71%", "2007-03-31": "-104.59%", "2006-12-31": "-110.10%", "2006-09-30": "-125.30%", "2006-06-30": "-136.99%", "2006-03-31": "-98.75%", "2005-12-31": "-101.33%"}, "pre tax profit margin": {"2020-09-30": "19.64%", "2020-06-30": "34.97%", "2020-03-31": "37.59%", "2019-12-31": "41.26%", "2019-09-30": "44.98%", "2019-06-30": "47.96%", "2019-03-31": "49.59%", "2018-12-31": "52.81%", "2018-09-30": "50.20%", "2018-06-30": "49.03%", "2018-03-31": "44.37%", "2017-12-31": "35.10%", "2017-09-30": "37.71%", "2017-06-30": "18.44%", "2017-03-31": "2.33%", "2016-12-31": "-36.65%", "2016-09-30": "-116.26%", "2016-06-30": "-250.70%", "2016-03-31": "-432.56%", "2015-12-31": "-437.84%", "2015-09-30": "-514.71%", "2015-06-30": "-640.00%", "2015-03-31": "-765.52%", "2014-12-31": "-1048.00%", "2014-09-30": "-1281.82%", "2014-06-30": "-1361.90%", "2014-03-31": "-1057.69%", "2013-12-31": "-790.32%", "2013-09-30": "-645.71%", "2013-06-30": "-446.51%", "2013-03-31": "-425.64%", "2012-12-31": "-306.25%", "2012-09-30": "-35.34%", "2012-06-30": "25.81%", "2012-03-31": "29.04%", "2011-12-31": "26.99%", "2011-09-30": "5.06%", "2011-06-30": "-46.01%", "2011-03-31": "-43.02%", "2010-12-31": "-50.27%", "2010-09-30": "-59.04%", "2010-06-30": "-64.02%", "2010-03-31": "-86.90%", "2009-12-31": "-93.38%", "2009-09-30": "-106.57%", "2009-06-30": "-150.00%", "2009-03-31": "-146.09%", "2008-12-31": "-148.31%", "2008-09-30": "-133.33%", "2008-06-30": "-120.18%", "2008-03-31": "-110.62%", "2007-12-31": "-98.23%", "2007-09-30": "-106.14%", "2007-06-30": "-117.12%", "2007-03-31": "-113.76%", "2006-12-31": "-125.25%", "2006-09-30": "-145.78%", "2006-06-30": "-161.64%", "2006-03-31": "-122.50%", "2005-12-31": "-125.33%"}, "net profit margin": {"2020-09-30": "15.99%", "2020-06-30": "28.26%", "2020-03-31": "30.03%", "2019-12-31": "33.20%", "2019-09-30": "64.02%", "2019-06-30": "70.63%", "2019-03-31": "76.02%", "2018-12-31": "80.80%", "2018-09-30": "49.40%", "2018-06-30": "47.85%", "2018-03-31": "43.17%", "2017-12-31": "34.00%", "2017-09-30": "36.74%", "2017-06-30": "18.44%", "2017-03-31": "2.33%", "2016-12-31": "-36.65%", "2016-09-30": "-116.26%", "2016-06-30": "-250.70%", "2016-03-31": "-432.56%", "2015-12-31": "-437.84%", "2015-09-30": "-514.71%", "2015-06-30": "-640.00%", "2015-03-31": "-765.52%", "2014-12-31": "-1048.00%", "2014-09-30": "-1281.82%", "2014-06-30": "-1361.90%", "2014-03-31": "-1057.69%", "2013-12-31": "-790.32%", "2013-09-30": "-645.71%", "2013-06-30": "-446.51%", "2013-03-31": "-425.64%", "2012-12-31": "-306.25%", "2012-09-30": "-36.84%", "2012-06-30": "25.00%", "2012-03-31": "28.31%", "2011-12-31": "26.30%", "2011-09-30": "5.06%", "2011-06-30": "-46.01%", "2011-03-31": "-43.02%", "2010-12-31": "-50.27%", "2010-09-30": "-55.32%", "2010-06-30": "-63.49%", "2010-03-31": "-84.52%", "2009-12-31": "-89.40%", "2009-09-30": "-105.11%", "2009-06-30": "-141.07%", "2009-03-31": "-137.39%", "2008-12-31": "-138.14%", "2008-09-30": "-123.93%", "2008-06-30": "-105.26%", "2008-03-31": "-92.04%", "2007-12-31": "-76.99%", "2007-09-30": "-80.70%", "2007-06-30": "-92.79%", "2007-03-31": "-89.91%", "2006-12-31": "-102.02%", "2006-09-30": "-121.69%", "2006-06-30": "-135.62%", "2006-03-31": "-106.25%", "2005-12-31": "-113.33%"}, "pe ratio": {"current": "48.27", "2021-02-05": "48.27", "2020-09-30": "50.94", "2020-06-30": "26.67", "2020-03-31": "18.52", "2019-12-31": "17.27", "2019-09-30": "9.07", "2019-06-30": "10.42", "2019-03-31": "11.44", "2018-12-31": "8.90", "2018-09-30": "15.02", "2018-06-30": "20.89", "2018-03-31": "27.35", "2017-12-31": "62.04", "2017-09-30": "49.45", "2017-06-30": "129.63", "2017-03-31": "0.00", "2016-12-31": "0.00", "2016-09-30": "0.00", "2016-06-30": "0.00", "2016-03-31": "0.00", "2015-12-31": "0.00", "2015-09-30": "0.00", "2015-06-30": "0.00", "2015-03-31": "0.00", "2014-12-31": "0.00", "2014-09-30": "0.00", "2014-06-30": "0.00", "2014-03-31": "0.00", "2013-12-31": "0.00", "2013-09-30": "0.00", "2013-06-30": "0.00", "2013-03-31": "0.00", "2012-12-31": "0.00", "2012-09-30": "0.00", "2012-06-30": "10.84", "2012-03-31": "8.63", "2011-12-31": "8.77", "2011-09-30": "182.00", "2011-06-30": "0.00", "2011-03-31": "0.00", "2010-12-31": "0.00", "2010-09-30": "0.00", "2010-06-30": "0.00", "2010-03-31": "0.00", "2009-12-31": "0.00", "2009-09-30": "0.00", "2009-06-30": "0.00", "2009-03-31": "0.00", "2008-12-31": "0.00", "2008-09-30": "0.00", "2008-06-30": "0.00", "2008-03-31": "0.00", "2007-12-31": "0.00", "2007-09-30": "0.00", "2007-06-30": "0.00", "2007-03-31": "0.00", "2006-12-31": "0.00"}, "price sales": {"2021-02-05": "7.61", "2020-09-30": "8.03", "2020-06-30": "7.52", "2020-03-31": "5.54", "2019-12-31": "5.74", "2019-09-30": "5.82", "2019-06-30": "7.37", "2019-03-31": "8.71", "2018-12-31": "7.21", "2018-09-30": "7.43", "2018-06-30": "10.01", "2018-03-31": "11.83", "2017-12-31": "20.94", "2017-09-30": "17.60", "2017-06-30": "21.76", "2017-03-31": "22.30", "2016-12-31": "19.17", "2016-09-30": "24.80", "2016-06-30": "24.53", "2016-03-31": "19.89", "2015-12-31": "31.08", "2015-09-30": "32.66", "2015-06-30": "23.69", "2015-03-31": "16.94", "2014-12-31": "11.13", "2014-09-30": "13.29", "2014-06-30": "30.12", "2014-03-31": "24.70", "2013-12-31": "35.98", "2013-09-30": "29.76", "2013-06-30": "18.46", "2013-03-31": "19.74", "2012-12-31": "14.66", "2012-09-30": "4.93", "2012-06-30": "2.95", "2012-03-31": "2.50", "2011-12-31": "2.10", "2011-09-30": "2.84", "2011-06-30": "6.20", "2011-03-31": "6.94", "2010-12-31": "4.81", "2010-09-30": "2.25", "2010-06-30": "1.98", "2010-03-31": "3.86", "2009-12-31": "5.20", "2009-09-30": "4.96", "2009-06-30": "4.60", "2009-03-31": "4.22", "2008-12-31": "4.49", "2008-09-30": "5.36", "2008-06-30": "4.46", "2008-03-31": "6.12", "2007-12-31": "7.43", "2007-09-30": "8.76", "2007-06-30": "9.94", "2007-03-31": "8.02", "2006-12-31": "7.73"}, "price book": {"current": "3.88", "2021-02-05": "3.87", "2020-09-30": "4.08", "2020-06-30": "4.00", "2020-03-31": "3.01", "2019-12-31": "3.19", "2019-09-30": "3.35", "2019-06-30": "4.35", "2019-03-31": "5.18", "2018-12-31": "4.58", "2018-09-30": "5.78", "2018-06-30": "8.27", "2018-03-31": "9.81", "2017-12-31": "31.60", "2017-09-30": "30.01", "2017-06-30": "48.71", "2017-03-31": "52.89", "2016-12-31": "48.39", "2016-09-30": "114.30", "2016-06-30": "-9.66", "2016-03-31": "-5.87", "2015-12-31": "-9.13", "2015-09-30": "-17.09", "2015-06-30": "-3.92", "2015-03-31": "-3.43", "2014-12-31": "-2.46", "2014-09-30": "-5.10", "2014-06-30": "204.22", "2014-03-31": "9.64", "2013-12-31": "17.08", "2013-09-30": "8.07", "2013-06-30": "4.26", "2013-03-31": "3.33", "2012-12-31": "2.83", "2012-09-30": "2.60", "2012-06-30": "8.31", "2012-03-31": "5.81", "2011-12-31": "7.08", "2011-09-30": "232.34", "2011-06-30": "-14.12", "2011-03-31": "-21.07", "2010-12-31": "-3.93", "2010-09-30": "-1.96", "2010-06-30": "-1.76", "2010-03-31": "-3.31", "2009-12-31": "-4.86", "2009-09-30": "-4.80", "2009-06-30": "-4.23", "2009-03-31": "-5.51", "2008-12-31": "-9.49", "2008-09-30": "-23.82", "2008-06-30": "89.93", "2008-03-31": "18.33", "2007-12-31": "12.54", "2007-09-30": "13.05", "2007-06-30": "59.58", "2007-03-31": "25.32", "2006-12-31": "16.44", "2006-09-30": "-42.57", "2006-06-30": "858.97", "2006-03-31": "70.56"}, "price fcf": {"2021-02-05": "", "2020-09-30": "$1.00", "2020-06-30": "$1.18", "2020-03-31": "$1.29", "2019-12-31": "$1.63", "2019-09-30": "$1.48", "2019-06-30": "$1.72", "2019-03-31": "$1.51", "2018-12-31": "$1.22", "2018-09-30": "$1.02", "2018-06-30": "$0.65", "2018-03-31": "$0.46", "2017-12-31": "$0.46", "2017-09-30": "$0.70", "2017-06-30": "$0.50", "2017-03-31": "$0.37", "2016-12-31": "$0.83", "2016-09-30": "$0.30", "2016-06-30": "$0.26", "2016-03-31": "$0.24", "2015-12-31": "$-0.67", "2015-09-30": "$-0.75", "2015-06-30": "$-0.92", "2015-03-31": "$-1.06", "2014-12-31": "$-1.21", "2014-09-30": "$-1.20", "2014-06-30": "$-1.22", "2014-03-31": "$-1.17", "2013-12-31": "$-1.09", "2013-09-30": "$-1.10", "2013-06-30": "$-0.96", "2013-03-31": "$-0.97", "2012-12-31": "$-0.77", "2012-09-30": "$-0.73", "2012-06-30": "$-0.87", "2012-03-31": "$-0.93", "2011-12-31": "$-1.22", "2011-09-30": "$-0.80", "2011-06-30": "$-0.90", "2011-03-31": "$-0.83", "2010-12-31": "$-0.95", "2010-09-30": "$-1.65", "2010-06-30": "$-0.40", "2010-03-31": "$-0.29", "2009-12-31": "$-0.19", "2009-09-30": "$1.68", "2009-06-30": "$0.37", "2009-03-31": "$-0.21", "2008-12-31": "$-0.24", "2008-09-30": "$-2.06", "2008-06-30": "$-1.85", "2008-03-31": "$-1.72", "2007-12-31": "$-0.87", "2007-09-30": "$-0.31", "2007-06-30": "$-0.47", "2007-03-31": "$-0.33", "2006-12-31": "$-0.66"}, "net worth": {"value": "$7.19B"}, "current ratio": {"current": "6.99", "2020-09-30": "6.99", "2020-06-30": "9.78", "2020-03-31": "8.09", "2019-12-31": "7.08", "2019-09-30": "6.89", "2019-06-30": "8.64", "2019-03-31": "7.56", "2018-12-31": "8.51", "2018-09-30": "8.66", "2018-06-30": "6.87", "2018-03-31": "6.67", "2017-12-31": "4.21", "2017-09-30": "4.32", "2017-06-30": "4.12", "2017-03-31": "2.31", "2016-12-31": "1.75", "2016-09-30": "2.09", "2016-06-30": "1.83", "2016-03-31": "3.36", "2015-12-31": "3.42", "2015-09-30": "3.71", "2015-06-30": "1.52", "2015-03-31": "2.13", "2014-12-31": "0.98", "2014-09-30": "1.27", "2014-06-30": "1.51", "2014-03-31": "4.20", "2013-12-31": "3.04", "2013-09-30": "3.93", "2013-06-30": "5.03", "2013-03-31": "5.66", "2012-12-31": "5.29", "2012-09-30": "5.78", "2012-06-30": "2.37", "2012-03-31": "2.86", "2011-12-31": "2.48", "2011-09-30": "1.47", "2011-06-30": "1.47", "2011-03-31": "1.64", "2010-12-31": "0.92", "2010-09-30": "0.94", "2010-06-30": "1.06", "2010-03-31": "0.84", "2009-12-31": "1.11", "2009-09-30": "1.43", "2009-06-30": "1.16", "2009-03-31": "1.31", "2008-12-31": "1.43", "2008-09-30": "0.99", "2008-06-30": "1.30", "2008-03-31": "1.85", "2007-12-31": "2.14", "2007-09-30": "2.44", "2007-06-30": "2.08", "2007-03-31": "2.30", "2006-12-31": "2.35", "2006-09-30": "1.73", "2006-06-30": "2.18", "2006-03-31": "1.76", "2005-12-31": "1.80", "2005-09-30": "2.42", "2005-06-30": "2.15", "2005-03-31": "2.09"}, "quick ratio": {"2020-09-30": "6.90", "2020-06-30": "9.66", "2020-03-31": "7.98", "2019-12-31": "6.99", "2019-09-30": "6.80", "2019-06-30": "8.53", "2019-03-31": "7.48", "2018-12-31": "8.41", "2018-09-30": "8.54", "2018-06-30": "6.78", "2018-03-31": "6.58", "2017-12-31": "4.15", "2017-09-30": "4.27", "2017-06-30": "4.06", "2017-03-31": "2.30", "2016-12-31": "1.73", "2016-09-30": "2.07", "2016-06-30": "1.82", "2016-03-31": "3.33", "2015-12-31": "3.37", "2015-09-30": "3.67", "2015-06-30": "1.48", "2015-03-31": "2.09", "2014-12-31": "0.97", "2014-09-30": "1.25", "2014-06-30": "1.49", "2014-03-31": "4.16", "2013-12-31": "3.00", "2013-09-30": "3.91", "2013-06-30": "5.02", "2013-03-31": "5.66", "2012-12-31": "0.00", "2012-09-30": "0.00", "2012-06-30": "0.00", "2012-03-31": "0.00", "2011-12-31": "0.00", "2011-09-30": "0.00", "2011-06-30": "0.00", "2011-03-31": "0.00", "2010-12-31": "0.00", "2010-09-30": "0.00", "2010-06-30": "0.00", "2010-03-31": "0.00", "2009-12-31": "0.00", "2009-09-30": "0.00", "2009-06-30": "0.00", "2009-03-31": "0.00", "2008-12-31": "0.00", "2008-09-30": "0.00", "2008-06-30": "0.00", "2008-03-31": "0.00", "2007-12-31": "0.00", "2007-09-30": "0.00", "2007-06-30": "0.00", "2007-03-31": "0.00", "2006-12-31": "0.00", "2006-09-30": "0.00", "2006-06-30": "0.00", "2006-03-31": "0.00", "2005-12-31": "0.00", "2005-09-30": "0.00", "2005-06-30": "0.00", "2005-03-31": "0.00"}, "debt equity ratio": {"current": "0.00", "2020-09-30": "0.14", "2020-06-30": "0.12", "2020-03-31": "0.12", "2019-12-31": "0.12", "2019-09-30": "0.11", "2019-06-30": "0.10", "2019-03-31": "0.11", "2018-12-31": "0.11", "2018-09-30": "0.12", "2018-06-30": "0.18", "2018-03-31": "0.16", "2017-12-31": "1.30", "2017-09-30": "1.55", "2017-06-30": "2.48", "2017-03-31": "3.90", "2016-12-31": "5.67", "2016-09-30": "16.13", "2016-06-30": "-3.56", "2016-03-31": "-4.16", "2015-12-31": "-3.36", "2015-09-30": "-5.89", "2015-06-30": "-2.32", "2015-03-31": "-2.93", "2014-12-31": "-3.82", "2014-09-30": "-7.56", "2014-06-30": "134.87", "2014-03-31": "5.96", "2013-12-31": "6.60", "2013-09-30": "3.19", "2013-06-30": "2.12", "2013-03-31": "1.59", "2012-12-31": "1.43", "2012-09-30": "1.24", "2012-06-30": "2.78", "2012-03-31": "2.12", "2011-12-31": "3.34", "2011-09-30": "133.79", "2011-06-30": "-6.55", "2011-03-31": "-8.21", "2010-12-31": "-2.58", "2010-09-30": "-2.71", "2010-06-30": "-2.96", "2010-03-31": "-2.43", "2009-12-31": "-3.10", "2009-09-30": "-3.95", "2009-06-30": "-3.70", "2009-03-31": "-4.99", "2008-12-31": "-8.14", "2008-09-30": "-10.45", "2008-06-30": "52.97", "2008-03-31": "8.30", "2007-12-31": "4.72", "2007-09-30": "3.96", "2007-06-30": "17.79", "2007-03-31": "10.07", "2006-12-31": "6.53", "2006-09-30": "-14.81", "2006-06-30": "310.46", "2006-03-31": "22.63", "2005-12-31": "8.92", "2005-09-30": "5.06", "2005-06-30": "10.42", "2005-03-31": "7.15"}, "return on equity": {"2020-09-30": "8.60%", "2020-06-30": "16.42%", "2020-03-31": "18.02%", "2019-12-31": "20.83%", "2019-09-30": "42.46%", "2019-06-30": "50.58%", "2019-03-31": "59.59%", "2018-12-31": "75.66%", "2018-09-30": "55.63%", "2018-06-30": "65.41%", "2018-03-31": "75.35%", "2017-12-31": "77.68%", "2017-09-30": "101.17%", "2017-06-30": "60.51%", "2017-03-31": "43.64%", "2016-12-31": "126.70%", "2016-09-30": "126.83%", "2016-06-30": "127.83%", "2016-03-31": "133.09%", "2015-12-31": "117.82%", "2015-09-30": "133.59%", "2015-06-30": "150.88%", "2015-03-31": "279.25%", "2014-12-31": "1048.00%", "2014-09-30": "-1392.59%", "2014-06-30": "-419.05%", "2014-03-31": "-236.05%", "2013-12-31": "-150.77%", "2013-09-30": "-102.73%", "2013-06-30": "-70.59%", "2013-03-31": "-67.00%", "2012-12-31": "-67.74%", "2012-09-30": "-29.56%", "2012-06-30": "76.31%", "2012-03-31": "213.89%", "2011-12-31": "-533.33%", "2011-09-30": "-12.77%", "2011-06-30": "50.25%", "2011-03-31": "42.19%", "2010-12-31": "43.26%", "2010-09-30": "52.26%", "2010-06-30": "66.57%", "2010-03-31": "90.16%", "2009-12-31": "103.85%", "2009-09-30": "139.81%", "2009-06-30": "213.51%", "2009-03-31": "380.72%", "2008-12-31": "1762.16%", "2008-09-30": "-637.36%", "2008-06-30": "-236.45%", "2008-03-31": "-191.71%", "2007-12-31": "-161.86%", "2007-09-30": "-187.76%", "2007-06-30": "-452.75%", "2007-03-31": "-544.44%", "2006-12-31": "-841.67%", "2006-09-30": "-1393.10%", "2006-06-30": "-377.14%", "2006-03-31": "-257.58%", "2005-12-31": "-225.17%"}, "return on assets": {"2020-09-30": "7.65%", "2020-06-30": "14.70%", "2020-03-31": "16.18%", "2019-12-31": "18.73%", "2019-09-30": "38.30%", "2019-06-30": "45.60%", "2019-03-31": "53.07%", "2018-12-31": "66.80%", "2018-09-30": "43.74%", "2018-06-30": "43.65%", "2018-03-31": "39.58%", "2017-12-31": "26.00%", "2017-09-30": "26.15%", "2017-06-30": "10.50%", "2017-03-31": "1.09%", "2016-12-31": "-13.25%", "2016-09-30": "-30.92%", "2016-06-30": "-42.76%", "2016-03-31": "-51.77%", "2015-12-31": "-52.81%", "2015-09-30": "-57.47%", "2015-06-30": "-61.99%", "2015-03-31": "-62.05%", "2014-12-31": "-63.67%", "2014-09-30": "-61.77%", "2014-06-30": "-57.26%", "2014-03-31": "-50.71%", "2013-12-31": "-42.04%", "2013-09-30": "-35.46%", "2013-06-30": "-27.87%", "2013-03-31": "-26.37%", "2012-12-31": "-25.89%", "2012-09-30": "-10.09%", "2012-06-30": "15.58%", "2012-03-31": "18.42%", "2011-12-31": "17.32%", "2011-09-30": "2.79%", "2011-06-30": "-17.81%", "2011-03-31": "-18.67%", "2010-12-31": "-25.87%", "2010-09-30": "-29.30%", "2010-06-30": "-32.70%", "2010-03-31": "-41.13%", "2009-12-31": "-37.19%", "2009-09-30": "-38.12%", "2009-06-30": "-46.99%", "2009-03-31": "-47.55%", "2008-12-31": "-48.48%", "2008-09-30": "-42.80%", "2008-06-30": "-31.58%", "2008-03-31": "-26.41%", "2007-12-31": "-21.42%", "2007-09-30": "-22.89%", "2007-06-30": "-28.24%", "2007-03-31": "-28.14%", "2006-12-31": "-30.84%", "2006-09-30": "-32.37%", "2006-06-30": "-30.09%", "2006-03-31": "-25.47%", "2005-12-31": "-26.84%"}, "return on investments": {"2020-09-30": "inf%", "2020-06-30": "79.16%", "2020-03-31": "43.08%", "2019-12-31": "32.58%", "2019-09-30": "35.66%", "2019-06-30": "43.07%", "2019-03-31": "69.92%", "2018-12-31": "189.02%", "2018-09-30": "118.47%", "2018-06-30": "426.67%", "2018-03-31": "348.00%", "2017-12-31": "220.00%", "2017-09-30": "inf%", "2017-06-30": "326.32%", "2017-03-31": "75.93%", "2016-12-31": "-26.54%", "2016-09-30": "-56.65%", "2016-06-30": "-63.82%", "2016-03-31": "-60.78%", "2015-12-31": "-49.34%", "2015-09-30": "-63.18%", "2015-06-30": "-79.89%", "2015-03-31": "-87.25%", "2014-12-31": "-86.62%", "2014-09-30": "-73.48%", "2014-06-30": "-61.99%", "2014-03-31": "-50.54%", "2013-12-31": "-40.18%", "2013-09-30": "-32.93%", "2013-06-30": "-25.12%", "2013-03-31": "-24.77%", "2012-12-31": "-25.86%", "2012-09-30": "-7.32%", "2012-06-30": "29.39%", "2012-03-31": "42.20%", "2011-12-31": "53.41%", "2011-09-30": "27.75%", "2011-06-30": "-171.43%", "2011-03-31": "-1133.33%", "2010-12-31": "146.77%", "2010-09-30": "133.75%", "2010-06-30": "127.66%", "2010-03-31": "127.54%", "2009-12-31": "180.74%", "2009-09-30": "406.20%", "2009-06-30": "-2446.15%", "2009-03-31": "-346.94%", "2008-12-31": "-202.25%", "2008-09-30": "-142.64%", "2008-06-30": "-117.04%", "2008-03-31": "-108.92%", "2007-12-31": "-99.84%", "2007-09-30": "-96.73%", "2007-06-30": "-107.87%", "2007-03-31": "-105.31%", "2006-12-31": "-108.78%", "2006-09-30": "-109.42%", "2006-06-30": "-89.73%", "2006-03-31": "-70.25%", "2005-12-31": "-62.25%"}, "return on tangible equity": {"2020-09-30": "8.92%", "2020-06-30": "17.05%", "2020-03-31": "18.75%", "2019-12-31": "21.73%", "2019-09-30": "44.43%", "2019-06-30": "53.26%", "2019-03-31": "63.29%", "2018-12-31": "81.34%", "2018-09-30": "61.59%", "2018-06-30": "75.19%", "2018-03-31": "93.10%", "2017-12-31": "114.71%", "2017-09-30": "176.61%", "2017-06-30": "174.81%", "2017-03-31": "-12.00%", "2016-12-31": "58.82%", "2016-09-30": "81.02%", "2016-06-30": "87.68%", "2016-03-31": "91.40%", "2015-12-31": "80.60%", "2015-09-30": "89.86%", "2015-06-30": "100.66%", "2015-03-31": "155.52%", "2014-12-31": "296.88%", "2014-09-30": "659.65%", "2014-06-30": "-5720.00%", "2014-03-31": "-516.43%", "2013-12-31": "-247.47%", "2013-09-30": "-144.41%", "2013-06-30": "-92.09%", "2013-03-31": "-90.22%", "2012-12-31": "-95.77%", "2012-09-30": "-48.04%", "2012-06-30": "354.29%", "2012-03-31": "-280.00%", "2011-12-31": "-97.75%", "2011-09-30": "-7.62%", "2011-06-30": "35.29%", "2011-03-31": "31.33%", "2010-12-31": "33.39%", "2010-09-30": "39.66%", "2010-06-30": "49.28%", "2010-03-31": "64.33%", "2009-12-31": "69.86%", "2009-09-30": "86.49%", "2009-06-30": "114.70%", "2009-03-31": "149.76%", "2008-12-31": "222.53%", "2008-09-30": "351.52%", "2008-06-30": "857.14%", "2008-03-31": "866.67%", "2007-12-31": "621.43%", "2007-09-30": "454.32%", "2007-06-30": "217.99%", "2007-03-31": "188.46%", "2006-12-31": "174.14%", "2006-09-30": "160.32%", "2006-06-30": "223.73%", "2006-03-31": "225.17%", "2005-12-31": "255.64%"}, "dividend yield history": {"last payout": "$0.00", "last yield": "0.00%"}}