{"ticker": "EXPE", "price": {"title": "Expedia Historical Annual Stock Price Data", "value": 141.4, "historical": {"2020": {"Average Stock Price": "92.8992", "Year Open": "110.9800", "Year High": "132.4000", "Year Low": "45.6500", "Year Close": "132.4000", "Annual % Change": "22.43%"}, "2019": {"Average Stock Price": "123.5451", "Year Open": "111.9800", "Year High": "139.4200", "Year Low": "94.3100", "Year Close": "108.1400", "Annual % Change": "-4.00%"}, "2018": {"Average Stock Price": "120.3468", "Year Open": "121.4200", "Year High": "137.7900", "Year Low": "100.1000", "Year Close": "112.6500", "Annual % Change": "-5.94%"}, "2017": {"Average Stock Price": "135.1418", "Year Open": "112.4400", "Year High": "159.5000", "Year Low": "112.4400", "Year Close": "119.7700", "Annual % Change": "5.73%"}, "2016": {"Average Stock Price": "112.6230", "Year Open": "120.8000", "Year High": "131.6400", "Year Low": "91.5300", "Year Close": "113.2800", "Annual % Change": "-8.87%"}, "2015": {"Average Stock Price": "108.7788", "Year Open": "85.7600", "Year High": "137.3100", "Year Low": "77.8700", "Year Close": "124.3000", "Annual % Change": "45.62%"}, "2014": {"Average Stock Price": "78.5845", "Year Open": "69.2100", "Year High": "91.3500", "Year Low": "63.2700", "Year Close": "85.3600", "Annual % Change": "22.54%"}, "2013": {"Average Stock Price": "58.8431", "Year Open": "63.2500", "Year High": "69.6600", "Year Low": "45.7000", "Year Close": "69.6600", "Annual % Change": "13.38%"}, "2012": {"Average Stock Price": "46.0205", "Year Open": "29.6600", "Year High": "61.8600", "Year Low": "28.6300", "Year Close": "61.4400", "Annual % Change": "111.72%"}, "2011": {"Average Stock Price": "52.4209", "Year Open": "49.5800", "Year High": "63.3800", "Year Low": "29.0200", "Year Close": "29.0200", "Annual % Change": "-42.17%"}, "2010": {"Average Stock Price": "48.0950", "Year Open": "51.6400", "Year High": "59.2800", "Year Low": "36.6600", "Year Close": "50.1800", "Annual % Change": "-2.49%"}, "2009": {"Average Stock Price": "34.4022", "Year Open": "17.5800", "Year High": "54.1800", "Year Low": "12.7800", "Year Close": "51.4600", "Annual % Change": "212.26%"}, "2008": {"Average Stock Price": "36.9562", "Year Open": "61.1000", "Year High": "61.1200", "Year Low": "12.1000", "Year Close": "16.4800", "Annual % Change": "-73.94%"}, "2007": {"Average Stock Price": "53.8822", "Year Open": "42.1000", "Year High": "70.0800", "Year Low": "40.7400", "Year Close": "63.2400", "Annual % Change": "50.71%"}, "2006": {"Average Stock Price": "35.7494", "Year Open": "48.0000", "Year High": "52.6200", "Year Low": "26.1000", "Year Close": "41.9600", "Annual % Change": "-12.44%"}, "2005": {"Average Stock Price": "44.3496", "Year Open": "48.0400", "Year High": "52.2000", "Year Low": "37.4800", "Year Close": "47.9200", "Annual % Change": "0.00%"}}}, "market cap": {"value": "$20B"}, "income statement": {"Revenue": {"2019-12-31": "12067.00000", "2018-12-31": "11223.00000", "2017-12-31": "10060.00000", "2016-12-31": "8774.00000", "2015-12-31": "6672.31700", "2014-12-31": "5763.48500", "2013-12-31": "4771.25900", "2012-12-31": "4030.34700", "2011-12-31": "3449.00900", "2010-12-31": "3033.64500", "2009-12-31": "2743.05100", "2008-12-31": "2937.01300", "2007-12-31": "2665.33200", "2006-12-31": "2237.58600", "2005-12-31": "2119.45500"}, "Cost Of Goods Sold": {"2019-12-31": "2163.00000", "2018-12-31": "1965.00000", "2017-12-31": "1757.00000", "2016-12-31": "1597.00000", "2015-12-31": "1309.55900", "2014-12-31": "1179.08100", "2013-12-31": "1038.03400", "2012-12-31": "898.60400", "2011-12-31": "761.27200", "2010-12-31": "685.48700", "2009-12-31": "602.68200", "2008-12-31": "638.70900", "2007-12-31": "565.05600", "2006-12-31": "502.63800", "2005-12-31": "480.21900"}, "Gross Profit": {"2019-12-31": "9904.00000", "2018-12-31": "9258.00000", "2017-12-31": "8303.00000", "2016-12-31": "7177.00000", "2015-12-31": "5362.75800", "2014-12-31": "4584.40400", "2013-12-31": "3733.22500", "2012-12-31": "3131.74300", "2011-12-31": "2687.73700", "2010-12-31": "2348.15800", "2009-12-31": "2140.36900", "2008-12-31": "2298.30400", "2007-12-31": "2100.27600", "2006-12-31": "1734.94800", "2005-12-31": "1639.23600"}, "Research And Development Expenses": {"2019-12-31": "1763.00000", "2018-12-31": "1617.00000", "2017-12-31": "1387.00000", "2016-12-31": "1235.00000", "2015-12-31": "830.24400", "2014-12-31": "686.15400", "2013-12-31": "577.82000", "2012-12-31": "484.89800", "2011-12-31": "380.99900", "2010-12-31": "308.78000", "2009-12-31": "282.63400", "2008-12-31": "287.76300", "2007-12-31": "246.06300", "2006-12-31": "140.37100", "2005-12-31": "130.50700"}, "SG&A Expenses": {"2019-12-31": "6982.00000", "2018-12-31": "6575.00000", "2017-12-31": "5974.00000", "2016-12-31": "5045.00000", "2015-12-31": "3954.99900", "2014-12-31": "3233.70200", "2013-12-31": "2573.22300", "2012-12-31": "2066.39100", "2011-12-31": "1784.34900", "2010-12-31": "1493.38500", "2009-12-31": "1333.95000", "2008-12-31": "1374.05800", "2007-12-31": "1247.57500", "2006-12-31": "1075.84400", "2005-12-31": "973.01300"}, "Other Operating Income Or Expenses": {"2019-12-31": "-34.00000", "2018-12-31": "17.00000", "2017-12-31": "-25.00000", "2016-12-31": "-62.00000", "2015-12-31": "97.38000", "2014-12-31": "-41.53900", "2013-12-31": "-77.91900", "2012-12-31": "-117.02500", "2011-12-31": "-20.85500", "2010-12-31": "-22.69200", "2009-12-31": "-67.99900", "2008-12-31": "-233.90000", "2007-12-31": "", "2006-12-31": "-47.00000", "2005-12-31": ""}, "Operating Expenses": {"2019-12-31": "11164.00000", "2018-12-31": "10509.00000", "2017-12-31": "9435.00000", "2016-12-31": "8312.00000", "2015-12-31": "6258.75100", "2014-12-31": "5245.72100", "2013-12-31": "4405.19900", "2012-12-31": "3598.62300", "2011-12-31": "2969.40000", "2010-12-31": "2532.85800", "2009-12-31": "2345.30800", "2008-12-31": "5365.96600", "2007-12-31": "2136.26300", "2006-12-31": "1886.25700", "2005-12-31": "1722.40300"}, "Operating Income": {"2019-12-31": "903.00000", "2018-12-31": "714.00000", "2017-12-31": "625.00000", "2016-12-31": "462.00000", "2015-12-31": "413.56590", "2014-12-31": "517.76420", "2013-12-31": "366.06010", "2012-12-31": "431.72390", "2011-12-31": "479.60910", "2010-12-31": "500.78710", "2009-12-31": "397.74290", "2008-12-31": "-2428.95300", "2007-12-31": "529.06910", "2006-12-31": "351.32900", "2005-12-31": "397.05200"}, "Total Non-Operating Income/Expense": {"2019-12-31": "-128.00000", "2018-12-31": "-229.00000", "2017-12-31": "-208.00000", "2016-12-31": "-185.00000", "2015-12-31": "512.39600", "2014-12-31": "-53.12300", "2013-12-31": "-65.36700", "2012-12-31": "-81.66700", "2011-12-31": "-77.53700", "2010-12-31": "-74.94800", "2009-12-31": "-77.96700", "2008-12-31": "-85.75100", "2007-12-31": "-32.08500", "2006-12-31": "33.56900", "2005-12-31": "16.81900"}, "Pre-Tax Income": {"2019-12-31": "775.00000", "2018-12-31": "485.00000", "2017-12-31": "417.00000", "2016-12-31": "277.00000", "2015-12-31": "925.96200", "2014-12-31": "464.64100", "2013-12-31": "300.69300", "2012-12-31": "350.05700", "2011-12-31": "402.07200", "2010-12-31": "425.83900", "2009-12-31": "319.77600", "2008-12-31": "-2514.70400", "2007-12-31": "496.98400", "2006-12-31": "384.89800", "2005-12-31": "413.87100"}, "Income Taxes": {"2019-12-31": "203.00000", "2018-12-31": "87.00000", "2017-12-31": "45.00000", "2016-12-31": "16.00000", "2015-12-31": "203.21400", "2014-12-31": "91.69100", "2013-12-31": "84.33500", "2012-12-31": "47.07800", "2011-12-31": "75.73100", "2010-12-31": "120.34200", "2009-12-31": "101.50200", "2008-12-31": "5.96600", "2007-12-31": "203.11400", "2006-12-31": "139.45100", "2005-12-31": "185.97700"}, "Income After Taxes": {"2019-12-31": "572.00000", "2018-12-31": "398.00000", "2017-12-31": "372.00000", "2016-12-31": "261.00000", "2015-12-31": "722.74800", "2014-12-31": "372.95000", "2013-12-31": "216.35800", "2012-12-31": "302.97900", "2011-12-31": "326.34100", "2010-12-31": "305.49700", "2009-12-31": "218.27400", "2008-12-31": "-2520.67000", "2007-12-31": "293.87000", "2006-12-31": "245.44700", "2005-12-31": "227.89400"}, "Other Income": {"2019-12-31": "", "2018-12-31": "", "2017-12-31": "", "2016-12-31": "", "2015-12-31": "", "2014-12-31": "", "2013-12-31": "", "2012-12-31": "", "2011-12-31": "", "2010-12-31": "", "2009-12-31": "", "2008-12-31": "", "2007-12-31": "", "2006-12-31": "", "2005-12-31": ""}, "Income From Continuous Operations": {"2019-12-31": "572.00000", "2018-12-31": "398.00000", "2017-12-31": "372.00000", "2016-12-31": "261.00000", "2015-12-31": "722.74800", "2014-12-31": "372.95000", "2013-12-31": "216.35800", "2012-12-31": "302.97900", "2011-12-31": "326.34100", "2010-12-31": "305.49700", "2009-12-31": "218.27400", "2008-12-31": "-2520.67000", "2007-12-31": "293.87000", "2006-12-31": "244.93400", "2005-12-31": "228.73000"}, "Income From Discontinued Operations": {"2019-12-31": "", "2018-12-31": "", "2017-12-31": "", "2016-12-31": "", "2015-12-31": "", "2014-12-31": "", "2013-12-31": "", "2012-12-31": "-22.53900", "2011-12-31": "148.26200", "2010-12-31": "120.06300", "2009-12-31": "85.34900", "2008-12-31": "", "2007-12-31": "", "2006-12-31": "", "2005-12-31": ""}, "Net Income": {"2019-12-31": "565.00000", "2018-12-31": "406.00000", "2017-12-31": "378.00000", "2016-12-31": "282.00000", "2015-12-31": "764.46500", "2014-12-31": "398.09700", "2013-12-31": "232.85000", "2012-12-31": "280.17100", "2011-12-31": "472.29400", "2010-12-31": "421.50000", "2009-12-31": "299.52600", "2008-12-31": "-2517.76300", "2007-12-31": "295.86400", "2006-12-31": "244.93400", "2005-12-31": "228.73000"}, "EBITDA": {"2019-12-31": "2054.00000", "2018-12-31": "2004.00000", "2017-12-31": "1663.00000", "2016-12-31": "1533.00000", "2015-12-31": "1084.77200", "2014-12-31": "945.36510", "2013-12-31": "779.70810", "2012-12-31": "692.27190", "2011-12-31": "698.39010", "2010-12-31": "681.33910", "2009-12-31": "570.82590", "2008-12-31": "540.67430", "2007-12-31": "729.01310", "2006-12-31": "600.79700", "2005-12-31": "677.88600"}, "EBIT": {"2019-12-31": "903.00000", "2018-12-31": "714.00000", "2017-12-31": "625.00000", "2016-12-31": "462.00000", "2015-12-31": "413.56590", "2014-12-31": "517.76420", "2013-12-31": "366.06010", "2012-12-31": "431.72390", "2011-12-31": "479.60910", "2010-12-31": "500.78710", "2009-12-31": "397.74290", "2008-12-31": "-2428.95300", "2007-12-31": "529.06910", "2006-12-31": "351.32900", "2005-12-31": "397.05200"}, "Basic Shares Outstanding": {"2019-12-31": "147.19400", "2018-12-31": "149.96100", "2017-12-31": "151.61900", "2016-12-31": "150.36700", "2015-12-31": "130.15900", "2014-12-31": "128.91200", "2013-12-31": "134.91200", "2012-12-31": "134.20300", "2011-12-31": "135.88800", "2010-12-31": "141.23300", "2009-12-31": "144.10700", "2008-12-31": "143.08350", "2007-12-31": "148.32000", "2006-12-31": "169.02350", "2005-12-31": "168.40950"}, "Shares Outstanding": {"2019-12-31": "149.88400", "2018-12-31": "152.88900", "2017-12-31": "156.38500", "2016-12-31": "154.51700", "2015-12-31": "134.01800", "2014-12-31": "133.16800", "2013-12-31": "139.59300", "2012-12-31": "139.92900", "2011-12-31": "138.70200", "2010-12-31": "144.01400", "2009-12-31": "146.07100", "2008-12-31": "143.08350", "2007-12-31": "157.11650", "2006-12-31": "176.09050", "2005-12-31": "174.76500"}, "Basic EPS": {"2019-12-31": "3.84000", "2018-12-31": "2.71000", "2017-12-31": "2.49000", "2016-12-31": "1.87000", "2015-12-31": "5.87000", "2014-12-31": "3.09000", "2013-12-31": "1.73000", "2012-12-31": "2.09000", "2011-12-31": "3.48000", "2010-12-31": "2.98000", "2009-12-31": "2.08000", "2008-12-31": "-17.60000", "2007-12-31": "2.00000", "2006-12-31": "1.44000", "2005-12-31": "1.36000"}, "EPS - Earnings Per Share": {"2019-12-31": "3.77000", "2018-12-31": "2.65000", "2017-12-31": "2.42000", "2016-12-31": "1.82000", "2015-12-31": "5.70000", "2014-12-31": "2.99000", "2013-12-31": "1.67000", "2012-12-31": "2.00000", "2011-12-31": "3.41000", "2010-12-31": "2.93000", "2009-12-31": "2.05000", "2008-12-31": "-17.60000", "2007-12-31": "1.88000", "2006-12-31": "1.40000", "2005-12-31": "1.30000"}}, "income statement, quarterly": {"Revenue": {"2020-09-30": "1504.00000", "2020-06-30": "566.00000", "2020-03-31": "2209.00000", "2019-12-31": "2747.00000", "2019-09-30": "3558.00000", "2019-06-30": "3153.00000", "2019-03-31": "2609.00000", "2018-12-31": "2559.00000", "2018-09-30": "3276.00000", "2018-06-30": "2880.00000", "2018-03-31": "2508.00000", "2017-12-31": "2319.00000", "2017-09-30": "2966.00000", "2017-06-30": "2586.00000", "2017-03-31": "2189.00000", "2016-12-31": "2093.26500", "2016-09-30": "2580.90500", "2016-06-30": "2195.86900", "2016-03-31": "1903.96100", "2015-12-31": "1698.56700", "2015-09-30": "1937.75300", "2015-06-30": "1662.60000", "2015-03-31": "1373.39700", "2014-12-31": "1355.97800", "2014-09-30": "1712.50400", "2014-06-30": "1494.63200", "2014-03-31": "1200.37100", "2013-12-31": "1152.01500", "2013-09-30": "1401.86000", "2013-06-30": "1205.01700", "2013-03-31": "1012.36700", "2012-12-31": "974.85890", "2012-09-30": "1199.02000", "2012-06-30": "1039.98000", "2012-03-31": "816.48800", "2011-12-31": "787.13300", "2011-09-30": "1020.45000", "2011-06-30": "913.59100", "2011-03-31": "727.83500", "2010-12-31": "493.90590", "2010-09-30": "987.86000", "2010-06-30": "833.96000", "2010-03-31": "717.91900", "2009-12-31": "485.14300", "2009-09-30": "852.42800", "2009-06-30": "769.76800", "2009-03-31": "635.71200", "2008-12-31": "620.81100", "2008-09-30": "833.33700", "2008-06-30": "795.04800", "2008-03-31": "687.81700", "2007-12-31": "665.30210", "2007-09-30": "759.59600", "2007-06-30": "689.92300", "2007-03-31": "550.51100", "2006-12-31": "531.28790", "2006-09-30": "613.94200", "2006-06-30": "598.45800", "2006-03-31": "493.89800", "2005-12-31": "494.74900", "2005-09-30": "584.65300", "2005-06-30": "555.00700", "2005-03-31": "485.04600"}, "Cost Of Goods Sold": {"2020-09-30": "375.00000", "2020-06-30": "389.00000", "2020-03-31": "629.00000", "2019-12-31": "625.00000", "2019-09-30": "548.00000", "2019-06-30": "500.00000", "2019-03-31": "490.00000", "2018-12-31": "476.00000", "2018-09-30": "504.00000", "2018-06-30": "498.00000", "2018-03-31": "487.00000", "2017-12-31": "437.00000", "2017-09-30": "459.00000", "2017-06-30": "439.00000", "2017-03-31": "422.00000", "2016-12-31": "371.14300", "2016-09-30": "416.90700", "2016-06-30": "406.38000", "2016-03-31": "402.57000", "2015-12-31": "338.49290", "2015-09-30": "328.06600", "2015-06-30": "321.08200", "2015-03-31": "321.91800", "2014-12-31": "284.25310", "2014-09-30": "299.70800", "2014-06-30": "300.50100", "2014-03-31": "294.61900", "2013-12-31": "248.52810", "2013-09-30": "276.31800", "2013-06-30": "262.60700", "2013-03-31": "250.58100", "2012-12-31": "225.13200", "2012-09-30": "243.63300", "2012-06-30": "229.74100", "2012-03-31": "200.09800", "2011-12-31": "183.40100", "2011-09-30": "206.45100", "2011-06-30": "195.81000", "2011-03-31": "175.61000", "2010-12-31": "168.85300", "2010-09-30": "190.03300", "2010-06-30": "168.57100", "2010-03-31": "158.03000", "2009-12-31": "140.97100", "2009-09-30": "169.43600", "2009-06-30": "148.76200", "2009-03-31": "143.51300", "2008-12-31": "138.68700", "2008-09-30": "177.73500", "2008-06-30": "170.02700", "2008-03-31": "152.26000", "2007-12-31": "149.05910", "2007-09-30": "151.05300", "2007-06-30": "143.64600", "2007-03-31": "121.29800", "2006-12-31": "121.78100", "2006-09-30": "133.09400", "2006-06-30": "128.44900", "2006-03-31": "119.31400", "2005-12-31": "112.61200", "2005-09-30": "124.02000", "2005-06-30": "129.48400", "2005-03-31": "114.10300"}, "Gross Profit": {"2020-09-30": "1129.00000", "2020-06-30": "177.00000", "2020-03-31": "1580.00000", "2019-12-31": "2122.00000", "2019-09-30": "3010.00000", "2019-06-30": "2653.00000", "2019-03-31": "2119.00000", "2018-12-31": "2083.00000", "2018-09-30": "2772.00000", "2018-06-30": "2382.00000", "2018-03-31": "2021.00000", "2017-12-31": "1882.00000", "2017-09-30": "2507.00000", "2017-06-30": "2147.00000", "2017-03-31": "1767.00000", "2016-12-31": "1722.12200", "2016-09-30": "2163.99800", "2016-06-30": "1789.48900", "2016-03-31": "1501.39100", "2015-12-31": "1360.07400", "2015-09-30": "1609.68700", "2015-06-30": "1341.51800", "2015-03-31": "1051.47900", "2014-12-31": "1071.72500", "2014-09-30": "1412.79600", "2014-06-30": "1194.13100", "2014-03-31": "905.75200", "2013-12-31": "903.48680", "2013-09-30": "1125.54200", "2013-06-30": "942.41000", "2013-03-31": "761.78600", "2012-12-31": "749.72690", "2012-09-30": "955.38700", "2012-06-30": "810.23900", "2012-03-31": "616.39000", "2011-12-31": "603.73200", "2011-09-30": "813.99900", "2011-06-30": "717.78100", "2011-03-31": "552.22500", "2010-12-31": "325.05290", "2010-09-30": "797.82700", "2010-06-30": "665.38900", "2010-03-31": "559.88900", "2009-12-31": "344.17200", "2009-09-30": "682.99190", "2009-06-30": "621.00600", "2009-03-31": "492.19900", "2008-12-31": "482.12400", "2008-09-30": "655.60200", "2008-06-30": "625.02100", "2008-03-31": "535.55700", "2007-12-31": "516.24300", "2007-09-30": "608.54300", "2007-06-30": "546.27700", "2007-03-31": "429.21300", "2006-12-31": "409.50690", "2006-09-30": "480.84800", "2006-06-30": "470.00900", "2006-03-31": "374.58400", "2005-12-31": "382.13700", "2005-09-30": "460.63300", "2005-06-30": "425.52300", "2005-03-31": "370.94300"}, "Research And Development Expenses": {"2020-09-30": "224.00000", "2020-06-30": "255.00000", "2020-03-31": "308.00000", "2019-12-31": "858.00000", "2019-09-30": "304.00000", "2019-06-30": "304.00000", "2019-03-31": "297.00000", "2018-12-31": "417.00000", "2018-09-30": "404.00000", "2018-06-30": "400.00000", "2018-03-31": "396.00000", "2017-12-31": "372.00000", "2017-09-30": "350.00000", "2017-06-30": "343.00000", "2017-03-31": "322.00000", "2016-12-31": "324.07890", "2016-09-30": "301.44600", "2016-06-30": "317.92100", "2016-03-31": "291.55400", "2015-12-31": "250.57000", "2015-09-30": "202.70300", "2015-06-30": "186.51600", "2015-03-31": "190.45500", "2014-12-31": "181.35000", "2014-09-30": "172.75400", "2014-06-30": "169.07500", "2014-03-31": "162.97500", "2013-12-31": "155.03900", "2013-09-30": "143.81600", "2013-06-30": "140.68200", "2013-03-31": "138.28300", "2012-12-31": "134.34400", "2012-09-30": "125.61700", "2012-06-30": "116.02600", "2012-03-31": "108.91100", "2011-12-31": "102.61900", "2011-09-30": "98.47200", "2011-06-30": "93.10100", "2011-03-31": "86.80700", "2010-12-31": "41.27200", "2010-09-30": "93.29700", "2010-06-30": "87.42000", "2010-03-31": "86.79100", "2009-12-31": "48.44400", "2009-09-30": "78.63700", "2009-06-30": "77.88100", "2009-03-31": "77.67200", "2008-12-31": "72.07800", "2008-09-30": "72.19500", "2008-06-30": "71.54400", "2008-03-31": "71.94600", "2007-12-31": "114.84800", "2007-09-30": "47.45200", "2007-06-30": "41.51100", "2007-03-31": "42.25200", "2006-12-31": "35.50500", "2006-09-30": "36.03400", "2006-06-30": "33.28800", "2006-03-31": "35.54400", "2005-12-31": "28.50900", "2005-09-30": "30.85400", "2005-06-30": "35.15200", "2005-03-31": "35.99200"}, "SG&A Expenses": {"2020-09-30": "663.00000", "2020-06-30": "448.00000", "2020-03-31": "1397.00000", "2019-12-31": "1573.00000", "2019-09-30": "1856.00000", "2019-06-30": "1848.00000", "2019-03-31": "1705.00000", "2018-12-31": "1420.00000", "2018-09-30": "1703.00000", "2018-06-30": "1737.00000", "2018-03-31": "1715.00000", "2017-12-31": "1322.00000", "2017-09-30": "1602.00000", "2017-06-30": "1622.00000", "2017-03-31": "1428.00000", "2016-12-31": "1141.74300", "2016-09-30": "1370.35000", "2016-06-30": "1347.54800", "2016-03-31": "1185.35900", "2015-12-31": "974.89000", "2015-09-30": "1073.45700", "2015-06-30": "1026.87400", "2015-03-31": "879.77800", "2014-12-31": "743.00280", "2014-09-30": "920.79900", "2014-06-30": "846.15600", "2014-03-31": "723.74400", "2013-12-31": "584.68590", "2013-09-30": "717.64700", "2013-06-30": "682.35900", "2013-03-31": "588.53100", "2012-12-31": "492.05410", "2012-09-30": "590.89600", "2012-06-30": "527.79100", "2012-03-31": "455.65000", "2011-12-31": "402.90410", "2011-09-30": "486.84900", "2011-06-30": "472.52800", "2011-03-31": "422.06800", "2010-12-31": "345.95400", "2010-09-30": "419.60000", "2010-06-30": "375.93500", "2010-03-31": "351.89600", "2009-12-31": "333.27300", "2009-09-30": "358.01200", "2009-06-30": "338.87200", "2009-03-31": "303.79300", "2008-12-31": "286.22600", "2008-09-30": "367.99400", "2008-06-30": "364.27600", "2008-03-31": "355.56200", "2007-12-31": "254.80000", "2007-09-30": "362.70600", "2007-06-30": "331.63800", "2007-03-31": "298.43100", "2006-12-31": "250.49600", "2006-09-30": "281.24200", "2006-06-30": "269.71900", "2006-03-31": "274.38700", "2005-12-31": "232.51400", "2005-09-30": "245.24600", "2005-06-30": "258.72400", "2005-03-31": "236.52900"}, "Other Operating Income Or Expenses": {"2020-09-30": "-43.00000", "2020-06-30": "-18.00000", "2020-03-31": "21.00000", "2019-12-31": "-9.00000", "2019-09-30": "-11.00000", "2019-06-30": "-4.00000", "2019-03-31": "-10.00000", "2018-12-31": "-57.00000", "2018-09-30": "78.00000", "2018-06-30": "-1.00000", "2018-03-31": "-3.00000", "2017-12-31": "-2.00000", "2017-09-30": "1.00000", "2017-06-30": "-3.00000", "2017-03-31": "-21.00000", "2016-12-31": "-31.20900", "2016-09-30": "-24.47300", "2016-06-30": "-4.34400", "2016-03-31": "-1.97400", "2015-12-31": "-9.13100", "2015-09-30": "114.55000", "2015-06-30": "-5.51000", "2015-03-31": "-2.52900", "2014-12-31": "-2.69600", "2014-09-30": "-3.88800", "2014-06-30": "-31.41600", "2014-03-31": "-3.53900", "2013-12-31": "-3.24100", "2013-09-30": "-6.87400", "2013-06-30": "-6.24600", "2013-03-31": "-61.55800", "2012-12-31": "-111.64100", "2012-09-30": "-2.31000", "2012-06-30": "-3.35000", "2012-03-31": "0.27600", "2011-12-31": "-1.95100", "2011-09-30": "-14.01500", "2011-06-30": "-2.53100", "2011-03-31": "-2.35800", "2010-12-31": "", "2010-09-30": "0.00000", "2010-06-30": "", "2010-03-31": "", "2009-12-31": "6.21200", "2009-09-30": "", "2009-06-30": "-74.21100", "2009-03-31": "", "2008-12-31": "", "2008-09-30": "", "2008-06-30": "", "2008-03-31": "", "2007-12-31": "", "2007-09-30": "", "2007-06-30": "", "2007-03-31": "", "2006-12-31": "", "2006-09-30": "-47.00000", "2006-06-30": "", "2006-03-31": "", "2005-12-31": "", "2005-09-30": "", "2005-06-30": "", "2005-03-31": ""}, "Operating Expenses": {"2020-09-30": "1617.00000", "2020-06-30": "1415.00000", "2020-03-31": "3503.00000", "2019-12-31": "2587.00000", "2019-09-30": "2949.00000", "2019-06-30": "2888.00000", "2019-03-31": "2740.00000", "2018-12-31": "2463.00000", "2018-09-30": "2604.00000", "2018-06-30": "2769.00000", "2018-03-31": "2673.00000", "2017-12-31": "2205.00000", "2017-09-30": "2485.00000", "2017-06-30": "2483.00000", "2017-03-31": "2262.00000", "2016-12-31": "1945.78100", "2016-09-30": "2194.75300", "2016-06-30": "2170.20700", "2016-03-31": "2001.25900", "2015-12-31": "1669.09000", "2015-09-30": "1592.75500", "2015-06-30": "1572.50800", "2015-03-31": "1424.39800", "2014-12-31": "1261.27200", "2014-09-30": "1415.66800", "2014-06-30": "1365.41200", "2014-03-31": "1203.36900", "2013-12-31": "1013.30400", "2013-09-30": "1163.16900", "2013-06-30": "1110.73100", "2013-03-31": "1117.99500", "2012-12-31": "973.34910", "2012-09-30": "971.93000", "2012-06-30": "885.53900", "2012-03-31": "767.80500", "2011-12-31": "695.48790", "2011-09-30": "811.35100", "2011-06-30": "769.88400", "2011-03-31": "692.67690", "2010-12-31": "575.78690", "2010-09-30": "711.05600", "2010-06-30": "640.27000", "2010-03-31": "605.74500", "2009-12-31": "517.96300", "2009-09-30": "629.45400", "2009-06-30": "655.12600", "2009-03-31": "542.76500", "2008-12-31": "3509.88900", "2008-09-30": "633.75100", "2008-06-30": "624.50700", "2008-03-31": "597.81900", "2007-12-31": "536.96400", "2007-09-30": "579.82400", "2007-06-30": "536.29800", "2007-03-31": "483.17700", "2006-12-31": "431.74790", "2006-09-30": "524.65000", "2006-06-30": "462.20300", "2006-03-31": "467.65600", "2005-12-31": "409.04000", "2005-09-30": "436.01400", "2005-06-30": "458.62800", "2005-03-31": "418.72100"}, "Operating Income": {"2020-09-30": "-113.00000", "2020-06-30": "-849.00000", "2020-03-31": "-1294.00000", "2019-12-31": "160.00000", "2019-09-30": "609.00000", "2019-06-30": "265.00000", "2019-03-31": "-131.00000", "2018-12-31": "96.00000", "2018-09-30": "672.00000", "2018-06-30": "111.00000", "2018-03-31": "-165.00000", "2017-12-31": "114.00000", "2017-09-30": "481.00000", "2017-06-30": "103.00000", "2017-03-31": "-73.00000", "2016-12-31": "147.48350", "2016-09-30": "386.15210", "2016-06-30": "25.66190", "2016-03-31": "-97.29790", "2015-12-31": "29.47690", "2015-09-30": "344.99820", "2015-06-30": "90.09190", "2015-03-31": "-51.00110", "2014-12-31": "94.70650", "2014-09-30": "296.83610", "2014-06-30": "129.21980", "2014-03-31": "-2.99800", "2013-12-31": "138.71110", "2013-09-30": "238.69100", "2013-06-30": "94.28600", "2013-03-31": "-105.62800", "2012-12-31": "1.50990", "2012-09-30": "227.09000", "2012-06-30": "154.44100", "2012-03-31": "48.68300", "2011-12-31": "91.64510", "2011-09-30": "209.09900", "2011-06-30": "143.70700", "2011-03-31": "35.15810", "2010-12-31": "-81.88090", "2010-09-30": "276.80400", "2010-06-30": "193.69000", "2010-03-31": "112.17400", "2009-12-31": "-32.82000", "2009-09-30": "222.97400", "2009-06-30": "114.64200", "2009-03-31": "92.94700", "2008-12-31": "-2889.07800", "2008-09-30": "199.58600", "2008-06-30": "170.54100", "2008-03-31": "89.99810", "2007-12-31": "128.33810", "2007-09-30": "179.77200", "2007-06-30": "153.62500", "2007-03-31": "67.33400", "2006-12-31": "99.54000", "2006-09-30": "89.29200", "2006-06-30": "136.25500", "2006-03-31": "26.24200", "2005-12-31": "85.70900", "2005-09-30": "148.63900", "2005-06-30": "96.37900", "2005-03-31": "66.32500"}, "Total Non-Operating Income/Expense": {"2020-09-30": "-111.00000", "2020-06-30": "-104.00000", "2020-03-31": "-185.00000", "2019-12-31": "-40.00000", "2019-09-30": "-48.00000", "2019-06-30": "-30.00000", "2019-03-31": "-10.00000", "2018-12-31": "-40.00000", "2018-09-30": "-60.00000", "2018-06-30": "-125.00000", "2018-03-31": "-4.00000", "2017-12-31": "-38.00000", "2017-09-30": "-66.00000", "2017-06-30": "-46.00000", "2017-03-31": "-58.00000", "2016-12-31": "-31.95800", "2016-09-30": "-46.59700", "2016-06-30": "-37.85700", "2016-03-31": "-68.58800", "2015-12-31": "-35.41000", "2015-09-30": "-2.81100", "2015-06-30": "467.96500", "2015-03-31": "82.65200", "2014-12-31": "-6.71000", "2014-09-30": "-7.31100", "2014-06-30": "-22.61500", "2014-03-31": "-16.48700", "2013-12-31": "-18.25000", "2013-09-30": "-26.61100", "2013-06-30": "-6.86300", "2013-03-31": "-13.64300", "2012-12-31": "-17.48200", "2012-09-30": "-22.75200", "2012-06-30": "-19.57700", "2012-03-31": "-21.85600", "2011-12-31": "-22.06600", "2011-09-30": "-6.66000", "2011-06-30": "-22.44200", "2011-03-31": "-26.36900", "2010-12-31": "1.45900", "2010-09-30": "-38.19600", "2010-06-30": "-18.17100", "2010-03-31": "-20.04000", "2009-12-31": "11.19100", "2009-09-30": "-24.77600", "2009-06-30": "-38.46100", "2009-03-31": "-25.92100", "2008-12-31": "-29.25000", "2008-09-30": "-35.87600", "2008-06-30": "-9.36700", "2008-03-31": "-11.25800", "2007-12-31": "-14.32300", "2007-09-30": "-14.94600", "2007-06-30": "6.58600", "2007-03-31": "-9.40200", "2006-12-31": "3.41800", "2006-09-30": "7.76600", "2006-06-30": "17.02500", "2006-03-31": "5.36000", "2005-12-31": "-19.12300", "2005-09-30": "1.92100", "2005-06-30": "23.18800", "2005-03-31": "10.83300"}, "Pre-Tax Income": {"2020-09-30": "-224.00000", "2020-06-30": "-953.00000", "2020-03-31": "-1479.00000", "2019-12-31": "120.00000", "2019-09-30": "561.00000", "2019-06-30": "235.00000", "2019-03-31": "-141.00000", "2018-12-31": "56.00000", "2018-09-30": "612.00000", "2018-06-30": "-14.00000", "2018-03-31": "-169.00000", "2017-12-31": "76.00000", "2017-09-30": "415.00000", "2017-06-30": "57.00000", "2017-03-31": "-131.00000", "2016-12-31": "115.52600", "2016-09-30": "339.55500", "2016-06-30": "-12.19500", "2016-03-31": "-165.88600", "2015-12-31": "-5.93300", "2015-09-30": "342.18700", "2015-06-30": "558.05700", "2015-03-31": "31.65100", "2014-12-31": "87.99600", "2014-09-30": "289.52500", "2014-06-30": "106.60500", "2014-03-31": "-19.48500", "2013-12-31": "120.46100", "2013-09-30": "212.08000", "2013-06-30": "87.42300", "2013-03-31": "-119.27100", "2012-12-31": "-15.97200", "2012-09-30": "204.33800", "2012-06-30": "134.86400", "2012-03-31": "26.82700", "2011-12-31": "69.57900", "2011-09-30": "202.43900", "2011-06-30": "121.26500", "2011-03-31": "8.78900", "2010-12-31": "-80.42200", "2010-09-30": "238.60800", "2010-06-30": "175.51900", "2010-03-31": "92.13400", "2009-12-31": "-21.62900", "2009-09-30": "198.19800", "2009-06-30": "76.18100", "2009-03-31": "67.02600", "2008-12-31": "-2918.32800", "2008-09-30": "163.71000", "2008-06-30": "161.17400", "2008-03-31": "78.74000", "2007-12-31": "114.01500", "2007-09-30": "164.82600", "2007-06-30": "160.21100", "2007-03-31": "57.93200", "2006-12-31": "102.95800", "2006-09-30": "97.05800", "2006-06-30": "153.28000", "2006-03-31": "31.60200", "2005-12-31": "66.58600", "2005-09-30": "150.56000", "2005-06-30": "119.56700", "2005-03-31": "77.15800"}, "Income Taxes": {"2020-09-30": "-24.00000", "2020-06-30": "-213.00000", "2020-03-31": "-82.00000", "2019-12-31": "42.00000", "2019-09-30": "154.00000", "2019-06-30": "48.00000", "2019-03-31": "-41.00000", "2018-12-31": "31.00000", "2018-09-30": "81.00000", "2018-06-30": "-5.00000", "2018-03-31": "-20.00000", "2017-12-31": "23.00000", "2017-09-30": "66.00000", "2017-06-30": "3.00000", "2017-03-31": "-47.00000", "2016-12-31": "30.92900", "2016-09-30": "60.62700", "2016-06-30": "-18.20200", "2016-03-31": "-57.35400", "2015-12-31": "6.95300", "2015-09-30": "65.95000", "2015-06-30": "131.22100", "2015-03-31": "-0.91000", "2014-12-31": "31.71700", "2014-09-30": "38.90400", "2014-06-30": "20.75100", "2014-03-31": "0.31900", "2013-12-31": "26.47400", "2013-09-30": "45.35600", "2013-06-30": "24.40800", "2013-03-31": "-11.90300", "2012-12-31": "-23.06700", "2012-09-30": "36.15000", "2012-06-30": "28.75500", "2012-03-31": "5.24000", "2011-12-31": "9.11400", "2011-09-30": "30.59900", "2011-06-30": "33.13200", "2011-03-31": "2.88600", "2010-12-31": "-31.94300", "2010-09-30": "60.58400", "2010-06-30": "60.16600", "2010-03-31": "31.53500", "2009-12-31": "-40.49300", "2009-09-30": "80.38500", "2009-06-30": "34.33800", "2009-03-31": "27.27200", "2008-12-31": "-158.17300", "2008-09-30": "69.22300", "2008-06-30": "65.94400", "2008-03-31": "28.97200", "2007-12-31": "49.88400", "2007-09-30": "65.54200", "2007-06-30": "64.07600", "2007-03-31": "23.61200", "2006-12-31": "35.92800", "2006-09-30": "37.70700", "2006-06-30": "56.15800", "2006-03-31": "9.65800", "2005-12-31": "42.08200", "2005-09-30": "69.02600", "2005-06-30": "45.48400", "2005-03-31": "29.38500"}, "Income After Taxes": {"2020-09-30": "-200.00000", "2020-06-30": "-740.00000", "2020-03-31": "-1397.00000", "2019-12-31": "78.00000", "2019-09-30": "407.00000", "2019-06-30": "187.00000", "2019-03-31": "-100.00000", "2018-12-31": "25.00000", "2018-09-30": "531.00000", "2018-06-30": "-9.00000", "2018-03-31": "-149.00000", "2017-12-31": "53.00000", "2017-09-30": "349.00000", "2017-06-30": "54.00000", "2017-03-31": "-84.00000", "2016-12-31": "84.59700", "2016-09-30": "278.92800", "2016-06-30": "6.00700", "2016-03-31": "-108.53200", "2015-12-31": "-12.88600", "2015-09-30": "276.23700", "2015-06-30": "426.83600", "2015-03-31": "32.56100", "2014-12-31": "56.27900", "2014-09-30": "250.62100", "2014-06-30": "85.85400", "2014-03-31": "-19.80400", "2013-12-31": "93.98700", "2013-09-30": "166.72400", "2013-06-30": "63.01500", "2013-03-31": "-107.36800", "2012-12-31": "7.09500", "2012-09-30": "168.18800", "2012-06-30": "106.10900", "2012-03-31": "21.58700", "2011-12-31": "60.46500", "2011-09-30": "171.84000", "2011-06-30": "88.13300", "2011-03-31": "5.90300", "2010-12-31": "-48.47900", "2010-09-30": "178.02400", "2010-06-30": "115.35300", "2010-03-31": "60.59900", "2009-12-31": "18.86400", "2009-09-30": "117.81300", "2009-06-30": "41.84300", "2009-03-31": "39.75400", "2008-12-31": "-2760.15500", "2008-09-30": "94.48700", "2008-06-30": "95.23000", "2008-03-31": "49.76800", "2007-12-31": "64.13100", "2007-09-30": "99.28400", "2007-06-30": "96.13500", "2007-03-31": "34.32000", "2006-12-31": "67.03000", "2006-09-30": "59.35100", "2006-06-30": "97.12200", "2006-03-31": "21.94400", "2005-12-31": "24.50400", "2005-09-30": "81.53400", "2005-06-30": "74.08300", "2005-03-31": "47.77300"}, "Other Income": {"2020-09-30": "", "2020-06-30": "", "2020-03-31": "", "2019-12-31": "", "2019-09-30": "", "2019-06-30": "", "2019-03-31": "", "2018-12-31": "", "2018-09-30": "", "2018-06-30": "", "2018-03-31": "", "2017-12-31": "", "2017-09-30": "", "2017-06-30": "", "2017-03-31": "", "2016-12-31": "", "2016-09-30": "", "2016-06-30": "", "2016-03-31": "", "2015-12-31": "", "2015-09-30": "", "2015-06-30": "", "2015-03-31": "", "2014-12-31": "", "2014-09-30": "", "2014-06-30": "", "2014-03-31": "", "2013-12-31": "", "2013-09-30": "", "2013-06-30": "", "2013-03-31": "", "2012-12-31": "", "2012-09-30": "", "2012-06-30": "", "2012-03-31": "", "2011-12-31": "", "2011-09-30": "", "2011-06-30": "", "2011-03-31": "", "2010-12-31": "", "2010-09-30": "", "2010-06-30": "", "2010-03-31": "", "2009-12-31": "", "2009-09-30": "", "2009-06-30": "", "2009-03-31": "", "2008-12-31": "", "2008-09-30": "", "2008-06-30": "", "2008-03-31": "", "2007-12-31": "", "2007-09-30": "", "2007-06-30": "", "2007-03-31": "", "2006-12-31": "", "2006-09-30": "", "2006-06-30": "", "2006-03-31": "", "2005-12-31": "", "2005-09-30": "", "2005-06-30": "", "2005-03-31": ""}, "Income From Continuous Operations": {"2020-09-30": "-200.00000", "2020-06-30": "-740.00000", "2020-03-31": "-1397.00000", "2019-12-31": "78.00000", "2019-09-30": "407.00000", "2019-06-30": "187.00000", "2019-03-31": "-100.00000", "2018-12-31": "25.00000", "2018-09-30": "531.00000", "2018-06-30": "-9.00000", "2018-03-31": "-149.00000", "2017-12-31": "53.00000", "2017-09-30": "349.00000", "2017-06-30": "54.00000", "2017-03-31": "-84.00000", "2016-12-31": "84.59700", "2016-09-30": "278.92800", "2016-06-30": "6.00700", "2016-03-31": "-108.53200", "2015-12-31": "-12.88600", "2015-09-30": "276.23700", "2015-06-30": "426.83600", "2015-03-31": "32.56100", "2014-12-31": "56.27900", "2014-09-30": "250.62100", "2014-06-30": "85.85400", "2014-03-31": "-19.80400", "2013-12-31": "93.98700", "2013-09-30": "166.72400", "2013-06-30": "63.01500", "2013-03-31": "-107.36800", "2012-12-31": "7.09500", "2012-09-30": "168.18800", "2012-06-30": "106.10900", "2012-03-31": "21.58700", "2011-12-31": "60.46500", "2011-09-30": "171.84000", "2011-06-30": "88.13300", "2011-03-31": "5.90300", "2010-12-31": "-48.47900", "2010-09-30": "178.02400", "2010-06-30": "115.35300", "2010-03-31": "60.59900", "2009-12-31": "18.86400", "2009-09-30": "117.81300", "2009-06-30": "41.84300", "2009-03-31": "39.75400", "2008-12-31": "-2761.01400", "2008-09-30": "94.48700", "2008-06-30": "96.08900", "2008-03-31": "49.76800", "2007-12-31": "63.36300", "2007-09-30": "99.59500", "2007-06-30": "96.13600", "2007-03-31": "34.77600", "2006-12-31": "67.14000", "2006-09-30": "58.97700", "2006-06-30": "95.48200", "2006-03-31": "23.33500", "2005-12-31": "25.23400", "2005-09-30": "82.03500", "2005-06-30": "73.43200", "2005-03-31": "48.02900"}, "Income From Discontinued Operations": {"2020-09-30": "", "2020-06-30": "", "2020-03-31": "", "2019-12-31": "", "2019-09-30": "", "2019-06-30": "", "2019-03-31": "", "2018-12-31": "", "2018-09-30": "", "2018-06-30": "", "2018-03-31": "", "2017-12-31": "", "2017-09-30": "", "2017-06-30": "", "2017-03-31": "", "2016-12-31": "", "2016-09-30": "", "2016-06-30": "", "2016-03-31": "", "2015-12-31": "", "2015-09-30": "", "2015-06-30": "", "2015-03-31": "", "2014-12-31": "", "2014-09-30": "", "2014-06-30": "", "2014-03-31": "", "2013-12-31": "", "2013-09-30": "", "2013-06-30": "", "2013-03-31": "", "2012-12-31": "-0.19300", "2012-09-30": "1.54300", "2012-06-30": "", "2012-03-31": "-23.88900", "2011-12-31": "10.63300", "2011-09-30": "38.56600", "2011-06-30": "52.75700", "2011-03-31": "46.30600", "2010-12-31": "", "2010-09-30": "", "2010-06-30": "", "2010-03-31": "", "2009-12-31": "", "2009-09-30": "", "2009-06-30": "", "2009-03-31": "", "2008-12-31": "", "2008-09-30": "", "2008-06-30": "", "2008-03-31": "", "2007-12-31": "", "2007-09-30": "", "2007-06-30": "", "2007-03-31": "", "2006-12-31": "", "2006-09-30": "", "2006-06-30": "", "2006-03-31": "", "2005-12-31": "", "2005-09-30": "", "2005-06-30": "", "2005-03-31": ""}, "Net Income": {"2020-09-30": "-221.00000", "2020-06-30": "-753.00000", "2020-03-31": "-1301.00000", "2019-12-31": "76.00000", "2019-09-30": "409.00000", "2019-06-30": "183.00000", "2019-03-31": "-103.00000", "2018-12-31": "17.00000", "2018-09-30": "525.00000", "2018-06-30": "1.00000", "2018-03-31": "-137.00000", "2017-12-31": "55.00000", "2017-09-30": "352.00000", "2017-06-30": "57.00000", "2017-03-31": "-86.00000", "2016-12-31": "79.60900", "2016-09-30": "279.33100", "2016-06-30": "31.64900", "2016-03-31": "-108.58900", "2015-12-31": "-12.53800", "2015-09-30": "283.21600", "2015-06-30": "449.64400", "2015-03-31": "44.14300", "2014-12-31": "65.96900", "2014-09-30": "257.05900", "2014-06-30": "89.37300", "2014-03-31": "-14.30400", "2013-12-31": "94.71700", "2013-09-30": "170.85900", "2013-06-30": "71.50000", "2013-03-31": "-104.22600", "2012-12-31": "6.73400", "2012-09-30": "171.47700", "2012-06-30": "105.24100", "2012-03-31": "-3.28100", "2011-12-31": "70.32800", "2011-09-30": "209.53400", "2011-06-30": "140.39300", "2011-03-31": "52.03900", "2010-12-31": "71.29300", "2010-09-30": "176.55000", "2010-06-30": "114.26200", "2010-03-31": "59.39500", "2009-12-31": "102.22600", "2009-09-30": "117.01400", "2009-06-30": "40.90200", "2009-03-31": "39.38400", "2008-12-31": "-2759.98200", "2008-09-30": "94.82400", "2008-06-30": "96.08900", "2008-03-31": "51.30600", "2007-12-31": "65.35700", "2007-09-30": "99.59500", "2007-06-30": "96.13600", "2007-03-31": "34.77600", "2006-12-31": "67.14000", "2006-09-30": "58.97700", "2006-06-30": "95.48200", "2006-03-31": "23.33500", "2005-12-31": "25.23400", "2005-09-30": "82.03500", "2005-06-30": "73.43200", "2005-03-31": "48.02900"}, "EBITDA": {"2020-09-30": "209.00000", "2020-06-30": "-533.00000", "2020-03-31": "-124.00000", "2019-12-31": "452.00000", "2019-09-30": "897.00000", "2019-06-30": "552.00000", "2019-03-31": "153.00000", "2018-12-31": "449.00000", "2018-09-30": "968.00000", "2018-06-30": "463.00000", "2018-03-31": "124.00000", "2017-12-31": "395.00000", "2017-09-30": "715.00000", "2017-06-30": "371.00000", "2017-03-31": "182.00000", "2016-12-31": "426.92950", "2016-09-30": "632.90910", "2016-06-30": "326.29690", "2016-03-31": "146.86410", "2015-12-31": "242.44690", "2015-09-30": "527.21020", "2015-06-30": "237.74290", "2015-03-31": "77.37190", "2014-12-31": "203.73250", "2014-09-30": "405.12810", "2014-06-30": "234.05580", "2014-03-31": "102.44900", "2013-12-31": "240.26510", "2013-09-30": "328.20900", "2013-06-30": "180.34800", "2013-03-31": "30.88600", "2012-12-31": "74.76690", "2012-09-30": "295.77600", "2012-06-30": "218.35900", "2012-03-31": "103.37000", "2011-12-31": "156.15320", "2011-09-30": "264.47700", "2011-06-30": "192.78500", "2011-03-31": "84.97510", "2010-12-31": "-59.99590", "2010-09-30": "328.62590", "2010-06-30": "247.00000", "2010-03-31": "165.70900", "2009-12-31": "-9.70300", "2009-09-30": "272.99200", "2009-06-30": "162.31300", "2009-03-31": "145.22400", "2008-12-31": "-74.95090", "2008-09-30": "250.35100", "2008-06-30": "222.35100", "2008-03-31": "142.92300", "2007-12-31": "181.34010", "2007-09-30": "228.13300", "2007-06-30": "200.76200", "2007-03-31": "118.77800", "2006-12-31": "99.54000", "2006-09-30": "146.17200", "2006-06-30": "195.84800", "2006-03-31": "99.58800", "2005-12-31": "145.51600", "2005-09-30": "197.88800", "2005-06-30": "186.33200", "2005-03-31": "148.15000"}, "EBIT": {"2020-09-30": "-113.00000", "2020-06-30": "-849.00000", "2020-03-31": "-1294.00000", "2019-12-31": "160.00000", "2019-09-30": "609.00000", "2019-06-30": "265.00000", "2019-03-31": "-131.00000", "2018-12-31": "96.00000", "2018-09-30": "672.00000", "2018-06-30": "111.00000", "2018-03-31": "-165.00000", "2017-12-31": "114.00000", "2017-09-30": "481.00000", "2017-06-30": "103.00000", "2017-03-31": "-73.00000", "2016-12-31": "147.48390", "2016-09-30": "386.15210", "2016-06-30": "25.66190", "2016-03-31": "-97.29790", "2015-12-31": "29.47690", "2015-09-30": "344.99820", "2015-06-30": "90.09190", "2015-03-31": "-51.00110", "2014-12-31": "94.70630", "2014-09-30": "296.83610", "2014-06-30": "129.21980", "2014-03-31": "-2.99800", "2013-12-31": "138.71100", "2013-09-30": "238.69100", "2013-06-30": "94.28600", "2013-03-31": "-105.62800", "2012-12-31": "1.50990", "2012-09-30": "227.09000", "2012-06-30": "154.44100", "2012-03-31": "48.68300", "2011-12-31": "91.64510", "2011-09-30": "209.09900", "2011-06-30": "143.70700", "2011-03-31": "35.15810", "2010-12-31": "-81.88090", "2010-09-30": "276.80400", "2010-06-30": "193.69000", "2010-03-31": "112.17400", "2009-12-31": "-32.82000", "2009-09-30": "222.97400", "2009-06-30": "114.64200", "2009-03-31": "92.94700", "2008-12-31": "-2889.07800", "2008-09-30": "199.58600", "2008-06-30": "170.54100", "2008-03-31": "89.99810", "2007-12-31": "128.33810", "2007-09-30": "179.77200", "2007-06-30": "153.62500", "2007-03-31": "67.33400", "2006-12-31": "99.54000", "2006-09-30": "89.29200", "2006-06-30": "136.25500", "2006-03-31": "26.24200", "2005-12-31": "85.70900", "2005-09-30": "148.63900", "2005-06-30": "96.37900", "2005-03-31": "66.32500"}, "Basic Shares Outstanding": {"2020-09-30": "141.30600", "2020-06-30": "141.07200", "2020-03-31": "140.82300", "2019-12-31": "147.19400", "2019-09-30": "147.23200", "2019-06-30": "149.04900", "2019-03-31": "147.88200", "2018-12-31": "149.96100", "2018-09-30": "149.48200", "2018-06-30": "150.07600", "2018-03-31": "151.81700", "2017-12-31": "151.61900", "2017-09-30": "152.08800", "2017-06-30": "151.58200", "2017-03-31": "150.53100", "2016-12-31": "150.36700", "2016-09-30": "150.23900", "2016-06-30": "149.55200", "2016-03-31": "151.05200", "2015-12-31": "130.15900", "2015-09-30": "129.98900", "2015-06-30": "128.88700", "2015-03-31": "127.56300", "2014-12-31": "128.91200", "2014-09-30": "127.91100", "2014-06-30": "129.53800", "2014-03-31": "130.55900", "2013-12-31": "134.91200", "2013-09-30": "136.38000", "2013-06-30": "136.35100", "2013-03-31": "135.64100", "2012-12-31": "134.20300", "2012-09-30": "135.96800", "2012-06-30": "132.55600", "2012-03-31": "133.20200", "2011-12-31": "135.88800", "2011-09-30": "136.17600", "2011-06-30": "136.79600", "2011-03-31": "136.93000", "2010-12-31": "141.23300", "2010-09-30": "140.60750", "2010-06-30": "142.04400", "2010-03-31": "144.30100", "2009-12-31": "144.10700", "2009-09-30": "144.21300", "2009-06-30": "144.09000", "2009-03-31": "143.67200", "2008-12-31": "143.08350", "2008-09-30": "143.33700", "2008-06-30": "142.99300", "2008-03-31": "142.55850", "2007-12-31": "148.32000", "2007-09-30": "146.08550", "2007-06-30": "151.51750", "2007-03-31": "153.91400", "2006-12-31": "169.02350", "2006-09-30": "165.17950", "2006-06-30": "173.00700", "2006-03-31": "172.88850", "2005-12-31": "168.40950", "2005-09-30": "168.20450", "2005-06-30": "167.77000", "2005-03-31": "167.77000"}, "Shares Outstanding": {"2020-09-30": "141.30600", "2020-06-30": "141.07200", "2020-03-31": "140.82300", "2019-12-31": "149.88400", "2019-09-30": "150.63500", "2019-06-30": "151.56100", "2019-03-31": "147.88200", "2018-12-31": "152.88900", "2018-09-30": "153.15300", "2018-06-30": "152.61700", "2018-03-31": "151.81700", "2017-12-31": "156.38500", "2017-09-30": "157.76000", "2017-06-30": "157.03300", "2017-03-31": "150.53100", "2016-12-31": "154.51700", "2016-09-30": "154.23600", "2016-06-30": "153.53200", "2016-03-31": "151.05200", "2015-12-31": "134.01800", "2015-09-30": "133.41700", "2015-06-30": "132.96000", "2015-03-31": "131.40200", "2014-12-31": "133.16800", "2014-09-30": "132.27400", "2014-06-30": "133.66800", "2014-03-31": "130.55900", "2013-12-31": "139.59300", "2013-09-30": "140.45100", "2013-06-30": "141.11200", "2013-03-31": "135.64100", "2012-12-31": "139.92900", "2012-09-30": "141.42300", "2012-06-30": "138.19200", "2012-03-31": "139.30600", "2011-12-31": "138.70200", "2011-09-30": "139.68400", "2011-06-30": "139.05300", "2011-03-31": "139.08400", "2010-12-31": "144.01400", "2010-09-30": "143.14200", "2010-06-30": "144.48750", "2010-03-31": "147.25100", "2009-12-31": "146.07100", "2009-09-30": "146.86400", "2009-06-30": "145.44450", "2009-03-31": "143.93750", "2008-12-31": "143.08350", "2008-09-30": "145.86200", "2008-06-30": "146.99950", "2008-03-31": "147.01550", "2007-12-31": "157.11650", "2007-09-30": "156.37800", "2007-06-30": "160.09800", "2007-03-31": "161.87450", "2006-12-31": "176.09050", "2006-09-30": "170.56850", "2006-06-30": "179.54500", "2006-03-31": "182.58400", "2005-12-31": "174.76500", "2005-09-30": "176.67550", "2005-06-30": "170.27450", "2005-03-31": "170.27450"}, "Basic EPS": {"2020-09-30": "-1.56000", "2020-06-30": "-5.34000", "2020-03-31": "-9.24000", "2019-12-31": "0.53000", "2019-09-30": "2.77000", "2019-06-30": "1.23000", "2019-03-31": "-0.69000", "2018-12-31": "0.10000", "2018-09-30": "3.51000", "2018-06-30": "0.01000", "2018-03-31": "-0.91000", "2017-12-31": "0.37000", "2017-09-30": "2.32000", "2017-06-30": "0.37000", "2017-03-31": "-0.57000", "2016-12-31": "0.52000", "2016-09-30": "1.86000", "2016-06-30": "0.21000", "2016-03-31": "-0.72000", "2015-12-31": "-0.15000", "2015-09-30": "2.18000", "2015-06-30": "3.49000", "2015-03-31": "0.35000", "2014-12-31": "0.50000", "2014-09-30": "2.01000", "2014-06-30": "0.69000", "2014-03-31": "-0.11000", "2013-12-31": "0.73000", "2013-09-30": "1.25000", "2013-06-30": "0.52000", "2013-03-31": "-0.77000", "2012-12-31": "0.06000", "2012-09-30": "1.26000", "2012-06-30": "0.79000", "2012-03-31": "-0.02000", "2011-12-31": "0.53000", "2011-09-30": "1.54000", "2011-06-30": "1.03000", "2011-03-31": "0.38000", "2010-12-31": "0.50000", "2010-09-30": "1.26000", "2010-06-30": "0.80000", "2010-03-31": "0.42000", "2009-12-31": "0.70000", "2009-09-30": "0.82000", "2009-06-30": "0.28000", "2009-03-31": "0.28000", "2008-12-31": "-19.30000", "2008-09-30": "0.66000", "2008-06-30": "0.68000", "2008-03-31": "0.36000", "2007-12-31": "0.46000", "2007-09-30": "0.68000", "2007-06-30": "0.64000", "2007-03-31": "0.22000", "2006-12-31": "0.38000", "2006-09-30": "0.36000", "2006-06-30": "0.56000", "2006-03-31": "0.14000", "2005-12-31": "0.16000", "2005-09-30": "0.48000", "2005-06-30": "0.44000", "2005-03-31": "0.28000"}, "EPS - Earnings Per Share": {"2020-09-30": "-1.56000", "2020-06-30": "-5.34000", "2020-03-31": "-9.24000", "2019-12-31": "0.54000", "2019-09-30": "2.71000", "2019-06-30": "1.21000", "2019-03-31": "-0.69000", "2018-12-31": "0.12000", "2018-09-30": "3.43000", "2018-06-30": "0.01000", "2018-03-31": "-0.91000", "2017-12-31": "0.40000", "2017-09-30": "2.23000", "2017-06-30": "0.36000", "2017-03-31": "-0.57000", "2016-12-31": "0.52000", "2016-09-30": "1.81000", "2016-06-30": "0.21000", "2016-03-31": "-0.72000", "2015-12-31": "-0.14000", "2015-09-30": "2.12000", "2015-06-30": "3.38000", "2015-03-31": "0.34000", "2014-12-31": "0.49000", "2014-09-30": "1.94000", "2014-06-30": "0.67000", "2014-03-31": "-0.11000", "2013-12-31": "0.71000", "2013-09-30": "1.22000", "2013-06-30": "0.51000", "2013-03-31": "-0.77000", "2012-12-31": "0.05000", "2012-09-30": "1.21000", "2012-06-30": "0.76000", "2012-03-31": "-0.02000", "2011-12-31": "0.53000", "2011-09-30": "1.50000", "2011-06-30": "1.01000", "2011-03-31": "0.37000", "2010-12-31": "0.49000", "2010-09-30": "1.24000", "2010-06-30": "0.80000", "2010-03-31": "0.40000", "2009-12-31": "0.69000", "2009-09-30": "0.80000", "2009-06-30": "0.28000", "2009-03-31": "0.28000", "2008-12-31": "-19.26000", "2008-09-30": "0.66000", "2008-06-30": "0.66000", "2008-03-31": "0.34000", "2007-12-31": "0.42000", "2007-09-30": "0.64000", "2007-06-30": "0.60000", "2007-03-31": "0.22000", "2006-12-31": "0.40000", "2006-09-30": "0.34000", "2006-06-30": "0.54000", "2006-03-31": "0.12000", "2005-12-31": "0.12000", "2005-09-30": "0.46000", "2005-06-30": "0.44000", "2005-03-31": "0.28000"}}, "balance sheet": {"Cash On Hand": {"2019-12-31": "4620.00000", "2018-12-31": "2730.00000", "2017-12-31": "3384.00000", "2016-12-31": "1887.85700", "2015-12-31": "1721.36200", "2014-12-31": "1793.36800", "2013-12-31": "1372.58500", "2012-12-31": "1959.61800", "2011-12-31": "1357.03500", "2010-12-31": "1130.74500", "2009-12-31": "702.46500", "2008-12-31": "761.53000", "2007-12-31": "634.04100", "2006-12-31": "864.36700", "2005-12-31": "321.00100"}, "Receivables": {"2019-12-31": "2594.00000", "2018-12-31": "2175.00000", "2017-12-31": "1887.00000", "2016-12-31": "1362.64900", "2015-12-31": "1096.21100", "2014-12-31": "795.49500", "2013-12-31": "679.03100", "2012-12-31": "489.29500", "2011-12-31": "339.42700", "2010-12-31": "275.84600", "2009-12-31": "307.81700", "2008-12-31": "267.27000", "2007-12-31": "268.00800", "2006-12-31": "211.43000", "2005-12-31": "174.01900"}, "Inventory": {"2019-12-31": "", "2018-12-31": "", "2017-12-31": "", "2016-12-31": "", "2015-12-31": "", "2014-12-31": "", "2013-12-31": "", "2012-12-31": "", "2011-12-31": "", "2010-12-31": "", "2009-12-31": "", "2008-12-31": "", "2007-12-31": "", "2006-12-31": "", "2005-12-31": ""}, "Pre-Paid Expenses": {"2019-12-31": "521.00000", "2018-12-31": "292.00000", "2017-12-31": "269.00000", "2016-12-31": "199.74500", "2015-12-31": "158.68800", "2014-12-31": "166.35700", "2013-12-31": "101.54100", "2012-12-31": "110.31900", "2011-12-31": "121.54100", "2010-12-31": "105.93800", "2009-12-31": "214.76700", "2008-12-31": "169.91400", "2007-12-31": "143.60600", "2006-12-31": "102.02100", "2005-12-31": "95.22400"}, "Other Current Assets": {"2019-12-31": "", "2018-12-31": "", "2017-12-31": "", "2016-12-31": "", "2015-12-31": "", "2014-12-31": "", "2013-12-31": "", "2012-12-31": "", "2011-12-31": "", "2010-12-31": "", "2009-12-31": "", "2008-12-31": "", "2007-12-31": "", "2006-12-31": "", "2005-12-31": ""}, "Total Current Assets": {"2019-12-31": "7735.00000", "2018-12-31": "5197.00000", "2017-12-31": "5540.00000", "2016-12-31": "3450.25100", "2015-12-31": "2976.26100", "2014-12-31": "2924.48900", "2013-12-31": "2219.28700", "2012-12-31": "2642.26600", "2011-12-31": "2274.42900", "2010-12-31": "1707.55500", "2009-12-31": "1225.04900", "2008-12-31": "1198.71400", "2007-12-31": "1045.65500", "2006-12-31": "1177.81800", "2005-12-31": "590.24400"}, "Property, Plant, And Equipment": {"2019-12-31": "2198.00000", "2018-12-31": "1877.00000", "2017-12-31": "1575.00000", "2016-12-31": "1394.90400", "2015-12-31": "1064.25900", "2014-12-31": "553.12600", "2013-12-31": "480.70200", "2012-12-31": "409.37300", "2011-12-31": "320.28200", "2010-12-31": "246.31700", "2009-12-31": "236.82000", "2008-12-31": "247.95400", "2007-12-31": "179.49000", "2006-12-31": "137.14400", "2005-12-31": "90.98400"}, "Long-Term Investments": {"2019-12-31": "796.00000", "2018-12-31": "778.00000", "2017-12-31": "845.00000", "2016-12-31": "520.05800", "2015-12-31": "642.80200", "2014-12-31": "286.88200", "2013-12-31": "250.62600", "2012-12-31": "224.23100", "2011-12-31": "289.34800", "2010-12-31": "226.26800", "2009-12-31": "48.26200", "2008-12-31": "75.59300", "2007-12-31": "93.18200", "2006-12-31": "59.28900", "2005-12-31": "39.43100"}, "Goodwill And Intangible Assets": {"2019-12-31": "9931.00000", "2018-12-31": "10112.00000", "2017-12-31": "10538.00000", "2016-12-31": "10388.67000", "2015-12-31": "10786.89000", "2014-12-31": "5245.98800", "2013-12-31": "4774.71500", "2012-12-31": "3837.08900", "2011-12-31": "3621.19900", "2010-12-31": "3612.27700", "2009-12-31": "4427.02500", "2008-12-31": "4371.98800", "2007-12-31": "6977.09500", "2006-12-31": "6890.06600", "2005-12-31": "7036.23300"}, "Other Long-Term Assets": {"2019-12-31": "", "2018-12-31": "", "2017-12-31": "", "2016-12-31": "", "2015-12-31": "", "2014-12-31": "", "2013-12-31": "", "2012-12-31": "", "2011-12-31": "", "2010-12-31": "", "2009-12-31": "", "2008-12-31": "", "2007-12-31": "", "2006-12-31": "", "2005-12-31": ""}, "Total Long-Term Assets": {"2019-12-31": "13681.00000", "2018-12-31": "12836.00000", "2017-12-31": "12976.00000", "2016-12-31": "12327.29000", "2015-12-31": "12509.41000", "2014-12-31": "6096.04900", "2013-12-31": "5520.19400", "2012-12-31": "4490.48000", "2011-12-31": "4230.82900", "2010-12-31": "4949.36700", "2009-12-31": "4712.10700", "2008-12-31": "4695.53500", "2007-12-31": "7249.76700", "2006-12-31": "7086.49900", "2005-12-31": "7166.64800"}, "Total Assets": {"2019-12-31": "21416.00000", "2018-12-31": "18033.00000", "2017-12-31": "18516.00000", "2016-12-31": "15777.55000", "2015-12-31": "15485.67000", "2014-12-31": "9020.53800", "2013-12-31": "7739.48100", "2012-12-31": "7132.74600", "2011-12-31": "6505.25800", "2010-12-31": "6656.92200", "2009-12-31": "5937.15600", "2008-12-31": "5894.24900", "2007-12-31": "8295.42200", "2006-12-31": "8264.31700", "2005-12-31": "7756.89200"}, "Total Current Liabilities": {"2019-12-31": "10714.00000", "2018-12-31": "8060.00000", "2017-12-31": "7879.00000", "2016-12-31": "6127.19800", "2015-12-31": "5926.01700", "2014-12-31": "4186.61500", "2013-12-31": "3294.38100", "2012-12-31": "3010.07500", "2011-12-31": "2553.35700", "2010-12-31": "1895.34700", "2009-12-31": "1835.05700", "2008-12-31": "1566.16800", "2007-12-31": "1774.35200", "2006-12-31": "1402.58800", "2005-12-31": "1438.22500"}, "Long Term Debt": {"2019-12-31": "4189.00000", "2018-12-31": "3717.00000", "2017-12-31": "3749.00000", "2016-12-31": "3159.33600", "2015-12-31": "3183.14000", "2014-12-31": "1746.78700", "2013-12-31": "1249.41200", "2012-12-31": "1249.34500", "2011-12-31": "1249.28100", "2010-12-31": "1249.22100", "2009-12-31": "895.08600", "2008-12-31": "1544.54800", "2007-12-31": "1085.00000", "2006-12-31": "500.00000", "2005-12-31": ""}, "Other Non-Current Liabilities": {"2019-12-31": "374.00000", "2018-12-31": "506.00000", "2017-12-31": "408.00000", "2016-12-31": "312.93900", "2015-12-31": "314.43200", "2014-12-31": "180.37600", "2013-12-31": "138.30000", "2012-12-31": "126.91200", "2011-12-31": "117.49100", "2010-12-31": "115.42100", "2009-12-31": "233.32800", "2008-12-31": "213.02800", "2007-12-31": "204.88600", "2006-12-31": "33.71600", "2005-12-31": "144.25000"}, "Total Long Term Liabilities": {"2019-12-31": "5166.00000", "2018-12-31": "4322.00000", "2017-12-31": "4508.00000", "2016-12-31": "3957.24500", "2015-12-31": "4629.89100", "2014-12-31": "2940.19400", "2013-12-31": "2186.11500", "2012-12-31": "1733.28300", "2011-12-31": "1646.73400", "2010-12-31": "2024.87200", "2009-12-31": "1352.37300", "2008-12-31": "1947.11700", "2007-12-31": "1702.98900", "2006-12-31": "957.43900", "2005-12-31": "584.90400"}, "Total Liabilities": {"2019-12-31": "15880.00000", "2018-12-31": "12382.00000", "2017-12-31": "12387.00000", "2016-12-31": "10084.44000", "2015-12-31": "10555.91000", "2014-12-31": "7126.80900", "2013-12-31": "5480.49600", "2012-12-31": "4743.35800", "2011-12-31": "4200.09100", "2010-12-31": "3920.21900", "2009-12-31": "3187.43000", "2008-12-31": "3513.28500", "2007-12-31": "3477.34100", "2006-12-31": "2360.02700", "2005-12-31": "2023.12900"}, "Common Stock Net": {"2019-12-31": "", "2018-12-31": "", "2017-12-31": "", "2016-12-31": "0.02300", "2015-12-31": "0.02300", "2014-12-31": "0.02100", "2013-12-31": "0.02000", "2012-12-31": "0.02000", "2011-12-31": "0.01900", "2010-12-31": "0.01800", "2009-12-31": "0.36900", "2008-12-31": "0.36600", "2007-12-31": "0.36300", "2006-12-31": "0.35400", "2005-12-31": "0.34900"}, "Retained Earnings (Accumulated Deficit)": {"2019-12-31": "879.00000", "2018-12-31": "517.00000", "2017-12-31": "331.00000", "2016-12-31": "129.03400", "2015-12-31": "507.66600", "2014-12-31": "", "2013-12-31": "-209.21800", "2012-12-31": "-442.06800", "2011-12-31": "-722.23900", "2010-12-31": "-1194.53300", "2009-12-31": "-1616.03300", "2008-12-31": "-1915.55900", "2007-12-31": "602.20400", "2006-12-31": "309.91200", "2005-12-31": "64.97800"}, "Comprehensive Income": {"2019-12-31": "-217.00000", "2018-12-31": "-220.00000", "2017-12-31": "-149.00000", "2016-12-31": "-280.39900", "2015-12-31": "-284.89400", "2014-12-31": "-138.77400", "2013-12-31": "18.19700", "2012-12-31": "0.02200", "2011-12-31": "-17.35000", "2010-12-31": "-8.80300", "2009-12-31": "3.37900", "2008-12-31": "-16.00200", "2007-12-31": "31.76500", "2006-12-31": "11.97900", "2005-12-31": "-1.59800"}, "Other Share Holders Equity": {"2019-12-31": "", "2018-12-31": "", "2017-12-31": "", "2016-12-31": "", "2015-12-31": "0.00000", "2014-12-31": "0.00000", "2013-12-31": "0.00000", "2012-12-31": "0.00000", "2011-12-31": "0.00000", "2010-12-31": "0.00000", "2009-12-31": "0.00000", "2008-12-31": "0.00000", "2007-12-31": "", "2006-12-31": "", "2005-12-31": ""}, "Share Holder Equity": {"2019-12-31": "5536.00000", "2018-12-31": "5651.00000", "2017-12-31": "6129.00000", "2016-12-31": "5693.10300", "2015-12-31": "4929.76700", "2014-12-31": "1893.72900", "2013-12-31": "2258.98500", "2012-12-31": "2389.38800", "2011-12-31": "2305.16700", "2010-12-31": "2736.70300", "2009-12-31": "2749.72600", "2008-12-31": "2380.96400", "2007-12-31": "4818.08100", "2006-12-31": "5904.29000", "2005-12-31": "5733.76300"}, "Total Liabilities And Share Holders Equity": {"2019-12-31": "21416.00000", "2018-12-31": "18033.00000", "2017-12-31": "18516.00000", "2016-12-31": "15777.55000", "2015-12-31": "15485.67000", "2014-12-31": "9020.53800", "2013-12-31": "7739.48100", "2012-12-31": "7132.74600", "2011-12-31": "6505.25800", "2010-12-31": "6656.92200", "2009-12-31": "5937.15600", "2008-12-31": "5894.24900", "2007-12-31": "8295.42200", "2006-12-31": "8264.31700", "2005-12-31": "7756.89200"}}, "balance sheet, quarterly": {"Cash On Hand": {"2020-09-30": "5101.00000", "2020-06-30": "6786.00000", "2020-03-31": "4912.00000", "2019-12-31": "4620.00000", "2019-09-30": "4902.00000", "2019-06-30": "5508.00000", "2019-03-31": "4621.00000", "2018-12-31": "2730.00000", "2018-09-30": "3564.00000", "2018-06-30": "4899.00000", "2018-03-31": "4673.00000", "2017-12-31": "3384.00000", "2017-09-30": "3827.40300", "2017-06-30": "3828.24100", "2017-03-31": "3389.09700", "2016-12-31": "1887.85700", "2016-09-30": "1908.58000", "2016-06-30": "2377.19000", "2016-03-31": "2134.72000", "2015-12-31": "1721.36200", "2015-09-30": "1500.83200", "2015-06-30": "3410.37400", "2015-03-31": "2075.27000", "2014-12-31": "1793.36800", "2014-09-30": "2680.58300", "2014-06-30": "2401.56000", "2014-03-31": "2200.18000", "2013-12-31": "1372.58500", "2013-09-30": "1831.30200", "2013-06-30": "2300.47000", "2013-03-31": "2118.40100", "2012-12-31": "1959.61800", "2012-09-30": "2378.90200", "2012-06-30": "2417.94200", "2012-03-31": "2020.96100", "2011-12-31": "1357.03500", "2011-09-30": "2024.47400", "2011-06-30": "2312.40400", "2011-03-31": "1841.84700", "2010-12-31": "1130.74500", "2010-09-30": "1569.56600", "2010-06-30": "1143.48900", "2010-03-31": "1061.72800", "2009-12-31": "702.46500", "2009-09-30": "903.00900", "2009-06-30": "930.72400", "2009-03-31": "577.21600", "2008-12-31": "761.53000", "2008-09-30": "666.72710", "2008-06-30": "1054.49000", "2008-03-31": "727.72200", "2007-12-31": "634.04100", "2007-09-30": "857.27900", "2007-06-30": "1033.11400", "2007-03-31": "657.30400", "2006-12-31": "864.36700", "2006-09-30": "963.96600", "2006-06-30": "663.96400", "2006-03-31": "541.89100", "2005-12-31": "321.00100", "2005-09-30": "260.70000", "2005-06-30": "", "2005-03-31": ""}, "Receivables": {"2020-09-30": "949.00000", "2020-06-30": "1109.00000", "2020-03-31": "1497.00000", "2019-12-31": "2594.00000", "2019-09-30": "2746.00000", "2019-06-30": "3021.00000", "2019-03-31": "2763.00000", "2018-12-31": "2175.00000", "2018-09-30": "2330.00000", "2018-06-30": "2534.00000", "2018-03-31": "2429.00000", "2017-12-31": "1887.00000", "2017-09-30": "1870.55100", "2017-06-30": "1954.61800", "2017-03-31": "1707.36100", "2016-12-31": "1362.64900", "2016-09-30": "1425.81500", "2016-06-30": "1590.03400", "2016-03-31": "1481.27700", "2015-12-31": "1096.21100", "2015-09-30": "1275.26700", "2015-06-30": "1197.36200", "2015-03-31": "1050.31900", "2014-12-31": "795.49500", "2014-09-30": "906.98100", "2014-06-30": "1003.13200", "2014-03-31": "928.82800", "2013-12-31": "679.03100", "2013-09-30": "695.13700", "2013-06-30": "684.87500", "2013-03-31": "627.79200", "2012-12-31": "489.29500", "2012-09-30": "566.33900", "2012-06-30": "512.85600", "2012-03-31": "414.55500", "2011-12-31": "339.42700", "2011-09-30": "431.06400", "2011-06-30": "469.48800", "2011-03-31": "434.04500", "2010-12-31": "275.84600", "2010-09-30": "408.08900", "2010-06-30": "390.68500", "2010-03-31": "376.66900", "2009-12-31": "307.81700", "2009-09-30": "367.93500", "2009-06-30": "371.41700", "2009-03-31": "323.67100", "2008-12-31": "267.27000", "2008-09-30": "351.25500", "2008-06-30": "398.50000", "2008-03-31": "367.93000", "2007-12-31": "268.00800", "2007-09-30": "317.90100", "2007-06-30": "313.33500", "2007-03-31": "289.92600", "2006-12-31": "211.43000", "2006-09-30": "216.94700", "2006-06-30": "202.91300", "2006-03-31": "199.47800", "2005-12-31": "174.01900", "2005-09-30": "180.62200", "2005-06-30": "", "2005-03-31": ""}, "Inventory": {"2020-09-30": "", "2020-06-30": "", "2020-03-31": "", "2019-12-31": "", "2019-09-30": "", "2019-06-30": "", "2019-03-31": "", "2018-12-31": "", "2018-09-30": "", "2018-06-30": "", "2018-03-31": "", "2017-12-31": "", "2017-09-30": "", "2017-06-30": "", "2017-03-31": "", "2016-12-31": "", "2016-09-30": "", "2016-06-30": "", "2016-03-31": "", "2015-12-31": "", "2015-09-30": "", "2015-06-30": "", "2015-03-31": "", "2014-12-31": "", "2014-09-30": "", "2014-06-30": "", "2014-03-31": "", "2013-12-31": "", "2013-09-30": "", "2013-06-30": "", "2013-03-31": "", "2012-12-31": "", "2012-09-30": "", "2012-06-30": "", "2012-03-31": "", "2011-12-31": "", "2011-09-30": "", "2011-06-30": "", "2011-03-31": "", "2010-12-31": "", "2010-09-30": "", "2010-06-30": "", "2010-03-31": "", "2009-12-31": "", "2009-09-30": "", "2009-06-30": "", "2009-03-31": "", "2008-12-31": "", "2008-09-30": "", "2008-06-30": "", "2008-03-31": "", "2007-12-31": "", "2007-09-30": "", "2007-06-30": "", "2007-03-31": "", "2006-12-31": "", "2006-09-30": "", "2006-06-30": "", "2006-03-31": "", "2005-12-31": "", "2005-09-30": "", "2005-06-30": "", "2005-03-31": ""}, "Pre-Paid Expenses": {"2020-09-30": "685.00000", "2020-06-30": "1049.00000", "2020-03-31": "1243.00000", "2019-12-31": "521.00000", "2019-09-30": "321.00000", "2019-06-30": "295.00000", "2019-03-31": "318.00000", "2018-12-31": "292.00000", "2018-09-30": "278.00000", "2018-06-30": "361.00000", "2018-03-31": "329.00000", "2017-12-31": "269.00000", "2017-09-30": "285.84800", "2017-06-30": "243.70200", "2017-03-31": "231.95500", "2016-12-31": "199.74500", "2016-09-30": "285.89900", "2016-06-30": "196.75300", "2016-03-31": "180.13500", "2015-12-31": "158.68800", "2015-09-30": "216.42200", "2015-06-30": "213.20700", "2015-03-31": "192.29900", "2014-12-31": "166.35700", "2014-09-30": "151.71300", "2014-06-30": "139.32600", "2014-03-31": "121.50400", "2013-12-31": "101.54100", "2013-09-30": "179.36700", "2013-06-30": "278.36500", "2013-03-31": "234.67800", "2012-12-31": "110.31900", "2012-09-30": "130.29600", "2012-06-30": "141.38300", "2012-03-31": "134.79600", "2011-12-31": "121.54100", "2011-09-30": "142.63500", "2011-06-30": "172.10800", "2011-03-31": "151.55800", "2010-12-31": "105.93800", "2010-09-30": "230.66700", "2010-06-30": "281.51700", "2010-03-31": "274.98100", "2009-12-31": "214.76700", "2009-09-30": "185.03700", "2009-06-30": "214.82500", "2009-03-31": "189.61600", "2008-12-31": "169.91400", "2008-09-30": "267.80800", "2008-06-30": "230.36900", "2008-03-31": "202.88800", "2007-12-31": "143.60600", "2007-09-30": "143.26500", "2007-06-30": "174.79000", "2007-03-31": "162.22600", "2006-12-31": "102.02100", "2006-09-30": "115.04200", "2006-06-30": "136.73400", "2006-03-31": "132.61600", "2005-12-31": "95.22400", "2005-09-30": "114.50800", "2005-06-30": "", "2005-03-31": ""}, "Other Current Assets": {"2020-09-30": "", "2020-06-30": "", "2020-03-31": "", "2019-12-31": "", "2019-09-30": "", "2019-06-30": "", "2019-03-31": "", "2018-12-31": "", "2018-09-30": "", "2018-06-30": "", "2018-03-31": "", "2017-12-31": "", "2017-09-30": "", "2017-06-30": "", "2017-03-31": "", "2016-12-31": "", "2016-09-30": "", "2016-06-30": "", "2016-03-31": "", "2015-12-31": "", "2015-09-30": "", "2015-06-30": "", "2015-03-31": "", "2014-12-31": "", "2014-09-30": "", "2014-06-30": "", "2014-03-31": "", "2013-12-31": "", "2013-09-30": "", "2013-06-30": "", "2013-03-31": "", "2012-12-31": "", "2012-09-30": "", "2012-06-30": "", "2012-03-31": "", "2011-12-31": "", "2011-09-30": "", "2011-06-30": "", "2011-03-31": "", "2010-12-31": "", "2010-09-30": "", "2010-06-30": "", "2010-03-31": "", "2009-12-31": "", "2009-09-30": "", "2009-06-30": "", "2009-03-31": "", "2008-12-31": "", "2008-09-30": "", "2008-06-30": "", "2008-03-31": "", "2007-12-31": "", "2007-09-30": "", "2007-06-30": "", "2007-03-31": "", "2006-12-31": "", "2006-09-30": "", "2006-06-30": "", "2006-03-31": "", "2005-12-31": "", "2005-09-30": "", "2005-06-30": "", "2005-03-31": ""}, "Total Current Assets": {"2020-09-30": "6735.00000", "2020-06-30": "8944.00000", "2020-03-31": "7652.00000", "2019-12-31": "7735.00000", "2019-09-30": "7969.00000", "2019-06-30": "8824.00000", "2019-03-31": "7702.00000", "2018-12-31": "5197.00000", "2018-09-30": "6172.00000", "2018-06-30": "7794.00000", "2018-03-31": "7431.00000", "2017-12-31": "5540.00000", "2017-09-30": "5983.80200", "2017-06-30": "6026.56100", "2017-03-31": "5328.41300", "2016-12-31": "3450.25100", "2016-09-30": "3620.29400", "2016-06-30": "4163.97700", "2016-03-31": "3796.13200", "2015-12-31": "2976.26100", "2015-09-30": "3173.47200", "2015-06-30": "4990.39200", "2015-03-31": "3485.92800", "2014-12-31": "2924.48900", "2014-09-30": "3836.81800", "2014-06-30": "3640.96500", "2014-03-31": "3314.95400", "2013-12-31": "2219.28700", "2013-09-30": "2705.80600", "2013-06-30": "3263.71000", "2013-03-31": "2980.87100", "2012-12-31": "2642.26600", "2012-09-30": "3091.41000", "2012-06-30": "3086.51100", "2012-03-31": "2584.64200", "2011-12-31": "2274.42900", "2011-09-30": "2598.17300", "2011-06-30": "2954.00000", "2011-03-31": "2427.45000", "2010-12-31": "1707.55500", "2010-09-30": "2208.32200", "2010-06-30": "1815.69100", "2010-03-31": "1713.37800", "2009-12-31": "1225.04900", "2009-09-30": "1455.98100", "2009-06-30": "1516.96600", "2009-03-31": "1090.50300", "2008-12-31": "1198.71400", "2008-09-30": "1285.79000", "2008-06-30": "1683.35900", "2008-03-31": "1298.54000", "2007-12-31": "1045.65500", "2007-09-30": "1318.72000", "2007-06-30": "1526.38400", "2007-03-31": "1114.65700", "2006-12-31": "1177.81800", "2006-09-30": "1295.95500", "2006-06-30": "1019.16200", "2006-03-31": "889.67200", "2005-12-31": "590.24400", "2005-09-30": "564.70400", "2005-06-30": "", "2005-03-31": ""}, "Property, Plant, And Equipment": {"2020-09-30": "2303.00000", "2020-06-30": "2305.00000", "2020-03-31": "2297.00000", "2019-12-31": "2198.00000", "2019-09-30": "2090.00000", "2019-06-30": "1953.00000", "2019-03-31": "1828.00000", "2018-12-31": "1877.00000", "2018-09-30": "1769.00000", "2018-06-30": "1689.00000", "2018-03-31": "1627.00000", "2017-12-31": "1575.00000", "2017-09-30": "1521.60900", "2017-06-30": "1479.05900", "2017-03-31": "1421.96200", "2016-12-31": "1394.90400", "2016-09-30": "1339.62100", "2016-06-30": "1235.28200", "2016-03-31": "1174.32400", "2015-12-31": "1064.25900", "2015-09-30": "966.56000", "2015-06-30": "867.13700", "2015-03-31": "580.95600", "2014-12-31": "553.12600", "2014-09-30": "525.05300", "2014-06-30": "509.78600", "2014-03-31": "490.58000", "2013-12-31": "480.70200", "2013-09-30": "464.77300", "2013-06-30": "440.72700", "2013-03-31": "419.24100", "2012-12-31": "409.37300", "2012-09-30": "393.45400", "2012-06-30": "376.52800", "2012-03-31": "343.54000", "2011-12-31": "320.28200", "2011-09-30": "340.97200", "2011-06-30": "317.98700", "2011-03-31": "301.20100", "2010-12-31": "246.31700", "2010-09-30": "261.83200", "2010-06-30": "257.01200", "2010-03-31": "235.87600", "2009-12-31": "236.82000", "2009-09-30": "231.92200", "2009-06-30": "235.23200", "2009-03-31": "240.15200", "2008-12-31": "247.95400", "2008-09-30": "242.23300", "2008-06-30": "208.86400", "2008-03-31": "184.42200", "2007-12-31": "179.49000", "2007-09-30": "152.94100", "2007-06-30": "149.04800", "2007-03-31": "141.87100", "2006-12-31": "137.14400", "2006-09-30": "124.73700", "2006-06-30": "104.34400", "2006-03-31": "93.00800", "2005-12-31": "90.98400", "2005-09-30": "85.86600", "2005-06-30": "", "2005-03-31": ""}, "Long-Term Investments": {"2020-09-30": "606.00000", "2020-06-30": "618.00000", "2020-03-31": "610.00000", "2019-12-31": "796.00000", "2019-09-30": "770.00000", "2019-06-30": "815.00000", "2019-03-31": "804.00000", "2018-12-31": "778.00000", "2018-09-30": "717.00000", "2018-06-30": "758.00000", "2018-03-31": "858.00000", "2017-12-31": "845.00000", "2017-09-30": "888.84700", "2017-06-30": "538.43500", "2017-03-31": "528.23700", "2016-12-31": "520.05800", "2016-09-30": "558.31100", "2016-06-30": "643.85100", "2016-03-31": "634.98300", "2015-12-31": "642.80200", "2015-09-30": "602.14500", "2015-06-30": "516.88300", "2015-03-31": "539.82800", "2014-12-31": "286.88200", "2014-09-30": "298.39600", "2014-06-30": "283.74800", "2014-03-31": "252.88200", "2013-12-31": "250.62600", "2013-09-30": "243.50600", "2013-06-30": "251.06300", "2013-03-31": "226.38200", "2012-12-31": "224.23100", "2012-09-30": "187.42100", "2012-06-30": "204.93800", "2012-03-31": "262.21300", "2011-12-31": "289.34800", "2011-09-30": "305.12900", "2011-06-30": "301.27000", "2011-03-31": "268.05400", "2010-12-31": "226.26800", "2010-09-30": "225.08300", "2010-06-30": "152.09900", "2010-03-31": "77.84400", "2009-12-31": "48.26200", "2009-09-30": "55.39300", "2009-06-30": "54.90100", "2009-03-31": "80.08100", "2008-12-31": "75.59300", "2008-09-30": "81.96600", "2008-06-30": "112.67400", "2008-03-31": "101.73300", "2007-12-31": "93.18200", "2007-09-30": "89.00600", "2007-06-30": "86.72300", "2007-03-31": "85.80000", "2006-12-31": "59.28900", "2006-09-30": "56.11300", "2006-06-30": "49.26200", "2006-03-31": "39.20400", "2005-12-31": "39.43100", "2005-09-30": "45.71700", "2005-06-30": "", "2005-03-31": ""}, "Goodwill And Intangible Assets": {"2020-09-30": "8880.00000", "2020-06-30": "8930.00000", "2020-03-31": "8972.00000", "2019-12-31": "9931.00000", "2019-09-30": "9947.00000", "2019-06-30": "10005.00000", "2019-03-31": "10045.00000", "2018-12-31": "10112.00000", "2018-09-30": "10258.00000", "2018-06-30": "10296.00000", "2018-03-31": "10494.00000", "2017-12-31": "10538.00000", "2017-09-30": "10603.77000", "2017-06-30": "10547.18000", "2017-03-31": "10366.39000", "2016-12-31": "10388.67000", "2016-09-30": "10600.82000", "2016-06-30": "10665.81000", "2016-03-31": "10765.31000", "2015-12-31": "10786.89000", "2015-09-30": "7523.73800", "2015-06-30": "5452.65600", "2015-03-31": "5527.73100", "2014-12-31": "5245.98800", "2014-09-30": "4746.52500", "2014-06-30": "4783.90900", "2014-03-31": "4813.72000", "2013-12-31": "4774.71500", "2013-09-30": "4787.52500", "2013-06-30": "4788.59600", "2013-03-31": "4805.92600", "2012-12-31": "3837.08900", "2012-09-30": "3835.28000", "2012-06-30": "3837.11900", "2012-03-31": "3627.78800", "2011-12-31": "3621.19900", "2011-09-30": "4432.40900", "2011-06-30": "4472.02000", "2011-03-31": "4460.88300", "2010-12-31": "3612.27700", "2010-09-30": "4437.50400", "2010-06-30": "4398.09200", "2010-03-31": "4393.37300", "2009-12-31": "4427.02500", "2009-09-30": "4403.89700", "2009-06-30": "4398.96600", "2009-03-31": "4338.03500", "2008-12-31": "4371.98800", "2008-09-30": "7379.24000", "2008-06-30": "7116.58500", "2008-03-31": "7046.07800", "2007-12-31": "6977.09500", "2007-09-30": "6901.45900", "2007-06-30": "6913.43200", "2007-03-31": "6916.42500", "2006-12-31": "6890.06600", "2006-09-30": "6907.42700", "2006-06-30": "6977.21200", "2006-03-31": "7002.16000", "2005-12-31": "7036.23300", "2005-09-30": "7079.88900", "2005-06-30": "", "2005-03-31": ""}, "Other Long-Term Assets": {"2020-09-30": "", "2020-06-30": "", "2020-03-31": "", "2019-12-31": "", "2019-09-30": "", "2019-06-30": "", "2019-03-31": "", "2018-12-31": "", "2018-09-30": "", "2018-06-30": "", "2018-03-31": "", "2017-12-31": "", "2017-09-30": "", "2017-06-30": "", "2017-03-31": "", "2016-12-31": "", "2016-09-30": "", "2016-06-30": "", "2016-03-31": "", "2015-12-31": "", "2015-09-30": "", "2015-06-30": "", "2015-03-31": "", "2014-12-31": "", "2014-09-30": "", "2014-06-30": "", "2014-03-31": "", "2013-12-31": "", "2013-09-30": "", "2013-06-30": "", "2013-03-31": "", "2012-12-31": "", "2012-09-30": "", "2012-06-30": "", "2012-03-31": "", "2011-12-31": "", "2011-09-30": "", "2011-06-30": "", "2011-03-31": "", "2010-12-31": "", "2010-09-30": "", "2010-06-30": "", "2010-03-31": "", "2009-12-31": "", "2009-09-30": "", "2009-06-30": "", "2009-03-31": "", "2008-12-31": "", "2008-09-30": "", "2008-06-30": "", "2008-03-31": "", "2007-12-31": "", "2007-09-30": "", "2007-06-30": "", "2007-03-31": "", "2006-12-31": "", "2006-09-30": "", "2006-06-30": "", "2006-03-31": "", "2005-12-31": "", "2005-09-30": "", "2005-06-30": "", "2005-03-31": ""}, "Total Long-Term Assets": {"2020-09-30": "12944.00000", "2020-06-30": "12961.00000", "2020-03-31": "12765.00000", "2019-12-31": "13681.00000", "2019-09-30": "13412.00000", "2019-06-30": "13377.00000", "2019-03-31": "13261.00000", "2018-12-31": "12836.00000", "2018-09-30": "12969.00000", "2018-06-30": "12760.00000", "2018-03-31": "12998.00000", "2017-12-31": "12976.00000", "2017-09-30": "13051.43000", "2017-06-30": "12596.69000", "2017-03-31": "12340.49000", "2016-12-31": "12327.29000", "2016-09-30": "12511.47000", "2016-06-30": "12564.57000", "2016-03-31": "12593.91000", "2015-12-31": "12509.41000", "2015-09-30": "9229.80200", "2015-06-30": "6841.53400", "2015-03-31": "6649.16000", "2014-12-31": "6096.04900", "2014-09-30": "5588.17000", "2014-06-30": "5593.86400", "2014-03-31": "5573.42300", "2013-12-31": "5520.19400", "2013-09-30": "5495.80400", "2013-06-30": "5480.38600", "2013-03-31": "5451.54900", "2012-12-31": "4490.48000", "2012-09-30": "4416.15500", "2012-06-30": "4418.58500", "2012-03-31": "4233.54100", "2011-12-31": "4230.82900", "2011-09-30": "5078.51000", "2011-06-30": "5091.27700", "2011-03-31": "5030.13800", "2010-12-31": "4949.36700", "2010-09-30": "4924.41900", "2010-06-30": "4807.20300", "2010-03-31": "4707.09300", "2009-12-31": "4712.10700", "2009-09-30": "4691.21200", "2009-06-30": "4689.09900", "2009-03-31": "4658.26800", "2008-12-31": "4695.53500", "2008-09-30": "7703.43900", "2008-06-30": "7438.12300", "2008-03-31": "7332.23300", "2007-12-31": "7249.76700", "2007-09-30": "7143.40600", "2007-06-30": "7149.20300", "2007-03-31": "7144.09600", "2006-12-31": "7086.49900", "2006-09-30": "7088.27700", "2006-06-30": "7130.81800", "2006-03-31": "7134.37200", "2005-12-31": "7166.64800", "2005-09-30": "7211.47200", "2005-06-30": "", "2005-03-31": ""}, "Total Assets": {"2020-09-30": "19679.00000", "2020-06-30": "21905.00000", "2020-03-31": "20417.00000", "2019-12-31": "21416.00000", "2019-09-30": "21381.00000", "2019-06-30": "22201.00000", "2019-03-31": "20963.00000", "2018-12-31": "18033.00000", "2018-09-30": "19141.00000", "2018-06-30": "20554.00000", "2018-03-31": "20429.00000", "2017-12-31": "18516.00000", "2017-09-30": "19035.23000", "2017-06-30": "18623.25000", "2017-03-31": "17668.91000", "2016-12-31": "15777.55000", "2016-09-30": "16131.77000", "2016-06-30": "16728.54000", "2016-03-31": "16390.04000", "2015-12-31": "15485.67000", "2015-09-30": "12403.27000", "2015-06-30": "11831.93000", "2015-03-31": "10135.09000", "2014-12-31": "9020.53800", "2014-09-30": "9424.98800", "2014-06-30": "9234.82900", "2014-03-31": "8888.37700", "2013-12-31": "7739.48100", "2013-09-30": "8201.61000", "2013-06-30": "8744.09600", "2013-03-31": "8432.42000", "2012-12-31": "7132.74600", "2012-09-30": "7507.56500", "2012-06-30": "7505.09600", "2012-03-31": "6818.18300", "2011-12-31": "6505.25800", "2011-09-30": "7676.68300", "2011-06-30": "8045.27700", "2011-03-31": "7457.58800", "2010-12-31": "6656.92200", "2010-09-30": "7132.74100", "2010-06-30": "6622.89400", "2010-03-31": "6420.47100", "2009-12-31": "5937.15600", "2009-09-30": "6147.19300", "2009-06-30": "6206.06500", "2009-03-31": "5748.77100", "2008-12-31": "5894.24900", "2008-09-30": "8989.22900", "2008-06-30": "9121.48200", "2008-03-31": "8630.77300", "2007-12-31": "8295.42200", "2007-09-30": "8462.12600", "2007-06-30": "8675.58700", "2007-03-31": "8258.75300", "2006-12-31": "8264.31700", "2006-09-30": "8384.23200", "2006-06-30": "8149.98000", "2006-03-31": "8024.04400", "2005-12-31": "7756.89200", "2005-09-30": "7776.17600", "2005-06-30": "0.00000", "2005-03-31": "0.00000"}, "Total Current Liabilities": {"2020-09-30": "5636.00000", "2020-06-30": "7872.00000", "2020-03-31": "9608.00000", "2019-12-31": "10714.00000", "2019-09-30": "10582.00000", "2019-06-30": "11676.00000", "2019-03-31": "10726.00000", "2018-12-31": "8060.00000", "2018-09-30": "8763.00000", "2018-06-30": "10497.00000", "2018-03-31": "9991.00000", "2017-12-31": "7879.00000", "2017-09-30": "8272.55600", "2017-06-30": "8744.50200", "2017-03-31": "8019.57100", "2016-12-31": "6127.19800", "2016-09-30": "6619.43800", "2016-06-30": "7446.75500", "2016-03-31": "6957.96000", "2015-12-31": "5926.01700", "2015-09-30": "5941.24600", "2015-06-30": "5968.22800", "2015-03-31": "5382.64900", "2014-12-31": "4186.61500", "2014-09-30": "4541.70700", "2014-06-30": "4857.87700", "2014-03-31": "4449.25500", "2013-12-31": "3294.38100", "2013-09-30": "3721.41900", "2013-06-30": "4210.91200", "2013-03-31": "3984.30700", "2012-12-31": "3010.07500", "2012-09-30": "3298.57900", "2012-06-30": "3450.18500", "2012-03-31": "3002.18900", "2011-12-31": "2553.35700", "2011-09-30": "2616.26900", "2011-06-30": "2998.11900", "2011-03-31": "2652.88000", "2010-12-31": "1895.34700", "2010-09-30": "2380.22300", "2010-06-30": "2587.22200", "2010-03-31": "2444.63500", "2009-12-31": "1835.05700", "2009-09-30": "2177.63900", "2009-06-30": "2392.64900", "2009-03-31": "2040.56300", "2008-12-31": "1566.16800", "2008-09-30": "2050.89900", "2008-06-30": "2579.27100", "2008-03-31": "2368.39700", "2007-12-31": "1774.35200", "2007-09-30": "2090.83800", "2007-06-30": "2216.73900", "2007-03-31": "1928.71200", "2006-12-31": "1402.58800", "2006-09-30": "1627.11400", "2006-06-30": "1814.04600", "2006-03-31": "1623.65200", "2005-12-31": "1438.22500", "2005-09-30": "1441.20600", "2005-06-30": "", "2005-03-31": ""}, "Long Term Debt": {"2020-09-30": "8826.00000", "2020-06-30": "8803.00000", "2020-03-31": "6080.00000", "2019-12-31": "4189.00000", "2019-09-30": "4170.00000", "2019-06-30": "3715.00000", "2019-03-31": "3704.00000", "2018-12-31": "3717.00000", "2018-09-30": "3727.00000", "2018-06-30": "3731.00000", "2018-03-31": "3771.00000", "2017-12-31": "3749.00000", "2017-09-30": "3735.73600", "2017-06-30": "3220.94600", "2017-03-31": "3170.93300", "2016-12-31": "3159.33600", "2016-09-30": "3204.21000", "2016-06-30": "3196.84700", "2016-03-31": "3209.49100", "2015-12-31": "3183.14000", "2015-09-30": "2475.42500", "2015-06-30": "2472.53600", "2015-03-31": "1746.86200", "2014-12-31": "1746.78700", "2014-09-30": "1746.71200", "2014-06-30": "1249.44800", "2014-03-31": "1249.43000", "2013-12-31": "1249.41200", "2013-09-30": "1249.39500", "2013-06-30": "1249.37800", "2013-03-31": "1249.36100", "2012-12-31": "1249.34500", "2012-09-30": "1249.32800", "2012-06-30": "1249.31200", "2012-03-31": "1249.29600", "2011-12-31": "1249.28100", "2011-09-30": "1645.41400", "2011-06-30": "1645.23700", "2011-03-31": "1645.06400", "2010-12-31": "1249.22100", "2010-09-30": "1644.72800", "2010-06-30": "895.37400", "2010-03-31": "895.22800", "2009-12-31": "895.08600", "2009-09-30": "894.94700", "2009-06-30": "894.81100", "2009-03-31": "894.67800", "2008-12-31": "1544.54800", "2008-09-30": "1144.42100", "2008-06-30": "894.29600", "2008-03-31": "740.00000", "2007-12-31": "1085.00000", "2007-09-30": "1000.00000", "2007-06-30": "500.00000", "2007-03-31": "500.00000", "2006-12-31": "500.00000", "2006-09-30": "500.00000", "2006-06-30": "", "2006-03-31": "", "2005-12-31": "", "2005-09-30": "", "2005-06-30": "", "2005-03-31": ""}, "Other Non-Current Liabilities": {"2020-09-30": "456.00000", "2020-06-30": "388.00000", "2020-03-31": "383.00000", "2019-12-31": "389.00000", "2019-09-30": "354.00000", "2019-06-30": "343.00000", "2019-03-31": "332.00000", "2018-12-31": "506.00000", "2018-09-30": "455.00000", "2018-06-30": "440.00000", "2018-03-31": "432.00000", "2017-12-31": "408.00000", "2017-09-30": "395.80800", "2017-06-30": "369.44700", "2017-03-31": "323.14200", "2016-12-31": "312.93900", "2016-09-30": "358.64000", "2016-06-30": "322.09800", "2016-03-31": "328.99400", "2015-12-31": "314.43200", "2015-09-30": "284.90500", "2015-06-30": "220.54500", "2015-03-31": "203.28000", "2014-12-31": "180.37600", "2014-09-30": "167.32500", "2014-06-30": "182.67700", "2014-03-31": "152.38900", "2013-12-31": "138.30000", "2013-09-30": "132.10900", "2013-06-30": "127.02500", "2013-03-31": "133.74200", "2012-12-31": "126.91200", "2012-09-30": "134.11600", "2012-06-30": "126.17100", "2012-03-31": "123.27400", "2011-12-31": "117.49100", "2011-09-30": "118.65400", "2011-06-30": "122.35600", "2011-03-31": "132.08500", "2010-12-31": "115.42100", "2010-09-30": "98.81500", "2010-06-30": "246.78200", "2010-03-31": "243.63400", "2009-12-31": "233.32800", "2009-09-30": "226.32200", "2009-06-30": "230.53400", "2009-03-31": "213.92800", "2008-12-31": "213.02800", "2008-09-30": "236.88000", "2008-06-30": "216.80000", "2008-03-31": "215.01000", "2007-12-31": "204.88600", "2007-09-30": "104.05200", "2007-06-30": "90.67200", "2007-03-31": "97.17500", "2006-12-31": "33.71600", "2006-09-30": "65.27200", "2006-06-30": "73.85900", "2006-03-31": "79.27800", "2005-12-31": "144.25000", "2005-09-30": "129.85700", "2005-06-30": "", "2005-03-31": ""}, "Total Long Term Liabilities": {"2020-09-30": "9909.00000", "2020-06-30": "9808.00000", "2020-03-31": "7068.00000", "2019-12-31": "5166.00000", "2019-09-30": "5060.00000", "2019-06-30": "4618.00000", "2019-03-31": "4603.00000", "2018-12-31": "4322.00000", "2018-09-30": "4451.00000", "2018-06-30": "4505.00000", "2018-03-31": "4630.00000", "2017-12-31": "4508.00000", "2017-09-30": "4547.36600", "2017-06-30": "4056.63000", "2017-03-31": "3990.27700", "2016-12-31": "3957.24500", "2016-09-30": "5559.70000", "2016-06-30": "5014.86500", "2016-03-31": "4734.87500", "2015-12-31": "4629.89100", "2015-09-30": "3955.82900", "2015-06-30": "3688.78900", "2015-03-31": "2923.44300", "2014-12-31": "2940.19400", "2014-09-30": "2881.40200", "2014-06-30": "2386.07700", "2014-03-31": "2333.18800", "2013-12-31": "2186.11500", "2013-09-30": "2174.88500", "2013-06-30": "2194.97100", "2013-03-31": "2177.88200", "2012-12-31": "1733.28300", "2012-09-30": "1736.67700", "2012-06-30": "1712.93300", "2012-03-31": "1660.49500", "2011-12-31": "1646.73400", "2011-09-30": "2022.39400", "2011-06-30": "2033.31000", "2011-03-31": "2035.60900", "2010-12-31": "2024.87200", "2010-09-30": "1980.66400", "2010-06-30": "1369.11800", "2010-03-31": "1368.96900", "2009-12-31": "1352.37300", "2009-09-30": "1333.40600", "2009-06-30": "1323.35000", "2009-03-31": "1307.64700", "2008-12-31": "1947.11700", "2008-09-30": "1828.74800", "2008-06-30": "1532.18300", "2008-03-31": "1375.94000", "2007-12-31": "1702.98900", "2007-09-30": "1529.04000", "2007-06-30": "1023.28100", "2007-03-31": "1032.66800", "2006-12-31": "957.43900", "2006-09-30": "962.66500", "2006-06-30": "508.37700", "2006-03-31": "547.64200", "2005-12-31": "584.90400", "2005-09-30": "582.39000", "2005-06-30": "", "2005-03-31": ""}, "Total Liabilities": {"2020-09-30": "15545.00000", "2020-06-30": "17680.00000", "2020-03-31": "16676.00000", "2019-12-31": "15880.00000", "2019-09-30": "15642.00000", "2019-06-30": "16294.00000", "2019-03-31": "15329.00000", "2018-12-31": "12382.00000", "2018-09-30": "13214.00000", "2018-06-30": "15002.00000", "2018-03-31": "14621.00000", "2017-12-31": "12387.00000", "2017-09-30": "12819.92000", "2017-06-30": "12801.13000", "2017-03-31": "12009.85000", "2016-12-31": "10084.44000", "2016-09-30": "12179.14000", "2016-06-30": "12461.62000", "2016-03-31": "11692.83000", "2015-12-31": "10555.91000", "2015-09-30": "9897.07500", "2015-06-30": "9657.01700", "2015-03-31": "8306.09200", "2014-12-31": "7126.80900", "2014-09-30": "7423.10900", "2014-06-30": "7243.95400", "2014-03-31": "6782.44300", "2013-12-31": "5480.49600", "2013-09-30": "5896.30400", "2013-06-30": "6405.88300", "2013-03-31": "6162.18900", "2012-12-31": "4743.35800", "2012-09-30": "5035.25600", "2012-06-30": "5163.11800", "2012-03-31": "4662.68400", "2011-12-31": "4200.09100", "2011-09-30": "4638.66300", "2011-06-30": "5031.42900", "2011-03-31": "4688.48900", "2010-12-31": "3920.21900", "2010-09-30": "4360.88700", "2010-06-30": "3956.34000", "2010-03-31": "3813.60400", "2009-12-31": "3187.43000", "2009-09-30": "3511.04500", "2009-06-30": "3715.99900", "2009-03-31": "3348.21000", "2008-12-31": "3513.28500", "2008-09-30": "3879.64700", "2008-06-30": "4111.45400", "2008-03-31": "3744.33700", "2007-12-31": "3477.34100", "2007-09-30": "3619.87800", "2007-06-30": "3240.02000", "2007-03-31": "2961.38000", "2006-12-31": "2360.02700", "2006-09-30": "2589.77900", "2006-06-30": "2322.42300", "2006-03-31": "2171.29400", "2005-12-31": "2023.12900", "2005-09-30": "2023.59600", "2005-06-30": "", "2005-03-31": ""}, "Common Stock Net": {"2020-09-30": "", "2020-06-30": "", "2020-03-31": "", "2019-12-31": "", "2019-09-30": "", "2019-06-30": "", "2019-03-31": "", "2018-12-31": "", "2018-09-30": "", "2018-06-30": "", "2018-03-31": "", "2017-12-31": "", "2017-09-30": "0.02400", "2017-06-30": "0.02400", "2017-03-31": "0.02400", "2016-12-31": "0.02300", "2016-09-30": "0.02300", "2016-06-30": "0.02300", "2016-03-31": "0.02300", "2015-12-31": "0.02300", "2015-09-30": "0.02100", "2015-06-30": "0.02100", "2015-03-31": "0.02100", "2014-12-31": "0.02100", "2014-09-30": "0.02100", "2014-06-30": "0.02000", "2014-03-31": "0.02000", "2013-12-31": "0.02000", "2013-09-30": "0.02000", "2013-06-30": "0.02000", "2013-03-31": "0.02000", "2012-12-31": "0.02000", "2012-09-30": "0.02000", "2012-06-30": "0.02000", "2012-03-31": "0.01900", "2011-12-31": "0.01900", "2011-09-30": "0.37700", "2011-06-30": "0.37700", "2011-03-31": "0.37600", "2010-12-31": "0.01800", "2010-09-30": "0.37300", "2010-06-30": "0.37300", "2010-03-31": "0.37200", "2009-12-31": "0.36900", "2009-09-30": "0.30000", "2009-06-30": "0.36800", "2009-03-31": "0.36700", "2008-12-31": "0.36600", "2008-09-30": "0.36500", "2008-06-30": "0.36500", "2008-03-31": "0.36500", "2007-12-31": "0.36300", "2007-09-30": "0.30000", "2007-06-30": "0.35800", "2007-03-31": "0.30000", "2006-12-31": "0.35400", "2006-09-30": "0.35300", "2006-06-30": "0.35300", "2006-03-31": "0.35100", "2005-12-31": "0.34900", "2005-09-30": "0.30000", "2005-06-30": "", "2005-03-31": ""}, "Retained Earnings (Accumulated Deficit)": {"2020-09-30": "-1398.00000", "2020-06-30": "-1206.00000", "2020-03-31": "-470.00000", "2019-12-31": "879.00000", "2019-09-30": "850.00000", "2019-06-30": "508.00000", "2019-03-31": "373.00000", "2018-12-31": "517.00000", "2018-09-30": "551.00000", "2018-06-30": "74.00000", "2018-03-31": "117.00000", "2017-12-31": "331.00000", "2017-09-30": "321.57600", "2017-06-30": "14.91600", "2017-03-31": "0.66600", "2016-12-31": "129.03400", "2016-09-30": "", "2016-06-30": "7.36900", "2016-03-31": "373.30000", "2015-12-31": "507.66600", "2015-09-30": "666.17700", "2015-06-30": "417.42800", "2015-03-31": "", "2014-12-31": "", "2014-09-30": "31.80200", "2014-06-30": "-134.14900", "2014-03-31": "-223.52200", "2013-12-31": "-209.21800", "2013-09-30": "-303.93500", "2013-06-30": "-474.79400", "2013-03-31": "-546.29400", "2012-12-31": "-442.06800", "2012-09-30": "-448.80200", "2012-06-30": "-620.27900", "2012-03-31": "-725.52000", "2011-12-31": "-722.23900", "2011-09-30": "-792.56700", "2011-06-30": "-1002.10100", "2011-03-31": "-1142.49400", "2010-12-31": "-1194.53300", "2010-09-30": "-1265.82600", "2010-06-30": "-1442.37600", "2010-03-31": "-1556.63800", "2009-12-31": "-1616.03300", "2009-09-30": "-1718.25900", "2009-06-30": "-1835.27300", "2009-03-31": "-1876.17500", "2008-12-31": "-1915.55900", "2008-09-30": "844.42300", "2008-06-30": "749.59900", "2008-03-31": "653.51000", "2007-12-31": "602.20400", "2007-09-30": "536.84700", "2007-06-30": "437.25200", "2007-03-31": "341.11600", "2006-12-31": "309.91200", "2006-09-30": "242.77200", "2006-06-30": "183.79500", "2006-03-31": "88.31300", "2005-12-31": "64.97800", "2005-09-30": "39.74400", "2005-06-30": "", "2005-03-31": ""}, "Comprehensive Income": {"2020-09-30": "-239.00000", "2020-06-30": "-273.00000", "2020-03-31": "-301.00000", "2019-12-31": "-217.00000", "2019-09-30": "-258.00000", "2019-06-30": "-216.00000", "2019-03-31": "-217.00000", "2018-12-31": "-220.00000", "2018-09-30": "-202.00000", "2018-06-30": "-190.00000", "2018-03-31": "-125.00000", "2017-12-31": "-149.00000", "2017-09-30": "-123.97300", "2017-06-30": "-188.34000", "2017-03-31": "-251.41300", "2016-12-31": "-280.39900", "2016-09-30": "-307.11200", "2016-06-30": "-299.56600", "2016-03-31": "-287.36800", "2015-12-31": "-284.89400", "2015-09-30": "-284.24600", "2015-06-30": "-256.69200", "2015-03-31": "-239.48000", "2014-12-31": "-138.77400", "2014-09-30": "-31.03500", "2014-06-30": "25.80500", "2014-03-31": "28.29200", "2013-12-31": "18.19700", "2013-09-30": "9.18900", "2013-06-30": "-16.61400", "2013-03-31": "-18.78200", "2012-12-31": "0.02200", "2012-09-30": "-12.58400", "2012-06-30": "-26.76100", "2012-03-31": "-3.00800", "2011-12-31": "-17.35000", "2011-09-30": "-13.81900", "2011-06-30": "22.60800", "2011-03-31": "15.63800", "2010-12-31": "-8.80300", "2010-09-30": "-3.22500", "2010-06-30": "-46.01300", "2010-03-31": "-19.83300", "2009-12-31": "3.37900", "2009-09-30": "6.74300", "2009-06-30": "-5.76000", "2009-03-31": "-41.73300", "2008-12-31": "-16.00200", "2008-09-30": "28.05300", "2008-06-30": "39.17200", "2008-03-31": "38.19200", "2007-12-31": "31.76500", "2007-09-30": "26.86500", "2007-06-30": "16.29000", "2007-03-31": "13.63500", "2006-12-31": "11.97900", "2006-09-30": "6.77800", "2006-06-30": "-0.22300", "2006-03-31": "-2.20400", "2005-12-31": "-1.59800", "2005-09-30": "0.19200", "2005-06-30": "", "2005-03-31": ""}, "Other Share Holders Equity": {"2020-09-30": "", "2020-06-30": "", "2020-03-31": "", "2019-12-31": "", "2019-09-30": "", "2019-06-30": "", "2019-03-31": "", "2018-12-31": "", "2018-09-30": "", "2018-06-30": "", "2018-03-31": "", "2017-12-31": "", "2017-09-30": "", "2017-06-30": "", "2017-03-31": "", "2016-12-31": "", "2016-09-30": "0.00000", "2016-06-30": "0.00000", "2016-03-31": "0.00000", "2015-12-31": "", "2015-09-30": "0.00000", "2015-06-30": "0.00000", "2015-03-31": "0.00000", "2014-12-31": "", "2014-09-30": "0.00000", "2014-06-30": "0.00000", "2014-03-31": "0.00000", "2013-12-31": "", "2013-09-30": "0.00000", "2013-06-30": "0.00000", "2013-03-31": "0.00000", "2012-12-31": "", "2012-09-30": "0.00000", "2012-06-30": "0.00000", "2012-03-31": "0.00000", "2011-12-31": "", "2011-09-30": "0.00000", "2011-06-30": "0.00000", "2011-03-31": "0.00000", "2010-12-31": "", "2010-09-30": "0.00000", "2010-06-30": "0.00000", "2010-03-31": "0.00000", "2009-12-31": "", "2009-09-30": "0.00000", "2009-06-30": "0.00000", "2009-03-31": "0.00000", "2008-12-31": "", "2008-09-30": "", "2008-06-30": "", "2008-03-31": "", "2007-12-31": "", "2007-09-30": "", "2007-06-30": "", "2007-03-31": "", "2006-12-31": "", "2006-09-30": "", "2006-06-30": "", "2006-03-31": "", "2005-12-31": "", "2005-09-30": "", "2005-06-30": "", "2005-03-31": ""}, "Share Holder Equity": {"2020-09-30": "4134.00000", "2020-06-30": "4225.00000", "2020-03-31": "3741.00000", "2019-12-31": "5536.00000", "2019-09-30": "5739.00000", "2019-06-30": "5907.00000", "2019-03-31": "5634.00000", "2018-12-31": "5651.00000", "2018-09-30": "5927.00000", "2018-06-30": "5552.00000", "2018-03-31": "5808.00000", "2017-12-31": "6129.00000", "2017-09-30": "6215.31000", "2017-06-30": "5822.11600", "2017-03-31": "5659.05800", "2016-12-31": "5693.10300", "2016-09-30": "3952.62800", "2016-06-30": "4266.92200", "2016-03-31": "4697.20900", "2015-12-31": "4929.76700", "2015-09-30": "2506.19800", "2015-06-30": "2174.90900", "2015-03-31": "1828.99600", "2014-12-31": "1893.72900", "2014-09-30": "2001.87900", "2014-06-30": "1990.87500", "2014-03-31": "2105.93400", "2013-12-31": "2258.98500", "2013-09-30": "2305.30600", "2013-06-30": "2338.21300", "2013-03-31": "2270.23100", "2012-12-31": "2389.38800", "2012-09-30": "2472.30900", "2012-06-30": "2341.97800", "2012-03-31": "2155.49900", "2011-12-31": "2305.16700", "2011-09-30": "3038.02000", "2011-06-30": "3013.84800", "2011-03-31": "2769.09900", "2010-12-31": "2736.70300", "2010-09-30": "2771.85400", "2010-06-30": "2666.55400", "2010-03-31": "2606.86700", "2009-12-31": "2749.72600", "2009-09-30": "2636.14800", "2009-06-30": "2490.06600", "2009-03-31": "2400.56100", "2008-12-31": "2380.96400", "2008-09-30": "5109.58200", "2008-06-30": "5010.02800", "2008-03-31": "4886.43600", "2007-12-31": "4818.08100", "2007-09-30": "4842.24800", "2007-06-30": "5435.56700", "2007-03-31": "5297.37300", "2006-12-31": "5904.29000", "2006-09-30": "5794.45300", "2006-06-30": "5827.55700", "2006-03-31": "5852.75000", "2005-12-31": "5733.76300", "2005-09-30": "5752.58000", "2005-06-30": "", "2005-03-31": ""}, "Total Liabilities And Share Holders Equity": {"2020-09-30": "19679.00000", "2020-06-30": "21905.00000", "2020-03-31": "20417.00000", "2019-12-31": "21416.00000", "2019-09-30": "21381.00000", "2019-06-30": "22201.00000", "2019-03-31": "20963.00000", "2018-12-31": "18033.00000", "2018-09-30": "19141.00000", "2018-06-30": "20554.00000", "2018-03-31": "20429.00000", "2017-12-31": "18516.00000", "2017-09-30": "19035.23000", "2017-06-30": "18623.25000", "2017-03-31": "17668.91000", "2016-12-31": "15777.55000", "2016-09-30": "16131.77000", "2016-06-30": "16728.54000", "2016-03-31": "16390.04000", "2015-12-31": "15485.67000", "2015-09-30": "12403.27000", "2015-06-30": "11831.93000", "2015-03-31": "10135.09000", "2014-12-31": "9020.53800", "2014-09-30": "9424.98800", "2014-06-30": "9234.82900", "2014-03-31": "8888.37700", "2013-12-31": "7739.48100", "2013-09-30": "8201.61000", "2013-06-30": "8744.09600", "2013-03-31": "8432.42000", "2012-12-31": "7132.74600", "2012-09-30": "7507.56500", "2012-06-30": "7505.09600", "2012-03-31": "6818.18300", "2011-12-31": "6505.25800", "2011-09-30": "7676.68300", "2011-06-30": "8045.27700", "2011-03-31": "7457.58800", "2010-12-31": "6656.92200", "2010-09-30": "7132.74100", "2010-06-30": "6622.89400", "2010-03-31": "6420.47100", "2009-12-31": "5937.15600", "2009-09-30": "6147.19300", "2009-06-30": "6206.06500", "2009-03-31": "5748.77100", "2008-12-31": "5894.24900", "2008-09-30": "8989.22900", "2008-06-30": "9121.48200", "2008-03-31": "8630.77300", "2007-12-31": "8295.42200", "2007-09-30": "8462.12600", "2007-06-30": "8675.58700", "2007-03-31": "8258.75300", "2006-12-31": "8264.31700", "2006-09-30": "8384.23200", "2006-06-30": "8149.98000", "2006-03-31": "8024.04400", "2005-12-31": "7756.89200", "2005-09-30": "7776.17600", "2005-06-30": "", "2005-03-31": ""}}, "cash flow statement": {"Net Income/Loss": {"2019-12-31": "572.00000", "2018-12-31": "398.00000", "2017-12-31": "372.00000", "2016-12-31": "261.00000", "2015-12-31": "722.74800", "2014-12-31": "372.95000", "2013-12-31": "216.35800", "2012-12-31": "280.44000", "2011-12-31": "474.60300", "2010-12-31": "425.56000", "2009-12-31": "303.62300", "2008-12-31": "-2520.67000", "2007-12-31": "293.87000", "2006-12-31": "244.93400", "2005-12-31": "228.73000"}, "Total Depreciation And Amortization - Cash Flow": {"2019-12-31": "1151.00000", "2018-12-31": "1290.00000", "2017-12-31": "1038.00000", "2016-12-31": "1071.00000", "2015-12-31": "671.20600", "2014-12-31": "427.60100", "2013-12-31": "413.64800", "2012-12-31": "260.54800", "2011-12-31": "218.78100", "2010-12-31": "180.55200", "2009-12-31": "173.08300", "2008-12-31": "2969.62700", "2007-12-31": "199.94400", "2006-12-31": "249.46800", "2005-12-31": "280.83400"}, "Other Non-Cash Items": {"2019-12-31": "-147.00000", "2018-12-31": "-95.00000", "2017-12-31": "-204.00000", "2016-12-31": "63.00000", "2015-12-31": "-550.47100", "2014-12-31": "17.66800", "2013-12-31": "25.77600", "2012-12-31": "-22.01000", "2011-12-31": "-99.79800", "2010-12-31": "-89.21000", "2009-12-31": "-132.07400", "2008-12-31": "157.33700", "2007-12-31": "-1.94400", "2006-12-31": "-9.89900", "2005-12-31": "105.61500"}, "Total Non-Cash Items": {"2019-12-31": "1004.00000", "2018-12-31": "1195.00000", "2017-12-31": "834.00000", "2016-12-31": "1134.00000", "2015-12-31": "120.73490", "2014-12-31": "445.26900", "2013-12-31": "439.42400", "2012-12-31": "238.53800", "2011-12-31": "118.98300", "2010-12-31": "91.34200", "2009-12-31": "41.00900", "2008-12-31": "3126.96400", "2007-12-31": "198.00000", "2006-12-31": "239.56900", "2005-12-31": "386.44900"}, "Change In Accounts Receivable": {"2019-12-31": "-368.00000", "2018-12-31": "-282.00000", "2017-12-31": "-456.00000", "2016-12-31": "-276.00000", "2015-12-31": "-198.26200", "2014-12-31": "-157.95700", "2013-12-31": "-127.32700", "2012-12-31": "-84.01700", "2011-12-31": "-70.01200", "2010-12-31": "-22.44000", "2009-12-31": "-29.78100", "2008-12-31": "32.20800", "2007-12-31": "-44.36300", "2006-12-31": "-32.14800", "2005-12-31": "-21.83300"}, "Change In Inventories": {"2019-12-31": "", "2018-12-31": "", "2017-12-31": "", "2016-12-31": "", "2015-12-31": "", "2014-12-31": "", "2013-12-31": "", "2012-12-31": "", "2011-12-31": "", "2010-12-31": "", "2009-12-31": "", "2008-12-31": "", "2007-12-31": "", "2006-12-31": "", "2005-12-31": ""}, "Change In Accounts Payable": {"2019-12-31": "224.00000", "2018-12-31": "-134.00000", "2017-12-31": "316.00000", "2016-12-31": "184.00000", "2015-12-31": "97.24800", "2014-12-31": "110.60300", "2013-12-31": "91.50300", "2012-12-31": "146.46900", "2011-12-31": "80.39000", "2010-12-31": "49.64800", "2009-12-31": "26.46600", "2008-12-31": "-75.44300", "2007-12-31": "101.06800", "2006-12-31": "63.24600", "2005-12-31": "84.63600"}, "Change In Assets/Liabilities": {"2019-12-31": "1104.00000", "2018-12-31": "500.00000", "2017-12-31": "552.00000", "2016-12-31": "267.00000", "2015-12-31": "391.34200", "2014-12-31": "284.66900", "2013-12-31": "241.22700", "2012-12-31": "309.81400", "2011-12-31": "156.61300", "2010-12-31": "58.06400", "2009-12-31": "138.49600", "2008-12-31": "-96.77100", "2007-12-31": "111.79200", "2006-12-31": "41.98100", "2005-12-31": "24.27400"}, "Total Change In Assets/Liabilities": {"2019-12-31": "1191.00000", "2018-12-31": "382.00000", "2017-12-31": "639.00000", "2016-12-31": "154.00000", "2015-12-31": "524.56200", "2014-12-31": "548.74000", "2013-12-31": "107.41800", "2012-12-31": "718.20400", "2011-12-31": "232.14300", "2010-12-31": "88.48500", "2009-12-31": "229.26900", "2008-12-31": "-85.60600", "2007-12-31": "220.19900", "2006-12-31": "132.93700", "2005-12-31": "244.00800"}, "Cash Flow From Operating Activities": {"2019-12-31": "2767.00000", "2018-12-31": "1975.00000", "2017-12-31": "1845.00000", "2016-12-31": "1549.00000", "2015-12-31": "1368.04500", "2014-12-31": "1366.95900", "2013-12-31": "763.20000", "2012-12-31": "1237.18200", "2011-12-31": "825.72900", "2010-12-31": "605.38700", "2009-12-31": "573.90100", "2008-12-31": "520.68800", "2007-12-31": "712.06900", "2006-12-31": "617.44000", "2005-12-31": "859.18700"}, "Net Change In Property, Plant, And Equipment": {"2019-12-31": "-1160.00000", "2018-12-31": "-878.00000", "2017-12-31": "-710.00000", "2016-12-31": "-749.00000", "2015-12-31": "-787.04100", "2014-12-31": "-328.38700", "2013-12-31": "-308.58100", "2012-12-31": "-235.69700", "2011-12-31": "-207.83700", "2010-12-31": "-136.37600", "2009-12-31": "-78.84200", "2008-12-31": "-159.82700", "2007-12-31": "-86.65800", "2006-12-31": "-92.63100", "2005-12-31": "-52.31500"}, "Net Change In Intangible Assets": {"2019-12-31": "", "2018-12-31": "", "2017-12-31": "", "2016-12-31": "", "2015-12-31": "", "2014-12-31": "", "2013-12-31": "", "2012-12-31": "", "2011-12-31": "", "2010-12-31": "", "2009-12-31": "", "2008-12-31": "", "2007-12-31": "", "2006-12-31": "", "2005-12-31": ""}, "Net Acquisitions/Divestitures": {"2019-12-31": "80.00000", "2018-12-31": "-53.00000", "2017-12-31": "-169.00000", "2016-12-31": "-1.00000", "2015-12-31": "-1539.76700", "2014-12-31": "-560.66800", "2013-12-31": "-541.24700", "2012-12-31": "-199.36000", "2011-12-31": "-35.22100", "2010-12-31": "-16.01900", "2009-12-31": "-0.03600", "2008-12-31": "-538.43900", "2007-12-31": "-59.62200", "2006-12-31": "-19.35500", "2005-12-31": "10.54700"}, "Net Change In Short-term Investments": {"2019-12-31": "-1346.00000", "2018-12-31": "-1803.00000", "2017-12-31": "-1811.00000", "2016-12-31": "", "2015-12-31": "", "2014-12-31": "", "2013-12-31": "285.98500", "2012-12-31": "82.43600", "2011-12-31": "-216.11000", "2010-12-31": "-604.30300", "2009-12-31": "47.18900", "2008-12-31": "-92.92300", "2007-12-31": "", "2006-12-31": "", "2005-12-31": "0.93700"}, "Net Change In Long-Term Investments": {"2019-12-31": "852.00000", "2018-12-31": "2137.00000", "2017-12-31": "1096.00000", "2016-12-31": "16.00000", "2015-12-31": "-110.40600", "2014-12-31": "-31.65300", "2013-12-31": "", "2012-12-31": "", "2011-12-31": "", "2010-12-31": "", "2009-12-31": "", "2008-12-31": "", "2007-12-31": "-33.22600", "2006-12-31": "-1.51400", "2005-12-31": "-0.36900"}, "Net Change In Investments - Total": {"2019-12-31": "-494.00000", "2018-12-31": "334.00000", "2017-12-31": "-715.00000", "2016-12-31": "16.00000", "2015-12-31": "-110.40600", "2014-12-31": "-31.65300", "2013-12-31": "285.98500", "2012-12-31": "82.43600", "2011-12-31": "-216.11000", "2010-12-31": "-604.30300", "2009-12-31": "47.18900", "2008-12-31": "-92.92300", "2007-12-31": "-33.22600", "2006-12-31": "-1.51400", "2005-12-31": "0.56800"}, "Investing Activities - Other": {"2019-12-31": "21.00000", "2018-12-31": "38.00000", "2017-12-31": "13.00000", "2016-12-31": "16.00000", "2015-12-31": "65.95400", "2014-12-31": "-3.54900", "2013-12-31": "38.33000", "2012-12-31": "-15.20400", "2011-12-31": "-4.29200", "2010-12-31": "12.35100", "2009-12-31": "42.01600", "2008-12-31": "-68.36900", "2007-12-31": "", "2006-12-31": "", "2005-12-31": "-760.14300"}, "Cash Flow From Investing Activities": {"2019-12-31": "-1553.00000", "2018-12-31": "-559.00000", "2017-12-31": "-1581.00000", "2016-12-31": "-718.00000", "2015-12-31": "-2371.26000", "2014-12-31": "-924.25700", "2013-12-31": "-525.51300", "2012-12-31": "-367.82500", "2011-12-31": "-463.46000", "2010-12-31": "-744.34700", "2009-12-31": "10.32700", "2008-12-31": "-859.55800", "2007-12-31": "-179.50600", "2006-12-31": "-113.50000", "2005-12-31": "-801.34300"}, "Net Long-Term Debt": {"2019-12-31": "1231.00000", "2018-12-31": "-500.00000", "2017-12-31": "990.00000", "2016-12-31": "-403.00000", "2015-12-31": "1441.86000", "2014-12-31": "492.89400", "2013-12-31": "", "2012-12-31": "", "2011-12-31": "", "2010-12-31": "742.47000", "2009-12-31": "-650.00000", "2008-12-31": "457.34800", "2007-12-31": "585.00000", "2006-12-31": "265.34600", "2005-12-31": "230.00000"}, "Net Current Debt": {"2019-12-31": "", "2018-12-31": "", "2017-12-31": "", "2016-12-31": "", "2015-12-31": "", "2014-12-31": "", "2013-12-31": "", "2012-12-31": "", "2011-12-31": "", "2010-12-31": "", "2009-12-31": "", "2008-12-31": "", "2007-12-31": "", "2006-12-31": "", "2005-12-31": ""}, "Debt Issuance/Retirement Net - Total": {"2019-12-31": "1231.00000", "2018-12-31": "-500.00000", "2017-12-31": "990.00000", "2016-12-31": "-403.00000", "2015-12-31": "1441.86000", "2014-12-31": "492.89400", "2013-12-31": "", "2012-12-31": "", "2011-12-31": "", "2010-12-31": "742.47000", "2009-12-31": "-650.00000", "2008-12-31": "457.34800", "2007-12-31": "585.00000", "2006-12-31": "265.34600", "2005-12-31": "230.00000"}, "Net Common Equity Issued/Repurchased": {"2019-12-31": "-470.00000", "2018-12-31": "-788.00000", "2017-12-31": "-101.00000", "2016-12-31": "-107.00000", "2015-12-31": "51.22700", "2014-12-31": "-412.60800", "2013-12-31": "-440.79100", "2012-12-31": "-176.37800", "2011-12-31": "-282.02300", "2010-12-31": "-529.30700", "2009-12-31": "7.83100", "2008-12-31": "-6.51200", "2007-12-31": "-1342.13500", "2006-12-31": "-260.43300", "2005-12-31": "29.06000"}, "Net Total Equity Issued/Repurchased": {"2019-12-31": "-470.00000", "2018-12-31": "-788.00000", "2017-12-31": "-101.00000", "2016-12-31": "-107.00000", "2015-12-31": "51.22700", "2014-12-31": "-412.60800", "2013-12-31": "-440.79100", "2012-12-31": "-176.37800", "2011-12-31": "-282.02300", "2010-12-31": "-529.30700", "2009-12-31": "7.83100", "2008-12-31": "-6.51200", "2007-12-31": "-1342.13500", "2006-12-31": "-260.43300", "2005-12-31": "29.06000"}, "Total Common And Preferred Stock Dividends Paid": {"2019-12-31": "-195.00000", "2018-12-31": "-186.00000", "2017-12-31": "-176.00000", "2016-12-31": "-150.00000", "2015-12-31": "-108.52700", "2014-12-31": "-84.69700", "2013-12-31": "-75.76000", "2012-12-31": "-130.42300", "2011-12-31": "-76.55000", "2010-12-31": "-79.07600", "2009-12-31": "", "2008-12-31": "", "2007-12-31": "", "2006-12-31": "", "2005-12-31": ""}, "Financial Activities - Other": {"2019-12-31": "-391.00000", "2018-12-31": "-15.00000", "2017-12-31": "-25.00000", "2016-12-31": "-31.00000", "2015-12-31": "19.63900", "2014-12-31": "52.56000", "2013-12-31": "24.03500", "2012-12-31": "34.01400", "2011-12-31": "5.07900", "2010-12-31": "-6.22700", "2009-12-31": "-18.75000", "2008-12-31": "13.96500", "2007-12-31": "-32.84400", "2006-12-31": "4.85900", "2005-12-31": "-152.55300"}, "Cash Flow From Financial Activities": {"2019-12-31": "175.00000", "2018-12-31": "-1489.00000", "2017-12-31": "688.00000", "2016-12-31": "-691.00000", "2015-12-31": "1404.19900", "2014-12-31": "48.14900", "2013-12-31": "-492.51600", "2012-12-31": "-272.78700", "2011-12-31": "-353.49400", "2010-12-31": "127.86000", "2009-12-31": "-660.91900", "2008-12-31": "464.80100", "2007-12-31": "-789.97900", "2006-12-31": "9.77200", "2005-12-31": "106.50700"}, "Net Cash Flow": {"2019-12-31": "1392.00000", "2018-12-31": "-212.00000", "2017-12-31": "1099.00000", "2016-12-31": "105.00000", "2015-12-31": "273.59900", "2014-12-31": "381.66700", "2013-12-31": "-272.12800", "2012-12-31": "604.02700", "2011-12-31": "67.93500", "2010-12-31": "10.01900", "2009-12-31": "-46.23100", "2008-12-31": "48.02600", "2007-12-31": "-235.88800", "2006-12-31": "555.85800", "2005-12-31": "155.74800"}, "Stock-Based Compensation": {"2019-12-31": "", "2018-12-31": "", "2017-12-31": "", "2016-12-31": "", "2015-12-31": "", "2014-12-31": "", "2013-12-31": "", "2012-12-31": "", "2011-12-31": "", "2010-12-31": "", "2009-12-31": "", "2008-12-31": "", "2007-12-31": "", "2006-12-31": "", "2005-12-31": ""}, "Common Stock Dividends Paid": {"2019-12-31": "-195.00000", "2018-12-31": "-186.00000", "2017-12-31": "-176.00000", "2016-12-31": "-150.00000", "2015-12-31": "-108.52700", "2014-12-31": "-84.69700", "2013-12-31": "-75.76000", "2012-12-31": "-130.42300", "2011-12-31": "-76.55000", "2010-12-31": "-79.07600", "2009-12-31": "0.00000", "2008-12-31": "", "2007-12-31": "", "2006-12-31": "", "2005-12-31": ""}}, "cash flow statement, quarterly": {"Net Income/Loss": {"2020-09-30": -200, "2020-06-30": -740, "2020-03-31": "-1397.00000", "2019-12-31": 78, "2019-09-30": 407, "2019-06-30": 187, "2019-03-31": "-100.00000", "2018-12-31": 25, "2018-09-30": 531, "2018-06-30": -9, "2018-03-31": "-149.00000", "2017-12-31": 53, "2017-09-30": 349, "2017-06-30": 54, "2017-03-31": "-84.00000", "2016-12-31": 84.597, "2016-09-30": 278.928, "2016-06-30": 6.007, "2016-03-31": "-108.53200", "2015-12-31": -12.886, "2015-09-30": 276.237, "2015-06-30": 426.836, "2015-03-31": "32.56100", "2014-12-31": 56.279, "2014-09-30": 250.621, "2014-06-30": 85.854, "2014-03-31": "-19.80400", "2013-12-31": 93.987, "2013-09-30": 166.724, "2013-06-30": 63.015, "2013-03-31": "-107.36800", "2012-12-31": 6.902, "2012-09-30": 169.731, "2012-06-30": 106.109, "2012-03-31": "-2.30200", "2011-12-31": 71.098, "2011-09-30": 210.406, "2011-06-30": 140.89, "2011-03-31": "52.20900", "2010-12-31": 71.584, "2010-09-30": 178.024, "2010-06-30": 115.353, "2010-03-31": "60.59900", "2009-12-31": 104.213, "2009-09-30": 117.813, "2009-06-30": 41.843, "2009-03-31": "39.75400", "2008-12-31": -2760.155, "2008-09-30": 94.487, "2008-06-30": 95.23, "2008-03-31": "49.76800", "2007-12-31": 63.363, "2007-09-30": 99.595, "2007-06-30": 96.136, "2007-03-31": "34.77600", "2006-12-31": -177.794, "2006-09-30": 58.977, "2006-06-30": 95.482, "2006-03-31": "23.33500", "2005-12-31": 25.234, "2005-09-30": 82.035, "2005-06-30": 73.432, "2005-03-31": "48.02900"}, "Total Depreciation And Amortization - Cash Flow": {"2020-09-30": 322, "2020-06-30": 316, "2020-03-31": "1170.00000", "2019-12-31": 292, "2019-09-30": 288, "2019-06-30": 287, "2019-03-31": "284.00000", "2018-12-31": 353, "2018-09-30": 296, "2018-06-30": 352, "2018-03-31": "289.00000", "2017-12-31": 281, "2017-09-30": 234, "2017-06-30": 268, "2017-03-31": "255.00000", "2016-12-31": 279.446, "2016-09-30": 246.757, "2016-06-30": 300.635, "2016-03-31": "244.16200", "2015-12-31": 212.97, "2015-09-30": 182.212, "2015-06-30": 147.651, "2015-03-31": "128.37300", "2014-12-31": 109.026, "2014-09-30": 108.292, "2014-06-30": 104.836, "2014-03-31": "105.44700", "2013-12-31": 101.554, "2013-09-30": 89.518, "2013-06-30": 86.062, "2013-03-31": "136.51400", "2012-12-31": 73.257, "2012-09-30": 68.686, "2012-06-30": 63.918, "2012-03-31": "54.68700", "2011-12-31": 64.508, "2011-09-30": 55.378, "2011-06-30": 49.078, "2011-03-31": "49.81700", "2010-12-31": 21.885, "2010-09-30": 51.822, "2010-06-30": 53.31, "2010-03-31": "53.53500", "2009-12-31": 23.117, "2009-09-30": 50.018, "2009-06-30": 47.671, "2009-03-31": "52.27700", "2008-12-31": 2814.127, "2008-09-30": 50.765, "2008-06-30": 51.81, "2008-03-31": "52.92500", "2007-12-31": 53.002, "2007-09-30": 48.361, "2007-06-30": 47.137, "2007-03-31": "51.44400", "2006-12-31": -189.819, "2006-09-30": 56.88, "2006-06-30": 59.593, "2006-03-31": "73.34600", "2005-12-31": 59.807, "2005-09-30": 49.249, "2005-06-30": 89.953, "2005-03-31": "81.82500"}, "Other Non-Cash Items": {"2020-09-30": -105, "2020-06-30": -243, "2020-03-31": "264.00000", "2019-12-31": -122, "2019-09-30": 44, "2019-06-30": -55, "2019-03-31": "-14.00000", "2018-12-31": -1, "2018-09-30": -239, "2018-06-30": 110, "2018-03-31": "35.00000", "2017-12-31": -22, "2017-09-30": -109, "2017-06-30": -75, "2017-03-31": "2.00000", "2016-12-31": 115.917, "2016-09-30": -63.774, "2016-06-30": 24.189, "2016-03-31": "-13.33200", "2015-12-31": 27.816, "2015-09-30": -10.065, "2015-06-30": -519.831, "2015-03-31": "-48.39100", "2014-12-31": -15.631, "2014-09-30": 51.371, "2014-06-30": -12.226, "2014-03-31": "-5.84600", "2013-12-31": 1.17, "2013-09-30": -71.387, "2013-06-30": 52.546, "2013-03-31": "43.44700", "2012-12-31": -68.233, "2012-09-30": -5.056, "2012-06-30": 31.804, "2012-03-31": "19.47500", "2011-12-31": -7.349, "2011-09-30": 21.717, "2011-06-30": -55.633, "2011-03-31": "-58.53300", "2010-12-31": -107.495, "2010-09-30": -39.813, "2010-06-30": 35.038, "2010-03-31": "23.06000", "2009-12-31": -102.299, "2009-09-30": -9.044, "2009-06-30": -32.458, "2009-03-31": "11.72700", "2008-12-31": 92.832, "2008-09-30": 72.79, "2008-06-30": -12.417, "2008-03-31": "4.13200", "2007-12-31": 7.642, "2007-09-30": -13.263, "2007-06-30": -4.875, "2007-03-31": "8.55200", "2006-12-31": 20.508, "2006-09-30": 10.847, "2006-06-30": -37.721, "2006-03-31": "6.36600", "2005-12-31": 64.527, "2005-09-30": 16.812, "2005-06-30": 20.173, "2005-03-31": "4.10300"}, "Total Non-Cash Items": {"2020-09-30": 217, "2020-06-30": 73, "2020-03-31": "1434.00000", "2019-12-31": 170, "2019-09-30": 332, "2019-06-30": 232, "2019-03-31": "270.00000", "2018-12-31": 352, "2018-09-30": 57, "2018-06-30": 462, "2018-03-31": "324.00000", "2017-12-31": 259, "2017-09-30": 125, "2017-06-30": 193, "2017-03-31": "257.00000", "2016-12-31": 395.363, "2016-09-30": 182.983, "2016-06-30": 324.824, "2016-03-31": "230.83000", "2015-12-31": 240.7859, "2015-09-30": 172.147, "2015-06-30": -372.18, "2015-03-31": "79.98200", "2014-12-31": 93.395, "2014-09-30": 159.663, "2014-06-30": 92.61, "2014-03-31": "99.60100", "2013-12-31": 102.724, "2013-09-30": 18.131, "2013-06-30": 138.608, "2013-03-31": "179.96100", "2012-12-31": 5.024, "2012-09-30": 63.63, "2012-06-30": 95.722, "2012-03-31": "74.16200", "2011-12-31": 57.159, "2011-09-30": 77.095, "2011-06-30": -6.555, "2011-03-31": "-8.71600", "2010-12-31": -85.61, "2010-09-30": 12.009, "2010-06-30": 88.348, "2010-03-31": "76.59500", "2009-12-31": -79.182, "2009-09-30": 40.974, "2009-06-30": 15.213, "2009-03-31": "64.00400", "2008-12-31": 2906.959, "2008-09-30": 123.555, "2008-06-30": 39.393, "2008-03-31": "57.05700", "2007-12-31": 60.644, "2007-09-30": 35.098, "2007-06-30": 42.262, "2007-03-31": "59.99600", "2006-12-31": -169.311, "2006-09-30": 67.727, "2006-06-30": 21.872, "2006-03-31": "79.71200", "2005-12-31": 124.334, "2005-09-30": 66.061, "2005-06-30": 110.126, "2005-03-31": "85.92800"}, "Change In Accounts Receivable": {"2020-09-30": 157, "2020-06-30": 393, "2020-03-31": "1086.00000", "2019-12-31": 175, "2019-09-30": 199, "2019-06-30": -274, "2019-03-31": "-468.00000", "2018-12-31": 134, "2018-09-30": 60, "2018-06-30": -131, "2018-03-31": "-345.00000", "2017-12-31": -28, "2017-09-30": 6, "2017-06-30": -202, "2017-03-31": "-232.00000", "2016-12-31": 21.258, "2016-09-30": 69.93, "2016-06-30": -99.321, "2016-03-31": "-267.86700", "2015-12-31": 183.356, "2015-09-30": 31.052, "2015-06-30": -197.634, "2015-03-31": "-215.03600", "2014-12-31": 119.099, "2014-09-30": 29.944, "2014-06-30": -110.13, "2014-03-31": "-196.87000", "2013-12-31": 82.791, "2013-09-30": -2.7, "2013-06-30": -56.584, "2013-03-31": "-150.83400", "2012-12-31": 108.088, "2012-09-30": -49.984, "2012-06-30": -70.285, "2012-03-31": "-71.83600", "2011-12-31": 12.511, "2011-09-30": 27.02, "2011-06-30": -27.548, "2011-03-31": "-81.99500", "2010-12-31": 91.302, "2010-09-30": -8.51, "2010-06-30": -20.097, "2010-03-31": "-85.13500", "2009-12-31": 65.429, "2009-09-30": 4.643, "2009-06-30": -39.655, "2009-03-31": "-60.19800", "2008-12-31": 77.863, "2008-09-30": 72.749, "2008-06-30": -25.119, "2008-03-31": "-93.28500", "2007-12-31": 50.068, "2007-09-30": -0.914, "2007-06-30": -21.929, "2007-03-31": "-71.58800", "2006-12-31": 39.767, "2006-09-30": -13.253, "2006-06-30": -1.761, "2006-03-31": "-24.75300", "2005-12-31": 6.635, "2005-09-30": 20.137, "2005-06-30": 8.915, "2005-03-31": "-57.52000"}, "Change In Inventories": {"2020-09-30": 0, "2020-06-30": 0, "2020-03-31": "", "2019-12-31": 0, "2019-09-30": 0, "2019-06-30": 0, "2019-03-31": "", "2018-12-31": 0, "2018-09-30": 0, "2018-06-30": 0, "2018-03-31": "", "2017-12-31": 0, "2017-09-30": 0, "2017-06-30": 0, "2017-03-31": "", "2016-12-31": 0, "2016-09-30": 0, "2016-06-30": 0, "2016-03-31": "", "2015-12-31": 0, "2015-09-30": 0, "2015-06-30": 0, "2015-03-31": "", "2014-12-31": 0, "2014-09-30": 0, "2014-06-30": 0, "2014-03-31": "", "2013-12-31": 0, "2013-09-30": 0, "2013-06-30": 0, "2013-03-31": "", "2012-12-31": 0, "2012-09-30": 0, "2012-06-30": 0, "2012-03-31": "", "2011-12-31": 0, "2011-09-30": 0, "2011-06-30": 0, "2011-03-31": "", "2010-12-31": 0, "2010-09-30": 0, "2010-06-30": 0, "2010-03-31": "", "2009-12-31": 0, "2009-09-30": 0, "2009-06-30": 0, "2009-03-31": "", "2008-12-31": 0, "2008-09-30": 0, "2008-06-30": 0, "2008-03-31": "", "2007-12-31": 0, "2007-09-30": 0, "2007-06-30": 0, "2007-03-31": "", "2006-12-31": 0, "2006-09-30": 0, "2006-06-30": 0, "2006-03-31": "", "2005-12-31": 0, "2005-09-30": 0, "2005-06-30": 0, "2005-03-31": ""}, "Change In Accounts Payable": {"2020-09-30": 49, "2020-06-30": -307, "2020-03-31": "-1082.00000", "2019-12-31": 105, "2019-09-30": -152, "2019-06-30": 232, "2019-03-31": "39.00000", "2018-12-31": -176, "2018-09-30": 67, "2018-06-30": 102, "2018-03-31": "-127.00000", "2017-12-31": 57, "2017-09-30": 62, "2017-06-30": 284, "2017-03-31": "-87.00000", "2016-12-31": 25.547, "2016-09-30": 32.397, "2016-06-30": 83.634, "2016-03-31": "42.42200", "2015-12-31": -105.635, "2015-09-30": -42.96, "2015-06-30": 172.745, "2015-03-31": "73.09800", "2014-12-31": -115.759, "2014-09-30": 58.16, "2014-06-30": 136.521, "2014-03-31": "31.68100", "2013-12-31": -165.513, "2013-09-30": -44.552, "2013-06-30": 128.548, "2013-03-31": "173.02000", "2012-12-31": -144.34, "2012-09-30": 97.729, "2012-06-30": 128.781, "2012-03-31": "64.29900", "2011-12-31": -112.62, "2011-09-30": -26.641, "2011-06-30": 119.046, "2011-03-31": "100.60500", "2010-12-31": -121.652, "2010-09-30": 27.796, "2010-06-30": 82.45, "2010-03-31": "61.05400", "2009-12-31": -116.502, "2009-09-30": 27.258, "2009-06-30": 99.285, "2009-03-31": "16.42500", "2008-12-31": -139.84, "2008-09-30": -59.939, "2008-06-30": 36.322, "2008-03-31": "88.01400", "2007-12-31": -120.016, "2007-09-30": 43.008, "2007-06-30": 122.767, "2007-03-31": "55.30900", "2006-12-31": -122.307, "2006-09-30": 31.044, "2006-06-30": 69.969, "2006-03-31": "21.29400", "2005-12-31": -128.168, "2005-09-30": 89.662, "2005-06-30": 43.198, "2005-03-31": "79.94400"}, "Change In Assets/Liabilities": {"2020-09-30": -1034, "2020-06-30": -1100, "2020-03-31": "-664.00000", "2019-12-31": -217, "2019-09-30": -1555, "2019-06-30": 445, "2019-03-31": "2431.00000", "2018-12-31": -466, "2018-09-30": -1341, "2018-06-30": 194, "2018-03-31": "2113.00000", "2017-12-31": -400, "2017-09-30": -1133, "2017-06-30": 230, "2017-03-31": "1855.00000", "2016-12-31": -466.743, "2016-09-30": -816.937, "2016-06-30": 275.666, "2016-03-31": "1275.01400", "2015-12-31": -415.089, "2015-09-30": -677.489, "2015-06-30": 334.725, "2015-03-31": "1149.19500", "2014-12-31": -371.053, "2014-09-30": -495.711, "2014-06-30": 112.226, "2014-03-31": "1039.20700", "2013-12-31": -309.263, "2013-09-30": -355.773, "2013-06-30": 146.996, "2013-03-31": "759.26700", "2012-12-31": -333.993, "2012-09-30": -308.384, "2012-06-30": 166.45, "2012-03-31": "785.74100", "2011-12-31": -208.147, "2011-09-30": -385.671, "2011-06-30": 93.829, "2011-03-31": "656.60200", "2010-12-31": -254.991, "2010-09-30": -186.768, "2010-06-30": -21.807, "2010-03-31": "521.63000", "2009-12-31": -202.695, "2009-09-30": -210.881, "2009-06-30": 94.265, "2009-03-31": "457.80700", "2008-12-31": -280.82, "2008-09-30": -341.193, "2008-06-30": 67.012, "2008-03-31": "458.23000", "2007-12-31": -204.868, "2007-09-30": -169.49, "2007-06-30": 62.268, "2007-03-31": "423.88200", "2006-12-31": -190.734, "2006-09-30": -182.175, "2006-06-30": -16.241, "2006-03-31": "389.15000", "2005-12-31": -136.327, "2005-09-30": -170.163, "2005-06-30": 24.886, "2005-03-31": "305.87800"}, "Total Change In Assets/Liabilities": {"2020-09-30": -836, "2020-06-30": -1179, "2020-03-31": "-821.00000", "2019-12-31": 93, "2019-09-30": -1600, "2019-06-30": 719, "2019-03-31": "1979.00000", "2018-12-31": -522, "2018-09-30": -959, "2018-06-30": 362, "2018-03-31": "1501.00000", "2017-12-31": -413, "2017-09-30": -917, "2017-06-30": 454, "2017-03-31": "1515.00000", "2016-12-31": -474.638, "2016-09-30": -644.33, "2016-06-30": 286.943, "2016-03-31": "986.02500", "2015-12-31": -401.381, "2015-09-30": -568.889, "2015-06-30": 556.311, "2015-03-31": "938.52100", "2014-12-31": -349.517, "2014-09-30": -308.424, "2014-06-30": 315.0399, "2014-03-31": "891.64110", "2013-12-31": -408.926, "2013-09-30": -409.048, "2013-06-30": 116.896, "2013-03-31": "808.49600", "2012-12-31": -228.652, "2012-09-30": -180.048, "2012-06-30": 350.9479, "2012-03-31": "775.95610", "2011-12-31": -321.226, "2011-09-30": -355.34, "2011-06-30": 259.551, "2011-03-31": "649.15800", "2010-12-31": -318.304, "2010-09-30": -185.649, "2010-06-30": 110.105, "2010-03-31": "482.33300", "2009-12-31": -271.462, "2009-09-30": -183.005, "2009-06-30": 285.49, "2009-03-31": "398.24600", "2008-12-31": -393.645, "2008-09-30": -321.567, "2008-06-30": 172.652, "2008-03-31": "456.95400", "2007-12-31": -377.294, "2007-09-30": -91.95, "2007-06-30": 246.159, "2007-03-31": "443.28400", "2006-12-31": -376.463, "2006-09-30": -112.049, "2006-06-30": 139.632, "2006-03-31": "348.88000", "2005-12-31": -234.034, "2005-09-30": 12.107, "2005-06-30": 102.203, "2005-03-31": "363.73200"}, "Cash Flow From Operating Activities": {"2020-09-30": -819, "2020-06-30": -1846, "2020-03-31": "-784.00000", "2019-12-31": 341, "2019-09-30": -861, "2019-06-30": 1138, "2019-03-31": "2149.00000", "2018-12-31": -145, "2018-09-30": -371, "2018-06-30": 815, "2018-03-31": "1676.00000", "2017-12-31": -101, "2017-09-30": -443, "2017-06-30": 701, "2017-03-31": "1688.00000", "2016-12-31": 5.322, "2016-09-30": -182.419, "2016-06-30": 617.774, "2016-03-31": "1108.32300", "2015-12-31": -173.481, "2015-09-30": -120.505, "2015-06-30": 610.967, "2015-03-31": "1051.06400", "2014-12-31": -199.843, "2014-09-30": 101.86, "2014-06-30": 493.504, "2014-03-31": "971.43800", "2013-12-31": -212.215, "2013-09-30": -224.193, "2013-06-30": 318.519, "2013-03-31": "881.08900", "2012-12-31": -216.726, "2012-09-30": 53.313, "2012-06-30": 552.779, "2012-03-31": "847.81600", "2011-12-31": -192.969, "2011-09-30": -67.839, "2011-06-30": 393.886, "2011-03-31": "692.65100", "2010-12-31": -332.33, "2010-09-30": 4.384, "2010-06-30": 313.806, "2010-03-31": "619.52700", "2009-12-31": -246.431, "2009-09-30": -24.218, "2009-06-30": 342.546, "2009-03-31": "502.00400", "2008-12-31": -246.841, "2008-09-30": -103.525, "2008-06-30": 307.275, "2008-03-31": "563.77900", "2007-12-31": -253.287, "2007-09-30": 42.743, "2007-06-30": 384.557, "2007-03-31": "538.05600", "2006-12-31": -723.568, "2006-09-30": 14.655, "2006-06-30": 256.986, "2006-03-31": "451.92700", "2005-12-31": -84.466, "2005-09-30": 160.203, "2005-06-30": 285.761, "2005-03-31": "497.68900"}, "Net Change In Property, Plant, And Equipment": {"2020-09-30": -176, "2020-06-30": -206, "2020-03-31": "-287.00000", "2019-12-31": -296, "2019-09-30": -291, "2019-06-30": -299, "2019-03-31": "-274.00000", "2018-12-31": -244, "2018-09-30": -223, "2018-06-30": -219, "2018-03-31": "-192.00000", "2017-12-31": -184, "2017-09-30": -169, "2017-06-30": -190, "2017-03-31": "-167.00000", "2016-12-31": -181.956, "2016-09-30": -187.063, "2016-06-30": -212.403, "2016-03-31": "-167.57800", "2015-12-31": -161.602, "2015-09-30": -156.712, "2015-06-30": -366.077, "2015-03-31": "-102.65000", "2014-12-31": -88.709, "2014-09-30": -82.465, "2014-06-30": -82.464, "2014-03-31": "-74.74900", "2013-12-31": -73.165, "2013-09-30": -77.576, "2013-06-30": -70.684, "2013-03-31": "-87.15600", "2012-12-31": -58.717, "2012-09-30": -59.763, "2012-06-30": -66.403, "2012-03-31": "-50.81400", "2011-12-31": -49.97, "2011-09-30": -59.251, "2011-06-30": -52.53, "2011-03-31": "-46.08600", "2010-12-31": -23.052, "2010-09-30": -40.196, "2010-06-30": -43.453, "2010-03-31": "-29.67500", "2009-12-31": -15.91, "2009-09-30": -20.88, "2009-06-30": -18.666, "2009-03-31": "-23.38600", "2008-12-31": -40.843, "2008-09-30": -48.251, "2008-06-30": -37.545, "2008-03-31": "-33.18800", "2007-12-31": -29.038, "2007-09-30": -18.646, "2007-06-30": -20.642, "2007-03-31": "-18.33200", "2006-12-31": 67.58, "2006-09-30": -33.551, "2006-06-30": -20.991, "2006-03-31": "-13.03800", "2005-12-31": -11.456, "2005-09-30": -14.849, "2005-06-30": -13.389, "2005-03-31": "-12.62100"}, "Net Change In Intangible Assets": {"2020-09-30": 0, "2020-06-30": 0, "2020-03-31": "", "2019-12-31": 0, "2019-09-30": 0, "2019-06-30": 0, "2019-03-31": "", "2018-12-31": 0, "2018-09-30": 0, "2018-06-30": 0, "2018-03-31": "", "2017-12-31": 0, "2017-09-30": 0, "2017-06-30": 0, "2017-03-31": "", "2016-12-31": 0, "2016-09-30": 0, "2016-06-30": 0, "2016-03-31": "", "2015-12-31": 0, "2015-09-30": 0, "2015-06-30": 0, "2015-03-31": "", "2014-12-31": 0, "2014-09-30": 0, "2014-06-30": 0, "2014-03-31": "", "2013-12-31": 0, "2013-09-30": 0, "2013-06-30": 0, "2013-03-31": "", "2012-12-31": 0, "2012-09-30": 0, "2012-06-30": 0, "2012-03-31": "", "2011-12-31": 0, "2011-09-30": 0, "2011-06-30": 0, "2011-03-31": "", "2010-12-31": 0, "2010-09-30": 0, "2010-06-30": 0, "2010-03-31": "", "2009-12-31": 0, "2009-09-30": 0, "2009-06-30": 0, "2009-03-31": "", "2008-12-31": 0, "2008-09-30": 0, "2008-06-30": 0, "2008-03-31": "", "2007-12-31": 0, "2007-09-30": 0, "2007-06-30": 0, "2007-03-31": "", "2006-12-31": 0, "2006-09-30": 0, "2006-06-30": 0, "2006-03-31": "", "2005-12-31": 0, "2005-09-30": 0, "2005-06-30": 0, "2005-03-31": ""}, "Net Acquisitions/Divestitures": {"2020-09-30": 0, "2020-06-30": 0, "2020-03-31": "", "2019-12-31": 0, "2019-09-30": 80, "2019-06-30": 0, "2019-03-31": "", "2018-12-31": -13, "2018-09-30": -40, "2018-06-30": 0, "2018-03-31": "", "2017-12-31": 0, "2017-09-30": -33, "2017-06-30": -136, "2017-03-31": "", "2016-12-31": -0.223, "2016-09-30": -0.777, "2016-06-30": 0, "2016-03-31": "", "2015-12-31": -129.828, "2015-09-30": -1609.789, "2015-06-30": 525.938, "2015-03-31": "-326.08800", "2014-12-31": -535.491, "2014-09-30": -25.177, "2014-06-30": 0, "2014-03-31": "", "2013-12-31": -0.758, "2013-09-30": 0, "2013-06-30": 0, "2013-03-31": "-540.48900", "2012-12-31": -0.962, "2012-09-30": 0.869, "2012-06-30": -199.267, "2012-03-31": "", "2011-12-31": -27.145, "2011-09-30": -0.001, "2011-06-30": -8.075, "2011-03-31": "", "2010-12-31": 20.334, "2010-09-30": 0, "2010-06-30": -36.107, "2010-03-31": "-0.24600", "2009-12-31": 8.327, "2009-09-30": 0, "2009-06-30": -5.951, "2009-03-31": "-2.41200", "2008-12-31": -9.025, "2008-09-30": -352.725, "2008-06-30": -94.234, "2008-03-31": "-82.45500", "2007-12-31": 0, "2007-09-30": 0, "2007-06-30": -19.771, "2007-03-31": "-39.85100", "2006-12-31": 29.83, "2006-09-30": -24.939, "2006-06-30": -4.628, "2006-03-31": "-0.26300", "2005-12-31": -0.968, "2005-09-30": -2.064, "2005-06-30": 0, "2005-03-31": "13.57900"}, "Net Change In Short-term Investments": {"2020-09-30": 0, "2020-06-30": -400, "2020-03-31": "-285.00000", "2019-12-31": -63, "2019-09-30": -647, "2019-06-30": -198, "2019-03-31": "-438.00000", "2018-12-31": -1803, "2018-09-30": 0, "2018-06-30": 0, "2018-03-31": "", "2017-12-31": -1811, "2017-09-30": 991, "2017-06-30": -991, "2017-03-31": "", "2016-12-31": 0, "2016-09-30": 20.446, "2016-06-30": -20.446, "2016-03-31": "", "2015-12-31": 512.329, "2015-09-30": -6.22, "2015-06-30": -506.109, "2015-03-31": "", "2014-12-31": 87.318, "2014-09-30": -87.318, "2014-06-30": 359.708, "2014-03-31": "-359.70800", "2013-12-31": 87.08, "2013-09-30": 555.877, "2013-06-30": -4.089, "2013-03-31": "-352.88300", "2012-12-31": 369.1201, "2012-09-30": 46.7459, "2012-06-30": -280.881, "2012-03-31": "-52.54900", "2011-12-31": -82.95, "2011-09-30": 287.419, "2011-06-30": -41.306, "2011-03-31": "-379.27300", "2010-12-31": 105.86, "2010-09-30": -327.592, "2010-06-30": -357.096, "2010-03-31": "-25.47500", "2009-12-31": -42.982, "2009-09-30": 45.08, "2009-06-30": 42.188, "2009-03-31": "2.90300", "2008-12-31": -92.923, "2008-09-30": 0, "2008-06-30": 0, "2008-03-31": "", "2007-12-31": 0, "2007-09-30": 0, "2007-06-30": 0, "2007-03-31": "", "2006-12-31": 0, "2006-09-30": 0, "2006-06-30": 0, "2006-03-31": "", "2005-12-31": 0.937, "2005-09-30": -1, "2005-06-30": 0, "2005-03-31": "1.00000"}, "Net Change In Long-Term Investments": {"2020-09-30": 400, "2020-06-30": 176, "2020-03-31": "585.00000", "2019-12-31": 217, "2019-09-30": 608, "2019-06-30": 27, "2019-03-31": "", "2018-12-31": 2159, "2018-09-30": 1023, "2018-06-30": -495, "2018-03-31": "-550.00000", "2017-12-31": 1888, "2017-09-30": -967, "2017-06-30": 949, "2017-03-31": "-774.00000", "2016-12-31": 4.809, "2016-09-30": -11.567, "2016-06-30": 14.543, "2016-03-31": "8.21500", "2015-12-31": -502.677, "2015-09-30": 165.946, "2015-06-30": 443.349, "2015-03-31": "-217.02400", "2014-12-31": -31.653, "2014-09-30": 606.5759, "2014-06-30": -606.5759, "2014-03-31": "", "2013-12-31": 0, "2013-09-30": 0, "2013-06-30": 0, "2013-03-31": "", "2012-12-31": 0, "2012-09-30": 0, "2012-06-30": 0, "2012-03-31": "", "2011-12-31": 0, "2011-09-30": 0, "2011-06-30": 0, "2011-03-31": "", "2010-12-31": 0, "2010-09-30": 0, "2010-06-30": 0, "2010-03-31": "", "2009-12-31": 46, "2009-09-30": -46, "2009-06-30": 0, "2009-03-31": "", "2008-12-31": -9.899, "2008-09-30": 21.005, "2008-06-30": -3.949, "2008-03-31": "-7.15700", "2007-12-31": -3.549, "2007-09-30": -0.083, "2007-06-30": -1.087, "2007-03-31": "-28.50700", "2006-12-31": 1.82, "2006-09-30": -0.188, "2006-06-30": -1.213, "2006-03-31": "-0.41900", "2005-12-31": 2.01, "2005-09-30": 0.014, "2005-06-30": -2.105, "2005-03-31": "-0.28800"}, "Net Change In Investments - Total": {"2020-09-30": 400, "2020-06-30": -224, "2020-03-31": "300.00000", "2019-12-31": 154, "2019-09-30": -39, "2019-06-30": -171, "2019-03-31": "-438.00000", "2018-12-31": 356, "2018-09-30": 1023, "2018-06-30": -495, "2018-03-31": "-550.00000", "2017-12-31": 77, "2017-09-30": 24, "2017-06-30": -42, "2017-03-31": "-774.00000", "2016-12-31": 4.809, "2016-09-30": 8.879, "2016-06-30": -5.903, "2016-03-31": "8.21500", "2015-12-31": 9.652, "2015-09-30": 159.726, "2015-06-30": -62.76, "2015-03-31": "-217.02400", "2014-12-31": 55.665, "2014-09-30": 519.2579, "2014-06-30": -246.8679, "2014-03-31": "-359.70800", "2013-12-31": 87.08, "2013-09-30": 555.877, "2013-06-30": -4.089, "2013-03-31": "-352.88300", "2012-12-31": 369.1201, "2012-09-30": 46.7459, "2012-06-30": -280.881, "2012-03-31": "-52.54900", "2011-12-31": -82.95, "2011-09-30": 287.419, "2011-06-30": -41.306, "2011-03-31": "-379.27300", "2010-12-31": 105.86, "2010-09-30": -327.592, "2010-06-30": -357.096, "2010-03-31": "-25.47500", "2009-12-31": 3.018, "2009-09-30": -0.92, "2009-06-30": 42.188, "2009-03-31": "2.90300", "2008-12-31": -102.822, "2008-09-30": 21.005, "2008-06-30": -3.949, "2008-03-31": "-7.15700", "2007-12-31": -3.549, "2007-09-30": -0.083, "2007-06-30": -1.087, "2007-03-31": "-28.50700", "2006-12-31": 1.82, "2006-09-30": -0.188, "2006-06-30": -1.213, "2006-03-31": "-0.41900", "2005-12-31": 2.947, "2005-09-30": -0.986, "2005-06-30": -2.105, "2005-03-31": "0.71200"}, "Investing Activities - Other": {"2020-09-30": 10, "2020-06-30": 57, "2020-03-31": "19.00000", "2019-12-31": 18, "2019-09-30": -13, "2019-06-30": 10, "2019-03-31": "6.00000", "2018-12-31": -3, "2018-09-30": 19, "2018-06-30": 8, "2018-03-31": "14.00000", "2017-12-31": 5, "2017-09-30": 1, "2017-06-30": 16, "2017-03-31": "-9.00000", "2016-12-31": 48.293, "2016-09-30": -15.434, "2016-06-30": -16.987, "2016-03-31": "0.12800", "2015-12-31": 14.314, "2015-09-30": 11.745, "2015-06-30": 21.181, "2015-03-31": "18.71400", "2014-12-31": 5.53, "2014-09-30": -7.875, "2014-06-30": -2.058, "2014-03-31": "0.85400", "2013-12-31": -1.721, "2013-09-30": 15.905, "2013-06-30": 18.338, "2013-03-31": "5.80800", "2012-12-31": -4.49, "2012-09-30": -19.175, "2012-06-30": 2.855, "2012-03-31": "5.60600", "2011-12-31": 2.786, "2011-09-30": -4.614, "2011-06-30": -3.738, "2011-03-31": "1.27400", "2010-12-31": 1.723, "2010-09-30": 9.914, "2010-06-30": -5.854, "2010-03-31": "6.56800", "2009-12-31": 0.874, "2009-09-30": 0.58, "2009-06-30": 37.156, "2009-03-31": "3.40600", "2008-12-31": 32.225, "2008-09-30": -100.594, "2008-06-30": 0, "2008-03-31": "", "2007-12-31": 0, "2007-09-30": 0, "2007-06-30": 0, "2007-03-31": "", "2006-12-31": 0, "2006-09-30": 0, "2006-06-30": 0, "2006-03-31": "", "2005-12-31": -4.563, "2005-09-30": -194.973, "2005-06-30": -226.988, "2005-03-31": "-333.61900"}, "Cash Flow From Investing Activities": {"2020-09-30": 234, "2020-06-30": -373, "2020-03-31": "32.00000", "2019-12-31": -124, "2019-09-30": -263, "2019-06-30": -460, "2019-03-31": "-706.00000", "2018-12-31": 96, "2018-09-30": 779, "2018-06-30": -706, "2018-03-31": "-728.00000", "2017-12-31": -102, "2017-09-30": -177, "2017-06-30": -352, "2017-03-31": "-950.00000", "2016-12-31": -129.077, "2016-09-30": -194.395, "2016-06-30": -235.293, "2016-03-31": "-159.23500", "2015-12-31": -267.464, "2015-09-30": -1595.03, "2015-06-30": 118.282, "2015-03-31": "-627.04800", "2014-12-31": -563.005, "2014-09-30": 403.741, "2014-06-30": -331.39, "2014-03-31": "-433.60300", "2013-12-31": 11.436, "2013-09-30": 494.206, "2013-06-30": -56.435, "2013-03-31": "-974.72000", "2012-12-31": 304.951, "2012-09-30": -31.323, "2012-06-30": -543.696, "2012-03-31": "-97.75700", "2011-12-31": -157.279, "2011-09-30": 223.553, "2011-06-30": -105.649, "2011-03-31": "-424.08500", "2010-12-31": 104.865, "2010-09-30": -357.874, "2010-06-30": -442.51, "2010-03-31": "-48.82800", "2009-12-31": -3.691, "2009-09-30": -21.22, "2009-06-30": 54.727, "2009-03-31": "-19.48900", "2008-12-31": -120.465, "2008-09-30": -480.565, "2008-06-30": -135.728, "2008-03-31": "-122.80000", "2007-12-31": -32.587, "2007-09-30": -18.729, "2007-06-30": -41.5, "2007-03-31": "-86.69000", "2006-12-31": 99.23, "2006-09-30": -58.678, "2006-06-30": -26.832, "2006-03-31": "-13.72000", "2005-12-31": -14.04, "2005-09-30": -212.872, "2005-06-30": -242.482, "2005-03-31": "-331.94900"}, "Net Long-Term Debt": {"2020-09-30": -768, "2020-06-30": 2714, "2020-03-31": "1900.00000", "2019-12-31": -4, "2019-09-30": 1235, "2019-06-30": 0, "2019-03-31": "", "2018-12-31": 0, "2018-09-30": -500, "2018-06-30": 0, "2018-03-31": "", "2017-12-31": -2, "2017-09-30": 992, "2017-06-30": 0, "2017-03-31": "", "2016-12-31": 0.216, "2016-09-30": -2.773, "2016-06-30": 0, "2016-03-31": "-400.44300", "2015-12-31": 741.406, "2015-09-30": -1.894, "2015-06-30": 702.348, "2015-03-31": "", "2014-12-31": -0.736, "2014-09-30": 493.63, "2014-06-30": 0, "2014-03-31": "", "2013-12-31": 0, "2013-09-30": 0, "2013-06-30": 0, "2013-03-31": "", "2012-12-31": 0, "2012-09-30": 0, "2012-06-30": 0, "2012-03-31": "", "2011-12-31": 0, "2011-09-30": 0, "2011-06-30": 0, "2011-03-31": "", "2010-12-31": -0.524, "2010-09-30": 742.994, "2010-06-30": 0, "2010-03-31": "", "2009-12-31": 0, "2009-09-30": 0, "2009-06-30": 0, "2009-03-31": "-650.00000", "2008-12-31": 399.962, "2008-09-30": 248.568, "2008-06-30": 153.818, "2008-03-31": "-345.00000", "2007-12-31": 85, "2007-09-30": 500, "2007-06-30": 0, "2007-03-31": "", "2006-12-31": -265.033, "2006-09-30": 265.033, "2006-06-30": 0, "2006-03-31": "", "2005-12-31": 230, "2005-09-30": 0, "2005-06-30": 0, "2005-03-31": ""}, "Net Current Debt": {"2020-09-30": 0, "2020-06-30": 0, "2020-03-31": "", "2019-12-31": 0, "2019-09-30": 0, "2019-06-30": 0, "2019-03-31": "", "2018-12-31": 0, "2018-09-30": 0, "2018-06-30": 0, "2018-03-31": "", "2017-12-31": 0, "2017-09-30": 0, "2017-06-30": 0, "2017-03-31": "", "2016-12-31": 0, "2016-09-30": 0, "2016-06-30": 0, "2016-03-31": "", "2015-12-31": 0, "2015-09-30": 0, "2015-06-30": 0, "2015-03-31": "", "2014-12-31": 0, "2014-09-30": 0, "2014-06-30": 0, "2014-03-31": "", "2013-12-31": 0, "2013-09-30": 0, "2013-06-30": 0, "2013-03-31": "", "2012-12-31": 0, "2012-09-30": 0, "2012-06-30": 0, "2012-03-31": "", "2011-12-31": 0, "2011-09-30": 0, "2011-06-30": 0, "2011-03-31": "", "2010-12-31": 0, "2010-09-30": 0, "2010-06-30": 0, "2010-03-31": "", "2009-12-31": 0, "2009-09-30": 0, "2009-06-30": 0, "2009-03-31": "", "2008-12-31": 0, "2008-09-30": 0, "2008-06-30": 0, "2008-03-31": "", "2007-12-31": 0, "2007-09-30": 0, "2007-06-30": 0, "2007-03-31": "", "2006-12-31": 0, "2006-09-30": 230.668, "2006-06-30": -0.188, "2006-03-31": "-230.48000", "2005-12-31": 0, "2005-09-30": 0, "2005-06-30": 0, "2005-03-31": ""}, "Debt Issuance/Retirement Net - Total": {"2020-09-30": -768, "2020-06-30": 2714, "2020-03-31": "1900.00000", "2019-12-31": -4, "2019-09-30": 1235, "2019-06-30": 0, "2019-03-31": "", "2018-12-31": 0, "2018-09-30": -500, "2018-06-30": 0, "2018-03-31": "", "2017-12-31": -2, "2017-09-30": 992, "2017-06-30": 0, "2017-03-31": "", "2016-12-31": 0.216, "2016-09-30": -2.773, "2016-06-30": 0, "2016-03-31": "-400.44300", "2015-12-31": 741.406, "2015-09-30": -1.894, "2015-06-30": 702.348, "2015-03-31": "", "2014-12-31": -0.736, "2014-09-30": 493.63, "2014-06-30": 0, "2014-03-31": "", "2013-12-31": 0, "2013-09-30": 0, "2013-06-30": 0, "2013-03-31": "", "2012-12-31": 0, "2012-09-30": 0, "2012-06-30": 0, "2012-03-31": "", "2011-12-31": 0, "2011-09-30": 0, "2011-06-30": 0, "2011-03-31": "", "2010-12-31": -0.524, "2010-09-30": 742.994, "2010-06-30": 0, "2010-03-31": "", "2009-12-31": 0, "2009-09-30": 0, "2009-06-30": 0, "2009-03-31": "-650.00000", "2008-12-31": 399.962, "2008-09-30": 248.568, "2008-06-30": 153.818, "2008-03-31": "-345.00000", "2007-12-31": 85, "2007-09-30": 500, "2007-06-30": 0, "2007-03-31": "", "2006-12-31": -265.033, "2006-09-30": 495.701, "2006-06-30": -0.188, "2006-03-31": "-230.48000", "2005-12-31": 230, "2005-09-30": 0, "2005-06-30": 0, "2005-03-31": ""}, "Net Common Equity Issued/Repurchased": {"2020-09-30": 4, "2020-06-30": 6, "2020-03-31": "-324.00000", "2019-12-31": -395, "2019-09-30": -202, "2019-06-30": 61, "2019-03-31": "66.00000", "2018-12-31": -337, "2018-09-30": -92, "2018-06-30": -177, "2018-03-31": "-182.00000", "2017-12-31": -123, "2017-09-30": -1, "2017-06-30": 10, "2017-03-31": "13.00000", "2016-12-31": 155.963, "2016-09-30": -4.429, "2016-06-30": -97.192, "2016-03-31": "-161.34200", "2015-12-31": -5.952, "2015-09-30": 20.534, "2015-06-30": 52.557, "2015-03-31": "-15.91200", "2014-12-31": -22.831, "2014-09-30": -103.913, "2014-06-30": -201.693, "2014-03-31": "-84.17100", "2013-12-31": -153.068, "2013-09-30": -213.371, "2013-06-30": -2.363, "2013-03-31": "-71.98900", "2012-12-31": -40.984, "2012-09-30": -62.46, "2012-06-30": 93.429, "2012-03-31": "-166.36300", "2011-12-31": -167.083, "2011-09-30": -150.088, "2011-06-30": 79.791, "2011-03-31": "-44.64300", "2010-12-31": -95.986, "2010-09-30": -240.73, "2010-06-30": -21.005, "2010-03-31": "-171.58600", "2009-12-31": 11.144, "2009-09-30": 1.554, "2009-06-30": -0.743, "2009-03-31": "-4.12400", "2008-12-31": -0.285, "2008-09-30": 1.279, "2008-06-30": 0.317, "2008-03-31": "-7.82300", "2007-12-31": 8.479, "2007-09-30": -717.481, "2007-06-30": 25.078, "2007-03-31": "-658.21100", "2006-12-31": 265.745, "2006-09-30": -162.488, "2006-06-30": -112.764, "2006-03-31": "9.50700", "2005-12-31": 8.602, "2005-09-30": 19.903, "2005-06-30": 0, "2005-03-31": "0.55500"}, "Net Total Equity Issued/Repurchased": {"2020-09-30": 4, "2020-06-30": 1138, "2020-03-31": "-324.00000", "2019-12-31": -395, "2019-09-30": -202, "2019-06-30": 61, "2019-03-31": "66.00000", "2018-12-31": -337, "2018-09-30": -92, "2018-06-30": -177, "2018-03-31": "-182.00000", "2017-12-31": -123, "2017-09-30": -1, "2017-06-30": 10, "2017-03-31": "13.00000", "2016-12-31": 155.963, "2016-09-30": -4.429, "2016-06-30": -97.192, "2016-03-31": "-161.34200", "2015-12-31": -5.952, "2015-09-30": 20.534, "2015-06-30": 52.557, "2015-03-31": "-15.91200", "2014-12-31": -22.831, "2014-09-30": -103.913, "2014-06-30": -201.693, "2014-03-31": "-84.17100", "2013-12-31": -153.068, "2013-09-30": -213.371, "2013-06-30": -2.363, "2013-03-31": "-71.98900", "2012-12-31": -40.984, "2012-09-30": -62.46, "2012-06-30": 93.429, "2012-03-31": "-166.36300", "2011-12-31": -167.083, "2011-09-30": -150.088, "2011-06-30": 79.791, "2011-03-31": "-44.64300", "2010-12-31": -95.986, "2010-09-30": -240.73, "2010-06-30": -21.005, "2010-03-31": "-171.58600", "2009-12-31": 11.144, "2009-09-30": 1.554, "2009-06-30": -0.743, "2009-03-31": "-4.12400", "2008-12-31": -0.285, "2008-09-30": 1.279, "2008-06-30": 0.317, "2008-03-31": "-7.82300", "2007-12-31": 8.479, "2007-09-30": -717.481, "2007-06-30": 25.078, "2007-03-31": "-658.21100", "2006-12-31": 265.745, "2006-09-30": -162.488, "2006-06-30": -112.764, "2006-03-31": "9.50700", "2005-12-31": 8.602, "2005-09-30": 19.903, "2005-06-30": 0, "2005-03-31": "0.55500"}, "Total Common And Preferred Stock Dividends Paid": {"2020-09-30": 0, "2020-06-30": -17, "2020-03-31": "-48.00000", "2019-12-31": -50, "2019-09-30": -50, "2019-06-30": -48, "2019-03-31": "-47.00000", "2018-12-31": -48, "2018-09-30": -47, "2018-06-30": -45, "2018-03-31": "-46.00000", "2017-12-31": -46, "2017-09-30": -45, "2017-06-30": -43, "2017-03-31": "-42.00000", "2016-12-31": -38.991, "2016-09-30": -39.062, "2016-06-30": -35.773, "2016-03-31": "-36.17400", "2015-12-31": -31.354, "2015-09-30": -31.182, "2015-06-30": -23.096, "2015-03-31": "-22.89500", "2014-12-31": -22.92, "2014-09-30": -22.944, "2014-06-30": -19.231, "2014-03-31": "-19.60200", "2013-12-31": -19.68, "2013-09-30": -20.459, "2013-06-30": -17.638, "2013-03-31": "-17.98300", "2012-12-31": -87.953, "2012-09-30": -18.061, "2012-06-30": -12.205, "2012-03-31": "-12.20400", "2011-12-31": -18.818, "2011-09-30": -19.148, "2011-06-30": -19.232, "2011-03-31": "-19.35200", "2010-12-31": -19.251, "2010-09-30": -19.703, "2010-06-30": -19.902, "2010-03-31": "-20.22000", "2009-12-31": 0, "2009-09-30": 0, "2009-06-30": 0, "2009-03-31": "", "2008-12-31": 0, "2008-09-30": 0, "2008-06-30": 0, "2008-03-31": "", "2007-12-31": 0, "2007-09-30": 0, "2007-06-30": 0, "2007-03-31": "", "2006-12-31": 0, "2006-09-30": 0, "2006-06-30": 0, "2006-03-31": "", "2005-12-31": 0, "2005-09-30": 0, "2005-06-30": 0, "2005-03-31": ""}, "Financial Activities - Other": {"2020-09-30": 2, "2020-06-30": -19, "2020-03-31": "-11.00000", "2019-12-31": 17, "2019-09-30": -410, "2019-06-30": 0, "2019-03-31": "2.00000", "2018-12-31": 50, "2018-09-30": -59, "2018-06-30": 2, "2018-03-31": "-8.00000", "2017-12-31": -2, "2017-09-30": -4, "2017-06-30": 0, "2017-03-31": "-19.00000", "2016-12-31": 7.109, "2016-09-30": -20.544, "2016-06-30": -2.573, "2016-03-31": "-14.99200", "2015-12-31": -24.709, "2015-09-30": 51.31, "2015-06-30": -19.105, "2015-03-31": "12.14300", "2014-12-31": 15.799, "2014-09-30": 7.674, "2014-06-30": 3.518, "2014-03-31": "25.56900", "2013-12-31": 0.587, "2013-09-30": 3.507, "2013-06-30": 8.32, "2013-03-31": "11.62100", "2012-12-31": 10.077, "2012-09-30": 12.483, "2012-06-30": 8.138, "2012-03-31": "3.31600", "2011-12-31": 1.667, "2011-09-30": 4.852, "2011-06-30": 2.048, "2011-03-31": "-3.48800", "2010-12-31": 2.629, "2010-09-30": -0.789, "2010-06-30": 0.635, "2010-03-31": "-8.70200", "2009-12-31": -0.454, "2009-09-30": 4.811, "2009-06-30": -8.753, "2009-03-31": "-14.35400", "2008-12-31": 2.767, "2008-09-30": 21.485, "2008-06-30": 3.136, "2008-03-31": "-13.42300", "2007-12-31": -24.046, "2007-09-30": 0.815, "2007-06-30": -1.337, "2007-03-31": "-8.27600", "2006-12-31": 1.823, "2006-09-30": 1.875, "2006-06-30": 4.249, "2006-03-31": "-7.94700", "2005-12-31": -60.788, "2005-09-30": -70.299, "2005-06-30": 4.621, "2005-03-31": "-26.08700"}, "Cash Flow From Financial Activities": {"2020-09-30": -762, "2020-06-30": 3816, "2020-03-31": "1517.00000", "2019-12-31": -432, "2019-09-30": 573, "2019-06-30": 13, "2019-03-31": "21.00000", "2018-12-31": -335, "2018-09-30": -698, "2018-06-30": -220, "2018-03-31": "-236.00000", "2017-12-31": -173, "2017-09-30": 942, "2017-06-30": -33, "2017-03-31": "-48.00000", "2016-12-31": 124.297, "2016-09-30": -66.808, "2016-06-30": -135.538, "2016-03-31": "-612.95100", "2015-12-31": 679.391, "2015-09-30": 38.768, "2015-06-30": 712.704, "2015-03-31": "-26.66400", "2014-12-31": -30.688, "2014-09-30": 374.447, "2014-06-30": -217.406, "2014-03-31": "-78.20400", "2013-12-31": -172.161, "2013-09-30": -230.323, "2013-06-30": -11.681, "2013-03-31": "-78.35100", "2012-12-31": -118.86, "2012-09-30": -68.038, "2012-06-30": 89.362, "2012-03-31": "-175.25100", "2011-12-31": -184.234, "2011-09-30": -164.384, "2011-06-30": 62.607, "2011-03-31": "-67.48300", "2010-12-31": -113.132, "2010-09-30": 481.772, "2010-06-30": -40.272, "2010-03-31": "-200.50800", "2009-12-31": 10.69, "2009-09-30": 6.365, "2009-06-30": -9.496, "2009-03-31": "-668.47800", "2008-12-31": 402.444, "2008-09-30": 271.332, "2008-06-30": 157.271, "2008-03-31": "-366.24600", "2007-12-31": 69.433, "2007-09-30": -216.666, "2007-06-30": 23.741, "2007-03-31": "-666.48700", "2006-12-31": 2.535, "2006-09-30": 335.088, "2006-06-30": -108.703, "2006-03-31": "-228.92000", "2005-12-31": 177.814, "2005-09-30": -50.396, "2005-06-30": 4.621, "2005-03-31": "-25.53200"}, "Net Cash Flow": {"2020-09-30": -1285, "2020-06-30": 1645, "2020-03-31": "624.00000", "2019-12-31": -150, "2019-09-30": -633, "2019-06-30": 722, "2019-03-31": "1453.00000", "2018-12-31": -404, "2018-09-30": -303, "2018-06-30": -234, "2018-03-31": "729.00000", "2017-12-31": -371, "2017-09-30": 365, "2017-06-30": 384, "2017-03-31": "721.00000", "2016-12-31": -63.176, "2016-09-30": -452.049, "2016-06-30": 233.195, "2016-03-31": "387.03000", "2015-12-31": 220.96, "2015-09-30": -1731.79, "2015-06-30": 1451.846, "2015-03-31": "332.58300", "2014-12-31": -850.048, "2014-09-30": 818.928, "2014-06-30": -50.246, "2014-03-31": "463.03300", "2013-12-31": -373.465, "2013-09-30": 82.681, "2013-06-30": 229.019, "2013-03-31": "-210.36300", "2012-12-31": -21.567, "2012-09-30": -28.618, "2012-06-30": 70.838, "2012-03-31": "583.37400", "2011-12-31": -576.455, "2011-09-30": -31.696, "2011-06-30": 426.032, "2011-03-31": "250.05400", "2010-12-31": -298.308, "2010-09-30": 155.017, "2010-06-30": -201.607, "2010-03-31": "354.91700", "2009-12-31": -219.398, "2009-09-30": -23.715, "2009-06-30": 387.06, "2009-03-31": "-190.17800", "2008-12-31": 5.741, "2008-09-30": -367.882, "2008-06-30": 329.685, "2008-03-31": "80.48200", "2007-12-31": -219.145, "2007-09-30": -174.873, "2007-06-30": 373.682, "2007-03-31": "-215.55200", "2006-12-31": -648.276, "2006-09-30": 302.351, "2006-06-30": 134.311, "2006-03-31": "211.61400", "2005-12-31": 69.541, "2005-09-30": -100.994, "2005-06-30": 47.491, "2005-03-31": "139.71000"}, "Stock-Based Compensation": {"2020-09-30": 0, "2020-06-30": 0, "2020-03-31": "", "2019-12-31": 0, "2019-09-30": 0, "2019-06-30": 0, "2019-03-31": "", "2018-12-31": 0, "2018-09-30": 0, "2018-06-30": 0, "2018-03-31": "", "2017-12-31": 0, "2017-09-30": 0, "2017-06-30": 0, "2017-03-31": "", "2016-12-31": 0, "2016-09-30": 0, "2016-06-30": 0, "2016-03-31": "", "2015-12-31": 0, "2015-09-30": 0, "2015-06-30": 0, "2015-03-31": "", "2014-12-31": 0, "2014-09-30": 0, "2014-06-30": 0, "2014-03-31": "", "2013-12-31": 0, "2013-09-30": 0, "2013-06-30": 0, "2013-03-31": "", "2012-12-31": 0, "2012-09-30": 0, "2012-06-30": 0, "2012-03-31": "", "2011-12-31": 0, "2011-09-30": 0, "2011-06-30": 0, "2011-03-31": "", "2010-12-31": 0, "2010-09-30": 0, "2010-06-30": 0, "2010-03-31": "", "2009-12-31": 0, "2009-09-30": 0, "2009-06-30": 0, "2009-03-31": "", "2008-12-31": 0, "2008-09-30": 0, "2008-06-30": 0, "2008-03-31": "", "2007-12-31": 0, "2007-09-30": 0, "2007-06-30": 0, "2007-03-31": "", "2006-12-31": 0, "2006-09-30": 0, "2006-06-30": 0, "2006-03-31": "", "2005-12-31": 0, "2005-09-30": 0, "2005-06-30": 0, "2005-03-31": ""}, "Common Stock Dividends Paid": {"2020-09-30": 0, "2020-06-30": 0, "2020-03-31": "-48.00000", "2019-12-31": -50, "2019-09-30": -50, "2019-06-30": -48, "2019-03-31": "-47.00000", "2018-12-31": -48, "2018-09-30": -47, "2018-06-30": -45, "2018-03-31": "-46.00000", "2017-12-31": -46, "2017-09-30": -45, "2017-06-30": -43, "2017-03-31": "-42.00000", "2016-12-31": -38.991, "2016-09-30": -39.062, "2016-06-30": -35.773, "2016-03-31": "-36.17400", "2015-12-31": -31.354, "2015-09-30": -31.182, "2015-06-30": -23.096, "2015-03-31": "-22.89500", "2014-12-31": -22.92, "2014-09-30": -22.944, "2014-06-30": -19.231, "2014-03-31": "-19.60200", "2013-12-31": -19.68, "2013-09-30": -20.459, "2013-06-30": -17.638, "2013-03-31": "-17.98300", "2012-12-31": -87.953, "2012-09-30": -18.061, "2012-06-30": -12.205, "2012-03-31": "-12.20400", "2011-12-31": -18.818, "2011-09-30": -19.148, "2011-06-30": -19.232, "2011-03-31": "-19.35200", "2010-12-31": -19.251, "2010-09-30": -19.703, "2010-06-30": -19.902, "2010-03-31": "-20.22000", "2009-12-31": 0, "2009-09-30": 0, "2009-06-30": 0, "2009-03-31": "", "2008-12-31": 0, "2008-09-30": 0, "2008-06-30": 0, "2008-03-31": "", "2007-12-31": 0, "2007-09-30": 0, "2007-06-30": 0, "2007-03-31": "", "2006-12-31": 0, "2006-09-30": 0, "2006-06-30": 0, "2006-03-31": "", "2005-12-31": 0, "2005-09-30": 0, "2005-06-30": 0, "2005-03-31": ""}}, "financial ratios": {"Current Ratio": {"2019-12-31": "0.72200", "2018-12-31": "0.64480", "2017-12-31": "0.70310", "2016-12-31": "0.56310", "2015-12-31": "0.50220", "2014-12-31": "0.69850", "2013-12-31": "0.67370", "2012-12-31": "0.87780", "2011-12-31": "0.89080", "2010-12-31": "0.90090", "2009-12-31": "0.66760", "2008-12-31": "0.76540", "2007-12-31": "0.58930", "2006-12-31": "0.83970", "2005-12-31": "0.41040"}, "Long-term Debt / Capital": {"2019-12-31": "0.43070", "2018-12-31": "0.39680", "2017-12-31": "0.37950", "2016-12-31": "0.35690", "2015-12-31": "0.39240", "2014-12-31": "0.47980", "2013-12-31": "0.35610", "2012-12-31": "0.34330", "2011-12-31": "0.35150", "2010-12-31": "0.31340", "2009-12-31": "0.24560", "2008-12-31": "0.39350", "2007-12-31": "0.18380", "2006-12-31": "0.07810", "2005-12-31": ""}, "Debt/Equity Ratio": {"2019-12-31": "0.89200", "2018-12-31": "0.65780", "2017-12-31": "0.69330", "2016-12-31": "0.55490", "2015-12-31": "0.64570", "2014-12-31": "0.92240", "2013-12-31": "0.55310", "2012-12-31": "0.52290", "2011-12-31": "0.54190", "2010-12-31": "0.45650", "2009-12-31": "0.32550", "2008-12-31": "0.64870", "2007-12-31": "0.22520", "2006-12-31": "0.08470", "2005-12-31": "0.04020"}, "Gross Margin": {"2019-12-31": "82.07510", "2018-12-31": "82.49130", "2017-12-31": "82.53480", "2016-12-31": "81.79850", "2015-12-31": "80.37330", "2014-12-31": "79.54220", "2013-12-31": "78.24400", "2012-12-31": "77.70410", "2011-12-31": "77.92780", "2010-12-31": "77.40390", "2009-12-31": "78.02880", "2008-12-31": "78.25310", "2007-12-31": "78.79980", "2006-12-31": "77.53660", "2005-12-31": "77.34230"}, "Operating Margin": {"2019-12-31": "7.48320", "2018-12-31": "6.36190", "2017-12-31": "6.21270", "2016-12-31": "5.26560", "2015-12-31": "6.19820", "2014-12-31": "8.98350", "2013-12-31": "7.67220", "2012-12-31": "10.71180", "2011-12-31": "13.90570", "2010-12-31": "16.50780", "2009-12-31": "14.50000", "2008-12-31": "-82.70150", "2007-12-31": "19.85000", "2006-12-31": "15.70130", "2005-12-31": "18.73370"}, "EBIT Margin": {"2019-12-31": "7.48320", "2018-12-31": "6.36190", "2017-12-31": "6.21270", "2016-12-31": "5.26560", "2015-12-31": "6.19820", "2014-12-31": "8.98350", "2013-12-31": "7.67220", "2012-12-31": "10.71180", "2011-12-31": "13.90570", "2010-12-31": "16.50780", "2009-12-31": "14.50000", "2008-12-31": "-82.70150", "2007-12-31": "19.85000", "2006-12-31": "15.70130", "2005-12-31": "18.73370"}, "EBITDA Margin": {"2019-12-31": "17.02160", "2018-12-31": "17.85620", "2017-12-31": "16.53080", "2016-12-31": "17.47210", "2015-12-31": "16.25780", "2014-12-31": "16.40270", "2013-12-31": "16.34180", "2012-12-31": "17.17650", "2011-12-31": "20.24900", "2010-12-31": "22.45940", "2009-12-31": "20.80990", "2008-12-31": "18.40900", "2007-12-31": "27.35170", "2006-12-31": "26.85020", "2005-12-31": "31.98400"}, "Pre-Tax Profit Margin": {"2019-12-31": "6.42250", "2018-12-31": "4.32150", "2017-12-31": "4.14510", "2016-12-31": "3.15710", "2015-12-31": "13.87770", "2014-12-31": "8.06180", "2013-12-31": "6.30220", "2012-12-31": "8.68550", "2011-12-31": "11.65760", "2010-12-31": "14.03720", "2009-12-31": "11.65770", "2008-12-31": "-85.62110", "2007-12-31": "18.64620", "2006-12-31": "17.20150", "2005-12-31": "19.52720"}, "Net Profit Margin": {"2019-12-31": "4.68220", "2018-12-31": "3.61760", "2017-12-31": "3.75750", "2016-12-31": "3.21400", "2015-12-31": "11.45730", "2014-12-31": "6.90720", "2013-12-31": "4.88030", "2012-12-31": "6.95150", "2011-12-31": "13.69360", "2010-12-31": "13.89420", "2009-12-31": "10.91950", "2008-12-31": "-85.72530", "2007-12-31": "11.10050", "2006-12-31": "10.94640", "2005-12-31": "10.79190"}, "Asset Turnover": {"2019-12-31": "0.56350", "2018-12-31": "0.62240", "2017-12-31": "0.54330", "2016-12-31": "0.55610", "2015-12-31": "0.43090", "2014-12-31": "0.63890", "2013-12-31": "0.61650", "2012-12-31": "0.56500", "2011-12-31": "0.53020", "2010-12-31": "0.45570", "2009-12-31": "0.46200", "2008-12-31": "0.49830", "2007-12-31": "0.32130", "2006-12-31": "0.27080", "2005-12-31": "0.27320"}, "Inventory Turnover Ratio": {"2019-12-31": "", "2018-12-31": "", "2017-12-31": "", "2016-12-31": "", "2015-12-31": "", "2014-12-31": "", "2013-12-31": "", "2012-12-31": "", "2011-12-31": "", "2010-12-31": "", "2009-12-31": "", "2008-12-31": "", "2007-12-31": "", "2006-12-31": "", "2005-12-31": ""}, "Receiveable Turnover": {"2019-12-31": "4.65190", "2018-12-31": "5.16000", "2017-12-31": "5.33120", "2016-12-31": "6.43890", "2015-12-31": "6.08670", "2014-12-31": "7.24520", "2013-12-31": "7.02660", "2012-12-31": "8.23700", "2011-12-31": "10.16130", "2010-12-31": "10.99760", "2009-12-31": "8.91130", "2008-12-31": "10.98890", "2007-12-31": "9.94500", "2006-12-31": "10.58310", "2005-12-31": "12.17950"}, "Days Sales In Receivables": {"2019-12-31": "78.46280", "2018-12-31": "70.73640", "2017-12-31": "68.46470", "2016-12-31": "56.68640", "2015-12-31": "59.96670", "2014-12-31": "50.37850", "2013-12-31": "51.94570", "2012-12-31": "44.31200", "2011-12-31": "35.92070", "2010-12-31": "33.18910", "2009-12-31": "40.95920", "2008-12-31": "33.21520", "2007-12-31": "36.70200", "2006-12-31": "34.48890", "2005-12-31": "29.96850"}, "ROE - Return On Equity": {"2019-12-31": "10.33240", "2018-12-31": "7.04300", "2017-12-31": "6.06950", "2016-12-31": "4.58450", "2015-12-31": "14.66090", "2014-12-31": "19.69400", "2013-12-31": "9.57770", "2012-12-31": "12.68020", "2011-12-31": "14.15690", "2010-12-31": "11.16300", "2009-12-31": "7.93800", "2008-12-31": "-105.86760", "2007-12-31": "6.09930", "2006-12-31": "4.14840", "2005-12-31": "3.98920"}, "Return On Tangible Equity": {"2019-12-31": "-13.01480", "2018-12-31": "-8.92180", "2017-12-31": "-8.43730", "2016-12-31": "-5.55840", "2015-12-31": "-12.33960", "2014-12-31": "-11.12530", "2013-12-31": "-8.60020", "2012-12-31": "-20.92830", "2011-12-31": "-24.79740", "2010-12-31": "-34.89110", "2009-12-31": "-13.01340", "2008-12-31": "126.60170", "2007-12-31": "-13.61130", "2006-12-31": "-24.84680", "2005-12-31": "-17.56130"}, "ROA - Return On Assets": {"2019-12-31": "2.67090", "2018-12-31": "2.20710", "2017-12-31": "2.00910", "2016-12-31": "1.65430", "2015-12-31": "4.66720", "2014-12-31": "4.13450", "2013-12-31": "2.79550", "2012-12-31": "4.24770", "2011-12-31": "5.01660", "2010-12-31": "4.58920", "2009-12-31": "3.67640", "2008-12-31": "-42.76490", "2007-12-31": "3.54260", "2006-12-31": "2.96380", "2005-12-31": "2.94870"}, "ROI - Return On Investment": {"2019-12-31": "5.88170", "2018-12-31": "4.24850", "2017-12-31": "3.76590", "2016-12-31": "2.94830", "2015-12-31": "8.90860", "2014-12-31": "10.24440", "2013-12-31": "6.16690", "2012-12-31": "8.32650", "2011-12-31": "9.18120", "2010-12-31": "7.66440", "2009-12-31": "5.98860", "2008-12-31": "-64.21250", "2007-12-31": "4.97820", "2006-12-31": "3.82450", "2005-12-31": "3.98920"}, "Book Value Per Share": {"2019-12-31": "38.82220", "2018-12-31": "38.40720", "2017-12-31": "40.39170", "2016-12-31": "37.94590", "2015-12-31": "32.80850", "2014-12-31": "14.90340", "2013-12-31": "17.41890", "2012-12-31": "17.65600", "2011-12-31": "17.25670", "2010-12-31": "19.97970", "2009-12-31": "18.99450", "2008-12-31": "16.59360", "2007-12-31": "33.80050", "2006-12-31": "35.62160", "2005-12-31": "32.99250"}, "Operating Cash Flow Per Share": {"2019-12-31": 5.543, "2018-12-31": 1.1201, "2017-12-31": 1.773, "2016-12-31": -0.1831, "2015-12-31": -0.057, "2014-12-31": 4.7976, "2013-12-31": -3.3742, "2012-12-31": 2.8882, "2011-12-31": 1.7496, "2010-12-31": 0.2748, "2009-12-31": 0.2898, "2008-12-31": -0.893, "2007-12-31": 1.0257, "2006-12-31": -1.4098, "2005-12-31": 4.9162}, "Free Cash Flow Per Share": {"2019-12-31": 3.5465, "2018-12-31": -0.0826, "2017-12-31": 2.0803, "2016-12-31": 0.8421, "2015-12-31": -3.4637, "2014-12-31": 4.5423, "2013-12-31": -3.9004, "2012-12-31": 2.7023, "2011-12-31": 1.1981, "2010-12-31": -0.1325, "2009-12-31": 0.8672, "2008-12-31": -1.4586, "2007-12-31": 1.0003, "2006-12-31": -1.6366, "2005-12-31": 4.6169}}, "financial ratios, quarterly": {"Current Ratio": {"2020-09-30": "1.19500", "2020-06-30": "1.13620", "2020-03-31": "0.79640", "2019-12-31": "0.72200", "2019-09-30": "0.75310", "2019-06-30": "0.75570", "2019-03-31": "0.71810", "2018-12-31": "0.64480", "2018-09-30": "0.70430", "2018-06-30": "0.74250", "2018-03-31": "0.74380", "2017-12-31": "0.70310", "2017-09-30": "0.72330", "2017-06-30": "0.68920", "2017-03-31": "0.66440", "2016-12-31": "0.56310", "2016-09-30": "0.54690", "2016-06-30": "0.55920", "2016-03-31": "0.54560", "2015-12-31": "0.50220", "2015-09-30": "0.53410", "2015-06-30": "0.83620", "2015-03-31": "0.64760", "2014-12-31": "0.69850", "2014-09-30": "0.84480", "2014-06-30": "0.74950", "2014-03-31": "0.74510", "2013-12-31": "0.67370", "2013-09-30": "0.72710", "2013-06-30": "0.77510", "2013-03-31": "0.74820", "2012-12-31": "0.87780", "2012-09-30": "0.93720", "2012-06-30": "0.89460", "2012-03-31": "0.86090", "2011-12-31": "0.89080", "2011-09-30": "0.99310", "2011-06-30": "0.98530", "2011-03-31": "0.91500", "2010-12-31": "0.90090", "2010-09-30": "0.92780", "2010-06-30": "0.70180", "2010-03-31": "0.70090", "2009-12-31": "0.66760", "2009-09-30": "0.66860", "2009-06-30": "0.63400", "2009-03-31": "0.53440", "2008-12-31": "0.76540", "2008-09-30": "0.62690", "2008-06-30": "0.65260", "2008-03-31": "0.54830", "2007-12-31": "0.58930", "2007-09-30": "0.63070", "2007-06-30": "0.68860", "2007-03-31": "0.57790", "2006-12-31": "0.83970", "2006-09-30": "0.79650", "2006-06-30": "0.56180", "2006-03-31": "0.54790", "2005-12-31": "0.41040", "2005-09-30": "0.39180", "2005-06-30": "", "2005-03-31": ""}, "Long-term Debt / Capital": {"2020-09-30": "0.68100", "2020-06-30": "0.67570", "2020-03-31": "0.61910", "2019-12-31": "0.43070", "2019-09-30": "0.42080", "2019-06-30": "0.38610", "2019-03-31": "0.39670", "2018-12-31": "0.39680", "2018-09-30": "0.38610", "2018-06-30": "0.40190", "2018-03-31": "0.39370", "2017-12-31": "0.37950", "2017-09-30": "0.37540", "2017-06-30": "0.35620", "2017-03-31": "0.35910", "2016-12-31": "0.35690", "2016-09-30": "0.44770", "2016-06-30": "0.42830", "2016-03-31": "0.40590", "2015-12-31": "0.39240", "2015-09-30": "0.49690", "2015-06-30": "0.53200", "2015-03-31": "0.48850", "2014-12-31": "0.47980", "2014-09-30": "0.46600", "2014-06-30": "0.38560", "2014-03-31": "0.37240", "2013-12-31": "0.35610", "2013-09-30": "0.35150", "2013-06-30": "0.34820", "2013-03-31": "0.35500", "2012-12-31": "0.34330", "2012-09-30": "0.33570", "2012-06-30": "0.34790", "2012-03-31": "0.36690", "2011-12-31": "0.35150", "2011-09-30": "0.35130", "2011-06-30": "0.35310", "2011-03-31": "0.37270", "2010-12-31": "0.31340", "2010-09-30": "0.37240", "2010-06-30": "0.25140", "2010-03-31": "0.25560", "2009-12-31": "0.24560", "2009-09-30": "0.25340", "2009-06-30": "0.26440", "2009-03-31": "0.27150", "2008-12-31": "0.39350", "2008-09-30": "0.18300", "2008-06-30": "0.15150", "2008-03-31": "0.13150", "2007-12-31": "0.18380", "2007-09-30": "0.17120", "2007-06-30": "0.08420", "2007-03-31": "0.08620", "2006-12-31": "0.07810", "2006-09-30": "0.07940", "2006-06-30": "", "2006-03-31": "", "2005-12-31": "", "2005-09-30": "", "2005-06-30": "", "2005-03-31": ""}, "Debt/Equity Ratio": {"2020-09-30": "2.13500", "2020-06-30": "2.26110", "2020-03-31": "1.82570", "2019-12-31": "0.89200", "2019-09-30": "0.85710", "2019-06-30": "0.62890", "2019-03-31": "0.65740", "2018-12-31": "0.65780", "2018-09-30": "0.62880", "2018-06-30": "0.76210", "2018-03-31": "0.73540", "2017-12-31": "0.69330", "2017-09-30": "0.68150", "2017-06-30": "0.55320", "2017-03-31": "0.56030", "2016-12-31": "0.55490", "2016-09-30": "0.81070", "2016-06-30": "0.74920", "2016-03-31": "0.68330", "2015-12-31": "0.64570", "2015-09-30": "0.98770", "2015-06-30": "1.13680", "2015-03-31": "0.95510", "2014-12-31": "0.92240", "2014-09-30": "0.87250", "2014-06-30": "0.62760", "2014-03-31": "0.59330", "2013-12-31": "0.55310", "2013-09-30": "0.54200", "2013-06-30": "0.53430", "2013-03-31": "0.55030", "2012-12-31": "0.52290", "2012-09-30": "0.50530", "2012-06-30": "0.53340", "2012-03-31": "0.57960", "2011-12-31": "0.54190", "2011-09-30": "0.54160", "2011-06-30": "0.54590", "2011-03-31": "0.59410", "2010-12-31": "0.45650", "2010-09-30": "0.59340", "2010-06-30": "0.33580", "2010-03-31": "0.34340", "2009-12-31": "0.32550", "2009-09-30": "0.33950", "2009-06-30": "0.35940", "2009-03-31": "0.37270", "2008-12-31": "0.64870", "2008-09-30": "0.22400", "2008-06-30": "0.17850", "2008-03-31": "0.15140", "2007-12-31": "0.22520", "2007-09-30": "0.20650", "2007-06-30": "0.09200", "2007-03-31": "0.09440", "2006-12-31": "0.08470", "2006-09-30": "0.08630", "2006-06-30": "0.00000", "2006-03-31": "0.00010", "2005-12-31": "0.04020", "2005-09-30": "", "2005-06-30": "", "2005-03-31": ""}, "Gross Margin": {"2020-09-30": "75.06650", "2020-06-30": "31.27210", "2020-03-31": "71.52560", "2019-12-31": "77.24790", "2019-09-30": "84.59810", "2019-06-30": "84.14210", "2019-03-31": "81.21890", "2018-12-31": "81.39900", "2018-09-30": "84.61540", "2018-06-30": "82.70830", "2018-03-31": "80.58210", "2017-12-31": "81.15570", "2017-09-30": "84.52460", "2017-06-30": "83.02400", "2017-03-31": "80.72180", "2016-12-31": "82.26970", "2016-09-30": "83.84650", "2016-06-30": "81.49340", "2016-03-31": "78.85620", "2015-12-31": "80.07180", "2015-09-30": "83.06980", "2015-06-30": "80.68800", "2015-03-31": "76.56050", "2014-12-31": "79.03700", "2014-09-30": "82.49880", "2014-06-30": "79.89470", "2014-03-31": "75.45600", "2013-12-31": "78.42670", "2013-09-30": "80.28920", "2013-06-30": "78.20720", "2013-03-31": "75.24800", "2012-12-31": "76.90620", "2012-09-30": "79.68070", "2012-06-30": "77.90910", "2012-03-31": "75.49280", "2011-12-31": "76.70010", "2011-09-30": "79.76860", "2011-06-30": "78.56700", "2011-03-31": "75.87230", "2010-12-31": "65.81270", "2010-09-30": "80.76320", "2010-06-30": "79.78670", "2010-03-31": "77.98780", "2009-12-31": "70.94240", "2009-09-30": "80.12310", "2009-06-30": "80.67440", "2009-03-31": "77.42480", "2008-12-31": "77.66030", "2008-09-30": "78.67190", "2008-06-30": "78.61430", "2008-03-31": "77.86330", "2007-12-31": "77.59530", "2007-09-30": "80.11400", "2007-06-30": "79.17940", "2007-03-31": "77.96630", "2006-12-31": "77.07820", "2006-09-30": "78.32140", "2006-06-30": "78.53670", "2006-03-31": "75.84240", "2005-12-31": "77.23860", "2005-09-30": "78.78740", "2005-06-30": "76.66990", "2005-03-31": "76.47580"}, "Operating Margin": {"2020-09-30": "-7.51330", "2020-06-30": "-150.00000", "2020-03-31": "-58.57850", "2019-12-31": "5.82450", "2019-09-30": "17.11640", "2019-06-30": "8.40470", "2019-03-31": "-5.02110", "2018-12-31": "3.75150", "2018-09-30": "20.51280", "2018-06-30": "3.85420", "2018-03-31": "-6.57890", "2017-12-31": "4.91590", "2017-09-30": "16.21710", "2017-06-30": "3.98300", "2017-03-31": "-3.33490", "2016-12-31": "7.04560", "2016-09-30": "14.96190", "2016-06-30": "1.16860", "2016-03-31": "-5.11030", "2015-12-31": "1.73540", "2015-09-30": "17.80400", "2015-06-30": "5.41870", "2015-03-31": "-3.71350", "2014-12-31": "6.98440", "2014-09-30": "17.33350", "2014-06-30": "8.64560", "2014-03-31": "-0.24980", "2013-12-31": "12.04070", "2013-09-30": "17.02670", "2013-06-30": "7.82450", "2013-03-31": "-10.43380", "2012-12-31": "0.15490", "2012-09-30": "18.93960", "2012-06-30": "14.85040", "2012-03-31": "5.96250", "2011-12-31": "11.64290", "2011-09-30": "20.49090", "2011-06-30": "15.72990", "2011-03-31": "4.83050", "2010-12-31": "-16.57820", "2010-09-30": "28.02060", "2010-06-30": "23.22530", "2010-03-31": "15.62490", "2009-12-31": "-6.76500", "2009-09-30": "26.15750", "2009-06-30": "14.89310", "2009-03-31": "14.62090", "2008-12-31": "-465.37160", "2008-09-30": "23.95020", "2008-06-30": "21.45040", "2008-03-31": "13.08460", "2007-12-31": "19.29020", "2007-09-30": "23.66680", "2007-06-30": "22.26700", "2007-03-31": "12.23120", "2006-12-31": "18.73560", "2006-09-30": "14.54400", "2006-06-30": "22.76770", "2006-03-31": "5.31320", "2005-12-31": "17.32370", "2005-09-30": "25.42350", "2005-06-30": "17.36540", "2005-03-31": "13.67400"}, "EBIT Margin": {"2020-09-30": "-7.51330", "2020-06-30": "-150.00000", "2020-03-31": "-58.57850", "2019-12-31": "5.82450", "2019-09-30": "17.11640", "2019-06-30": "8.40470", "2019-03-31": "-5.02110", "2018-12-31": "3.75150", "2018-09-30": "20.51280", "2018-06-30": "3.85420", "2018-03-31": "-6.57890", "2017-12-31": "4.91590", "2017-09-30": "16.21710", "2017-06-30": "3.98300", "2017-03-31": "-3.33490", "2016-12-31": "7.04560", "2016-09-30": "14.96190", "2016-06-30": "1.16860", "2016-03-31": "-5.11030", "2015-12-31": "1.73540", "2015-09-30": "17.80400", "2015-06-30": "5.41870", "2015-03-31": "-3.71350", "2014-12-31": "6.98440", "2014-09-30": "17.33350", "2014-06-30": "8.64560", "2014-03-31": "-0.24980", "2013-12-31": "12.04070", "2013-09-30": "17.02670", "2013-06-30": "7.82450", "2013-03-31": "-10.43380", "2012-12-31": "0.15490", "2012-09-30": "18.93960", "2012-06-30": "14.85040", "2012-03-31": "5.96250", "2011-12-31": "11.64290", "2011-09-30": "20.49090", "2011-06-30": "15.72990", "2011-03-31": "4.83050", "2010-12-31": "-16.57820", "2010-09-30": "28.02060", "2010-06-30": "23.22530", "2010-03-31": "15.62490", "2009-12-31": "-6.76500", "2009-09-30": "26.15750", "2009-06-30": "14.89310", "2009-03-31": "14.62090", "2008-12-31": "-465.37160", "2008-09-30": "23.95020", "2008-06-30": "21.45040", "2008-03-31": "13.08460", "2007-12-31": "19.29020", "2007-09-30": "23.66680", "2007-06-30": "22.26700", "2007-03-31": "12.23120", "2006-12-31": "18.73560", "2006-09-30": "14.54400", "2006-06-30": "22.76770", "2006-03-31": "5.31320", "2005-12-31": "17.32370", "2005-09-30": "25.42350", "2005-06-30": "17.36540", "2005-03-31": "13.67400"}, "EBITDA Margin": {"2020-09-30": "", "2020-06-30": "", "2020-03-31": "", "2019-12-31": "", "2019-09-30": "", "2019-06-30": "", "2019-03-31": "", "2018-12-31": "", "2018-09-30": "", "2018-06-30": "", "2018-03-31": "", "2017-12-31": "", "2017-09-30": "", "2017-06-30": "", "2017-03-31": "", "2016-12-31": "", "2016-09-30": "", "2016-06-30": "", "2016-03-31": "", "2015-12-31": "", "2015-09-30": "", "2015-06-30": "", "2015-03-31": "", "2014-12-31": "", "2014-09-30": "", "2014-06-30": "", "2014-03-31": "", "2013-12-31": "", "2013-09-30": "", "2013-06-30": "", "2013-03-31": "", "2012-12-31": "", "2012-09-30": "", "2012-06-30": "", "2012-03-31": "", "2011-12-31": "", "2011-09-30": "", "2011-06-30": "", "2011-03-31": "", "2010-12-31": "", "2010-09-30": "", "2010-06-30": "", "2010-03-31": "", "2009-12-31": "", "2009-09-30": "", "2009-06-30": "", "2009-03-31": "", "2008-12-31": "", "2008-09-30": "", "2008-06-30": "", "2008-03-31": "", "2007-12-31": "", "2007-09-30": "", "2007-06-30": "", "2007-03-31": "", "2006-12-31": "", "2006-09-30": "", "2006-06-30": "", "2006-03-31": "", "2005-12-31": "", "2005-09-30": "", "2005-06-30": "", "2005-03-31": ""}, "Pre-Tax Profit Margin": {"2020-09-30": "-14.89360", "2020-06-30": "-168.37460", "2020-03-31": "-66.95340", "2019-12-31": "4.36840", "2019-09-30": "15.76730", "2019-06-30": "7.45320", "2019-03-31": "-5.40440", "2018-12-31": "2.18840", "2018-09-30": "18.68130", "2018-06-30": "-0.48610", "2018-03-31": "-6.73840", "2017-12-31": "3.27730", "2017-09-30": "13.99190", "2017-06-30": "2.20420", "2017-03-31": "-5.98450", "2016-12-31": "5.51890", "2016-09-30": "13.15640", "2016-06-30": "-0.55540", "2016-03-31": "-8.71270", "2015-12-31": "-0.34930", "2015-09-30": "17.65900", "2015-06-30": "33.56530", "2015-03-31": "2.30460", "2014-12-31": "6.48950", "2014-09-30": "16.90650", "2014-06-30": "7.13250", "2014-03-31": "-1.62320", "2013-12-31": "10.45660", "2013-09-30": "15.12850", "2013-06-30": "7.25490", "2013-03-31": "-11.78140", "2012-12-31": "-1.63840", "2012-09-30": "17.04210", "2012-06-30": "12.96790", "2012-03-31": "3.28570", "2011-12-31": "8.83950", "2011-09-30": "19.83820", "2011-06-30": "13.27350", "2011-03-31": "1.20760", "2010-12-31": "-16.28290", "2010-09-30": "24.15400", "2010-06-30": "21.04650", "2010-03-31": "12.83350", "2009-12-31": "-4.45830", "2009-09-30": "23.25100", "2009-06-30": "9.89660", "2009-03-31": "10.54350", "2008-12-31": "-470.08310", "2008-09-30": "19.64510", "2008-06-30": "20.27220", "2008-03-31": "11.44780", "2007-12-31": "17.13730", "2007-09-30": "21.69920", "2007-06-30": "23.22160", "2007-03-31": "10.52330", "2006-12-31": "19.37900", "2006-09-30": "15.80900", "2006-06-30": "25.61250", "2006-03-31": "6.39850", "2005-12-31": "13.45850", "2005-09-30": "25.75200", "2005-06-30": "21.54330", "2005-03-31": "15.90740"}, "Net Profit Margin": {"2020-09-30": "-14.69420", "2020-06-30": "-133.03890", "2020-03-31": "-58.89540", "2019-12-31": "2.76670", "2019-09-30": "11.49520", "2019-06-30": "5.80400", "2019-03-31": "-3.94790", "2018-12-31": "0.66430", "2018-09-30": "16.02560", "2018-06-30": "0.03470", "2018-03-31": "-5.46250", "2017-12-31": "2.37170", "2017-09-30": "11.86780", "2017-06-30": "2.20420", "2017-03-31": "-3.92870", "2016-12-31": "3.80310", "2016-09-30": "10.82300", "2016-06-30": "1.44130", "2016-03-31": "-5.70330", "2015-12-31": "-0.73820", "2015-09-30": "14.61570", "2015-06-30": "27.04460", "2015-03-31": "3.21410", "2014-12-31": "4.86500", "2014-09-30": "15.01070", "2014-06-30": "5.97960", "2014-03-31": "-1.19160", "2013-12-31": "8.22190", "2013-09-30": "12.18800", "2013-06-30": "5.93350", "2013-03-31": "-10.29530", "2012-12-31": "0.69080", "2012-09-30": "14.30140", "2012-06-30": "10.11950", "2012-03-31": "-0.40180", "2011-12-31": "8.93470", "2011-09-30": "20.53350", "2011-06-30": "15.36720", "2011-03-31": "7.14980", "2010-12-31": "14.43450", "2010-09-30": "17.87200", "2010-06-30": "13.70110", "2010-03-31": "8.27320", "2009-12-31": "21.07130", "2009-09-30": "13.72710", "2009-06-30": "5.31350", "2009-03-31": "6.19530", "2008-12-31": "-444.57680", "2008-09-30": "11.37880", "2008-06-30": "12.08590", "2008-03-31": "7.45930", "2007-12-31": "9.82370", "2007-09-30": "13.11160", "2007-06-30": "13.93430", "2007-03-31": "6.31700", "2006-12-31": "12.63720", "2006-09-30": "9.60630", "2006-06-30": "15.95470", "2006-03-31": "4.72470", "2005-12-31": "5.10040", "2005-09-30": "14.03140", "2005-06-30": "13.23080", "2005-03-31": "9.90190"}, "Asset Turnover": {"2020-09-30": "0.07640", "2020-06-30": "0.02580", "2020-03-31": "0.10820", "2019-12-31": "0.12830", "2019-09-30": "0.16640", "2019-06-30": "0.14200", "2019-03-31": "0.12450", "2018-12-31": "0.14190", "2018-09-30": "0.17120", "2018-06-30": "0.14010", "2018-03-31": "0.12280", "2017-12-31": "0.12520", "2017-09-30": "0.15580", "2017-06-30": "0.13890", "2017-03-31": "0.12390", "2016-12-31": "0.13270", "2016-09-30": "0.16000", "2016-06-30": "0.13130", "2016-03-31": "0.11620", "2015-12-31": "0.10970", "2015-09-30": "0.15620", "2015-06-30": "0.14050", "2015-03-31": "0.13550", "2014-12-31": "0.15030", "2014-09-30": "0.18170", "2014-06-30": "0.16180", "2014-03-31": "0.13500", "2013-12-31": "0.14880", "2013-09-30": "0.17090", "2013-06-30": "0.13780", "2013-03-31": "0.12010", "2012-12-31": "0.13670", "2012-09-30": "0.15970", "2012-06-30": "0.13860", "2012-03-31": "0.11980", "2011-12-31": "0.12100", "2011-09-30": "0.13290", "2011-06-30": "0.11360", "2011-03-31": "0.09760", "2010-12-31": "0.07420", "2010-09-30": "0.13850", "2010-06-30": "0.12590", "2010-03-31": "0.11180", "2009-12-31": "0.08170", "2009-09-30": "0.13870", "2009-06-30": "0.12400", "2009-03-31": "0.11060", "2008-12-31": "0.10530", "2008-09-30": "0.09270", "2008-06-30": "0.08720", "2008-03-31": "0.07970", "2007-12-31": "0.08020", "2007-09-30": "0.08980", "2007-06-30": "0.07950", "2007-03-31": "0.06670", "2006-12-31": "0.06430", "2006-09-30": "0.07320", "2006-06-30": "0.07340", "2006-03-31": "0.06160", "2005-12-31": "0.06380", "2005-09-30": "0.07520", "2005-06-30": "", "2005-03-31": ""}, "Inventory Turnover Ratio": {"2020-09-30": "", "2020-06-30": "", "2020-03-31": "", "2019-12-31": "", "2019-09-30": "", "2019-06-30": "", "2019-03-31": "", "2018-12-31": "", "2018-09-30": "", "2018-06-30": "", "2018-03-31": "", "2017-12-31": "", "2017-09-30": "", "2017-06-30": "", "2017-03-31": "", "2016-12-31": "", "2016-09-30": "", "2016-06-30": "", "2016-03-31": "", "2015-12-31": "", "2015-09-30": "", "2015-06-30": "", "2015-03-31": "", "2014-12-31": "", "2014-09-30": "", "2014-06-30": "", "2014-03-31": "", "2013-12-31": "", "2013-09-30": "", "2013-06-30": "", "2013-03-31": "", "2012-12-31": "", "2012-09-30": "", "2012-06-30": "", "2012-03-31": "", "2011-12-31": "", "2011-09-30": "", "2011-06-30": "", "2011-03-31": "", "2010-12-31": "", "2010-09-30": "", "2010-06-30": "", "2010-03-31": "", "2009-12-31": "", "2009-09-30": "", "2009-06-30": "", "2009-03-31": "", "2008-12-31": "", "2008-09-30": "", "2008-06-30": "", "2008-03-31": "", "2007-12-31": "", "2007-09-30": "", "2007-06-30": "", "2007-03-31": "", "2006-12-31": "", "2006-09-30": "", "2006-06-30": "", "2006-03-31": "", "2005-12-31": "", "2005-09-30": "", "2005-06-30": "", "2005-03-31": ""}, "Receiveable Turnover": {"2020-09-30": "1.58480", "2020-06-30": "0.51040", "2020-03-31": "1.47560", "2019-12-31": "1.05900", "2019-09-30": "1.29570", "2019-06-30": "1.04370", "2019-03-31": "0.94430", "2018-12-31": "1.17660", "2018-09-30": "1.40600", "2018-06-30": "1.13650", "2018-03-31": "1.03250", "2017-12-31": "1.22890", "2017-09-30": "1.58560", "2017-06-30": "1.32300", "2017-03-31": "1.28210", "2016-12-31": "1.53620", "2016-09-30": "1.81010", "2016-06-30": "1.38100", "2016-03-31": "1.28540", "2015-12-31": "1.54950", "2015-09-30": "1.51950", "2015-06-30": "1.38860", "2015-03-31": "1.30760", "2014-12-31": "1.70460", "2014-09-30": "1.88810", "2014-06-30": "1.49000", "2014-03-31": "1.29240", "2013-12-31": "1.69660", "2013-09-30": "2.01670", "2013-06-30": "1.75950", "2013-03-31": "1.61260", "2012-12-31": "1.99240", "2012-09-30": "2.11710", "2012-06-30": "2.02780", "2012-03-31": "1.96960", "2011-12-31": "2.31900", "2011-09-30": "2.36730", "2011-06-30": "1.94590", "2011-03-31": "1.67690", "2010-12-31": "1.79050", "2010-09-30": "2.42070", "2010-06-30": "2.13460", "2010-03-31": "1.90600", "2009-12-31": "1.57610", "2009-09-30": "2.31680", "2009-06-30": "2.07250", "2009-03-31": "1.96410", "2008-12-31": "2.32280", "2008-09-30": "2.37250", "2008-06-30": "1.99510", "2008-03-31": "1.86940", "2007-12-31": "2.48240", "2007-09-30": "2.38940", "2007-06-30": "2.20190", "2007-03-31": "1.89880", "2006-12-31": "2.51280", "2006-09-30": "2.82990", "2006-06-30": "2.94930", "2006-03-31": "2.47600", "2005-12-31": "2.84310", "2005-09-30": "3.23690", "2005-06-30": "", "2005-03-31": ""}, "Days Sales In Receivables": {"2020-09-30": "56.78860", "2020-06-30": "176.34280", "2020-03-31": "60.99140", "2019-12-31": "84.98730", "2019-09-30": "69.46040", "2019-06-30": "86.23220", "2019-03-31": "95.31240", "2018-12-31": "76.49470", "2018-09-30": "64.01100", "2018-06-30": "79.18750", "2018-03-31": "87.16510", "2017-12-31": "73.23420", "2017-09-30": "56.75980", "2017-06-30": "68.02620", "2017-03-31": "70.19760", "2016-12-31": "58.58720", "2016-09-30": "49.72030", "2016-06-30": "65.16920", "2016-03-31": "70.01980", "2015-12-31": "58.08370", "2015-09-30": "59.23050", "2015-06-30": "64.81570", "2015-03-31": "68.82840", "2014-12-31": "52.79920", "2014-09-30": "47.66600", "2014-06-30": "60.40410", "2014-03-31": "69.64060", "2013-12-31": "53.04860", "2013-09-30": "44.62810", "2013-06-30": "51.15180", "2013-03-31": "55.81110", "2012-12-31": "45.17220", "2012-09-30": "42.51010", "2012-06-30": "44.38260", "2012-03-31": "45.69570", "2011-12-31": "38.80980", "2011-09-30": "38.01830", "2011-06-30": "46.25040", "2011-03-31": "53.67160", "2010-12-31": "50.26490", "2010-09-30": "37.17940", "2010-06-30": "42.16230", "2010-03-31": "47.22010", "2009-12-31": "57.10380", "2009-09-30": "38.84690", "2009-06-30": "43.42550", "2009-03-31": "45.82330", "2008-12-31": "38.74660", "2008-09-30": "37.93540", "2008-06-30": "45.11050", "2008-03-31": "48.14320", "2007-12-31": "36.25530", "2007-09-30": "37.66620", "2007-06-30": "40.87430", "2007-03-31": "47.39840", "2006-12-31": "35.81620", "2006-09-30": "31.80310", "2006-06-30": "30.51540", "2006-03-31": "36.34970", "2005-12-31": "31.65590", "2005-09-30": "27.80450", "2005-06-30": "", "2005-03-31": ""}, "ROE - Return On Equity": {"2020-09-30": "-6.42670", "2020-06-30": "-23.10330", "2020-03-31": "-37.34300", "2019-12-31": "1.40900", "2019-09-30": "7.09180", "2019-06-30": "3.16570", "2019-03-31": "-1.77490", "2018-12-31": "0.44240", "2018-09-30": "8.95900", "2018-06-30": "-0.16210", "2018-03-31": "-2.56540", "2017-12-31": "0.86470", "2017-09-30": "5.61520", "2017-06-30": "0.92750", "2017-03-31": "-1.48430", "2016-12-31": "1.48600", "2016-09-30": "7.05680", "2016-06-30": "0.14080", "2016-03-31": "-2.31060", "2015-12-31": "-0.26140", "2015-09-30": "11.02220", "2015-06-30": "19.62550", "2015-03-31": "1.78030", "2014-12-31": "2.97190", "2014-09-30": "12.51930", "2014-06-30": "4.31240", "2014-03-31": "-0.94040", "2013-12-31": "4.16060", "2013-09-30": "7.23220", "2013-06-30": "2.69500", "2013-03-31": "-4.72940", "2012-12-31": "0.29690", "2012-09-30": "6.80290", "2012-06-30": "4.53070", "2012-03-31": "1.00150", "2011-12-31": "2.62300", "2011-09-30": "5.65630", "2011-06-30": "2.92430", "2011-03-31": "0.21320", "2010-12-31": "-1.77140", "2010-09-30": "6.42260", "2010-06-30": "4.32590", "2010-03-31": "2.32460", "2009-12-31": "0.68600", "2009-09-30": "4.46930", "2009-06-30": "1.68040", "2009-03-31": "1.65600", "2008-12-31": "-115.96200", "2008-09-30": "1.84920", "2008-06-30": "1.91790", "2008-03-31": "1.01850", "2007-12-31": "1.31510", "2007-09-30": "2.05680", "2007-06-30": "1.76860", "2007-03-31": "0.65650", "2006-12-31": "1.13710", "2006-09-30": "1.01780", "2006-06-30": "1.63850", "2006-03-31": "0.39870", "2005-12-31": "0.44010", "2005-09-30": "1.42610", "2005-06-30": "", "2005-03-31": ""}, "Return On Tangible Equity": {"2020-09-30": "4.21410", "2020-06-30": "15.72800", "2020-03-31": "26.70620", "2019-12-31": "-1.77470", "2019-09-30": "-9.67210", "2019-06-30": "-4.56320", "2019-03-31": "2.26710", "2018-12-31": "-0.56040", "2018-09-30": "-12.26050", "2018-06-30": "0.18970", "2018-03-31": "3.17970", "2017-12-31": "-1.20210", "2017-09-30": "-7.95270", "2017-06-30": "-1.14280", "2017-03-31": "1.78450", "2016-12-31": "-1.80160", "2016-09-30": "-4.19550", "2016-06-30": "-0.09390", "2016-03-31": "1.78860", "2015-12-31": "0.22000", "2015-09-30": "-5.50540", "2015-06-30": "-13.02220", "2015-03-31": "-0.88030", "2014-12-31": "-1.67880", "2014-09-30": "-9.13130", "2014-06-30": "-3.07390", "2014-03-31": "0.73140", "2013-12-31": "-3.73600", "2013-09-30": "-6.71670", "2013-06-30": "-2.57160", "2013-03-31": "4.23430", "2012-12-31": "-0.49010", "2012-09-30": "-12.33980", "2012-06-30": "-7.09690", "2012-03-31": "-1.46620", "2011-12-31": "-4.59450", "2011-09-30": "-12.32370", "2011-06-30": "-6.04410", "2011-03-31": "-0.34890", "2010-12-31": "5.53680", "2010-09-30": "-10.68800", "2010-06-30": "-6.66190", "2010-03-31": "-3.39200", "2009-12-31": "-1.12470", "2009-09-30": "-6.66460", "2009-06-30": "-2.19200", "2009-03-31": "-2.05180", "2008-12-31": "138.67310", "2008-09-30": "-4.16300", "2008-06-30": "-4.56140", "2008-03-31": "-2.30450", "2007-12-31": "-2.93480", "2007-09-30": "-4.83660", "2007-06-30": "-6.50510", "2007-03-31": "-2.14790", "2006-12-31": "-6.81090", "2006-09-30": "-5.29900", "2006-06-30": "-8.30530", "2006-03-31": "-2.03020", "2005-12-31": "-1.93740", "2005-09-30": "-6.18060", "2005-06-30": "", "2005-03-31": ""}, "ROA - Return On Assets": {"2020-09-30": "-1.01630", "2020-06-30": "-3.37820", "2020-03-31": "-6.84230", "2019-12-31": "0.36420", "2019-09-30": "1.90360", "2019-06-30": "0.84230", "2019-03-31": "-0.47700", "2018-12-31": "0.13860", "2018-09-30": "2.77420", "2018-06-30": "-0.04380", "2018-03-31": "-0.72940", "2017-12-31": "0.28620", "2017-09-30": "1.83340", "2017-06-30": "0.29000", "2017-03-31": "-0.47540", "2016-12-31": "0.53620", "2016-09-30": "1.72910", "2016-06-30": "0.03590", "2016-03-31": "-0.66220", "2015-12-31": "-0.08320", "2015-09-30": "2.22710", "2015-06-30": "3.60750", "2015-03-31": "0.32130", "2014-12-31": "0.62390", "2014-09-30": "2.65910", "2014-06-30": "0.92970", "2014-03-31": "-0.22280", "2013-12-31": "1.21440", "2013-09-30": "2.03280", "2013-06-30": "0.72070", "2013-03-31": "-1.27330", "2012-12-31": "0.09950", "2012-09-30": "2.24020", "2012-06-30": "1.41380", "2012-03-31": "0.31660", "2011-12-31": "0.92950", "2011-09-30": "2.23850", "2011-06-30": "1.09550", "2011-03-31": "0.07920", "2010-12-31": "-0.72820", "2010-09-30": "2.49590", "2010-06-30": "1.74170", "2010-03-31": "0.94380", "2009-12-31": "0.31770", "2009-09-30": "1.91650", "2009-06-30": "0.67420", "2009-03-31": "0.69150", "2008-12-31": "-46.84250", "2008-09-30": "1.05110", "2008-06-30": "1.05340", "2008-03-31": "0.57660", "2007-12-31": "0.76380", "2007-09-30": "1.17700", "2007-06-30": "1.10810", "2007-03-31": "0.42110", "2006-12-31": "0.81240", "2006-09-30": "0.70340", "2006-06-30": "1.17160", "2006-03-31": "0.29080", "2005-12-31": "0.32530", "2005-09-30": "1.05500", "2005-06-30": "", "2005-03-31": ""}, "ROI - Return On Investment": {"2020-09-30": "-1.54320", "2020-06-30": "-5.68010", "2020-03-31": "-14.22460", "2019-12-31": "0.80210", "2019-09-30": "4.10740", "2019-06-30": "1.94350", "2019-03-31": "-1.07090", "2018-12-31": "0.26690", "2018-09-30": "5.50030", "2018-06-30": "-0.09700", "2018-03-31": "-1.55550", "2017-12-31": "0.53650", "2017-09-30": "3.50720", "2017-06-30": "0.59710", "2017-03-31": "-0.95130", "2016-12-31": "0.95560", "2016-09-30": "3.89740", "2016-06-30": "0.08050", "2016-03-31": "-1.37270", "2015-12-31": "-0.15880", "2015-09-30": "5.54510", "2015-06-30": "9.18430", "2015-03-31": "0.91060", "2014-12-31": "1.54590", "2014-09-30": "6.68570", "2014-06-30": "2.64960", "2014-03-31": "-0.59020", "2013-12-31": "2.67890", "2013-09-30": "4.69020", "2013-06-30": "1.75650", "2013-03-31": "-3.05060", "2012-12-31": "0.19500", "2012-09-30": "4.51920", "2012-06-30": "2.95460", "2012-03-31": "0.63400", "2011-12-31": "1.70110", "2011-09-30": "3.66910", "2011-06-30": "1.89160", "2011-03-31": "0.13370", "2010-12-31": "-1.21630", "2010-09-30": "4.03080", "2010-06-30": "3.23850", "2010-03-31": "1.73040", "2009-12-31": "0.51760", "2009-09-30": "3.33640", "2009-06-30": "1.23620", "2009-03-31": "1.20640", "2008-12-31": "-70.33510", "2008-09-30": "1.51080", "2008-06-30": "1.62740", "2008-03-31": "0.88450", "2007-12-31": "1.07340", "2007-09-30": "1.70470", "2007-06-30": "1.61970", "2007-03-31": "0.59990", "2006-12-31": "1.04840", "2006-09-30": "0.93700", "2006-06-30": "1.63850", "2006-03-31": "0.39870", "2005-12-31": "0.44010", "2005-09-30": "1.42610", "2005-06-30": "", "2005-03-31": ""}, "Book Value Per Share": {"2020-09-30": "29.23020", "2020-06-30": "29.91910", "2020-03-31": "26.53630", "2019-12-31": "38.82220", "2019-09-30": "39.44600", "2019-06-30": "39.50700", "2019-03-31": "37.87870", "2018-12-31": "38.40720", "2018-09-30": "39.71990", "2018-06-30": "37.11750", "2018-03-31": "38.51230", "2017-12-31": "40.39170", "2017-09-30": "40.82250", "2017-06-30": "38.36680", "2017-03-31": "37.48590", "2016-12-31": "37.94590", "2016-09-30": "26.35880", "2016-06-30": "28.52350", "2016-03-31": "31.36090", "2015-12-31": "32.80850", "2015-09-30": "19.30650", "2015-06-30": "16.84440", "2015-03-31": "14.34790", "2014-12-31": "14.90340", "2014-09-30": "15.82150", "2014-06-30": "15.63990", "2014-03-31": "16.22770", "2013-12-31": "17.41890", "2013-09-30": "17.46950", "2013-06-30": "17.20070", "2013-03-31": "16.77340", "2012-12-31": "17.65600", "2012-09-30": "18.26190", "2012-06-30": "17.25300", "2012-03-31": "16.57570", "2011-12-31": "17.25670", "2011-09-30": "22.58210", "2011-06-30": "21.99170", "2011-03-31": "20.27420", "2010-12-31": "19.97970", "2010-09-30": "20.01810", "2010-06-30": "18.75370", "2010-03-31": "18.36660", "2009-12-31": "18.99450", "2009-09-30": "18.26590", "2009-06-30": "17.27190", "2009-03-31": "16.66200", "2008-12-31": "16.59360", "2008-09-30": "35.62320", "2008-06-30": "34.97390", "2008-03-31": "34.14920", "2007-12-31": "33.80050", "2007-09-30": "34.51280", "2007-06-30": "35.67690", "2007-03-31": "34.98010", "2006-12-31": "35.62160", "2006-09-30": "35.02300", "2006-06-30": "34.31020", "2006-03-31": "33.48140", "2005-12-31": "32.99250", "2005-09-30": "33.57510", "2005-06-30": "", "2005-03-31": ""}, "Operating Cash Flow Per Share": {"2020-09-30": -5.765, "2020-06-30": -13.0757, "2020-03-31": "-5.56730", "2019-12-31": 2.3557, "2019-09-30": -5.5824, "2019-06-30": 7.1557, "2019-03-31": "14.53190", "2018-12-31": -0.9245, "2018-09-30": -2.4795, "2018-06-30": 5.2823, "2018-03-31": "11.03960", "2017-12-31": -0.5374, "2017-09-30": -2.8782, "2017-06-30": 3.9998, "2017-03-31": "11.21360", "2016-12-31": 0.0162, "2016-09-30": -1.234, "2016-06-30": 3.9052, "2016-03-31": "7.33740", "2015-12-31": -1.3463, "2015-09-30": -0.946, "2015-06-30": 4.5014, "2015-03-31": "7.99880", "2014-12-31": -1.5802, "2014-09-30": 0.8855, "2014-06-30": 3.519, "2014-03-31": "7.44060", "2013-12-31": -1.4776, "2013-09-30": -1.5562, "2013-06-30": 2.0054, "2013-03-31": "6.49570", "2012-12-31": -1.4391, "2012-09-30": 0.1455, "2012-06-30": 4.0491, "2012-03-31": "6.08600", "2011-12-31": -1.3396, "2011-09-30": -0.5209, "2011-06-30": 2.8337, "2011-03-31": "4.98010", "2010-12-31": -2.3473, "2010-09-30": 0.0914, "2010-06-30": 2.2523, "2010-03-31": "4.20730", "2009-12-31": -1.6568, "2009-09-30": -0.221, "2009-06-30": 2.319, "2009-03-31": "3.48770", "2008-12-31": -1.6229, "2008-09-30": -0.6636, "2008-06-30": 2.0908, "2008-03-31": "3.83480", "2007-12-31": -1.6411, "2007-09-30": 0.4104, "2007-06-30": 2.4389, "2007-03-31": "3.32390", "2006-12-31": -4.2421, "2006-09-30": 0.2937, "2006-06-30": 1.4732, "2006-03-31": "2.47520", "2005-12-31": -0.425, "2005-09-30": 0.7401, "2005-06-30": 1.6782, "2005-03-31": "2.92290"}, "Free Cash Flow Per Share": {"2020-09-30": -7.0048, "2020-06-30": -14.5323, "2020-03-31": "-7.60530", "2019-12-31": 0.3522, "2019-09-30": -7.5376, "2019-06-30": 5.228, "2019-03-31": "12.67900", "2018-12-31": -2.5276, "2018-09-30": -3.9262, "2018-06-30": 3.854, "2018-03-31": "9.77490", "2017-12-31": -1.7433, "2017-09-30": -3.939, "2017-06-30": 2.8358, "2017-03-31": "10.10420", "2016-12-31": -1.1547, "2016-09-30": -2.4356, "2016-06-30": 2.5397, "2016-03-31": "6.22800", "2015-12-31": -2.531, "2015-09-30": -2.1086, "2015-06-30": 1.7572, "2015-03-31": "7.21770", "2014-12-31": -2.2341, "2014-09-30": 0.2497, "2014-06-30": 2.9153, "2014-03-31": "6.86810", "2013-12-31": -2.012, "2013-09-30": -2.1139, "2013-06-30": 1.5294, "2013-03-31": "5.85320", "2012-12-31": -1.872, "2012-09-30": -0.2578, "2012-06-30": 3.5657, "2012-03-31": "5.72120", "2011-12-31": -1.7079, "2011-09-30": -0.9419, "2011-06-30": 2.4559, "2011-03-31": "4.64870", "2010-12-31": -2.5026, "2010-09-30": -0.1942, "2010-06-30": 1.9477, "2010-03-31": "4.00580", "2009-12-31": -1.768, "2009-09-30": -0.3604, "2009-06-30": 2.1924, "2009-03-31": "3.32520", "2008-12-31": -1.9243, "2008-09-30": -0.9981, "2008-06-30": 1.8353, "2008-03-31": "3.60910", "2007-12-31": -1.8242, "2007-09-30": 0.2854, "2007-06-30": 2.3087, "2007-03-31": "3.21070", "2006-12-31": -3.8459, "2006-09-30": 0.087, "2006-06-30": 1.3551, "2006-03-31": "2.40380", "2005-12-31": -0.493, "2005-09-30": 0.6616, "2005-06-30": 1.5996, "2005-03-31": "2.84870"}}, "revenue": {"Expedia Annual Revenue (Millions of US $)": {"2019": "$12,067", "2018": "$11,223", "2017": "$10,060", "2016": "$8,774", "2015": "$6,672", "2014": "$5,763", "2013": "$4,771", "2012": "$4,030", "2011": "$3,449", "2010": "$3,034", "2009": "$2,743", "2008": "$2,937", "2007": "$2,665", "2006": "$2,238", "2005": "$2,119"}, "Expedia Quarterly Revenue (Millions of US $)": {"2020-09-30": "$1,504", "2020-06-30": "$566", "2020-03-31": "$2,209", "2019-12-31": "$2,747", "2019-09-30": "$3,558", "2019-06-30": "$3,153", "2019-03-31": "$2,609", "2018-12-31": "$2,559", "2018-09-30": "$3,276", "2018-06-30": "$2,880", "2018-03-31": "$2,508", "2017-12-31": "$2,319", "2017-09-30": "$2,966", "2017-06-30": "$2,586", "2017-03-31": "$2,189", "2016-12-31": "$2,093", "2016-09-30": "$2,581", "2016-06-30": "$2,196", "2016-03-31": "$1,904", "2015-12-31": "$1,699", "2015-09-30": "$1,938", "2015-06-30": "$1,663", "2015-03-31": "$1,373", "2014-12-31": "$1,356", "2014-09-30": "$1,713", "2014-06-30": "$1,495", "2014-03-31": "$1,200", "2013-12-31": "$1,152", "2013-09-30": "$1,402", "2013-06-30": "$1,205", "2013-03-31": "$1,012", "2012-12-31": "$975", "2012-09-30": "$1,199", "2012-06-30": "$1,040", "2012-03-31": "$816", "2011-12-31": "$787", "2011-09-30": "$1,020", "2011-06-30": "$914", "2011-03-31": "$728", "2010-12-31": "$494", "2010-09-30": "$988", "2010-06-30": "$834", "2010-03-31": "$718", "2009-12-31": "$485", "2009-09-30": "$852", "2009-06-30": "$770", "2009-03-31": "$636", "2008-12-31": "$621", "2008-09-30": "$833", "2008-06-30": "$795", "2008-03-31": "$688", "2007-12-31": "$665", "2007-09-30": "$760", "2007-06-30": "$690", "2007-03-31": "$551", "2006-12-31": "$531", "2006-09-30": "$614", "2006-06-30": "$598", "2006-03-31": "$494", "2005-12-31": "$495", "2005-09-30": "$585", "2005-06-30": "$555", "2005-03-31": "$485"}}, "gross-profit": {"Expedia Annual Gross Profit (Millions of US $)": {"2019": "$9,904", "2018": "$9,258", "2017": "$8,303", "2016": "$7,177", "2015": "$5,363", "2014": "$4,584", "2013": "$3,733", "2012": "$3,132", "2011": "$2,688", "2010": "$2,348", "2009": "$2,140", "2008": "$2,298", "2007": "$2,100", "2006": "$1,735", "2005": "$1,639"}, "Expedia Quarterly Gross Profit (Millions of US $)": {"2020-09-30": "$1,129", "2020-06-30": "$177", "2020-03-31": "$1,580", "2019-12-31": "$2,122", "2019-09-30": "$3,010", "2019-06-30": "$2,653", "2019-03-31": "$2,119", "2018-12-31": "$2,083", "2018-09-30": "$2,772", "2018-06-30": "$2,382", "2018-03-31": "$2,021", "2017-12-31": "$1,882", "2017-09-30": "$2,507", "2017-06-30": "$2,147", "2017-03-31": "$1,767", "2016-12-31": "$1,722", "2016-09-30": "$2,164", "2016-06-30": "$1,789", "2016-03-31": "$1,501", "2015-12-31": "$1,360", "2015-09-30": "$1,610", "2015-06-30": "$1,342", "2015-03-31": "$1,051", "2014-12-31": "$1,072", "2014-09-30": "$1,413", "2014-06-30": "$1,194", "2014-03-31": "$906", "2013-12-31": "$903", "2013-09-30": "$1,126", "2013-06-30": "$942", "2013-03-31": "$762", "2012-12-31": "$750", "2012-09-30": "$955", "2012-06-30": "$810", "2012-03-31": "$616", "2011-12-31": "$604", "2011-09-30": "$814", "2011-06-30": "$718", "2011-03-31": "$552", "2010-12-31": "$325", "2010-09-30": "$798", "2010-06-30": "$665", "2010-03-31": "$560", "2009-12-31": "$344", "2009-09-30": "$683", "2009-06-30": "$621", "2009-03-31": "$492", "2008-12-31": "$482", "2008-09-30": "$656", "2008-06-30": "$625", "2008-03-31": "$536", "2007-12-31": "$516", "2007-09-30": "$609", "2007-06-30": "$546", "2007-03-31": "$429", "2006-12-31": "$410", "2006-09-30": "$481", "2006-06-30": "$470", "2006-03-31": "$375", "2005-12-31": "$382", "2005-09-30": "$461", "2005-06-30": "$426", "2005-03-31": "$371"}}, "operating-income": {"Expedia Annual Operating Income (Millions of US $)": {"2019": "$903", "2018": "$714", "2017": "$625", "2016": "$462", "2015": "$414", "2014": "$518", "2013": "$366", "2012": "$432", "2011": "$480", "2010": "$501", "2009": "$398", "2008": "$-2,429", "2007": "$529", "2006": "$351", "2005": "$397"}, "Expedia Quarterly Operating Income (Millions of US $)": {"2020-09-30": "$-113", "2020-06-30": "$-849", "2020-03-31": "$-1,294", "2019-12-31": "$160", "2019-09-30": "$609", "2019-06-30": "$265", "2019-03-31": "$-131", "2018-12-31": "$96", "2018-09-30": "$672", "2018-06-30": "$111", "2018-03-31": "$-165", "2017-12-31": "$114", "2017-09-30": "$481", "2017-06-30": "$103", "2017-03-31": "$-73", "2016-12-31": "$147", "2016-09-30": "$386", "2016-06-30": "$26", "2016-03-31": "$-97", "2015-12-31": "$29", "2015-09-30": "$345", "2015-06-30": "$90", "2015-03-31": "$-51", "2014-12-31": "$95", "2014-09-30": "$297", "2014-06-30": "$129", "2014-03-31": "$-3", "2013-12-31": "$139", "2013-09-30": "$239", "2013-06-30": "$94", "2013-03-31": "$-106", "2012-12-31": "$2", "2012-09-30": "$227", "2012-06-30": "$154", "2012-03-31": "$49", "2011-12-31": "$92", "2011-09-30": "$209", "2011-06-30": "$144", "2011-03-31": "$35", "2010-12-31": "$-82", "2010-09-30": "$277", "2010-06-30": "$194", "2010-03-31": "$112", "2009-12-31": "$-33", "2009-09-30": "$223", "2009-06-30": "$115", "2009-03-31": "$93", "2008-12-31": "$-2,889", "2008-09-30": "$200", "2008-06-30": "$171", "2008-03-31": "$90", "2007-12-31": "$128", "2007-09-30": "$180", "2007-06-30": "$154", "2007-03-31": "$67", "2006-12-31": "$100", "2006-09-30": "$89", "2006-06-30": "$136", "2006-03-31": "$26", "2005-12-31": "$86", "2005-09-30": "$149", "2005-06-30": "$96", "2005-03-31": "$66"}}, "ebitda": {"Expedia Annual EBITDA (Millions of US $)": {"2019": "$2,054", "2018": "$2,004", "2017": "$1,663", "2016": "$1,533", "2015": "$1,085", "2014": "$945", "2013": "$780", "2012": "$692", "2011": "$698", "2010": "$681", "2009": "$571", "2008": "$541", "2007": "$729", "2006": "$601", "2005": "$678"}, "Expedia Quarterly EBITDA (Millions of US $)": {"2020-09-30": "$209", "2020-06-30": "$-533", "2020-03-31": "$-124", "2019-12-31": "$452", "2019-09-30": "$897", "2019-06-30": "$552", "2019-03-31": "$153", "2018-12-31": "$449", "2018-09-30": "$968", "2018-06-30": "$463", "2018-03-31": "$124", "2017-12-31": "$395", "2017-09-30": "$715", "2017-06-30": "$371", "2017-03-31": "$182", "2016-12-31": "$427", "2016-09-30": "$633", "2016-06-30": "$326", "2016-03-31": "$147", "2015-12-31": "$242", "2015-09-30": "$527", "2015-06-30": "$238", "2015-03-31": "$77", "2014-12-31": "$204", "2014-09-30": "$405", "2014-06-30": "$234", "2014-03-31": "$102", "2013-12-31": "$240", "2013-09-30": "$328", "2013-06-30": "$180", "2013-03-31": "$31", "2012-12-31": "$75", "2012-09-30": "$296", "2012-06-30": "$218", "2012-03-31": "$103", "2011-12-31": "$156", "2011-09-30": "$264", "2011-06-30": "$193", "2011-03-31": "$85", "2010-12-31": "$-60", "2010-09-30": "$329", "2010-06-30": "$247", "2010-03-31": "$166", "2009-12-31": "$-10", "2009-09-30": "$273", "2009-06-30": "$162", "2009-03-31": "$145", "2008-12-31": "$-75", "2008-09-30": "$250", "2008-06-30": "$222", "2008-03-31": "$143", "2007-12-31": "$181", "2007-09-30": "$228", "2007-06-30": "$201", "2007-03-31": "$119", "2006-12-31": "$100", "2006-09-30": "$146", "2006-06-30": "$196", "2006-03-31": "$100", "2005-12-31": "$146", "2005-09-30": "$198", "2005-06-30": "$186", "2005-03-31": "$148"}}, "net-income": {"Expedia Annual Net Income (Millions of US $)": {"2019": "$565", "2018": "$406", "2017": "$378", "2016": "$282", "2015": "$764", "2014": "$398", "2013": "$233", "2012": "$280", "2011": "$472", "2010": "$422", "2009": "$300", "2008": "$-2,518", "2007": "$296", "2006": "$245", "2005": "$229"}, "Expedia Quarterly Net Income (Millions of US $)": {"2020-09-30": "$-221", "2020-06-30": "$-753", "2020-03-31": "$-1,301", "2019-12-31": "$76", "2019-09-30": "$409", "2019-06-30": "$183", "2019-03-31": "$-103", "2018-12-31": "$17", "2018-09-30": "$525", "2018-06-30": "$1", "2018-03-31": "$-137", "2017-12-31": "$55", "2017-09-30": "$352", "2017-06-30": "$57", "2017-03-31": "$-86", "2016-12-31": "$80", "2016-09-30": "$279", "2016-06-30": "$32", "2016-03-31": "$-109", "2015-12-31": "$-13", "2015-09-30": "$283", "2015-06-30": "$450", "2015-03-31": "$44", "2014-12-31": "$66", "2014-09-30": "$257", "2014-06-30": "$89", "2014-03-31": "$-14", "2013-12-31": "$95", "2013-09-30": "$171", "2013-06-30": "$72", "2013-03-31": "$-104", "2012-12-31": "$7", "2012-09-30": "$171", "2012-06-30": "$105", "2012-03-31": "$-3", "2011-12-31": "$70", "2011-09-30": "$210", "2011-06-30": "$140", "2011-03-31": "$52", "2010-12-31": "$71", "2010-09-30": "$177", "2010-06-30": "$114", "2010-03-31": "$59", "2009-12-31": "$102", "2009-09-30": "$117", "2009-06-30": "$41", "2009-03-31": "$39", "2008-12-31": "$-2,760", "2008-09-30": "$95", "2008-06-30": "$96", "2008-03-31": "$51", "2007-12-31": "$65", "2007-09-30": "$100", "2007-06-30": "$96", "2007-03-31": "$35", "2006-12-31": "$67", "2006-09-30": "$59", "2006-06-30": "$95", "2006-03-31": "$23", "2005-12-31": "$25", "2005-09-30": "$82", "2005-06-30": "$73", "2005-03-31": "$48"}}, "eps-earnings-per-share-diluted": {"Expedia Annual EPS": {"2019": "$3.77", "2018": "$2.65", "2017": "$2.42", "2016": "$1.82", "2015": "$5.70", "2014": "$2.99", "2013": "$1.67", "2012": "$2.00", "2011": "$3.41", "2010": "$2.93", "2009": "$2.05", "2008": "$-17.60", "2007": "$1.88", "2006": "$1.40", "2005": "$1.30"}, "Expedia Quarterly EPS": {"2020-09-30": "$-1.56", "2020-06-30": "$-5.34", "2020-03-31": "$-9.24", "2019-12-31": "$0.54", "2019-09-30": "$2.71", "2019-06-30": "$1.21", "2019-03-31": "$-0.69", "2018-12-31": "$0.12", "2018-09-30": "$3.43", "2018-06-30": "$0.01", "2018-03-31": "$-0.91", "2017-12-31": "$0.40", "2017-09-30": "$2.23", "2017-06-30": "$0.36", "2017-03-31": "$-0.57", "2016-12-31": "$0.52", "2016-09-30": "$1.81", "2016-06-30": "$0.21", "2016-03-31": "$-0.72", "2015-12-31": "$-0.14", "2015-09-30": "$2.12", "2015-06-30": "$3.38", "2015-03-31": "$0.34", "2014-12-31": "$0.49", "2014-09-30": "$1.94", "2014-06-30": "$0.67", "2014-03-31": "$-0.11", "2013-12-31": "$0.71", "2013-09-30": "$1.22", "2013-06-30": "$0.51", "2013-03-31": "$-0.77", "2012-12-31": "$0.05", "2012-09-30": "$1.21", "2012-06-30": "$0.76", "2012-03-31": "$-0.02", "2011-12-31": "$0.53", "2011-09-30": "$1.50", "2011-06-30": "$1.01", "2011-03-31": "$0.37", "2010-12-31": "$0.49", "2010-09-30": "$1.24", "2010-06-30": "$0.80", "2010-03-31": "$0.40", "2009-12-31": "$0.69", "2009-09-30": "$0.80", "2009-06-30": "$0.28", "2009-03-31": "$0.28", "2008-12-31": "$-19.26", "2008-09-30": "$0.66", "2008-06-30": "$0.66", "2008-03-31": "$0.34", "2007-12-31": "$0.42", "2007-09-30": "$0.64", "2007-06-30": "$0.60", "2007-03-31": "$0.22", "2006-12-31": "$0.40", "2006-09-30": "$0.34", "2006-06-30": "$0.54", "2006-03-31": "$0.12", "2005-12-31": "$0.12", "2005-09-30": "$0.46", "2005-06-30": "$0.44", "2005-03-31": "$0.28"}}, "shares-outstanding": {"Expedia Annual Shares Outstanding (Millions of Shares)": {"2019": "150", "2018": "153", "2017": "156", "2016": "155", "2015": "134", "2014": "133", "2013": "140", "2012": "140", "2011": "139", "2010": "144", "2009": "146", "2008": "143", "2007": "157", "2006": "176", "2005": "175"}, "Expedia Quarterly Shares Outstanding (Millions of Shares)": {"2020-09-30": "141", "2020-06-30": "141", "2020-03-31": "141", "2019-12-31": "150", "2019-09-30": "151", "2019-06-30": "152", "2019-03-31": "148", "2018-12-31": "153", "2018-09-30": "153", "2018-06-30": "153", "2018-03-31": "152", "2017-12-31": "156", "2017-09-30": "158", "2017-06-30": "157", "2017-03-31": "151", "2016-12-31": "155", "2016-09-30": "154", "2016-06-30": "154", "2016-03-31": "151", "2015-12-31": "134", "2015-09-30": "133", "2015-06-30": "133", "2015-03-31": "131", "2014-12-31": "133", "2014-09-30": "132", "2014-06-30": "134", "2014-03-31": "131", "2013-12-31": "140", "2013-09-30": "140", "2013-06-30": "141", "2013-03-31": "136", "2012-12-31": "140", "2012-09-30": "141", "2012-06-30": "138", "2012-03-31": "139", "2011-12-31": "139", "2011-09-30": "140", "2011-06-30": "139", "2011-03-31": "139", "2010-12-31": "144", "2010-09-30": "143", "2010-06-30": "144", "2010-03-31": "147", "2009-12-31": "146", "2009-09-30": "147", "2009-06-30": "145", "2009-03-31": "144", "2008-12-31": "143", "2008-09-30": "146", "2008-06-30": "147", "2008-03-31": "147", "2007-12-31": "157", "2007-09-30": "156", "2007-06-30": "160", "2007-03-31": "162", "2006-12-31": "176", "2006-09-30": "171", "2006-06-30": "180", "2006-03-31": "183", "2005-12-31": "175", "2005-09-30": "177", "2005-06-30": "170", "2005-03-31": "170"}}, "total-assets": {"Expedia Annual Total Assets (Millions of US $)": {"2019": "$21,416", "2018": "$18,033", "2017": "$18,516", "2016": "$15,778", "2015": "$15,486", "2014": "$9,021", "2013": "$7,739", "2012": "$7,133", "2011": "$6,505", "2010": "$6,657", "2009": "$5,937", "2008": "$5,894", "2007": "$8,295", "2006": "$8,264", "2005": "$7,757"}, "Expedia Quarterly Total Assets (Millions of US $)": {"2020-09-30": "$19,679", "2020-06-30": "$21,905", "2020-03-31": "$20,417", "2019-12-31": "$21,416", "2019-09-30": "$21,381", "2019-06-30": "$22,201", "2019-03-31": "$20,963", "2018-12-31": "$18,033", "2018-09-30": "$19,141", "2018-06-30": "$20,554", "2018-03-31": "$20,429", "2017-12-31": "$18,516", "2017-09-30": "$19,035", "2017-06-30": "$18,623", "2017-03-31": "$17,669", "2016-12-31": "$15,778", "2016-09-30": "$16,132", "2016-06-30": "$16,729", "2016-03-31": "$16,390", "2015-12-31": "$15,486", "2015-09-30": "$12,403", "2015-06-30": "$11,832", "2015-03-31": "$10,135", "2014-12-31": "$9,021", "2014-09-30": "$9,425", "2014-06-30": "$9,235", "2014-03-31": "$8,888", "2013-12-31": "$7,739", "2013-09-30": "$8,202", "2013-06-30": "$8,744", "2013-03-31": "$8,432", "2012-12-31": "$7,133", "2012-09-30": "$7,508", "2012-06-30": "$7,505", "2012-03-31": "$6,818", "2011-12-31": "$6,505", "2011-09-30": "$7,677", "2011-06-30": "$8,045", "2011-03-31": "$7,458", "2010-12-31": "$6,657", "2010-09-30": "$7,133", "2010-06-30": "$6,623", "2010-03-31": "$6,420", "2009-12-31": "$5,937", "2009-09-30": "$6,147", "2009-06-30": "$6,206", "2009-03-31": "$5,749", "2008-12-31": "$5,894", "2008-09-30": "$8,989", "2008-06-30": "$9,121", "2008-03-31": "$8,631", "2007-12-31": "$8,295", "2007-09-30": "$8,462", "2007-06-30": "$8,676", "2007-03-31": "$8,259", "2006-12-31": "$8,264", "2006-09-30": "$8,384", "2006-06-30": "$8,150", "2006-03-31": "$8,024", "2005-12-31": "$7,757", "2005-09-30": "$7,776", "2005-06-30": "$0", "2005-03-31": "$0"}}, "cash-on-hand": {"Expedia Annual Cash on Hand (Millions of US $)": {"2019": "$4,620", "2018": "$2,730", "2017": "$3,384", "2016": "$1,888", "2015": "$1,721", "2014": "$1,793", "2013": "$1,373", "2012": "$1,960", "2011": "$1,357", "2010": "$1,131", "2009": "$702", "2008": "$762", "2007": "$634", "2006": "$864", "2005": "$321"}, "Expedia Quarterly Cash on Hand (Millions of US $)": {"2020-09-30": "$5,101", "2020-06-30": "$6,786", "2020-03-31": "$4,912", "2019-12-31": "$4,620", "2019-09-30": "$4,902", "2019-06-30": "$5,508", "2019-03-31": "$4,621", "2018-12-31": "$2,730", "2018-09-30": "$3,564", "2018-06-30": "$4,899", "2018-03-31": "$4,673", "2017-12-31": "$3,384", "2017-09-30": "$3,827", "2017-06-30": "$3,828", "2017-03-31": "$3,389", "2016-12-31": "$1,888", "2016-09-30": "$1,909", "2016-06-30": "$2,377", "2016-03-31": "$2,135", "2015-12-31": "$1,721", "2015-09-30": "$1,501", "2015-06-30": "$3,410", "2015-03-31": "$2,075", "2014-12-31": "$1,793", "2014-09-30": "$2,681", "2014-06-30": "$2,402", "2014-03-31": "$2,200", "2013-12-31": "$1,373", "2013-09-30": "$1,831", "2013-06-30": "$2,300", "2013-03-31": "$2,118", "2012-12-31": "$1,960", "2012-09-30": "$2,379", "2012-06-30": "$2,418", "2012-03-31": "$2,021", "2011-12-31": "$1,357", "2011-09-30": "$2,024", "2011-06-30": "$2,312", "2011-03-31": "$1,842", "2010-12-31": "$1,131", "2010-09-30": "$1,570", "2010-06-30": "$1,143", "2010-03-31": "$1,062", "2009-12-31": "$702", "2009-09-30": "$903", "2009-06-30": "$931", "2009-03-31": "$577", "2008-12-31": "$762", "2008-09-30": "$667", "2008-06-30": "$1,054", "2008-03-31": "$728", "2007-12-31": "$634", "2007-09-30": "$857", "2007-06-30": "$1,033", "2007-03-31": "$657", "2006-12-31": "$864", "2006-09-30": "$964", "2006-06-30": "$664", "2006-03-31": "$542", "2005-12-31": "$321", "2005-09-30": "$261", "2005-06-30": "", "2005-03-31": ""}}, "long-term-debt": {"Expedia Annual Long Term Debt (Millions of US $)": {"2019": "$4,189", "2018": "$3,717", "2017": "$3,749", "2016": "$3,159", "2015": "$3,183", "2014": "$1,747", "2013": "$1,249", "2012": "$1,249", "2011": "$1,249", "2010": "$1,249", "2009": "$895", "2008": "$1,545", "2007": "$1,085", "2006": "$500", "2005": "$"}, "Expedia Quarterly Long Term Debt (Millions of US $)": {"2020-09-30": "$8,826", "2020-06-30": "$8,803", "2020-03-31": "$6,080", "2019-12-31": "$4,189", "2019-09-30": "$4,170", "2019-06-30": "$3,715", "2019-03-31": "$3,704", "2018-12-31": "$3,717", "2018-09-30": "$3,727", "2018-06-30": "$3,731", "2018-03-31": "$3,771", "2017-12-31": "$3,749", "2017-09-30": "$3,736", "2017-06-30": "$3,221", "2017-03-31": "$3,171", "2016-12-31": "$3,159", "2016-09-30": "$3,204", "2016-06-30": "$3,197", "2016-03-31": "$3,209", "2015-12-31": "$3,183", "2015-09-30": "$2,475", "2015-06-30": "$2,473", "2015-03-31": "$1,747", "2014-12-31": "$1,747", "2014-09-30": "$1,747", "2014-06-30": "$1,249", "2014-03-31": "$1,249", "2013-12-31": "$1,249", "2013-09-30": "$1,249", "2013-06-30": "$1,249", "2013-03-31": "$1,249", "2012-12-31": "$1,249", "2012-09-30": "$1,249", "2012-06-30": "$1,249", "2012-03-31": "$1,249", "2011-12-31": "$1,249", "2011-09-30": "$1,645", "2011-06-30": "$1,645", "2011-03-31": "$1,645", "2010-12-31": "$1,249", "2010-09-30": "$1,645", "2010-06-30": "$895", "2010-03-31": "$895", "2009-12-31": "$895", "2009-09-30": "$895", "2009-06-30": "$895", "2009-03-31": "$895", "2008-12-31": "$1,545", "2008-09-30": "$1,144", "2008-06-30": "$894", "2008-03-31": "$740", "2007-12-31": "$1,085", "2007-09-30": "$1,000", "2007-06-30": "$500", "2007-03-31": "$500", "2006-12-31": "$500", "2006-09-30": "$500", "2006-06-30": "", "2006-03-31": "", "2005-12-31": "", "2005-09-30": "", "2005-06-30": "", "2005-03-31": ""}}, "total-liabilities": {"Expedia Annual Total Liabilities (Millions of US $)": {"2019": "$15,880", "2018": "$12,382", "2017": "$12,387", "2016": "$10,084", "2015": "$10,556", "2014": "$7,127", "2013": "$5,480", "2012": "$4,743", "2011": "$4,200", "2010": "$3,920", "2009": "$3,187", "2008": "$3,513", "2007": "$3,477", "2006": "$2,360", "2005": "$2,023"}, "Expedia Quarterly Total Liabilities (Millions of US $)": {"2020-09-30": "$15,545", "2020-06-30": "$17,680", "2020-03-31": "$16,676", "2019-12-31": "$15,880", "2019-09-30": "$15,642", "2019-06-30": "$16,294", "2019-03-31": "$15,329", "2018-12-31": "$12,382", "2018-09-30": "$13,214", "2018-06-30": "$15,002", "2018-03-31": "$14,621", "2017-12-31": "$12,387", "2017-09-30": "$12,820", "2017-06-30": "$12,801", "2017-03-31": "$12,010", "2016-12-31": "$10,084", "2016-09-30": "$12,179", "2016-06-30": "$12,462", "2016-03-31": "$11,693", "2015-12-31": "$10,556", "2015-09-30": "$9,897", "2015-06-30": "$9,657", "2015-03-31": "$8,306", "2014-12-31": "$7,127", "2014-09-30": "$7,423", "2014-06-30": "$7,244", "2014-03-31": "$6,782", "2013-12-31": "$5,480", "2013-09-30": "$5,896", "2013-06-30": "$6,406", "2013-03-31": "$6,162", "2012-12-31": "$4,743", "2012-09-30": "$5,035", "2012-06-30": "$5,163", "2012-03-31": "$4,663", "2011-12-31": "$4,200", "2011-09-30": "$4,639", "2011-06-30": "$5,031", "2011-03-31": "$4,688", "2010-12-31": "$3,920", "2010-09-30": "$4,361", "2010-06-30": "$3,956", "2010-03-31": "$3,814", "2009-12-31": "$3,187", "2009-09-30": "$3,511", "2009-06-30": "$3,716", "2009-03-31": "$3,348", "2008-12-31": "$3,513", "2008-09-30": "$3,880", "2008-06-30": "$4,111", "2008-03-31": "$3,744", "2007-12-31": "$3,477", "2007-09-30": "$3,620", "2007-06-30": "$3,240", "2007-03-31": "$2,961", "2006-12-31": "$2,360", "2006-09-30": "$2,590", "2006-06-30": "$2,322", "2006-03-31": "$2,171", "2005-12-31": "$2,023", "2005-09-30": "$2,024", "2005-06-30": "", "2005-03-31": ""}}, "total-share-holder-equity": {"Expedia Annual Share Holder Equity (Millions of US $)": {"2019": "$5,536", "2018": "$5,651", "2017": "$6,129", "2016": "$5,693", "2015": "$4,930", "2014": "$1,894", "2013": "$2,259", "2012": "$2,389", "2011": "$2,305", "2010": "$2,737", "2009": "$2,750", "2008": "$2,381", "2007": "$4,818", "2006": "$5,904", "2005": "$5,734"}, "Expedia Quarterly Share Holder Equity (Millions of US $)": {"2020-09-30": "$4,134", "2020-06-30": "$4,225", "2020-03-31": "$3,741", "2019-12-31": "$5,536", "2019-09-30": "$5,739", "2019-06-30": "$5,907", "2019-03-31": "$5,634", "2018-12-31": "$5,651", "2018-09-30": "$5,927", "2018-06-30": "$5,552", "2018-03-31": "$5,808", "2017-12-31": "$6,129", "2017-09-30": "$6,215", "2017-06-30": "$5,822", "2017-03-31": "$5,659", "2016-12-31": "$5,693", "2016-09-30": "$3,953", "2016-06-30": "$4,267", "2016-03-31": "$4,697", "2015-12-31": "$4,930", "2015-09-30": "$2,506", "2015-06-30": "$2,175", "2015-03-31": "$1,829", "2014-12-31": "$1,894", "2014-09-30": "$2,002", "2014-06-30": "$1,991", "2014-03-31": "$2,106", "2013-12-31": "$2,259", "2013-09-30": "$2,305", "2013-06-30": "$2,338", "2013-03-31": "$2,270", "2012-12-31": "$2,389", "2012-09-30": "$2,472", "2012-06-30": "$2,342", "2012-03-31": "$2,155", "2011-12-31": "$2,305", "2011-09-30": "$3,038", "2011-06-30": "$3,014", "2011-03-31": "$2,769", "2010-12-31": "$2,737", "2010-09-30": "$2,772", "2010-06-30": "$2,667", "2010-03-31": "$2,607", "2009-12-31": "$2,750", "2009-09-30": "$2,636", "2009-06-30": "$2,490", "2009-03-31": "$2,401", "2008-12-31": "$2,381", "2008-09-30": "$5,110", "2008-06-30": "$5,010", "2008-03-31": "$4,886", "2007-12-31": "$4,818", "2007-09-30": "$4,842", "2007-06-30": "$5,436", "2007-03-31": "$5,297", "2006-12-31": "$5,904", "2006-09-30": "$5,794", "2006-06-30": "$5,828", "2006-03-31": "$5,853", "2005-12-31": "$5,734", "2005-09-30": "$5,753", "2005-06-30": "", "2005-03-31": ""}}, "profit-margins": {"current": "-30.64%"}, "gross margin": {"2020-09-30": "71.28%", "2020-06-30": "75.87%", "2020-03-31": "80.27%", "2019-12-31": "82.08%", "2019-09-30": "83.05%", "2019-06-30": "83.01%", "2019-03-31": "82.62%", "2018-12-31": "82.49%", "2018-09-30": "82.46%", "2018-06-30": "82.38%", "2018-03-31": "82.45%", "2017-12-31": "82.53%", "2017-09-30": "82.80%", "2017-06-30": "82.55%", "2017-03-31": "82.15%", "2016-12-31": "81.79%", "2016-09-30": "81.31%", "2016-06-30": "80.91%", "2016-03-31": "80.69%", "2015-12-31": "80.37%", "2015-09-30": "80.17%", "2015-06-30": "79.90%", "2015-03-31": "79.67%", "2014-12-31": "79.55%", "2014-09-30": "79.42%", "2014-06-30": "78.66%", "2014-03-31": "78.18%", "2013-12-31": "78.24%", "2013-09-30": "77.93%", "2013-06-30": "77.64%", "2013-03-31": "77.54%", "2012-12-31": "77.69%", "2012-09-30": "77.69%", "2012-06-30": "77.64%", "2012-03-31": "77.81%", "2011-12-31": "77.94%", "2011-09-30": "76.33%", "2011-06-30": "76.60%", "2011-03-31": "76.87%", "2010-12-31": "77.39%", "2010-09-30": "78.25%", "2010-06-30": "77.95%", "2010-03-31": "78.16%", "2009-12-31": "78.02%", "2009-09-30": "79.12%", "2009-06-30": "78.71%", "2009-03-31": "78.16%", "2008-12-31": "78.28%", "2008-09-30": "78.26%", "2008-06-30": "78.61%", "2008-03-31": "78.74%", "2007-12-31": "78.77%", "2007-09-30": "78.75%", "2007-06-30": "78.21%", "2007-03-31": "78.03%", "2006-12-31": "77.60%", "2006-09-30": "77.60%", "2006-06-30": "77.72%", "2006-03-31": "77.22%", "2005-12-31": "77.36%"}, "operating margin": {"2020-09-30": "-29.83%", "2020-06-30": "-15.13%", "2020-03-31": "-2.23%", "2019-12-31": "7.48%", "2019-09-30": "7.06%", "2019-06-30": "7.78%", "2019-03-31": "6.61%", "2018-12-31": "6.36%", "2018-09-30": "6.66%", "2018-06-30": "5.07%", "2018-03-31": "5.14%", "2017-12-31": "6.21%", "2017-09-30": "6.69%", "2017-06-30": "5.96%", "2017-03-31": "5.36%", "2016-12-31": "5.27%", "2016-09-30": "4.11%", "2016-06-30": "3.92%", "2016-03-31": "5.09%", "2015-12-31": "6.19%", "2015-09-30": "7.57%", "2015-06-30": "7.06%", "2015-03-31": "7.92%", "2014-12-31": "8.99%", "2014-09-30": "10.11%", "2014-06-30": "9.60%", "2014-03-31": "9.46%", "2013-12-31": "7.67%", "2013-09-30": "4.98%", "2013-06-30": "4.94%", "2013-03-31": "6.55%", "2012-12-31": "10.72%", "2012-09-30": "13.59%", "2012-06-30": "13.76%", "2012-03-31": "13.97%", "2011-12-31": "13.92%", "2011-09-30": "9.70%", "2011-06-30": "11.97%", "2011-03-31": "13.93%", "2010-12-31": "16.51%", "2010-09-30": "18.18%", "2010-06-30": "17.17%", "2010-03-31": "14.76%", "2009-12-31": "14.51%", "2009-09-30": "-85.38%", "2009-06-30": "-86.75%", "2009-03-31": "-84.06%", "2008-12-31": "-82.67%", "2008-09-30": "19.76%", "2008-06-30": "19.57%", "2008-03-31": "19.69%", "2007-12-31": "19.84%", "2007-09-30": "19.79%", "2007-06-30": "17.18%", "2007-03-31": "17.09%", "2006-12-31": "15.69%", "2006-09-30": "15.31%", "2006-06-30": "18.28%", "2006-03-31": "16.77%", "2005-12-31": "18.73%"}, "ebitda margin": {"2020-09-30": "0.06%", "2020-06-30": "7.62%", "2020-03-31": "15.23%", "2019-12-31": "17.02%", "2019-09-30": "17.27%", "2019-06-30": "18.30%", "2019-03-31": "17.95%", "2018-12-31": "17.86%", "2018-09-30": "17.75%", "2018-06-30": "15.90%", "2018-03-31": "15.46%", "2017-12-31": "16.53%", "2017-09-30": "17.24%", "2017-06-30": "17.07%", "2017-03-31": "17.31%", "2016-12-31": "17.47%", "2016-09-30": "16.09%", "2016-06-30": "16.05%", "2016-03-31": "16.02%", "2015-12-31": "16.24%", "2015-09-30": "16.52%", "2015-06-30": "15.14%", "2015-03-31": "15.50%", "2014-12-31": "16.39%", "2014-09-30": "17.64%", "2014-06-30": "17.22%", "2014-03-31": "17.14%", "2013-12-31": "16.33%", "2013-09-30": "13.37%", "2013-06-30": "13.25%", "2013-03-31": "14.67%", "2012-12-31": "17.17%", "2012-09-30": "20.12%", "2012-06-30": "20.23%", "2012-03-31": "20.24%", "2011-12-31": "20.24%", "2011-09-30": "15.27%", "2011-06-30": "17.51%", "2011-03-31": "19.74%", "2010-12-31": "22.48%", "2010-09-30": "24.20%", "2010-06-30": "23.40%", "2010-03-31": "20.92%", "2009-12-31": "20.78%", "2009-09-30": "17.54%", "2009-06-30": "16.85%", "2009-03-31": "18.79%", "2008-12-31": "18.39%", "2008-09-30": "26.70%", "2008-06-30": "26.62%", "2008-03-31": "26.86%", "2007-12-31": "27.34%", "2007-09-30": "25.59%", "2007-06-30": "23.72%", "2007-03-31": "24.46%", "2006-12-31": "24.23%", "2006-09-30": "26.72%", "2006-06-30": "29.47%", "2006-03-31": "29.59%", "2005-12-31": "31.98%"}, "pre tax profit margin": {"2020-09-30": "-36.09%", "2020-06-30": "-19.28%", "2020-03-31": "-4.83%", "2019-12-31": "6.42%", "2019-09-30": "5.99%", "2019-06-30": "6.57%", "2019-03-31": "4.53%", "2018-12-31": "4.32%", "2018-09-30": "4.60%", "2018-06-30": "2.89%", "2018-03-31": "3.65%", "2017-12-31": "4.15%", "2017-09-30": "4.65%", "2017-06-30": "4.04%", "2017-03-31": "3.46%", "2016-12-31": "3.17%", "2016-09-30": "1.86%", "2016-06-30": "2.04%", "2016-03-31": "10.11%", "2015-12-31": "13.88%", "2015-09-30": "16.11%", "2015-06-30": "15.86%", "2015-03-31": "8.71%", "2014-12-31": "8.08%", "2014-09-30": "8.96%", "2014-06-30": "8.00%", "2014-03-31": "8.07%", "2013-12-31": "6.29%", "2013-09-30": "3.57%", "2013-06-30": "3.55%", "2013-03-31": "4.83%", "2012-12-31": "8.68%", "2012-09-30": "11.35%", "2012-06-30": "11.85%", "2012-03-31": "11.87%", "2011-12-31": "11.66%", "2011-09-30": "7.98%", "2011-06-30": "9.25%", "2011-03-31": "11.30%", "2010-12-31": "14.07%", "2010-09-30": "16.03%", "2010-06-30": "15.37%", "2010-03-31": "12.18%", "2009-12-31": "11.63%", "2009-09-30": "-89.51%", "2009-06-30": "-91.29%", "2009-03-31": "-87.56%", "2008-12-31": "-85.60%", "2008-09-30": "17.38%", "2008-06-30": "17.85%", "2008-03-31": "18.48%", "2007-12-31": "18.64%", "2007-09-30": "19.19%", "2007-06-30": "17.52%", "2007-03-31": "17.92%", "2006-12-31": "17.21%", "2006-09-30": "15.86%", "2006-06-30": "18.55%", "2006-03-31": "17.38%", "2005-12-31": "19.58%"}, "net profit margin": {"2020-09-30": "-31.30%", "2020-06-30": "-17.28%", "2020-03-31": "-5.43%", "2019-12-31": "4.68%", "2019-09-30": "4.26%", "2019-06-30": "5.36%", "2019-03-31": "3.89%", "2018-12-31": "3.62%", "2018-09-30": "4.04%", "2018-06-30": "2.54%", "2018-03-31": "3.15%", "2017-12-31": "3.76%", "2017-09-30": "4.10%", "2017-06-30": "3.49%", "2017-03-31": "3.37%", "2016-12-31": "3.21%", "2016-09-30": "2.26%", "2016-06-30": "2.49%", "2016-03-31": "8.48%", "2015-12-31": "11.45%", "2015-09-30": "13.32%", "2015-06-30": "13.38%", "2015-03-31": "7.68%", "2014-12-31": "6.90%", "2014-09-30": "7.68%", "2014-06-30": "6.50%", "2014-03-31": "6.53%", "2013-12-31": "4.90%", "2013-09-30": "3.18%", "2013-06-30": "3.32%", "2013-03-31": "4.24%", "2012-12-31": "6.95%", "2012-09-30": "8.93%", "2012-06-30": "10.43%", "2012-03-31": "11.79%", "2011-12-31": "13.69%", "2011-09-30": "14.99%", "2011-06-30": "14.08%", "2011-03-31": "13.60%", "2010-12-31": "13.88%", "2010-09-30": "14.94%", "2010-06-30": "13.57%", "2010-03-31": "11.29%", "2009-12-31": "10.90%", "2009-09-30": "-89.02%", "2009-06-30": "-90.38%", "2009-03-31": "-87.69%", "2008-12-31": "-85.73%", "2008-09-30": "10.30%", "2008-06-30": "10.73%", "2008-03-31": "11.13%", "2007-12-31": "11.10%", "2007-09-30": "11.77%", "2007-06-30": "10.77%", "2007-03-31": "11.16%", "2006-12-31": "10.91%", "2006-09-30": "9.18%", "2006-06-30": "10.36%", "2006-03-31": "9.53%", "2005-12-31": "10.75%"}, "pe ratio": {"current": "0.00", "2021-02-05": "0.00", "2020-09-30": "0.00", "2020-06-30": "0.00", "2020-03-31": "0.00", "2019-12-31": "28.72", "2019-09-30": "39.94", "2019-06-30": "32.44", "2019-03-31": "41.08", "2018-12-31": "42.02", "2018-09-30": "44.50", "2018-06-30": "70.09", "2018-03-31": "53.15", "2017-12-31": "49.25", "2017-09-30": "55.31", "2017-06-30": "68.49", "2017-03-31": "62.33", "2016-12-31": "63.63", "2016-09-30": "100.47", "2016-06-30": "71.50", "2016-03-31": "22.50", "2015-12-31": "20.70", "2015-09-30": "17.74", "2015-06-30": "16.93", "2015-03-31": "25.98", "2014-12-31": "27.04", "2014-09-30": "25.96", "2014-06-30": "30.05", "2014-03-31": "29.51", "2013-12-31": "39.55", "2013-09-30": "48.23", "2013-06-30": "56.37", "2013-03-31": "44.90", "2012-12-31": "28.67", "2012-09-30": "21.70", "2012-06-30": "16.09", "2012-03-31": "10.28", "2011-12-31": "7.84", "2011-09-30": "13.13", "2011-06-30": "15.97", "2011-03-31": "13.30", "2010-12-31": "14.58", "2010-09-30": "15.32", "2010-06-30": "11.82", "2010-03-31": "19.38", "2009-12-31": "21.08", "2009-09-30": "0.00", "2009-06-30": "0.00", "2009-03-31": "0.00", "2008-12-31": "0.00", "2008-09-30": "12.15", "2008-06-30": "14.92", "2008-03-31": "18.29", "2007-12-31": "28.09", "2007-09-30": "28.93", "2007-06-30": "31.69", "2007-03-31": "26.09", "2006-12-31": "25.30"}, "price sales": {"2021-02-05": "2.91", "2020-09-30": "1.88", "2020-06-30": "1.33", "2020-03-31": "0.72", "2019-12-31": "1.34", "2019-09-30": "1.69", "2019-06-30": "1.72", "2019-03-31": "1.57", "2018-12-31": "1.51", "2018-09-30": "1.79", "2018-06-30": "1.71", "2018-03-31": "1.62", "2017-12-31": "1.81", "2017-09-30": "2.21", "2017-06-30": "2.36", "2017-03-31": "2.07", "2016-12-31": "1.91", "2016-09-30": "2.00", "2016-06-30": "1.89", "2016-03-31": "1.98", "2015-12-31": "2.37", "2015-09-30": "2.36", "2015-06-30": "2.26", "2015-03-31": "2.00", "2014-12-31": "1.86", "2014-09-30": "2.00", "2014-06-30": "1.93", "2014-03-31": "1.90", "2013-12-31": "1.92", "2013-09-30": "1.48", "2013-06-30": "1.79", "2013-03-31": "1.84", "2012-12-31": "1.99", "2012-09-30": "1.94", "2012-06-30": "1.68", "2012-03-31": "1.21", "2011-12-31": "1.07", "2011-09-30": "1.97", "2011-06-30": "2.25", "2011-03-31": "1.82", "2010-12-31": "2.04", "2010-09-30": "2.30", "2010-06-30": "1.61", "2010-03-31": "2.19", "2009-12-31": "2.31", "2009-09-30": "2.04", "2009-06-30": "1.29", "2009-03-31": "0.77", "2008-12-31": "0.69", "2008-09-30": "1.27", "2008-06-30": "1.62", "2008-03-31": "2.04", "2007-12-31": "3.18", "2007-09-30": "3.45", "2007-06-30": "3.45", "2007-03-31": "2.93", "2006-12-31": "2.80"}, "price book": {"current": "6.43", "2021-02-05": "4.84", "2020-09-30": "3.14", "2020-06-30": "2.75", "2020-03-31": "2.12", "2019-12-31": "2.77", "2019-09-30": "3.38", "2019-06-30": "3.33", "2019-03-31": "3.10", "2018-12-31": "2.89", "2018-09-30": "3.23", "2018-06-30": "3.17", "2018-03-31": "2.80", "2017-12-31": "2.89", "2017-09-30": "3.43", "2017-06-30": "3.77", "2017-03-31": "3.26", "2016-12-31": "2.88", "2016-09-30": "4.27", "2016-06-30": "3.58", "2016-03-31": "3.30", "2015-12-31": "3.63", "2015-09-30": "5.83", "2015-06-30": "6.19", "2015-03-31": "6.25", "2014-12-31": "5.44", "2014-09-30": "5.25", "2014-06-30": "4.77", "2014-03-31": "4.22", "2013-12-31": "3.77", "2013-09-30": "2.79", "2013-06-30": "3.28", "2013-03-31": "3.35", "2012-12-31": "3.25", "2012-09-30": "2.92", "2012-06-30": "2.57", "2012-03-31": "1.85", "2011-12-31": "1.54", "2011-09-30": "1.96", "2011-06-30": "2.27", "2011-03-31": "1.92", "2010-12-31": "2.15", "2010-09-30": "2.40", "2010-06-30": "1.70", "2010-03-31": "2.30", "2009-12-31": "2.29", "2009-09-30": "2.21", "2009-06-30": "1.48", "2009-03-31": "0.92", "2008-12-31": "0.84", "2008-09-30": "0.72", "2008-06-30": "0.89", "2008-03-31": "1.08", "2007-12-31": "1.58", "2007-09-30": "1.56", "2007-06-30": "1.39", "2007-03-31": "1.12", "2006-12-31": "0.99", "2006-09-30": "0.76", "2006-06-30": "0.74", "2006-03-31": "1.02"}, "price fcf": {"2021-02-05": "", "2020-09-30": "$-28.79", "2020-06-30": "$-29.32", "2020-03-31": "$-9.56", "2019-12-31": "$10.72", "2019-09-30": "$7.84", "2019-06-30": "$11.45", "2019-03-31": "$10.08", "2018-12-31": "$7.18", "2018-09-30": "$7.96", "2018-06-30": "$7.95", "2018-03-31": "$6.93", "2017-12-31": "$7.26", "2017-09-30": "$7.85", "2017-06-30": "$9.35", "2017-03-31": "$9.05", "2016-12-31": "$5.18", "2016-09-30": "$3.80", "2016-06-30": "$4.13", "2016-03-31": "$3.35", "2015-12-31": "$4.34", "2015-09-30": "$4.63", "2015-06-30": "$6.99", "2015-03-31": "$8.15", "2014-12-31": "$7.80", "2014-09-30": "$8.02", "2014-06-30": "$5.66", "2014-03-31": "$4.27", "2013-12-31": "$3.26", "2013-09-30": "$3.40", "2013-06-30": "$5.25", "2013-03-31": "$7.29", "2012-12-31": "$7.16", "2012-09-30": "$7.32", "2012-06-30": "$6.64", "2012-03-31": "$5.53", "2011-12-31": "$4.45", "2011-09-30": "$3.66", "2011-06-30": "$4.41", "2011-03-31": "$3.90", "2010-12-31": "$3.26", "2010-09-30": "$3.99", "2010-06-30": "$3.83", "2010-03-31": "$4.07", "2009-12-31": "$3.39", "2009-09-30": "$3.23", "2009-06-30": "$2.60", "2009-03-31": "$2.24", "2008-12-31": "$2.52", "2008-09-30": "$2.62", "2008-06-30": "$3.91", "2008-03-31": "$4.38", "2007-12-31": "$3.98", "2007-09-30": "$1.96", "2007-06-30": "$1.76", "2007-03-31": "$0.81", "2006-12-31": "0"}, "net worth": {"value": "$20B"}, "current ratio": {"current": "1.20", "2020-09-30": "1.20", "2020-06-30": "1.14", "2020-03-31": "0.80", "2019-12-31": "0.72", "2019-09-30": "0.75", "2019-06-30": "0.76", "2019-03-31": "0.72", "2018-12-31": "0.65", "2018-09-30": "0.70", "2018-06-30": "0.74", "2018-03-31": "0.74", "2017-12-31": "0.70", "2017-09-30": "0.72", "2017-06-30": "0.69", "2017-03-31": "0.66", "2016-12-31": "0.56", "2016-09-30": "0.55", "2016-06-30": "0.56", "2016-03-31": "0.55", "2015-12-31": "0.50", "2015-09-30": "0.53", "2015-06-30": "0.84", "2015-03-31": "0.65", "2014-12-31": "0.70", "2014-09-30": "0.85", "2014-06-30": "0.75", "2014-03-31": "0.75", "2013-12-31": "0.67", "2013-09-30": "0.73", "2013-06-30": "0.78", "2013-03-31": "0.75", "2012-12-31": "0.88", "2012-09-30": "0.94", "2012-06-30": "0.90", "2012-03-31": "0.86", "2011-12-31": "0.89", "2011-09-30": "0.99", "2011-06-30": "0.99", "2011-03-31": "0.92", "2010-12-31": "0.90", "2010-09-30": "0.93", "2010-06-30": "0.70", "2010-03-31": "0.70", "2009-12-31": "0.67", "2009-09-30": "0.67", "2009-06-30": "0.63", "2009-03-31": "0.53", "2008-12-31": "0.77", "2008-09-30": "0.63", "2008-06-30": "0.65", "2008-03-31": "0.55", "2007-12-31": "0.59", "2007-09-30": "0.63", "2007-06-30": "0.69", "2007-03-31": "0.58", "2006-12-31": "0.84", "2006-09-30": "0.80", "2006-06-30": "0.56", "2006-03-31": "0.55", "2005-12-31": "0.41", "2005-09-30": "0.39", "2005-06-30": "0.00", "2005-03-31": "0.00"}, "quick ratio": {"2020-09-30": "0.00", "2020-06-30": "0.00", "2020-03-31": "0.00", "2019-12-31": "0.00", "2019-09-30": "0.00", "2019-06-30": "0.00", "2019-03-31": "0.00", "2018-12-31": "0.00", "2018-09-30": "0.00", "2018-06-30": "0.00", "2018-03-31": "0.00", "2017-12-31": "0.00", "2017-09-30": "0.00", "2017-06-30": "0.00", "2017-03-31": "0.00", "2016-12-31": "0.00", "2016-09-30": "0.00", "2016-06-30": "0.00", "2016-03-31": "0.00", "2015-12-31": "0.00", "2015-09-30": "0.00", "2015-06-30": "0.00", "2015-03-31": "0.00", "2014-12-31": "0.00", "2014-09-30": "0.00", "2014-06-30": "0.00", "2014-03-31": "0.00", "2013-12-31": "0.00", "2013-09-30": "0.00", "2013-06-30": "0.00", "2013-03-31": "0.00", "2012-12-31": "0.00", "2012-09-30": "0.00", "2012-06-30": "0.00", "2012-03-31": "0.00", "2011-12-31": "0.00", "2011-09-30": "0.00", "2011-06-30": "0.00", "2011-03-31": "0.00", "2010-12-31": "0.00", "2010-09-30": "0.00", "2010-06-30": "0.00", "2010-03-31": "0.00", "2009-12-31": "0.00", "2009-09-30": "0.00", "2009-06-30": "0.00", "2009-03-31": "0.00", "2008-12-31": "0.00", "2008-09-30": "0.00", "2008-06-30": "0.00", "2008-03-31": "0.00", "2007-12-31": "0.00", "2007-09-30": "0.00", "2007-06-30": "0.00", "2007-03-31": "0.00", "2006-12-31": "0.00", "2006-09-30": "0.00", "2006-06-30": "0.00", "2006-03-31": "0.00", "2005-12-31": "0.00", "2005-09-30": "0.00", "2005-06-30": "0.00", "2005-03-31": "0.00"}, "debt equity ratio": {"current": "2.84", "2020-09-30": "3.76", "2020-06-30": "4.19", "2020-03-31": "4.46", "2019-12-31": "2.87", "2019-09-30": "2.73", "2019-06-30": "2.76", "2019-03-31": "2.72", "2018-12-31": "2.19", "2018-09-30": "2.23", "2018-06-30": "2.70", "2018-03-31": "2.52", "2017-12-31": "2.02", "2017-09-30": "2.06", "2017-06-30": "2.20", "2017-03-31": "2.12", "2016-12-31": "1.77", "2016-09-30": "3.08", "2016-06-30": "2.92", "2016-03-31": "2.49", "2015-12-31": "2.14", "2015-09-30": "3.95", "2015-06-30": "4.44", "2015-03-31": "4.54", "2014-12-31": "3.76", "2014-09-30": "3.71", "2014-06-30": "3.64", "2014-03-31": "3.22", "2013-12-31": "2.43", "2013-09-30": "2.56", "2013-06-30": "2.74", "2013-03-31": "2.71", "2012-12-31": "1.99", "2012-09-30": "2.04", "2012-06-30": "2.21", "2012-03-31": "2.16", "2011-12-31": "1.82", "2011-09-30": "1.53", "2011-06-30": "1.67", "2011-03-31": "1.69", "2010-12-31": "1.43", "2010-09-30": "1.57", "2010-06-30": "1.48", "2010-03-31": "1.46", "2009-12-31": "1.16", "2009-09-30": "1.33", "2009-06-30": "1.49", "2009-03-31": "1.40", "2008-12-31": "1.48", "2008-09-30": "0.76", "2008-06-30": "0.82", "2008-03-31": "0.77", "2007-12-31": "0.72", "2007-09-30": "0.75", "2007-06-30": "0.60", "2007-03-31": "0.56", "2006-12-31": "0.40", "2006-09-30": "0.45", "2006-06-30": "0.40", "2006-03-31": "0.37", "2005-12-31": "0.35", "2005-09-30": "0.35", "2005-06-30": "0.00", "2005-03-31": "0.00"}, "return on equity": {"2020-09-30": "-49.88%", "2020-06-30": "-32.62%", "2020-03-31": "-12.10%", "2019-12-31": "9.91%", "2019-09-30": "8.83%", "2019-06-30": "10.76%", "2019-03-31": "7.73%", "2018-12-31": "7.08%", "2018-09-30": "7.58%", "2018-06-30": "4.57%", "2018-03-31": "5.46%", "2017-12-31": "6.35%", "2017-09-30": "6.89%", "2017-06-30": "6.25%", "2017-03-31": "6.23%", "2016-12-31": "6.06%", "2016-09-30": "4.24%", "2016-06-30": "4.71%", "2016-03-31": "17.08%", "2015-12-31": "26.71%", "2015-09-30": "40.12%", "2015-06-30": "41.37%", "2015-03-31": "23.64%", "2014-12-31": "19.92%", "2014-09-30": "20.44%", "2014-06-30": "15.75%", "2014-03-31": "14.39%", "2013-12-31": "10.20%", "2013-09-30": "6.28%", "2013-06-30": "6.17%", "2013-03-31": "7.56%", "2012-12-31": "11.97%", "2012-09-30": "14.79%", "2012-06-30": "15.53%", "2012-03-31": "15.87%", "2011-12-31": "16.97%", "2011-09-30": "16.37%", "2011-06-30": "15.59%", "2011-03-31": "15.13%", "2010-12-31": "15.62%", "2010-09-30": "16.75%", "2010-06-30": "14.71%", "2010-03-31": "12.17%", "2009-12-31": "11.64%", "2009-09-30": "-103.47%", "2009-06-30": "-83.51%", "2009-03-31": "-67.91%", "2008-12-31": "-57.93%", "2008-09-30": "6.19%", "2008-06-30": "6.38%", "2008-03-31": "6.25%", "2007-12-31": "5.81%", "2007-09-30": "5.55%", "2007-06-30": "4.58%", "2007-03-31": "4.49%", "2006-12-31": "4.17%", "2006-09-30": "3.48%", "2006-06-30": "3.88%", "2006-03-31": "4.68%", "2005-12-31": "7.94%"}, "return on assets": {"2020-09-30": "-10.54%", "2020-06-30": "-7.37%", "2020-03-31": "-2.96%", "2019-12-31": "2.63%", "2019-09-30": "2.45%", "2019-06-30": "3.10%", "2019-03-31": "2.24%", "2018-12-31": "2.08%", "2018-09-30": "2.26%", "2018-06-30": "1.38%", "2018-03-31": "1.71%", "2017-12-31": "2.05%", "2017-09-30": "2.27%", "2017-06-30": "1.94%", "2017-03-31": "1.84%", "2016-12-31": "1.73%", "2016-09-30": "1.17%", "2016-06-30": "1.27%", "2016-03-31": "4.36%", "2015-12-31": "6.13%", "2015-09-30": "7.77%", "2015-06-30": "8.09%", "2015-03-31": "4.82%", "2014-12-31": "4.35%", "2014-09-30": "4.84%", "2014-06-30": "4.00%", "2014-03-31": "3.86%", "2013-12-31": "2.83%", "2013-09-30": "1.80%", "2013-06-30": "1.84%", "2013-03-31": "2.34%", "2012-12-31": "3.87%", "2012-09-30": "4.84%", "2012-06-30": "5.36%", "2012-03-31": "5.74%", "2011-12-31": "6.36%", "2011-09-30": "6.34%", "2011-06-30": "6.01%", "2011-03-31": "5.94%", "2010-12-31": "6.28%", "2010-09-30": "6.92%", "2010-06-30": "6.24%", "2010-03-31": "5.16%", "2009-12-31": "4.98%", "2009-09-30": "-42.72%", "2009-06-30": "-38.53%", "2009-03-31": "-34.01%", "2008-12-31": "-30.86%", "2008-09-30": "3.50%", "2008-06-30": "3.62%", "2008-03-31": "3.66%", "2007-12-31": "3.51%", "2007-09-30": "3.54%", "2007-06-30": "3.06%", "2007-03-31": "3.10%", "2006-12-31": "2.97%", "2006-09-30": "2.50%", "2006-06-30": "2.84%", "2006-03-31": "3.45%", "2005-12-31": "5.87%"}, "return on investments": {"2020-09-30": "-18.41%", "2020-06-30": "-12.94%", "2020-03-31": "-2.66%", "2019-12-31": "9.36%", "2019-09-30": "8.78%", "2019-06-30": "9.50%", "2019-03-31": "7.95%", "2018-12-31": "7.54%", "2018-09-30": "7.63%", "2018-06-30": "5.59%", "2018-03-31": "5.54%", "2017-12-31": "6.63%", "2017-09-30": "7.18%", "2017-06-30": "6.65%", "2017-03-31": "6.02%", "2016-12-31": "5.89%", "2016-09-30": "4.49%", "2016-06-30": "4.26%", "2016-03-31": "5.72%", "2015-12-31": "7.75%", "2015-09-30": "11.37%", "2015-06-30": "11.04%", "2015-03-31": "13.23%", "2014-12-31": "14.82%", "2014-09-30": "16.23%", "2014-06-30": "14.76%", "2014-03-31": "13.39%", "2013-12-31": "10.33%", "2013-09-30": "6.40%", "2013-06-30": "6.00%", "2013-03-31": "7.66%", "2012-12-31": "12.04%", "2012-09-30": "14.63%", "2012-06-30": "13.23%", "2012-03-31": "12.12%", "2011-12-31": "11.09%", "2011-09-30": "6.90%", "2011-06-30": "8.56%", "2011-03-31": "10.35%", "2010-12-31": "12.96%", "2010-09-30": "14.54%", "2010-06-30": "13.93%", "2010-03-31": "11.86%", "2009-12-31": "11.49%", "2009-09-30": "-69.55%", "2009-06-30": "-58.86%", "2009-03-31": "-50.05%", "2008-12-31": "-44.74%", "2008-09-30": "9.95%", "2008-06-30": "9.78%", "2008-03-31": "9.47%", "2007-12-31": "9.01%", "2007-09-30": "8.36%", "2007-06-30": "6.71%", "2007-03-31": "8.48%", "2006-12-31": "11.06%", "2006-09-30": "21.42%", "2006-06-30": "inf%", "2006-03-31": "inf%", "2005-12-31": "inf%"}, "return on tangible equity": {"2020-09-30": "46.11%", "2020-06-30": "33.85%", "2020-03-31": "14.12%", "2019-12-31": "-13.21%", "2019-09-30": "-11.78%", "2019-06-30": "-14.38%", "2019-03-31": "-9.81%", "2018-12-31": "-8.91%", "2018-09-30": "-9.77%", "2018-06-30": "-5.95%", "2018-03-31": "-7.18%", "2017-12-31": "-8.29%", "2017-09-30": "-8.71%", "2017-06-30": "-6.35%", "2017-03-31": "-5.43%", "2016-12-31": "-4.74%", "2016-09-30": "-3.03%", "2016-06-30": "-3.31%", "2016-03-31": "-12.09%", "2015-12-31": "-17.12%", "2015-09-30": "-21.97%", "2015-06-30": "-25.00%", "2015-03-31": "-14.49%", "2014-12-31": "-13.73%", "2014-09-30": "-15.87%", "2014-06-30": "-12.99%", "2014-03-31": "-12.76%", "2013-12-31": "-9.38%", "2013-09-30": "-6.55%", "2013-06-30": "-7.49%", "2013-03-31": "-10.46%", "2012-12-31": "-19.38%", "2012-09-30": "-24.30%", "2012-06-30": "-26.92%", "2012-03-31": "-29.57%", "2011-12-31": "-32.22%", "2011-09-30": "-34.91%", "2011-06-30": "-30.92%", "2011-03-31": "-27.76%", "2010-12-31": "-27.78%", "2010-09-30": "-26.35%", "2010-06-30": "-22.52%", "2010-03-31": "-17.87%", "2009-12-31": "-16.40%", "2009-09-30": "134.81%", "2009-06-30": "127.54%", "2009-03-31": "121.85%", "2008-12-31": "118.11%", "2008-09-30": "-14.12%", "2008-06-30": "-14.71%", "2008-03-31": "-15.89%", "2007-12-31": "-16.19%", "2007-09-30": "-19.41%", "2007-06-30": "-19.78%", "2007-03-31": "-21.04%", "2006-12-31": "-22.19%", "2006-09-30": "-17.14%", "2006-06-30": "-18.26%", "2006-03-31": "-21.49%", "2005-12-31": "-34.69%"}, "dividend yield history": {"last payout": "$0.00", "last yield": "0.00%"}}