{"ticker": "STAY", "price": {"title": "Extended Stay America Historical Annual Stock Price Data", "value": 15.03, "historical": {"2020": {"Average Stock Price": "11.7389", "Year Open": "14.9500", "Year High": "14.9500", "Year Low": "6.1500", "Year Close": "14.8100", "Annual % Change": "-0.34%"}, "2019": {"Average Stock Price": "16.1996", "Year Open": "15.5800", "Year High": "19.4400", "Year Low": "13.7300", "Year Close": "14.8600", "Annual % Change": "-4.13%"}, "2018": {"Average Stock Price": "19.6651", "Year Open": "19.0500", "Year High": "22.5200", "Year Low": "15.0400", "Year Close": "15.5000", "Annual % Change": "-18.42%"}, "2017": {"Average Stock Price": "18.1494", "Year Open": "15.9000", "Year High": "20.8700", "Year Low": "15.5000", "Year Close": "19.0000", "Annual % Change": "17.65%"}, "2016": {"Average Stock Price": "14.6322", "Year Open": "15.4300", "Year High": "16.9300", "Year Low": "10.9500", "Year Close": "16.1500", "Annual % Change": "1.57%"}, "2015": {"Average Stock Price": "18.8638", "Year Open": "19.8800", "Year High": "21.3000", "Year Low": "15.7500", "Year Close": "15.9000", "Annual % Change": "-17.66%"}, "2014": {"Average Stock Price": "22.7210", "Year Open": "26.2200", "Year High": "26.5700", "Year Low": "17.6300", "Year Close": "19.3100", "Annual % Change": "-26.47%"}, "2013": {"Average Stock Price": "24.6579", "Year Open": "23.8700", "Year High": "26.2600", "Year Low": "23.4100", "Year Close": "26.2600", "Annual % Change": "0.00%"}}}, "market cap": {"value": "$2.75B"}, "income statement": {"Revenue": {"2019-12-31": "1218.21900", "2018-12-31": "1275.05900", "2017-12-31": "1282.72500", "2016-12-31": "1270.59300", "2015-12-31": "1284.75300", "2014-12-31": "1213.47500", "2013-12-31": "1132.81800", "2012-12-31": "1011.46200", "2011-12-31": "942.72800", "2010-12-31": "875.98300"}, "Cost Of Goods Sold": {"2019-12-31": "", "2018-12-31": "", "2017-12-31": "", "2016-12-31": "", "2015-12-31": "", "2014-12-31": "", "2013-12-31": "", "2012-12-31": "", "2011-12-31": "", "2010-12-31": ""}, "Gross Profit": {"2019-12-31": "1218.21900", "2018-12-31": "1275.05900", "2017-12-31": "1282.72500", "2016-12-31": "1270.59300", "2015-12-31": "1284.75300", "2014-12-31": "1213.47500", "2013-12-31": "1132.81800", "2012-12-31": "1011.46200", "2011-12-31": "942.72800", "2010-12-31": "875.98300"}, "Research And Development Expenses": {"2019-12-31": "", "2018-12-31": "", "2017-12-31": "", "2016-12-31": "", "2015-12-31": "", "2014-12-31": "", "2013-12-31": "", "2012-12-31": "", "2011-12-31": "", "2010-12-31": ""}, "SG&A Expenses": {"2019-12-31": "95.15500", "2018-12-31": "91.09400", "2017-12-31": "94.65200", "2016-12-31": "98.04500", "2015-12-31": "98.62500", "2014-12-31": "84.38100", "2013-12-31": "108.32500", "2012-12-31": "88.54300", "2011-12-31": "75.04100", "2010-12-31": "84.53400"}, "Other Operating Income Or Expenses": {"2019-12-31": "-603.83800", "2018-12-31": "-596.69900", "2017-12-31": "-597.78200", "2016-12-31": "-590.57500", "2015-12-31": "-482.15900", "2014-12-31": "-593.14900", "2013-12-31": "-543.47500", "2012-12-31": "-501.27100", "2011-12-31": "-470.55600", "2010-12-31": "-503.52900"}, "Operating Expenses": {"2019-12-31": "896.39300", "2018-12-31": "897.12190", "2017-12-31": "921.65000", "2016-12-31": "909.92900", "2015-12-31": "784.68100", "2014-12-31": "864.73700", "2013-12-31": "820.69300", "2012-12-31": "727.19000", "2011-12-31": "677.11900", "2010-12-31": "927.18200"}, "Operating Income": {"2019-12-31": "321.82600", "2018-12-31": "377.93700", "2017-12-31": "361.07500", "2016-12-31": "360.66400", "2015-12-31": "500.07200", "2014-12-31": "348.73800", "2013-12-31": "312.12500", "2012-12-31": "284.27200", "2011-12-31": "265.60900", "2010-12-31": "-51.19900"}, "Total Non-Operating Income/Expense": {"2019-12-31": "-127.37300", "2018-12-31": "-124.10500", "2017-12-31": "-129.37300", "2016-12-31": "-162.96100", "2015-12-31": "-140.51400", "2014-12-31": "-153.12700", "2013-12-31": "-234.45900", "2012-12-31": "-257.34900", "2011-12-31": "-211.92400", "2010-12-31": "3214.02000"}, "Pre-Tax Income": {"2019-12-31": "194.45300", "2018-12-31": "253.83200", "2017-12-31": "231.70200", "2016-12-31": "197.70300", "2015-12-31": "359.55800", "2014-12-31": "195.61100", "2013-12-31": "77.66600", "2012-12-31": "26.92300", "2011-12-31": "53.68500", "2010-12-31": "3162.82100"}, "Income Taxes": {"2019-12-31": "29.31500", "2018-12-31": "42.07600", "2017-12-31": "59.51400", "2016-12-31": "34.35100", "2015-12-31": "76.53600", "2014-12-31": "45.05700", "2013-12-31": "-4.99000", "2012-12-31": "4.64200", "2011-12-31": "7.05000", "2010-12-31": "-121.94900"}, "Income After Taxes": {"2019-12-31": "165.13800", "2018-12-31": "211.75600", "2017-12-31": "172.18800", "2016-12-31": "163.35200", "2015-12-31": "283.02200", "2014-12-31": "150.55400", "2013-12-31": "82.65600", "2012-12-31": "22.28100", "2011-12-31": "46.63500", "2010-12-31": "3284.77000"}, "Other Income": {"2019-12-31": "", "2018-12-31": "", "2017-12-31": "", "2016-12-31": "", "2015-12-31": "", "2014-12-31": "", "2013-12-31": "", "2012-12-31": "", "2011-12-31": "", "2010-12-31": ""}, "Income From Continuous Operations": {"2019-12-31": "165.13800", "2018-12-31": "211.75600", "2017-12-31": "172.18800", "2016-12-31": "163.35200", "2015-12-31": "283.02200", "2014-12-31": "150.55400", "2013-12-31": "82.65600", "2012-12-31": "22.28100", "2011-12-31": "46.63500", "2010-12-31": "3284.77000"}, "Income From Discontinued Operations": {"2019-12-31": "", "2018-12-31": "", "2017-12-31": "", "2016-12-31": "", "2015-12-31": "", "2014-12-31": "", "2013-12-31": "", "2012-12-31": "", "2011-12-31": "", "2010-12-31": ""}, "Net Income": {"2019-12-31": "69.66800", "2018-12-31": "112.86400", "2017-12-31": "78.84700", "2016-12-31": "69.93200", "2015-12-31": "113.04000", "2014-12-31": "39.59600", "2013-12-31": "86.23100", "2012-12-31": "20.73200", "2011-12-31": "45.57300", "2010-12-31": "1767.05000"}, "EBITDA": {"2019-12-31": "532.91300", "2018-12-31": "594.45300", "2017-12-31": "598.25200", "2016-12-31": "612.95300", "2015-12-31": "716.44100", "2014-12-31": "555.40600", "2013-12-31": "504.23300", "2012-12-31": "459.43900", "2011-12-31": "396.36400", "2010-12-31": "268.73700"}, "EBIT": {"2019-12-31": "321.82600", "2018-12-31": "377.93700", "2017-12-31": "361.07500", "2016-12-31": "360.66400", "2015-12-31": "500.07200", "2014-12-31": "348.73800", "2013-12-31": "312.12500", "2012-12-31": "284.27200", "2011-12-31": "265.60900", "2010-12-31": "-51.19900"}, "Basic Shares Outstanding": {"2019-12-31": "186.54600", "2018-12-31": "189.38900", "2017-12-31": "193.10100", "2016-12-31": "200.57200", "2015-12-31": "204.21100", "2014-12-31": "203.54800", "2013-12-31": "174.89400", "2012-12-31": "169.81600", "2011-12-31": "168.81300", "2010-12-31": ""}, "Shares Outstanding": {"2019-12-31": "186.82200", "2018-12-31": "189.82100", "2017-12-31": "193.67000", "2016-12-31": "200.73600", "2015-12-31": "204.56700", "2014-12-31": "204.50800", "2013-12-31": "176.26800", "2012-12-31": "171.79600", "2011-12-31": "171.34500", "2010-12-31": ""}, "Basic EPS": {"2019-12-31": "0.37000", "2018-12-31": "0.60000", "2017-12-31": "0.41000", "2016-12-31": "0.35000", "2015-12-31": "0.55000", "2014-12-31": "0.19000", "2013-12-31": "0.49000", "2012-12-31": "0.12000", "2011-12-31": "0.27000", "2010-12-31": ""}, "EPS - Earnings Per Share": {"2019-12-31": "0.37000", "2018-12-31": "0.59000", "2017-12-31": "0.41000", "2016-12-31": "0.35000", "2015-12-31": "0.55000", "2014-12-31": "0.19000", "2013-12-31": "0.49000", "2012-12-31": "0.12000", "2011-12-31": "0.26000", "2010-12-31": "0.00000"}}, "income statement, quarterly": {"Revenue": {"2020-09-30": "285.88800", "2020-06-30": "230.83400", "2020-03-31": "266.30100", "2019-12-31": "284.19790", "2019-09-30": "332.69500", "2019-06-30": "323.65700", "2019-03-31": "277.66900", "2018-12-31": "289.71490", "2018-09-30": "351.07600", "2018-06-30": "336.50100", "2018-03-31": "297.76700", "2017-12-31": "302.50500", "2017-09-30": "350.86600", "2017-06-30": "338.36300", "2017-03-31": "290.99100", "2016-12-31": "295.72500", "2016-09-30": "354.52100", "2016-06-30": "332.78900", "2016-03-31": "287.55800", "2015-12-31": "296.33500", "2015-09-30": "360.51600", "2015-06-30": "340.31100", "2015-03-31": "287.59100", "2014-12-31": "282.69200", "2014-09-30": "338.55300", "2014-06-30": "321.91400", "2014-03-31": "270.31600", "2013-12-31": "268.77190", "2013-09-30": "313.65300", "2013-06-30": "293.59500", "2013-03-31": "256.79800", "2012-12-31": "250.55500", "2012-09-30": "281.37300", "2012-06-30": "256.44200", "2012-03-31": "223.09200", "2011-12-31": "", "2010-12-31": ""}, "Cost Of Goods Sold": {"2020-09-30": "", "2020-06-30": "", "2020-03-31": "", "2019-12-31": "", "2019-09-30": "", "2019-06-30": "", "2019-03-31": "", "2018-12-31": "", "2018-09-30": "", "2018-06-30": "", "2018-03-31": "", "2017-12-31": "", "2017-09-30": "", "2017-06-30": "", "2017-03-31": "", "2016-12-31": "", "2016-09-30": "", "2016-06-30": "", "2016-03-31": "", "2015-12-31": "", "2015-09-30": "", "2015-06-30": "", "2015-03-31": "", "2014-12-31": "", "2014-09-30": "", "2014-06-30": "", "2014-03-31": "", "2013-12-31": "", "2013-09-30": "", "2013-06-30": "", "2013-03-31": "", "2012-12-31": "", "2012-09-30": "", "2012-06-30": "", "2012-03-31": "", "2011-12-31": "", "2010-12-31": ""}, "Gross Profit": {"2020-09-30": "285.88800", "2020-06-30": "230.83400", "2020-03-31": "266.30100", "2019-12-31": "284.19790", "2019-09-30": "332.69500", "2019-06-30": "323.65700", "2019-03-31": "277.66900", "2018-12-31": "289.71490", "2018-09-30": "351.07600", "2018-06-30": "336.50100", "2018-03-31": "297.76700", "2017-12-31": "302.50500", "2017-09-30": "350.86600", "2017-06-30": "338.36300", "2017-03-31": "290.99100", "2016-12-31": "295.72500", "2016-09-30": "354.52100", "2016-06-30": "332.78900", "2016-03-31": "287.55800", "2015-12-31": "296.33500", "2015-09-30": "360.51600", "2015-06-30": "340.31100", "2015-03-31": "287.59100", "2014-12-31": "282.69200", "2014-09-30": "338.55300", "2014-06-30": "321.91400", "2014-03-31": "270.31600", "2013-12-31": "268.77190", "2013-09-30": "313.65300", "2013-06-30": "293.59500", "2013-03-31": "256.79800", "2012-12-31": "250.55500", "2012-09-30": "281.37300", "2012-06-30": "256.44200", "2012-03-31": "223.09200", "2011-12-31": "", "2010-12-31": ""}, "Research And Development Expenses": {"2020-09-30": "", "2020-06-30": "", "2020-03-31": "", "2019-12-31": "", "2019-09-30": "", "2019-06-30": "", "2019-03-31": "", "2018-12-31": "", "2018-09-30": "", "2018-06-30": "", "2018-03-31": "", "2017-12-31": "", "2017-09-30": "", "2017-06-30": "", "2017-03-31": "", "2016-12-31": "", "2016-09-30": "", "2016-06-30": "", "2016-03-31": "", "2015-12-31": "", "2015-09-30": "", "2015-06-30": "", "2015-03-31": "", "2014-12-31": "", "2014-09-30": "", "2014-06-30": "", "2014-03-31": "", "2013-12-31": "", "2013-09-30": "", "2013-06-30": "", "2013-03-31": "", "2012-12-31": "", "2012-09-30": "", "2012-06-30": "", "2012-03-31": "", "2011-12-31": "", "2010-12-31": ""}, "SG&A Expenses": {"2020-09-30": "23.19300", "2020-06-30": "23.10300", "2020-03-31": "23.93800", "2019-12-31": "27.54900", "2019-09-30": "22.29200", "2019-06-30": "22.28700", "2019-03-31": "23.02700", "2018-12-31": "21.38400", "2018-09-30": "21.24200", "2018-06-30": "23.50700", "2018-03-31": "24.96100", "2017-12-31": "19.09200", "2017-09-30": "23.82300", "2017-06-30": "25.43000", "2017-03-31": "26.30700", "2016-12-31": "24.49300", "2016-09-30": "24.61200", "2016-06-30": "23.98800", "2016-03-31": "24.95200", "2015-12-31": "24.71600", "2015-09-30": "24.37300", "2015-06-30": "26.03600", "2015-03-31": "23.50000", "2014-12-31": "20.15400", "2014-09-30": "19.57900", "2014-06-30": "21.54300", "2014-03-31": "23.10500", "2013-12-31": "39.64700", "2013-09-30": "24.53400", "2013-06-30": "25.73600", "2013-03-31": "18.40800", "2012-12-31": "", "2012-09-30": "22.58100", "2012-06-30": "", "2012-03-31": "", "2011-12-31": "", "2010-12-31": ""}, "Other Operating Income Or Expenses": {"2020-09-30": "-153.93000", "2020-06-30": "-138.19200", "2020-03-31": "-149.50000", "2019-12-31": "-149.73100", "2019-09-30": "-160.29400", "2019-06-30": "-151.90200", "2019-03-31": "-141.91100", "2018-12-31": "-143.41200", "2018-09-30": "-156.23400", "2018-06-30": "-146.99100", "2018-03-31": "-150.06200", "2017-12-31": "-135.20200", "2017-09-30": "-151.81100", "2017-06-30": "-156.68700", "2017-03-31": "-154.08200", "2016-12-31": "-143.34100", "2016-09-30": "-152.61400", "2016-06-30": "-149.07800", "2016-03-31": "-145.54200", "2015-12-31": "-22.64300", "2015-09-30": "-168.06300", "2015-06-30": "-146.46100", "2015-03-31": "-144.99200", "2014-12-31": "-146.03000", "2014-09-30": "-158.26200", "2014-06-30": "-147.17600", "2014-03-31": "-141.68100", "2013-12-31": "-132.21400", "2013-09-30": "-146.41500", "2013-06-30": "-135.07800", "2013-03-31": "-129.76800", "2012-12-31": "", "2012-09-30": "-136.10400", "2012-06-30": "", "2012-03-31": "", "2011-12-31": "", "2010-12-31": ""}, "Operating Expenses": {"2020-09-30": "229.40900", "2020-06-30": "212.33700", "2020-03-31": "223.95800", "2019-12-31": "227.13700", "2019-09-30": "232.33400", "2019-06-30": "223.20600", "2019-03-31": "213.71600", "2018-12-31": "214.47290", "2018-09-30": "229.61400", "2018-06-30": "223.99700", "2018-03-31": "229.03800", "2017-12-31": "210.72100", "2017-09-30": "232.94800", "2017-06-30": "239.92100", "2017-03-31": "238.06000", "2016-12-31": "224.86900", "2016-09-30": "233.18100", "2016-06-30": "228.07700", "2016-03-31": "223.80200", "2015-12-31": "99.27610", "2015-09-30": "244.70400", "2015-06-30": "223.02600", "2015-03-31": "217.67500", "2014-12-31": "213.99000", "2014-09-30": "224.96500", "2014-06-30": "215.66900", "2014-03-31": "210.11300", "2013-12-31": "215.51600", "2013-09-30": "213.61800", "2013-06-30": "201.42300", "2013-03-31": "190.13600", "2012-12-31": "", "2012-09-30": "191.86800", "2012-06-30": "", "2012-03-31": "", "2011-12-31": "", "2010-12-31": ""}, "Operating Income": {"2020-09-30": "56.47900", "2020-06-30": "18.49700", "2020-03-31": "42.34300", "2019-12-31": "57.06100", "2019-09-30": "100.36100", "2019-06-30": "100.45100", "2019-03-31": "63.95300", "2018-12-31": "75.24200", "2018-09-30": "121.46200", "2018-06-30": "112.50400", "2018-03-31": "68.72900", "2017-12-31": "91.78390", "2017-09-30": "117.91800", "2017-06-30": "98.44200", "2017-03-31": "52.93100", "2016-12-31": "70.85600", "2016-09-30": "121.34000", "2016-06-30": "104.71200", "2016-03-31": "63.75600", "2015-12-31": "197.05900", "2015-09-30": "115.81200", "2015-06-30": "117.28500", "2015-03-31": "69.91600", "2014-12-31": "68.70200", "2014-09-30": "113.58800", "2014-06-30": "106.24500", "2014-03-31": "60.20300", "2013-12-31": "53.25590", "2013-09-30": "100.03500", "2013-06-30": "92.17200", "2013-03-31": "66.66200", "2012-12-31": "250.55500", "2012-09-30": "89.50500", "2012-06-30": "256.44200", "2012-03-31": "223.09200", "2011-12-31": "", "2010-12-31": ""}, "Total Non-Operating Income/Expense": {"2020-09-30": "-32.12100", "2020-06-30": "-33.31900", "2020-03-31": "-33.38800", "2019-12-31": "-31.71600", "2019-09-30": "-36.63600", "2019-06-30": "-29.59500", "2019-03-31": "-29.42600", "2018-12-31": "-28.98500", "2018-09-30": "-30.75600", "2018-06-30": "-32.52700", "2018-03-31": "-31.83700", "2017-12-31": "-32.84100", "2017-09-30": "-31.37300", "2017-06-30": "-32.77400", "2017-03-31": "-32.38500", "2016-12-31": "-32.56800", "2016-09-30": "-48.40800", "2016-06-30": "-35.87800", "2016-03-31": "-46.10700", "2015-12-31": "-36.50400", "2015-09-30": "-36.30000", "2015-06-30": "-34.62800", "2015-03-31": "-33.08200", "2014-12-31": "-33.82600", "2014-09-30": "-34.43500", "2014-06-30": "-45.80300", "2014-03-31": "-39.06300", "2013-12-31": "-76.60800", "2013-09-30": "-53.01000", "2013-06-30": "-52.78800", "2013-03-31": "-52.05300", "2012-12-31": "", "2012-09-30": "-53.14100", "2012-06-30": "", "2012-03-31": "", "2011-12-31": "", "2010-12-31": ""}, "Pre-Tax Income": {"2020-09-30": "24.36000", "2020-06-30": "-14.82200", "2020-03-31": "8.95500", "2019-12-31": "25.33900", "2019-09-30": "63.73100", "2019-06-30": "70.85600", "2019-03-31": "34.52700", "2018-12-31": "46.25700", "2018-09-30": "90.70600", "2018-06-30": "79.97700", "2018-03-31": "36.89200", "2017-12-31": "58.94300", "2017-09-30": "86.54500", "2017-06-30": "65.66800", "2017-03-31": "20.54600", "2016-12-31": "38.28800", "2016-09-30": "72.93200", "2016-06-30": "68.83400", "2016-03-31": "17.64900", "2015-12-31": "160.54900", "2015-09-30": "79.51800", "2015-06-30": "82.65700", "2015-03-31": "36.83400", "2014-12-31": "34.87400", "2014-09-30": "79.15500", "2014-06-30": "60.44200", "2014-03-31": "21.14000", "2013-12-31": "-23.35800", "2013-09-30": "47.02500", "2013-06-30": "39.38400", "2013-03-31": "14.61500", "2012-12-31": "250.55500", "2012-09-30": "36.36400", "2012-06-30": "256.44200", "2012-03-31": "223.09200", "2011-12-31": "", "2010-12-31": ""}, "Income Taxes": {"2020-09-30": "-7.13200", "2020-06-30": "-6.05200", "2020-03-31": "1.11000", "2019-12-31": "1.49300", "2019-09-30": "10.50100", "2019-06-30": "11.19800", "2019-03-31": "6.12300", "2018-12-31": "6.85800", "2018-09-30": "15.01400", "2018-06-30": "14.40700", "2018-03-31": "5.79700", "2017-12-31": "18.79300", "2017-09-30": "20.29500", "2017-06-30": "15.94300", "2017-03-31": "4.48300", "2016-12-31": "8.14000", "2016-09-30": "15.86700", "2016-06-30": "7.44800", "2016-03-31": "2.89600", "2015-12-31": "28.41700", "2015-09-30": "21.29300", "2015-06-30": "17.85200", "2015-03-31": "8.97400", "2014-12-31": "6.87000", "2014-09-30": "18.97000", "2014-06-30": "14.15800", "2014-03-31": "5.05900", "2013-12-31": "-7.98000", "2013-09-30": "0.44700", "2013-06-30": "1.84500", "2013-03-31": "0.69800", "2012-12-31": "", "2012-09-30": "3.08700", "2012-06-30": "", "2012-03-31": "", "2011-12-31": "", "2010-12-31": ""}, "Income After Taxes": {"2020-09-30": "31.49200", "2020-06-30": "-8.77000", "2020-03-31": "7.84500", "2019-12-31": "23.84600", "2019-09-30": "53.23000", "2019-06-30": "59.65800", "2019-03-31": "28.40400", "2018-12-31": "39.39900", "2018-09-30": "75.69200", "2018-06-30": "65.57000", "2018-03-31": "31.09500", "2017-12-31": "40.15000", "2017-09-30": "66.25000", "2017-06-30": "49.72500", "2017-03-31": "16.06300", "2016-12-31": "30.14800", "2016-09-30": "57.06500", "2016-06-30": "61.38600", "2016-03-31": "14.75300", "2015-12-31": "132.13200", "2015-09-30": "58.22500", "2015-06-30": "64.80500", "2015-03-31": "27.86000", "2014-12-31": "28.00400", "2014-09-30": "60.18500", "2014-06-30": "46.28400", "2014-03-31": "16.08100", "2013-12-31": "-15.37800", "2013-09-30": "46.57800", "2013-06-30": "37.53900", "2013-03-31": "13.91700", "2012-12-31": "250.55500", "2012-09-30": "33.27700", "2012-06-30": "256.44200", "2012-03-31": "223.09200", "2011-12-31": "", "2010-12-31": ""}, "Other Income": {"2020-09-30": "", "2020-06-30": "", "2020-03-31": "", "2019-12-31": "", "2019-09-30": "", "2019-06-30": "", "2019-03-31": "", "2018-12-31": "", "2018-09-30": "", "2018-06-30": "", "2018-03-31": "", "2017-12-31": "", "2017-09-30": "", "2017-06-30": "", "2017-03-31": "", "2016-12-31": "", "2016-09-30": "", "2016-06-30": "", "2016-03-31": "", "2015-12-31": "", "2015-09-30": "", "2015-06-30": "", "2015-03-31": "", "2014-12-31": "", "2014-09-30": "", "2014-06-30": "", "2014-03-31": "", "2013-12-31": "", "2013-09-30": "", "2013-06-30": "", "2013-03-31": "", "2012-12-31": "", "2012-09-30": "", "2012-06-30": "", "2012-03-31": "", "2011-12-31": "", "2010-12-31": ""}, "Income From Continuous Operations": {"2020-09-30": "31.49200", "2020-06-30": "-8.77000", "2020-03-31": "7.84500", "2019-12-31": "23.84600", "2019-09-30": "53.23000", "2019-06-30": "59.65800", "2019-03-31": "28.40400", "2018-12-31": "39.39900", "2018-09-30": "75.69200", "2018-06-30": "65.57000", "2018-03-31": "31.09500", "2017-12-31": "40.15000", "2017-09-30": "66.25000", "2017-06-30": "49.72500", "2017-03-31": "16.06300", "2016-12-31": "30.14800", "2016-09-30": "57.06500", "2016-06-30": "61.38600", "2016-03-31": "14.75300", "2015-12-31": "132.13200", "2015-09-30": "58.22500", "2015-06-30": "64.80500", "2015-03-31": "27.86000", "2014-12-31": "28.00400", "2014-09-30": "60.18500", "2014-06-30": "46.28400", "2014-03-31": "16.08100", "2013-12-31": "-15.37800", "2013-09-30": "46.57800", "2013-06-30": "37.53900", "2013-03-31": "13.91700", "2012-12-31": "-34.67600", "2012-09-30": "33.27700", "2012-06-30": "21.05800", "2012-03-31": "1.21400", "2011-12-31": "", "2010-12-31": ""}, "Income From Discontinued Operations": {"2020-09-30": "", "2020-06-30": "", "2020-03-31": "", "2019-12-31": "", "2019-09-30": "", "2019-06-30": "", "2019-03-31": "", "2018-12-31": "", "2018-09-30": "", "2018-06-30": "", "2018-03-31": "", "2017-12-31": "", "2017-09-30": "", "2017-06-30": "", "2017-03-31": "", "2016-12-31": "", "2016-09-30": "", "2016-06-30": "", "2016-03-31": "", "2015-12-31": "", "2015-09-30": "", "2015-06-30": "", "2015-03-31": "", "2014-12-31": "", "2014-09-30": "", "2014-06-30": "", "2014-03-31": "", "2013-12-31": "", "2013-09-30": "", "2013-06-30": "", "2013-03-31": "", "2012-12-31": "0.00000", "2012-09-30": "", "2012-06-30": "0.00000", "2012-03-31": "0.00000", "2011-12-31": "", "2010-12-31": ""}, "Net Income": {"2020-09-30": "24.22000", "2020-06-30": "-12.36300", "2020-03-31": "4.55400", "2019-12-31": "-46.83400", "2019-09-30": "41.07100", "2019-06-30": "53.49700", "2019-03-31": "21.93400", "2018-12-31": "-38.94600", "2018-09-30": "71.90200", "2018-06-30": "65.05600", "2018-03-31": "14.85200", "2017-12-31": "-49.90500", "2017-09-30": "53.87600", "2017-06-30": "51.77500", "2017-03-31": "23.10100", "2016-12-31": "-54.39900", "2016-09-30": "46.55600", "2016-06-30": "60.72900", "2016-03-31": "17.04600", "2015-12-31": "-4.14700", "2015-09-30": "37.65600", "2015-06-30": "57.98300", "2015-03-31": "21.54800", "2014-12-31": "-58.30500", "2014-09-30": "43.87500", "2014-06-30": "43.23600", "2014-03-31": "10.79000", "2013-12-31": "-10.94300", "2013-09-30": "46.15600", "2013-06-30": "37.57200", "2013-03-31": "13.44600", "2012-12-31": "-34.67600", "2012-09-30": "33.13600", "2012-06-30": "21.05800", "2012-03-31": "1.21400", "2011-12-31": "", "2010-12-31": ""}, "EBITDA": {"2020-09-30": "110.81500", "2020-06-30": "71.61600", "2020-03-31": "94.91500", "2019-12-31": "108.97000", "2019-09-30": "157.75100", "2019-06-30": "151.46500", "2019-03-31": "114.72700", "2018-12-31": "125.72800", "2018-09-30": "175.42500", "2018-06-30": "167.96500", "2018-03-31": "125.33500", "2017-12-31": "150.20190", "2017-09-30": "177.22000", "2017-06-30": "158.23700", "2017-03-31": "112.59300", "2016-12-31": "129.96100", "2016-09-30": "192.45700", "2016-06-30": "162.38400", "2016-03-31": "128.15100", "2015-12-31": "252.01500", "2015-09-30": "170.71700", "2015-06-30": "172.09300", "2015-03-31": "121.61600", "2014-12-31": "119.77900", "2014-09-30": "164.46300", "2014-06-30": "162.29000", "2014-03-31": "108.87400", "2013-12-31": "111.78190", "2013-09-30": "145.59200", "2013-06-30": "135.86100", "2013-03-31": "110.99800", "2012-12-31": "324.66500", "2012-09-30": "89.50500", "2012-06-30": "256.44200", "2012-03-31": "223.09200", "2011-12-31": "", "2010-12-31": ""}, "EBIT": {"2020-09-30": "56.47900", "2020-06-30": "18.49700", "2020-03-31": "42.34300", "2019-12-31": "57.06100", "2019-09-30": "100.36100", "2019-06-30": "100.45100", "2019-03-31": "63.95300", "2018-12-31": "75.24200", "2018-09-30": "121.46200", "2018-06-30": "112.50400", "2018-03-31": "68.72900", "2017-12-31": "91.78390", "2017-09-30": "117.91800", "2017-06-30": "98.44200", "2017-03-31": "52.93100", "2016-12-31": "70.85600", "2016-09-30": "121.34000", "2016-06-30": "104.71200", "2016-03-31": "63.75600", "2015-12-31": "197.05900", "2015-09-30": "115.81200", "2015-06-30": "117.28500", "2015-03-31": "69.91600", "2014-12-31": "68.70200", "2014-09-30": "113.58800", "2014-06-30": "106.24500", "2014-03-31": "60.20300", "2013-12-31": "53.25600", "2013-09-30": "100.03500", "2013-06-30": "92.17200", "2013-03-31": "66.66200", "2012-12-31": "250.55500", "2012-09-30": "89.50500", "2012-06-30": "256.44200", "2012-03-31": "223.09200", "2011-12-31": "", "2010-12-31": ""}, "Basic Shares Outstanding": {"2020-09-30": "177.62900", "2020-06-30": "177.55100", "2020-03-31": "177.99000", "2019-12-31": "186.54600", "2019-09-30": "186.84400", "2019-06-30": "188.45000", "2019-03-31": "188.34800", "2018-12-31": "189.38900", "2018-09-30": "188.82200", "2018-06-30": "189.62600", "2018-03-31": "192.20100", "2017-12-31": "193.10100", "2017-09-30": "192.35700", "2017-06-30": "193.40900", "2017-03-31": "195.09700", "2016-12-31": "200.57200", "2016-09-30": "200.55600", "2016-06-30": "201.60000", "2016-03-31": "204.31000", "2015-12-31": "204.21100", "2015-09-30": "204.28100", "2015-06-30": "204.22700", "2015-03-31": "204.00700", "2014-12-31": "203.54800", "2014-09-30": "203.59300", "2014-06-30": "203.45800", "2014-03-31": "203.29900", "2013-12-31": "174.89400", "2013-09-30": "170.43300", "2013-06-30": "170.44400", "2013-03-31": "170.32900", "2012-12-31": "173.38000", "2012-09-30": "169.72000", "2012-06-30": "175.48300", "2012-03-31": "121.40000", "2011-12-31": "", "2010-12-31": ""}, "Shares Outstanding": {"2020-09-30": "178.19800", "2020-06-30": "177.55100", "2020-03-31": "178.17100", "2019-12-31": "186.82200", "2019-09-30": "187.01500", "2019-06-30": "188.81300", "2019-03-31": "188.57600", "2018-12-31": "189.82100", "2018-09-30": "189.25300", "2018-06-30": "190.18300", "2018-03-31": "192.56600", "2017-12-31": "193.67000", "2017-09-30": "193.33100", "2017-06-30": "193.94400", "2017-03-31": "195.38600", "2016-12-31": "200.73600", "2016-09-30": "200.69600", "2016-06-30": "201.68900", "2016-03-31": "204.37000", "2015-12-31": "204.56700", "2015-09-30": "204.68500", "2015-06-30": "204.55300", "2015-03-31": "204.37900", "2014-12-31": "204.50800", "2014-09-30": "204.54000", "2014-06-30": "204.36200", "2014-03-31": "204.37500", "2013-12-31": "176.26800", "2013-09-30": "171.82500", "2013-06-30": "171.94900", "2013-03-31": "172.03000", "2012-12-31": "173.38000", "2012-09-30": "171.70800", "2012-06-30": "175.48300", "2012-03-31": "121.40000", "2011-12-31": "", "2010-12-31": ""}, "Basic EPS": {"2020-09-30": "0.14000", "2020-06-30": "-0.07000", "2020-03-31": "0.03000", "2019-12-31": "-0.25000", "2019-09-30": "0.22000", "2019-06-30": "0.28000", "2019-03-31": "0.12000", "2018-12-31": "-0.20000", "2018-09-30": "0.38000", "2018-06-30": "0.34000", "2018-03-31": "0.08000", "2017-12-31": "-0.26000", "2017-09-30": "0.28000", "2017-06-30": "0.27000", "2017-03-31": "0.12000", "2016-12-31": "-0.26000", "2016-09-30": "0.23000", "2016-06-30": "0.30000", "2016-03-31": "0.08000", "2015-12-31": "-0.02000", "2015-09-30": "0.18000", "2015-06-30": "0.28000", "2015-03-31": "0.11000", "2014-12-31": "-0.29000", "2014-09-30": "0.22000", "2014-06-30": "0.21000", "2014-03-31": "0.05000", "2013-12-31": "-0.08000", "2013-09-30": "0.27000", "2013-06-30": "0.22000", "2013-03-31": "0.08000", "2012-12-31": "-0.20000", "2012-09-30": "0.20000", "2012-06-30": "0.12000", "2012-03-31": "0.01000", "2011-12-31": "", "2010-12-31": ""}, "EPS - Earnings Per Share": {"2020-09-30": "0.14000", "2020-06-30": "-0.07000", "2020-03-31": "0.03000", "2019-12-31": "-0.25000", "2019-09-30": "0.22000", "2019-06-30": "0.28000", "2019-03-31": "0.12000", "2018-12-31": "-0.21000", "2018-09-30": "0.38000", "2018-06-30": "0.34000", "2018-03-31": "0.08000", "2017-12-31": "-0.26000", "2017-09-30": "0.28000", "2017-06-30": "0.27000", "2017-03-31": "0.12000", "2016-12-31": "-0.26000", "2016-09-30": "0.23000", "2016-06-30": "0.30000", "2016-03-31": "0.08000", "2015-12-31": "-0.02000", "2015-09-30": "0.18000", "2015-06-30": "0.28000", "2015-03-31": "0.11000", "2014-12-31": "-0.28000", "2014-09-30": "0.21000", "2014-06-30": "0.21000", "2014-03-31": "0.05000", "2013-12-31": "-0.08000", "2013-09-30": "0.27000", "2013-06-30": "0.22000", "2013-03-31": "0.08000", "2012-12-31": "-0.20000", "2012-09-30": "0.19000", "2012-06-30": "0.12000", "2012-03-31": "0.01000", "2011-12-31": "0.00000", "2010-12-31": "0.00000"}}, "balance sheet": {"Cash On Hand": {"2019-12-31": "361.67000", "2018-12-31": "303.33600", "2017-12-31": "150.97400", "2016-12-31": "105.77200", "2015-12-31": "457.65500", "2014-12-31": "194.70600", "2013-12-31": "107.79600", "2012-12-31": "165.19500", "2011-12-31": "335.32700", "2010-12-31": ""}, "Receivables": {"2019-12-31": "14.02000", "2018-12-31": "19.76900", "2017-12-31": "21.57800", "2016-12-31": "20.83700", "2015-12-31": "18.16400", "2014-12-31": "26.55200", "2013-12-31": "21.56600", "2012-12-31": "18.54900", "2011-12-31": "14.94500", "2010-12-31": ""}, "Inventory": {"2019-12-31": "", "2018-12-31": "", "2017-12-31": "", "2016-12-31": "", "2015-12-31": "", "2014-12-31": "", "2013-12-31": "", "2012-12-31": "", "2011-12-31": "", "2010-12-31": ""}, "Pre-Paid Expenses": {"2019-12-31": "", "2018-12-31": "", "2017-12-31": "", "2016-12-31": "", "2015-12-31": "", "2014-12-31": "", "2013-12-31": "", "2012-12-31": "", "2011-12-31": "", "2010-12-31": ""}, "Other Current Assets": {"2019-12-31": "", "2018-12-31": "", "2017-12-31": "", "2016-12-31": "", "2015-12-31": "", "2014-12-31": "", "2013-12-31": "", "2012-12-31": "", "2011-12-31": "", "2010-12-31": ""}, "Total Current Assets": {"2019-12-31": "375.69000", "2018-12-31": "323.10500", "2017-12-31": "172.55200", "2016-12-31": "126.60900", "2015-12-31": "475.81900", "2014-12-31": "221.25800", "2013-12-31": "129.36200", "2012-12-31": "183.74400", "2011-12-31": "350.27200", "2010-12-31": ""}, "Property, Plant, And Equipment": {"2019-12-31": "3493.54900", "2018-12-31": "3453.63200", "2017-12-31": "3753.13400", "2016-12-31": "3905.30400", "2015-12-31": "3921.34100", "2014-12-31": "4087.44800", "2013-12-31": "4127.31700", "2012-12-31": "4110.62200", "2011-12-31": "3844.13200", "2010-12-31": ""}, "Long-Term Investments": {"2019-12-31": "", "2018-12-31": "", "2017-12-31": "", "2016-12-31": "", "2015-12-31": "", "2014-12-31": "", "2013-12-31": "", "2012-12-31": "", "2011-12-31": "", "2010-12-31": ""}, "Goodwill And Intangible Assets": {"2019-12-31": "79.37500", "2018-12-31": "73.90600", "2017-12-31": "75.90900", "2016-12-31": "81.91400", "2015-12-31": "83.25400", "2014-12-31": "87.28900", "2013-12-31": "88.66300", "2012-12-31": "90.03700", "2011-12-31": "91.41100", "2010-12-31": "0.00000"}, "Other Long-Term Assets": {"2019-12-31": "65.82500", "2018-12-31": "66.25800", "2017-12-31": "66.28500", "2016-12-31": "50.10100", "2015-12-31": "48.48600", "2014-12-31": "53.14700", "2013-12-31": "53.09400", "2012-12-31": "41.73900", "2011-12-31": "27.15100", "2010-12-31": ""}, "Total Long-Term Assets": {"2019-12-31": "3654.90600", "2018-12-31": "3601.10500", "2017-12-31": "3903.45300", "2016-12-31": "4053.69500", "2015-12-31": "4053.08100", "2014-12-31": "4227.88400", "2013-12-31": "4320.32500", "2012-12-31": "4307.99000", "2011-12-31": "4007.03200", "2010-12-31": ""}, "Total Assets": {"2019-12-31": "4030.59600", "2018-12-31": "3924.21000", "2017-12-31": "4076.00500", "2016-12-31": "4180.30400", "2015-12-31": "4528.90000", "2014-12-31": "4449.14200", "2013-12-31": "4449.68700", "2012-12-31": "4491.73400", "2011-12-31": "4357.30400", "2010-12-31": "0.00000"}, "Total Current Liabilities": {"2019-12-31": "829.51900", "2018-12-31": "1329.28700", "2017-12-31": "1453.36900", "2016-12-31": "1468.05900", "2015-12-31": "605.49200", "2014-12-31": "541.08100", "2013-12-31": "540.12200", "2012-12-31": "1204.36200", "2011-12-31": "819.25300", "2010-12-31": ""}, "Long Term Debt": {"2019-12-31": "2017.67700", "2018-12-31": "1277.15400", "2017-12-31": "1269.65600", "2016-12-31": "1310.51800", "2015-12-31": "2400.86500", "2014-12-31": "2490.75000", "2013-12-31": "2539.84300", "2012-12-31": "2525.70800", "2011-12-31": "1980.21900", "2010-12-31": ""}, "Other Non-Current Liabilities": {"2019-12-31": "", "2018-12-31": "", "2017-12-31": "", "2016-12-31": "", "2015-12-31": "", "2014-12-31": "", "2013-12-31": "", "2012-12-31": "", "2011-12-31": "", "2010-12-31": ""}, "Total Long Term Liabilities": {"2019-12-31": "2024.80700", "2018-12-31": "1284.28400", "2017-12-31": "1276.78900", "2016-12-31": "1335.00600", "2015-12-31": "2435.05100", "2014-12-31": "2518.74400", "2013-12-31": "2568.35700", "2012-12-31": "2534.55700", "2011-12-31": "1986.68100", "2010-12-31": ""}, "Total Liabilities": {"2019-12-31": "2854.32600", "2018-12-31": "2613.57100", "2017-12-31": "2730.15800", "2016-12-31": "2803.06500", "2015-12-31": "3040.54300", "2014-12-31": "3059.82500", "2013-12-31": "3108.47900", "2012-12-31": "3738.91900", "2011-12-31": "2805.93400", "2010-12-31": "0.00000"}, "Common Stock Net": {"2019-12-31": "1.79500", "2018-12-31": "1.88200", "2017-12-31": "1.92100", "2016-12-31": "1.95700", "2015-12-31": "2.04900", "2014-12-31": "2.04800", "2013-12-31": "2.04800", "2012-12-31": "744.52400", "2011-12-31": "1552.42900", "2010-12-31": "0.00000"}, "Retained Earnings (Accumulated Deficit)": {"2019-12-31": "-48.28300", "2018-12-31": "32.43200", "2017-12-31": "6.91700", "2016-12-31": "23.67900", "2015-12-31": "102.18400", "2014-12-31": "13.83300", "2013-12-31": "-25.76300", "2012-12-31": "5.01000", "2011-12-31": "-3.02600", "2010-12-31": ""}, "Comprehensive Income": {"2019-12-31": "0.38300", "2018-12-31": "2.48800", "2017-12-31": "3.06600", "2016-12-31": "-5.61500", "2015-12-31": "-8.75400", "2014-12-31": "-5.81000", "2013-12-31": "-4.06800", "2012-12-31": "", "2011-12-31": "", "2010-12-31": ""}, "Other Share Holders Equity": {"2019-12-31": "", "2018-12-31": "", "2017-12-31": "", "2016-12-31": "", "2015-12-31": "", "2014-12-31": "", "2013-12-31": "", "2012-12-31": "0.12400", "2011-12-31": "0.04200", "2010-12-31": "0.00000"}, "Share Holder Equity": {"2019-12-31": "1176.27000", "2018-12-31": "1310.63900", "2017-12-31": "1345.84700", "2016-12-31": "1377.23900", "2015-12-31": "1488.35700", "2014-12-31": "1389.31700", "2013-12-31": "1341.20800", "2012-12-31": "752.81500", "2011-12-31": "1551.37000", "2010-12-31": "0.00000"}, "Total Liabilities And Share Holders Equity": {"2019-12-31": "4030.59600", "2018-12-31": "3924.21000", "2017-12-31": "4076.00500", "2016-12-31": "4180.30400", "2015-12-31": "4528.90000", "2014-12-31": "4449.14200", "2013-12-31": "4449.68700", "2012-12-31": "4491.73400", "2011-12-31": "4357.30400", "2010-12-31": "0.00000"}}, "balance sheet, quarterly": {"Cash On Hand": {"2020-09-30": "396.38000", "2020-06-30": "682.44600", "2020-03-31": "725.00900", "2019-12-31": "361.67000", "2019-09-30": "503.33900", "2019-06-30": "302.64000", "2019-03-31": "303.93600", "2018-12-31": "303.33600", "2018-09-30": "386.64100", "2018-06-30": "227.43800", "2018-03-31": "249.02100", "2017-12-31": "150.97400", "2017-09-30": "138.03000", "2017-06-30": "77.55700", "2017-03-31": "86.10100", "2016-12-31": "105.77200", "2016-09-30": "171.41100", "2016-06-30": "327.18400", "2016-03-31": "358.79500", "2015-12-31": "457.65500", "2015-09-30": "300.64700", "2015-06-30": "259.97100", "2015-03-31": "248.75200", "2014-12-31": "194.70600", "2014-09-30": "181.53600", "2014-06-30": "176.63200", "2014-03-31": "155.73300", "2013-12-31": "107.79600", "2013-09-30": "311.19700", "2013-06-30": "", "2013-03-31": "", "2012-12-31": "165.19500", "2012-09-30": "", "2012-06-30": "", "2012-03-31": "", "2011-12-31": "335.32000", "2010-12-31": ""}, "Receivables": {"2020-09-30": "14.55000", "2020-06-30": "13.39600", "2020-03-31": "15.42700", "2019-12-31": "14.02000", "2019-09-30": "21.92900", "2019-06-30": "23.23300", "2019-03-31": "21.35500", "2018-12-31": "19.76900", "2018-09-30": "24.17600", "2018-06-30": "23.71200", "2018-03-31": "21.56100", "2017-12-31": "21.57800", "2017-09-30": "27.41800", "2017-06-30": "24.70900", "2017-03-31": "20.37600", "2016-12-31": "20.83700", "2016-09-30": "27.32600", "2016-06-30": "25.42500", "2016-03-31": "19.53200", "2015-12-31": "18.16400", "2015-09-30": "26.28900", "2015-06-30": "36.58400", "2015-03-31": "28.77100", "2014-12-31": "26.55200", "2014-09-30": "34.26500", "2014-06-30": "32.50300", "2014-03-31": "25.87200", "2013-12-31": "21.56600", "2013-09-30": "29.45100", "2013-06-30": "", "2013-03-31": "", "2012-12-31": "18.54900", "2012-09-30": "", "2012-06-30": "", "2012-03-31": "", "2011-12-31": "14.94000", "2010-12-31": ""}, "Inventory": {"2020-09-30": "", "2020-06-30": "", "2020-03-31": "", "2019-12-31": "", "2019-09-30": "", "2019-06-30": "", "2019-03-31": "", "2018-12-31": "", "2018-09-30": "", "2018-06-30": "", "2018-03-31": "", "2017-12-31": "", "2017-09-30": "", "2017-06-30": "", "2017-03-31": "", "2016-12-31": "", "2016-09-30": "", "2016-06-30": "", "2016-03-31": "", "2015-12-31": "", "2015-09-30": "", "2015-06-30": "", "2015-03-31": "", "2014-12-31": "", "2014-09-30": "", "2014-06-30": "", "2014-03-31": "", "2013-12-31": "", "2013-09-30": "", "2013-06-30": "", "2013-03-31": "", "2012-12-31": "", "2012-09-30": "", "2012-06-30": "", "2012-03-31": "", "2011-12-31": "", "2010-12-31": ""}, "Pre-Paid Expenses": {"2020-09-30": "", "2020-06-30": "", "2020-03-31": "", "2019-12-31": "", "2019-09-30": "", "2019-06-30": "", "2019-03-31": "", "2018-12-31": "", "2018-09-30": "", "2018-06-30": "", "2018-03-31": "", "2017-12-31": "", "2017-09-30": "", "2017-06-30": "", "2017-03-31": "", "2016-12-31": "", "2016-09-30": "", "2016-06-30": "", "2016-03-31": "", "2015-12-31": "", "2015-09-30": "", "2015-06-30": "", "2015-03-31": "", "2014-12-31": "", "2014-09-30": "", "2014-06-30": "", "2014-03-31": "", "2013-12-31": "", "2013-09-30": "", "2013-06-30": "", "2013-03-31": "", "2012-12-31": "", "2012-09-30": "", "2012-06-30": "", "2012-03-31": "", "2011-12-31": "", "2010-12-31": ""}, "Other Current Assets": {"2020-09-30": "", "2020-06-30": "", "2020-03-31": "", "2019-12-31": "", "2019-09-30": "", "2019-06-30": "", "2019-03-31": "", "2018-12-31": "", "2018-09-30": "", "2018-06-30": "", "2018-03-31": "", "2017-12-31": "", "2017-09-30": "", "2017-06-30": "", "2017-03-31": "", "2016-12-31": "", "2016-09-30": "", "2016-06-30": "", "2016-03-31": "", "2015-12-31": "", "2015-09-30": "", "2015-06-30": "", "2015-03-31": "", "2014-12-31": "", "2014-09-30": "", "2014-06-30": "", "2014-03-31": "", "2013-12-31": "", "2013-09-30": "", "2013-06-30": "", "2013-03-31": "", "2012-12-31": "", "2012-09-30": "", "2012-06-30": "", "2012-03-31": "", "2011-12-31": "", "2010-12-31": ""}, "Total Current Assets": {"2020-09-30": "410.93000", "2020-06-30": "695.84200", "2020-03-31": "740.43600", "2019-12-31": "375.69000", "2019-09-30": "525.26800", "2019-06-30": "325.87300", "2019-03-31": "325.29100", "2018-12-31": "323.10500", "2018-09-30": "410.81700", "2018-06-30": "251.15000", "2018-03-31": "270.58200", "2017-12-31": "172.55200", "2017-09-30": "165.44800", "2017-06-30": "102.26600", "2017-03-31": "106.47700", "2016-12-31": "126.60900", "2016-09-30": "198.73700", "2016-06-30": "352.60900", "2016-03-31": "378.32700", "2015-12-31": "475.81900", "2015-09-30": "326.93600", "2015-06-30": "296.55500", "2015-03-31": "277.52300", "2014-12-31": "221.25800", "2014-09-30": "215.80100", "2014-06-30": "209.13500", "2014-03-31": "181.60500", "2013-12-31": "129.36200", "2013-09-30": "340.64800", "2013-06-30": "", "2013-03-31": "", "2012-12-31": "183.74400", "2012-09-30": "", "2012-06-30": "", "2012-03-31": "", "2011-12-31": "350.27000", "2010-12-31": ""}, "Property, Plant, And Equipment": {"2020-09-30": "3473.81600", "2020-06-30": "3487.34000", "2020-03-31": "3492.82100", "2019-12-31": "3493.54900", "2019-09-30": "3467.62700", "2019-06-30": "3458.23800", "2019-03-31": "3455.38600", "2018-12-31": "3453.63200", "2018-09-30": "3468.79200", "2018-06-30": "3577.45800", "2018-03-31": "3568.98400", "2017-12-31": "3753.13400", "2017-09-30": "3790.36500", "2017-06-30": "3809.54700", "2017-03-31": "3837.18900", "2016-12-31": "3905.30400", "2016-09-30": "3913.46500", "2016-06-30": "3913.76200", "2016-03-31": "3916.48700", "2015-12-31": "3921.34100", "2015-09-30": "3912.15100", "2015-06-30": "4058.69000", "2015-03-31": "4061.06800", "2014-12-31": "4087.44800", "2014-09-30": "4094.16600", "2014-06-30": "4107.88800", "2014-03-31": "4134.32300", "2013-12-31": "4127.31700", "2013-09-30": "4092.40000", "2013-06-30": "", "2013-03-31": "", "2012-12-31": "4110.62200", "2012-09-30": "", "2012-06-30": "", "2012-03-31": "", "2011-12-31": "3996.33000", "2010-12-31": ""}, "Long-Term Investments": {"2020-09-30": "", "2020-06-30": "", "2020-03-31": "", "2019-12-31": "", "2019-09-30": "", "2019-06-30": "", "2019-03-31": "", "2018-12-31": "", "2018-09-30": "", "2018-06-30": "", "2018-03-31": "", "2017-12-31": "", "2017-09-30": "", "2017-06-30": "", "2017-03-31": "", "2016-12-31": "", "2016-09-30": "", "2016-06-30": "", "2016-03-31": "", "2015-12-31": "", "2015-09-30": "", "2015-06-30": "", "2015-03-31": "", "2014-12-31": "", "2014-09-30": "", "2014-06-30": "", "2014-03-31": "", "2013-12-31": "", "2013-09-30": "", "2013-06-30": "", "2013-03-31": "", "2012-12-31": "", "2012-09-30": "", "2012-06-30": "", "2012-03-31": "", "2011-12-31": "", "2010-12-31": ""}, "Goodwill And Intangible Assets": {"2020-09-30": "77.60400", "2020-06-30": "78.21000", "2020-03-31": "78.74300", "2019-12-31": "79.37500", "2019-09-30": "78.22700", "2019-06-30": "77.18600", "2019-03-31": "73.83200", "2018-12-31": "73.90600", "2018-09-30": "72.83400", "2018-06-30": "76.54800", "2018-03-31": "76.72700", "2017-12-31": "75.90900", "2017-09-30": "76.28800", "2017-06-30": "76.62300", "2017-03-31": "77.05900", "2016-12-31": "81.91400", "2016-09-30": "82.24900", "2016-06-30": "82.58400", "2016-03-31": "82.91900", "2015-12-31": "83.25400", "2015-09-30": "83.59000", "2015-06-30": "86.60200", "2015-03-31": "86.94600", "2014-12-31": "87.28900", "2014-09-30": "87.63300", "2014-06-30": "87.97600", "2014-03-31": "88.32000", "2013-12-31": "88.66300", "2013-09-30": "89.00700", "2013-06-30": "0.00000", "2013-03-31": "0.00000", "2012-12-31": "90.03700", "2012-09-30": "0.00000", "2012-06-30": "", "2012-03-31": "", "2011-12-31": "91.41000", "2010-12-31": "0.00000"}, "Other Long-Term Assets": {"2020-09-30": "83.84800", "2020-06-30": "66.47000", "2020-03-31": "61.42000", "2019-12-31": "65.82500", "2019-09-30": "71.90900", "2019-06-30": "67.98200", "2019-03-31": "60.76900", "2018-12-31": "66.25800", "2018-09-30": "66.47100", "2018-06-30": "64.60400", "2018-03-31": "61.48500", "2017-12-31": "66.28500", "2017-09-30": "67.14000", "2017-06-30": "71.95900", "2017-03-31": "94.19700", "2016-12-31": "50.10100", "2016-09-30": "46.10500", "2016-06-30": "45.21300", "2016-03-31": "49.16700", "2015-12-31": "48.48600", "2015-09-30": "195.64600", "2015-06-30": "50.36500", "2015-03-31": "46.00300", "2014-12-31": "53.14700", "2014-09-30": "70.50800", "2014-06-30": "56.45800", "2014-03-31": "64.79400", "2013-12-31": "53.09400", "2013-09-30": "33.37500", "2013-06-30": "", "2013-03-31": "", "2012-12-31": "41.73900", "2012-09-30": "", "2012-06-30": "", "2012-03-31": "", "2011-12-31": "27.15000", "2010-12-31": ""}, "Total Long-Term Assets": {"2020-09-30": "3659.00300", "2020-06-30": "3652.39700", "2020-03-31": "3652.56900", "2019-12-31": "3654.90600", "2019-09-30": "3630.10900", "2019-06-30": "3613.69200", "2019-03-31": "3597.59500", "2018-12-31": "3601.10500", "2018-09-30": "3621.75500", "2018-06-30": "3733.43600", "2018-03-31": "3720.63200", "2017-12-31": "3903.45300", "2017-09-30": "3945.70600", "2017-06-30": "3968.88500", "2017-03-31": "4020.25300", "2016-12-31": "4053.69500", "2016-09-30": "4058.19900", "2016-06-30": "4053.97700", "2016-03-31": "4054.45700", "2015-12-31": "4053.08100", "2015-09-30": "4234.84400", "2015-06-30": "4242.14600", "2015-03-31": "4233.24900", "2014-12-31": "4227.88400", "2014-09-30": "4292.59000", "2014-06-30": "4296.28000", "2014-03-31": "4335.31000", "2013-12-31": "4320.32500", "2013-09-30": "4271.52500", "2013-06-30": "", "2013-03-31": "", "2012-12-31": "4307.99000", "2012-09-30": "", "2012-06-30": "", "2012-03-31": "", "2011-12-31": "4159.22000", "2010-12-31": ""}, "Total Assets": {"2020-09-30": "4069.93300", "2020-06-30": "4348.23900", "2020-03-31": "4393.00500", "2019-12-31": "4030.59600", "2019-09-30": "4155.37700", "2019-06-30": "3939.56500", "2019-03-31": "3922.88600", "2018-12-31": "3924.21000", "2018-09-30": "4032.57200", "2018-06-30": "3984.58600", "2018-03-31": "3991.21400", "2017-12-31": "4076.00500", "2017-09-30": "4111.15400", "2017-06-30": "4071.15100", "2017-03-31": "4126.73000", "2016-12-31": "4180.30400", "2016-09-30": "4256.93600", "2016-06-30": "4406.58600", "2016-03-31": "4432.78400", "2015-12-31": "4528.90000", "2015-09-30": "4561.78000", "2015-06-30": "4538.70000", "2015-03-31": "4510.77200", "2014-12-31": "4449.14200", "2014-09-30": "4508.39100", "2014-06-30": "4505.41500", "2014-03-31": "4516.91500", "2013-12-31": "4449.68700", "2013-09-30": "4612.17300", "2013-06-30": "0.00000", "2013-03-31": "0.00000", "2012-12-31": "4491.73400", "2012-09-30": "0.00000", "2012-06-30": "0.00000", "2012-03-31": "0.00000", "2011-12-31": "4357.30000", "2010-12-31": "0.00000"}, "Total Current Liabilities": {"2020-09-30": "862.89900", "2020-06-30": "824.38900", "2020-03-31": "855.75200", "2019-12-31": "829.51900", "2019-09-30": "865.52200", "2019-06-30": "1340.10900", "2019-03-31": "1340.80800", "2018-12-31": "1329.28700", "2018-09-30": "1434.18100", "2018-06-30": "1411.12700", "2018-03-31": "1411.71800", "2017-12-31": "1453.36900", "2017-09-30": "1486.98500", "2017-06-30": "1471.40100", "2017-03-31": "1468.42600", "2016-12-31": "1468.05900", "2016-09-30": "1497.54900", "2016-06-30": "200.59700", "2016-03-31": "222.29000", "2015-12-31": "605.49200", "2015-09-30": "577.94800", "2015-06-30": "577.27300", "2015-03-31": "554.28800", "2014-12-31": "541.08100", "2014-09-30": "558.71200", "2014-06-30": "564.83900", "2014-03-31": "565.70300", "2013-12-31": "540.12200", "2013-09-30": "164.27400", "2013-06-30": "", "2013-03-31": "", "2012-12-31": "1204.36200", "2012-09-30": "", "2012-06-30": "", "2012-03-31": "", "2011-12-31": "819.25000", "2010-12-31": ""}, "Long Term Debt": {"2020-09-30": "2072.18500", "2020-06-30": "2420.77400", "2020-03-31": "2419.23900", "2019-12-31": "2017.67700", "2019-09-30": "2016.25400", "2019-06-30": "1279.30300", "2019-03-31": "1278.29700", "2018-12-31": "1277.15400", "2018-09-30": "1272.75900", "2018-06-30": "1271.72500", "2018-03-31": "1270.69100", "2017-12-31": "1269.65600", "2017-09-30": "1268.62100", "2017-06-30": "1267.58800", "2017-03-31": "1301.55300", "2016-12-31": "1310.51800", "2016-09-30": "1289.48400", "2016-06-30": "2747.61000", "2016-03-31": "2745.56900", "2015-12-31": "2400.86500", "2015-09-30": "2431.15700", "2015-06-30": "2517.27200", "2015-03-31": "2543.04900", "2014-12-31": "2490.75000", "2014-09-30": "2518.04900", "2014-06-30": "2547.84300", "2014-03-31": "2579.84300", "2013-12-31": "2539.84300", "2013-09-30": "3605.52100", "2013-06-30": "", "2013-03-31": "", "2012-12-31": "2525.70800", "2012-09-30": "", "2012-06-30": "", "2012-03-31": "", "2011-12-31": "1980.21000", "2010-12-31": ""}, "Other Non-Current Liabilities": {"2020-09-30": "", "2020-06-30": "", "2020-03-31": "", "2019-12-31": "", "2019-09-30": "", "2019-06-30": "", "2019-03-31": "", "2018-12-31": "", "2018-09-30": "", "2018-06-30": "", "2018-03-31": "", "2017-12-31": "", "2017-09-30": "", "2017-06-30": "", "2017-03-31": "0.23100", "2016-12-31": "", "2016-09-30": "", "2016-06-30": "", "2016-03-31": "", "2015-12-31": "", "2015-09-30": "89.17500", "2015-06-30": "", "2015-03-31": "", "2014-12-31": "", "2014-09-30": "", "2014-06-30": "", "2014-03-31": "", "2013-12-31": "", "2013-09-30": "", "2013-06-30": "", "2013-03-31": "", "2012-12-31": "", "2012-09-30": "", "2012-06-30": "", "2012-03-31": "", "2011-12-31": "", "2010-12-31": ""}, "Total Long Term Liabilities": {"2020-09-30": "2072.89300", "2020-06-30": "2421.48200", "2020-03-31": "2426.36900", "2019-12-31": "2024.80700", "2019-09-30": "2023.38400", "2019-06-30": "1286.43300", "2019-03-31": "1285.42700", "2018-12-31": "1284.28400", "2018-09-30": "1279.89200", "2018-06-30": "1278.85800", "2018-03-31": "1277.82400", "2017-12-31": "1276.78900", "2017-09-30": "1275.75400", "2017-06-30": "1274.72100", "2017-03-31": "1326.27200", "2016-12-31": "1335.00600", "2016-09-30": "1311.69400", "2016-06-30": "2769.28100", "2016-03-31": "2767.24000", "2015-12-31": "2435.05100", "2015-09-30": "2543.14100", "2015-06-30": "2542.82800", "2015-03-31": "2571.60500", "2014-12-31": "2518.74400", "2014-09-30": "2557.27600", "2014-06-30": "2577.42100", "2014-03-31": "2608.04500", "2013-12-31": "2568.35700", "2013-09-30": "3614.29300", "2013-06-30": "", "2013-03-31": "", "2012-12-31": "2534.55700", "2012-09-30": "", "2012-06-30": "", "2012-03-31": "", "2011-12-31": "1986.67000", "2010-12-31": ""}, "Total Liabilities": {"2020-09-30": "2935.79200", "2020-06-30": "3245.87100", "2020-03-31": "3282.12100", "2019-12-31": "2854.32600", "2019-09-30": "2888.90600", "2019-06-30": "2626.54200", "2019-03-31": "2626.23500", "2018-12-31": "2613.57100", "2018-09-30": "2714.07300", "2018-06-30": "2689.98500", "2018-03-31": "2689.54200", "2017-12-31": "2730.15800", "2017-09-30": "2762.73900", "2017-06-30": "2746.12200", "2017-03-31": "2794.69800", "2016-12-31": "2803.06500", "2016-09-30": "2809.24300", "2016-06-30": "2969.87800", "2016-03-31": "2989.53000", "2015-12-31": "3040.54300", "2015-09-30": "3121.08900", "2015-06-30": "3120.10100", "2015-03-31": "3125.89300", "2014-12-31": "3059.82500", "2014-09-30": "3115.98800", "2014-06-30": "3142.26000", "2014-03-31": "3173.74800", "2013-12-31": "3108.47900", "2013-09-30": "3778.56700", "2013-06-30": "0.00000", "2013-03-31": "0.00000", "2012-12-31": "3738.91900", "2012-09-30": "0.00000", "2012-06-30": "", "2012-03-31": "", "2011-12-31": "2805.93000", "2010-12-31": "0.00000"}, "Common Stock Net": {"2020-09-30": "1.77600", "2020-06-30": "1.77500", "2020-03-31": "1.77500", "2019-12-31": "1.79500", "2019-09-30": "1.84500", "2019-06-30": "1.88400", "2019-03-31": "1.88400", "2018-12-31": "1.88200", "2018-09-30": "1.88500", "2018-06-30": "1.89000", "2018-03-31": "1.90600", "2017-12-31": "1.92100", "2017-09-30": "1.92300", "2017-06-30": "1.92500", "2017-03-31": "1.94300", "2016-12-31": "1.95700", "2016-09-30": "2.00500", "2016-06-30": "2.01100", "2016-03-31": "2.03200", "2015-12-31": "2.04900", "2015-09-30": "2.04900", "2015-06-30": "2.04900", "2015-03-31": "2.04900", "2014-12-31": "2.04800", "2014-09-30": "2.04800", "2014-06-30": "2.04800", "2014-03-31": "2.04800", "2013-12-31": "2.04800", "2013-09-30": "747.91200", "2013-06-30": "0.00000", "2013-03-31": "0.00000", "2012-12-31": "744.52400", "2012-09-30": "0.00000", "2012-06-30": "", "2012-03-31": "", "2011-12-31": "1552.42000", "2010-12-31": "0.00000"}, "Retained Earnings (Accumulated Deficit)": {"2020-09-30": "-51.52000", "2020-06-30": "-75.74900", "2020-03-31": "-63.39400", "2019-12-31": "-48.28300", "2019-09-30": "66.95800", "2019-06-30": "77.55100", "2019-03-31": "41.11600", "2018-12-31": "32.43200", "2018-09-30": "90.13500", "2018-06-30": "33.25300", "2018-03-31": "-6.24200", "2017-12-31": "6.91700", "2017-09-30": "80.03800", "2017-06-30": "42.76000", "2017-03-31": "24.27400", "2016-12-31": "23.67900", "2016-09-30": "153.48300", "2016-06-30": "130.83000", "2016-03-31": "97.77700", "2015-12-31": "102.18400", "2015-09-30": "122.80400", "2015-06-30": "89.26300", "2015-03-31": "35.38100", "2014-12-31": "13.83300", "2014-09-30": "72.13800", "2014-06-30": "28.26300", "2014-03-31": "-14.97300", "2013-12-31": "-25.76300", "2013-09-30": "83.77600", "2013-06-30": "", "2013-03-31": "", "2012-12-31": "5.01000", "2012-09-30": "", "2012-06-30": "", "2012-03-31": "", "2011-12-31": "-3.02000", "2010-12-31": ""}, "Comprehensive Income": {"2020-09-30": "-0.31900", "2020-06-30": "-0.48900", "2020-03-31": "-0.51200", "2019-12-31": "0.38300", "2019-09-30": "0.44400", "2019-06-30": "0.78900", "2019-03-31": "1.77400", "2018-12-31": "2.48800", "2018-09-30": "3.54400", "2018-06-30": "3.62400", "2018-03-31": "3.52100", "2017-12-31": "3.06600", "2017-09-30": "1.98000", "2017-06-30": "1.87700", "2017-03-31": "-5.64300", "2016-12-31": "-5.61500", "2016-09-30": "-8.07100", "2016-06-30": "-7.43600", "2016-03-31": "-6.73200", "2015-12-31": "-8.75400", "2015-09-30": "-8.77100", "2015-06-30": "-6.20000", "2015-03-31": "-6.87700", "2014-12-31": "-5.81000", "2014-09-30": "", "2014-06-30": "", "2014-03-31": "", "2013-12-31": "-4.06800", "2013-09-30": "", "2013-06-30": "", "2013-03-31": "", "2012-12-31": "", "2012-09-30": "", "2012-06-30": "", "2012-03-31": "", "2011-12-31": "", "2010-12-31": ""}, "Other Share Holders Equity": {"2020-09-30": "", "2020-06-30": "", "2020-03-31": "", "2019-12-31": "", "2019-09-30": "", "2019-06-30": "", "2019-03-31": "", "2018-12-31": "", "2018-09-30": "", "2018-06-30": "", "2018-03-31": "", "2017-12-31": "", "2017-09-30": "", "2017-06-30": "", "2017-03-31": "", "2016-12-31": "", "2016-09-30": "", "2016-06-30": "", "2016-03-31": "", "2015-12-31": "", "2015-09-30": "", "2015-06-30": "", "2015-03-31": "", "2014-12-31": "", "2014-09-30": "-4.45900", "2014-06-30": "-2.91600", "2014-03-31": "-4.24100", "2013-12-31": "", "2013-09-30": "-0.07600", "2013-06-30": "0.00000", "2013-03-31": "0.00000", "2012-12-31": "0.12400", "2012-09-30": "0.00000", "2012-06-30": "", "2012-03-31": "", "2011-12-31": "1.96000", "2010-12-31": "0.00000"}, "Share Holder Equity": {"2020-09-30": "1134.14100", "2020-06-30": "1102.36800", "2020-03-31": "1110.88400", "2019-12-31": "1176.27000", "2019-09-30": "1266.47100", "2019-06-30": "1313.02300", "2019-03-31": "1296.65100", "2018-12-31": "1310.63900", "2018-09-30": "1318.49900", "2018-06-30": "1294.60100", "2018-03-31": "1301.67200", "2017-12-31": "1345.84700", "2017-09-30": "1348.41500", "2017-06-30": "1325.02900", "2017-03-31": "1332.03200", "2016-12-31": "1377.23900", "2016-09-30": "1447.69300", "2016-06-30": "1436.70800", "2016-03-31": "1443.25400", "2015-12-31": "1488.35700", "2015-09-30": "1440.69100", "2015-06-30": "1418.59900", "2015-03-31": "1384.87900", "2014-12-31": "1389.31700", "2014-09-30": "1392.40300", "2014-06-30": "1363.15500", "2014-03-31": "1343.16700", "2013-12-31": "1341.20800", "2013-09-30": "833.60600", "2013-06-30": "0.00000", "2013-03-31": "0.00000", "2012-12-31": "752.81500", "2012-09-30": "0.00000", "2012-06-30": "", "2012-03-31": "", "2011-12-31": "1551.37000", "2010-12-31": "0.00000"}, "Total Liabilities And Share Holders Equity": {"2020-09-30": "4069.93300", "2020-06-30": "4348.23900", "2020-03-31": "4393.00500", "2019-12-31": "4030.59600", "2019-09-30": "4155.37700", "2019-06-30": "3939.56500", "2019-03-31": "3922.88600", "2018-12-31": "3924.21000", "2018-09-30": "4032.57200", "2018-06-30": "3984.58600", "2018-03-31": "3991.21400", "2017-12-31": "4076.00500", "2017-09-30": "4111.15400", "2017-06-30": "4071.15100", "2017-03-31": "4126.73000", "2016-12-31": "4180.30400", "2016-09-30": "4256.93600", "2016-06-30": "4406.58600", "2016-03-31": "4432.78400", "2015-12-31": "4528.90000", "2015-09-30": "4561.78000", "2015-06-30": "4538.70000", "2015-03-31": "4510.77200", "2014-12-31": "4449.14200", "2014-09-30": "4508.39100", "2014-06-30": "4505.41500", "2014-03-31": "4516.91500", "2013-12-31": "4449.68700", "2013-09-30": "4612.17300", "2013-06-30": "0.00000", "2013-03-31": "0.00000", "2012-12-31": "4491.73400", "2012-09-30": "0.00000", "2012-06-30": "", "2012-03-31": "", "2011-12-31": "4357.30000", "2010-12-31": "0.00000"}}, "cash flow statement": {"Net Income/Loss": {"2019-12-31": "165.13800", "2018-12-31": "211.75600", "2017-12-31": "172.18800", "2016-12-31": "163.35200", "2015-12-31": "283.02200", "2014-12-31": "150.55400", "2013-12-31": "82.65600", "2012-12-31": "22.28100", "2011-12-31": "46.63500", "2010-12-31": "3284.77000"}, "Total Depreciation And Amortization - Cash Flow": {"2019-12-31": "211.08700", "2018-12-31": "216.51600", "2017-12-31": "237.17700", "2016-12-31": "252.28900", "2015-12-31": "216.36900", "2014-12-31": "206.66800", "2013-12-31": "192.10800", "2012-12-31": "175.16700", "2011-12-31": "130.75500", "2010-12-31": "319.93600"}, "Other Non-Cash Items": {"2019-12-31": "8.24100", "2018-12-31": "15.49800", "2017-12-31": "34.62200", "2016-12-31": "9.01600", "2015-12-31": "-90.64300", "2014-12-31": "16.62600", "2013-12-31": "15.43700", "2012-12-31": "13.73400", "2011-12-31": "4.42700", "2010-12-31": "-3518.82800"}, "Total Non-Cash Items": {"2019-12-31": "219.32800", "2018-12-31": "232.01400", "2017-12-31": "271.79900", "2016-12-31": "261.30500", "2015-12-31": "125.72600", "2014-12-31": "223.29400", "2013-12-31": "207.54500", "2012-12-31": "188.90100", "2011-12-31": "135.18200", "2010-12-31": "-3198.89200"}, "Change In Accounts Receivable": {"2019-12-31": "5.74900", "2018-12-31": "2.24400", "2017-12-31": "-0.89500", "2016-12-31": "-2.65500", "2015-12-31": "8.30600", "2014-12-31": "-5.04000", "2013-12-31": "-2.90900", "2012-12-31": "-2.87900", "2011-12-31": "-1.90100", "2010-12-31": "-0.51500"}, "Change In Inventories": {"2019-12-31": "", "2018-12-31": "", "2017-12-31": "", "2016-12-31": "", "2015-12-31": "", "2014-12-31": "", "2013-12-31": "", "2012-12-31": "", "2011-12-31": "", "2010-12-31": ""}, "Change In Accounts Payable": {"2019-12-31": "", "2018-12-31": "", "2017-12-31": "", "2016-12-31": "", "2015-12-31": "", "2014-12-31": "", "2013-12-31": "", "2012-12-31": "", "2011-12-31": "", "2010-12-31": ""}, "Change In Assets/Liabilities": {"2019-12-31": "0.73900", "2018-12-31": "-10.21400", "2017-12-31": "-3.60600", "2016-12-31": "1.82900", "2015-12-31": "-2.75500", "2014-12-31": "-0.82100", "2013-12-31": "-2.46400", "2012-12-31": "-5.09800", "2011-12-31": "0.72500", "2010-12-31": "17.39600"}, "Total Change In Assets/Liabilities": {"2019-12-31": "15.48400", "2018-12-31": "6.08000", "2017-12-31": "2.53300", "2016-12-31": "-2.25300", "2015-12-31": "20.14100", "2014-12-31": "-3.36300", "2013-12-31": "21.11200", "2012-12-31": "-10.07200", "2011-12-31": "-1.21200", "2010-12-31": "36.33300"}, "Cash Flow From Operating Activities": {"2019-12-31": "399.95000", "2018-12-31": "449.85000", "2017-12-31": "446.52000", "2016-12-31": "422.40400", "2015-12-31": "428.88900", "2014-12-31": "370.48500", "2013-12-31": "311.31300", "2012-12-31": "201.11000", "2011-12-31": "180.60500", "2010-12-31": "122.21100"}, "Net Change In Property, Plant, And Equipment": {"2019-12-31": "-242.03400", "2018-12-31": "115.56300", "2017-12-31": "-102.44200", "2016-12-31": "-225.32300", "2015-12-31": "72.39100", "2014-12-31": "-170.01600", "2013-12-31": "-172.54000", "2012-12-31": "-271.46400", "2011-12-31": "-94.47800", "2010-12-31": "-49.61700"}, "Net Change In Intangible Assets": {"2019-12-31": "-9.12400", "2018-12-31": "-3.04600", "2017-12-31": "", "2016-12-31": "", "2015-12-31": "", "2014-12-31": "", "2013-12-31": "", "2012-12-31": "", "2011-12-31": "", "2010-12-31": ""}, "Net Acquisitions/Divestitures": {"2019-12-31": "-10.13600", "2018-12-31": "-12.72900", "2017-12-31": "", "2016-12-31": "", "2015-12-31": "", "2014-12-31": "", "2013-12-31": "-16.36800", "2012-12-31": "-128.29900", "2011-12-31": "", "2010-12-31": "-3653.19500"}, "Net Change In Short-term Investments": {"2019-12-31": "", "2018-12-31": "", "2017-12-31": "", "2016-12-31": "", "2015-12-31": "", "2014-12-31": "", "2013-12-31": "", "2012-12-31": "", "2011-12-31": "", "2010-12-31": ""}, "Net Change In Long-Term Investments": {"2019-12-31": "", "2018-12-31": "", "2017-12-31": "", "2016-12-31": "", "2015-12-31": "", "2014-12-31": "", "2013-12-31": "", "2012-12-31": "", "2011-12-31": "", "2010-12-31": ""}, "Net Change In Investments - Total": {"2019-12-31": "", "2018-12-31": "", "2017-12-31": "", "2016-12-31": "", "2015-12-31": "", "2014-12-31": "", "2013-12-31": "", "2012-12-31": "", "2011-12-31": "", "2010-12-31": ""}, "Investing Activities - Other": {"2019-12-31": "1.48500", "2018-12-31": "6.48800", "2017-12-31": "3.30200", "2016-12-31": "3.05700", "2015-12-31": "-6.10200", "2014-12-31": "-12.22700", "2013-12-31": "23.64900", "2012-12-31": "175.92100", "2011-12-31": "51.08900", "2010-12-31": "-258.94600"}, "Cash Flow From Investing Activities": {"2019-12-31": "-259.80900", "2018-12-31": "106.27600", "2017-12-31": "-99.14000", "2016-12-31": "-222.26600", "2015-12-31": "66.28900", "2014-12-31": "-182.24300", "2013-12-31": "-165.25900", "2012-12-31": "-223.84200", "2011-12-31": "-43.38900", "2010-12-31": "-3961.75800"}, "Net Long-Term Debt": {"2019-12-31": "242.62200", "2018-12-31": "-147.21500", "2017-12-31": "-61.19300", "2016-12-31": "-171.11990", "2015-12-31": "-95.42900", "2014-12-31": "-13.66900", "2013-12-31": "-700.86500", "2012-12-31": "925.48900", "2011-12-31": "-24.06700", "2010-12-31": "2698.03600"}, "Net Current Debt": {"2019-12-31": "", "2018-12-31": "", "2017-12-31": "", "2016-12-31": "", "2015-12-31": "", "2014-12-31": "", "2013-12-31": "", "2012-12-31": "", "2011-12-31": "", "2010-12-31": ""}, "Debt Issuance/Retirement Net - Total": {"2019-12-31": "242.62200", "2018-12-31": "-147.21500", "2017-12-31": "-61.19300", "2016-12-31": "-171.11990", "2015-12-31": "-95.42900", "2014-12-31": "-13.66900", "2013-12-31": "-700.86500", "2012-12-31": "925.48900", "2011-12-31": "-24.06700", "2010-12-31": "2698.03600"}, "Net Common Equity Issued/Repurchased": {"2019-12-31": "-301.11400", "2018-12-31": "-251.20100", "2017-12-31": "-221.29400", "2016-12-31": "-340.10600", "2015-12-31": "-135.15400", "2014-12-31": "-108.25300", "2013-12-31": "571.35000", "2012-12-31": "-832.93800", "2011-12-31": "-25.93900", "2010-12-31": ""}, "Net Total Equity Issued/Repurchased": {"2019-12-31": "-301.13000", "2018-12-31": "-251.22000", "2017-12-31": "-235.37900", "2016-12-31": "-340.12200", "2015-12-31": "-135.17000", "2014-12-31": "-108.26900", "2013-12-31": "571.33400", "2012-12-31": "-832.95400", "2011-12-31": "-25.95500", "2010-12-31": ""}, "Total Common And Preferred Stock Dividends Paid": {"2019-12-31": "", "2018-12-31": "", "2017-12-31": "", "2016-12-31": "", "2015-12-31": "", "2014-12-31": "", "2013-12-31": "-2.01100", "2012-12-31": "-0.39700", "2011-12-31": "", "2010-12-31": "-1.63300"}, "Financial Activities - Other": {"2019-12-31": "-23.37100", "2018-12-31": "-5.17200", "2017-12-31": "-5.89900", "2016-12-31": "-40.70300", "2015-12-31": "-12.58100", "2014-12-31": "-5.22200", "2013-12-31": "-57.43500", "2012-12-31": "-64.54400", "2011-12-31": "-0.05200", "2010-12-31": "1216.47100"}, "Cash Flow From Financial Activities": {"2019-12-31": "-81.87900", "2018-12-31": "-403.60700", "2017-12-31": "-302.47100", "2016-12-31": "-551.94500", "2015-12-31": "-243.18000", "2014-12-31": "-127.16000", "2013-12-31": "-188.97700", "2012-12-31": "27.59400", "2011-12-31": "-50.07400", "2010-12-31": "3912.87400"}, "Net Cash Flow": {"2019-12-31": "58.33400", "2018-12-31": "152.36200", "2017-12-31": "45.20200", "2016-12-31": "-351.88300", "2015-12-31": "251.91500", "2014-12-31": "60.86700", "2013-12-31": "-43.12500", "2012-12-31": "4.99800", "2011-12-31": "87.21300", "2010-12-31": "73.32700"}, "Stock-Based Compensation": {"2019-12-31": "6.91300", "2018-12-31": "8.31800", "2017-12-31": "7.55200", "2016-12-31": "12.00000", "2015-12-31": "10.50000", "2014-12-31": "8.80300", "2013-12-31": "20.16800", "2012-12-31": "6.42800", "2011-12-31": "4.73000", "2010-12-31": "0.29000"}, "Common Stock Dividends Paid": {"2019-12-31": "", "2018-12-31": "", "2017-12-31": "", "2016-12-31": "", "2015-12-31": "", "2014-12-31": "", "2013-12-31": "-2.01100", "2012-12-31": "-0.39700", "2011-12-31": "", "2010-12-31": "-1.63300"}}, "cash flow statement, quarterly": {"Net Income/Loss": {"2020-09-30": 31.492, "2020-06-30": -8.77, "2020-03-31": "7.84500", "2019-12-31": 23.846, "2019-09-30": 53.23, "2019-06-30": 59.658, "2019-03-31": "28.40400", "2018-12-31": 39.399, "2018-09-30": 75.692, "2018-06-30": 65.57, "2018-03-31": "31.09500", "2017-12-31": 40.15, "2017-09-30": 66.25, "2017-06-30": 49.725, "2017-03-31": "16.06300", "2016-12-31": 30.148, "2016-09-30": 57.065, "2016-06-30": 61.386, "2016-03-31": "14.75300", "2015-12-31": 132.132, "2015-09-30": 58.225, "2015-06-30": 64.805, "2015-03-31": "27.86000", "2014-12-31": 28.004, "2014-09-30": 60.185, "2014-06-30": 46.284, "2014-03-31": "16.08100", "2013-12-31": -15.378, "2013-09-30": 46.578, "2013-06-30": 37.539, "2013-03-31": "13.91700", "2012-12-31": -33.034, "2012-09-30": 55.315, "2012-06-30": 0, "2012-03-31": "0.00000", "2011-12-31": -3238.14, "2010-12-31": 3284.77}, "Total Depreciation And Amortization - Cash Flow": {"2020-09-30": 54.336, "2020-06-30": 53.119, "2020-03-31": "52.57200", "2019-12-31": 51.909, "2019-09-30": 57.39, "2019-06-30": 51.014, "2019-03-31": "50.77400", "2018-12-31": 50.486, "2018-09-30": 53.963, "2018-06-30": 55.461, "2018-03-31": "56.60600", "2017-12-31": 58.418, "2017-09-30": 59.302, "2017-06-30": 59.795, "2017-03-31": "59.66200", "2016-12-31": 59.105, "2016-09-30": 71.117, "2016-06-30": 57.672, "2016-03-31": "64.39500", "2015-12-31": 54.956, "2015-09-30": 54.905, "2015-06-30": 54.808, "2015-03-31": "51.70000", "2014-12-31": 51.077, "2014-09-30": 50.875, "2014-06-30": 56.045, "2014-03-31": "48.67100", "2013-12-31": 58.526, "2013-09-30": 45.557, "2013-06-30": 43.689, "2013-03-31": "44.33600", "2012-12-31": 74.11, "2012-09-30": 101.057, "2012-06-30": 0, "2012-03-31": "", "2011-12-31": -189.18, "2010-12-31": 319.93}, "Other Non-Cash Items": {"2020-09-30": -0.166, "2020-06-30": 3.074, "2020-03-31": "2.05000", "2019-12-31": -1.113, "2019-09-30": 4.456, "2019-06-30": 1.641, "2019-03-31": "3.25700", "2018-12-31": 9.374, "2018-09-30": 1.184, "2018-06-30": 0.815, "2018-03-31": "4.12500", "2017-12-31": -3.239, "2017-09-30": 3.309, "2017-06-30": 11.104, "2017-03-31": "23.44800", "2016-12-31": 20.221, "2016-09-30": 4.696, "2016-06-30": -2.2, "2016-03-31": "-13.70100", "2015-12-31": -105.022, "2015-09-30": 11.781, "2015-06-30": -0.431, "2015-03-31": "3.02900", "2014-12-31": -5.944, "2014-09-30": 12.275, "2014-06-30": 3.576, "2014-03-31": "6.71900", "2013-12-31": 6.493, "2013-09-30": 3.211, "2013-06-30": 2.818, "2013-03-31": "2.91500", "2012-12-31": 6.659, "2012-09-30": 7.075, "2012-06-30": 0, "2012-03-31": "", "2011-12-31": 0, "2010-12-31": 0}, "Total Non-Cash Items": {"2020-09-30": 54.17, "2020-06-30": 56.193, "2020-03-31": "54.62200", "2019-12-31": 50.796, "2019-09-30": 61.846, "2019-06-30": 52.655, "2019-03-31": "54.03100", "2018-12-31": 59.86, "2018-09-30": 55.147, "2018-06-30": 56.276, "2018-03-31": "60.73100", "2017-12-31": 55.179, "2017-09-30": 62.611, "2017-06-30": 70.899, "2017-03-31": "83.11000", "2016-12-31": 79.326, "2016-09-30": 75.813, "2016-06-30": 55.472, "2016-03-31": "50.69400", "2015-12-31": -50.066, "2015-09-30": 66.686, "2015-06-30": 54.377, "2015-03-31": "54.72900", "2014-12-31": 45.133, "2014-09-30": 63.15, "2014-06-30": 59.621, "2014-03-31": "55.39000", "2013-12-31": 65.019, "2013-09-30": 48.768, "2013-06-30": 46.507, "2013-03-31": "47.25100", "2012-12-31": 67.035, "2012-09-30": 108.132, "2012-06-30": 0, "2012-03-31": "", "2011-12-31": -189.18, "2010-12-31": 319.93}, "Change In Accounts Receivable": {"2020-09-30": -1.154, "2020-06-30": 2.031, "2020-03-31": "-1.40700", "2019-12-31": 7.909, "2019-09-30": 1.304, "2019-06-30": -1.878, "2019-03-31": "-1.58600", "2018-12-31": 4.517, "2018-09-30": -0.185, "2018-06-30": -2.151, "2018-03-31": "0.06300", "2017-12-31": 5.859, "2017-09-30": -2.708, "2017-06-30": -4.374, "2017-03-31": "0.32800", "2016-12-31": 6.482, "2016-09-30": -1.904, "2016-06-30": -5.893, "2016-03-31": "-1.34000", "2015-12-31": 8.125, "2015-09-30": 10.242, "2015-06-30": -7.803, "2015-03-31": "-2.25800", "2014-12-31": 7.702, "2014-09-30": -1.806, "2014-06-30": -6.62, "2014-03-31": "-4.31600", "2013-12-31": 8.01, "2013-09-30": -0.348, "2013-06-30": -5.358, "2013-03-31": "-5.21300", "2012-12-31": 4.178, "2012-09-30": -7.057, "2012-06-30": 0, "2012-03-31": "", "2011-12-31": 0, "2010-12-31": 0}, "Change In Inventories": {"2020-09-30": 0, "2020-06-30": 0, "2020-03-31": "", "2019-12-31": 0, "2019-09-30": 0, "2019-06-30": 0, "2019-03-31": "", "2018-12-31": 0, "2018-09-30": 0, "2018-06-30": 0, "2018-03-31": "", "2017-12-31": 0, "2017-09-30": 0, "2017-06-30": 0, "2017-03-31": "", "2016-12-31": 0, "2016-09-30": 0, "2016-06-30": 0, "2016-03-31": "", "2015-12-31": 0, "2015-09-30": 0, "2015-06-30": 0, "2015-03-31": "", "2014-12-31": 0, "2014-09-30": 0, "2014-06-30": 0, "2014-03-31": "", "2013-12-31": 0, "2013-09-30": 0, "2013-06-30": 0, "2013-03-31": "", "2012-12-31": 0, "2012-09-30": 0, "2012-06-30": 0, "2012-03-31": "", "2011-12-31": 0, "2010-12-31": 0}, "Change In Accounts Payable": {"2020-09-30": 0, "2020-06-30": 0, "2020-03-31": "", "2019-12-31": 0, "2019-09-30": 0, "2019-06-30": 0, "2019-03-31": "", "2018-12-31": 0, "2018-09-30": 0, "2018-06-30": 0, "2018-03-31": "", "2017-12-31": 0, "2017-09-30": 0, "2017-06-30": 0, "2017-03-31": "", "2016-12-31": 0, "2016-09-30": 0, "2016-06-30": 0, "2016-03-31": "", "2015-12-31": 0, "2015-09-30": 0, "2015-06-30": 0, "2015-03-31": "", "2014-12-31": 0, "2014-09-30": 0, "2014-06-30": 0, "2014-03-31": "", "2013-12-31": 0, "2013-09-30": 0, "2013-06-30": 0, "2013-03-31": "", "2012-12-31": 0, "2012-09-30": 0, "2012-06-30": 0, "2012-03-31": "", "2011-12-31": 0, "2010-12-31": 0}, "Change In Assets/Liabilities": {"2020-09-30": -15.864, "2020-06-30": -4.95, "2020-03-31": "1.76000", "2019-12-31": 6.049, "2019-09-30": -1.979, "2019-06-30": -6.539, "2019-03-31": "3.20800", "2018-12-31": -9.377, "2018-09-30": -1.758, "2018-06-30": -4.017, "2018-03-31": "4.93800", "2017-12-31": 0.606, "2017-09-30": 4.697, "2017-06-30": -7.077, "2017-03-31": "-1.83200", "2016-12-31": 0.387, "2016-09-30": 1.173, "2016-06-30": 3.238, "2016-03-31": "-2.96900", "2015-12-31": 2.353, "2015-09-30": -0.208, "2015-06-30": -5.95, "2015-03-31": "1.05000", "2014-12-31": 1.216, "2014-09-30": 3.603, "2014-06-30": 10.634, "2014-03-31": "-16.27400", "2013-12-31": -3.739, "2013-09-30": -2.384, "2013-06-30": -3.485, "2013-03-31": "7.14400", "2012-12-31": -6.242, "2012-09-30": 1.144, "2012-06-30": 0, "2012-03-31": "", "2011-12-31": 0, "2010-12-31": 0}, "Total Change In Assets/Liabilities": {"2020-09-30": 21.251, "2020-06-30": -29.39, "2020-03-31": "29.81800", "2019-12-31": -13.478, "2019-09-30": 19.613, "2019-06-30": -10.255, "2019-03-31": "19.60400", "2018-12-31": -32.459, "2018-09-30": 23.563, "2018-06-30": -11.933, "2018-03-31": "26.90900", "2017-12-31": -19.396, "2017-09-30": 19.754, "2017-06-30": -8.784, "2017-03-31": "10.95900", "2016-12-31": -23.06, "2016-09-30": 12.892, "2016-06-30": -9.412, "2016-03-31": "17.32700", "2015-12-31": -18.408, "2015-09-30": 17.044, "2015-06-30": 1.404, "2015-03-31": "20.10100", "2014-12-31": -5.979, "2014-09-30": -7.081, "2014-06-30": 8.65, "2014-03-31": "1.04700", "2013-12-31": -14.313, "2013-09-30": 13.482, "2013-06-30": 0.092, "2013-03-31": "21.85100", "2012-12-31": -40.185, "2012-09-30": 30.113, "2012-06-30": 0, "2012-03-31": "", "2011-12-31": -37.54, "2010-12-31": 36.33}, "Cash Flow From Operating Activities": {"2020-09-30": 106.913, "2020-06-30": 18.033, "2020-03-31": "92.28500", "2019-12-31": 61.164, "2019-09-30": 134.689, "2019-06-30": 102.058, "2019-03-31": "102.03900", "2018-12-31": 66.8, "2018-09-30": 154.402, "2018-06-30": 109.913, "2018-03-31": "118.73500", "2017-12-31": 75.933, "2017-09-30": 148.615, "2017-06-30": 111.84, "2017-03-31": "110.13200", "2016-12-31": 86.414, "2016-09-30": 145.77, "2016-06-30": 107.446, "2016-03-31": "82.77400", "2015-12-31": 63.658, "2015-09-30": 141.955, "2015-06-30": 120.586, "2015-03-31": "102.69000", "2014-12-31": 67.158, "2014-09-30": 116.254, "2014-06-30": 114.555, "2014-03-31": "72.51800", "2013-12-31": 35.328, "2013-09-30": 108.828, "2013-06-30": 84.138, "2013-03-31": "83.01900", "2012-12-31": 7.55, "2012-09-30": 193.56, "2012-06-30": 0, "2012-03-31": "", "2011-12-31": 58.39, "2010-12-31": 122.21}, "Net Change In Property, Plant, And Equipment": {"2020-09-30": -39.559, "2020-06-30": -50.633, "2020-03-31": "-54.22100", "2019-12-31": -70.102, "2019-09-30": -65.306, "2019-06-30": -53.447, "2019-03-31": "-53.17900", "2018-12-31": -23.729, "2018-09-30": 61.06, "2018-06-30": -43.44, "2018-03-31": "121.67200", "2017-12-31": -17.519, "2017-09-30": -39.795, "2017-06-30": 3.319, "2017-03-31": "-48.44700", "2016-12-31": -58.869, "2016-09-30": -56.505, "2016-06-30": -53.042, "2016-03-31": "-56.90700", "2015-12-31": 212.697, "2015-09-30": -67.075, "2015-06-30": -39.026, "2015-03-31": "-34.20500", "2014-12-31": -47.347, "2014-09-30": -36.932, "2014-06-30": -36.315, "2014-03-31": "-49.42200", "2013-12-31": -54.698, "2013-09-30": -39.24, "2013-06-30": -42.446, "2013-03-31": "-36.15600", "2012-12-31": -73.757, "2012-09-30": -197.707, "2012-06-30": 0, "2012-03-31": "", "2011-12-31": -44.86, "2010-12-31": -49.61}, "Net Change In Intangible Assets": {"2020-09-30": -0.046, "2020-06-30": -0.097, "2020-03-31": "-0.35800", "2019-12-31": -3.043, "2019-09-30": 0.215, "2019-06-30": -4.187, "2019-03-31": "-2.10900", "2018-12-31": -3.046, "2018-09-30": 0, "2018-06-30": 0, "2018-03-31": "", "2017-12-31": 0, "2017-09-30": 0, "2017-06-30": 0, "2017-03-31": "", "2016-12-31": 0, "2016-09-30": 0, "2016-06-30": 0, "2016-03-31": "", "2015-12-31": 0, "2015-09-30": 0, "2015-06-30": 0, "2015-03-31": "", "2014-12-31": 0, "2014-09-30": 0, "2014-06-30": 0, "2014-03-31": "", "2013-12-31": 0, "2013-09-30": 0, "2013-06-30": 0, "2013-03-31": "", "2012-12-31": 0, "2012-09-30": 0, "2012-06-30": 0, "2012-03-31": "", "2011-12-31": 0, "2010-12-31": 0}, "Net Acquisitions/Divestitures": {"2020-09-30": 0, "2020-06-30": 0, "2020-03-31": "", "2019-12-31": -10.136, "2019-09-30": 0, "2019-06-30": 0, "2019-03-31": "", "2018-12-31": 0, "2018-09-30": 0, "2018-06-30": -12.729, "2018-03-31": "", "2017-12-31": 0, "2017-09-30": 0, "2017-06-30": 0, "2017-03-31": "", "2016-12-31": 0, "2016-09-30": 0, "2016-06-30": 0, "2016-03-31": "", "2015-12-31": 0, "2015-09-30": 0, "2015-06-30": 0, "2015-03-31": "", "2014-12-31": 0, "2014-09-30": 0, "2014-06-30": 0, "2014-03-31": "", "2013-12-31": -16.368, "2013-09-30": 0, "2013-06-30": 0, "2013-03-31": "", "2012-12-31": -128.299, "2012-09-30": 0, "2012-06-30": 0, "2012-03-31": "", "2011-12-31": 3642.69, "2010-12-31": -3642.69}, "Net Change In Short-term Investments": {"2020-09-30": 0, "2020-06-30": 0, "2020-03-31": "", "2019-12-31": 0, "2019-09-30": 0, "2019-06-30": 0, "2019-03-31": "", "2018-12-31": 0, "2018-09-30": 0, "2018-06-30": 0, "2018-03-31": "", "2017-12-31": 0, "2017-09-30": 0, "2017-06-30": 0, "2017-03-31": "", "2016-12-31": 0, "2016-09-30": 0, "2016-06-30": 0, "2016-03-31": "", "2015-12-31": 0, "2015-09-30": 0, "2015-06-30": 0, "2015-03-31": "", "2014-12-31": 0, "2014-09-30": 0, "2014-06-30": 0, "2014-03-31": "", "2013-12-31": 0, "2013-09-30": 0, "2013-06-30": 0, "2013-03-31": "", "2012-12-31": 0, "2012-09-30": 0, "2012-06-30": 0, "2012-03-31": "", "2011-12-31": 0, "2010-12-31": 0}, "Net Change In Long-Term Investments": {"2020-09-30": 0, "2020-06-30": 0, "2020-03-31": "", "2019-12-31": 0, "2019-09-30": 0, "2019-06-30": 0, "2019-03-31": "", "2018-12-31": 0, "2018-09-30": 0, "2018-06-30": 0, "2018-03-31": "", "2017-12-31": 0, "2017-09-30": 0, "2017-06-30": 0, "2017-03-31": "", "2016-12-31": 0, "2016-09-30": 0, "2016-06-30": 0, "2016-03-31": "", "2015-12-31": 0, "2015-09-30": 0, "2015-06-30": 0, "2015-03-31": "", "2014-12-31": 0, "2014-09-30": 0, "2014-06-30": 0, "2014-03-31": "", "2013-12-31": 0, "2013-09-30": 0, "2013-06-30": 0, "2013-03-31": "", "2012-12-31": 0, "2012-09-30": 0, "2012-06-30": 0, "2012-03-31": "", "2011-12-31": 0, "2010-12-31": 0}, "Net Change In Investments - Total": {"2020-09-30": 0, "2020-06-30": 0, "2020-03-31": "", "2019-12-31": 0, "2019-09-30": 0, "2019-06-30": 0, "2019-03-31": "", "2018-12-31": 0, "2018-09-30": 0, "2018-06-30": 0, "2018-03-31": "", "2017-12-31": 0, "2017-09-30": 0, "2017-06-30": 0, "2017-03-31": "", "2016-12-31": 0, "2016-09-30": 0, "2016-06-30": 0, "2016-03-31": "", "2015-12-31": 0, "2015-09-30": 0, "2015-06-30": 0, "2015-03-31": "", "2014-12-31": 0, "2014-09-30": 0, "2014-06-30": 0, "2014-03-31": "", "2013-12-31": 0, "2013-09-30": 0, "2013-06-30": 0, "2013-03-31": "", "2012-12-31": 0, "2012-09-30": 0, "2012-06-30": 0, "2012-03-31": "", "2011-12-31": 0, "2010-12-31": 0}, "Investing Activities - Other": {"2020-09-30": 0, "2020-06-30": 0.031, "2020-03-31": "0.95600", "2019-12-31": 0.571, "2019-09-30": 0.301, "2019-06-30": 0.457, "2019-03-31": "0.15600", "2018-12-31": 1.955, "2018-09-30": 0.171, "2018-06-30": 3.458, "2018-03-31": "0.90400", "2017-12-31": 2.831, "2017-09-30": 0.302, "2017-06-30": 0.029, "2017-03-31": "0.14000", "2016-12-31": -62.604, "2016-09-30": 168.435, "2016-06-30": -3.399, "2016-03-31": "-99.37500", "2015-12-31": 110.245, "2015-09-30": 0.124, "2015-06-30": -13.933, "2015-03-31": "-102.53800", "2014-12-31": 111.739, "2014-09-30": -17.086, "2014-06-30": -15.194, "2014-03-31": "-91.68600", "2013-12-31": 100.946, "2013-09-30": 7.42, "2013-06-30": -11.18, "2013-03-31": "-73.53700", "2012-12-31": 219.78, "2012-09-30": -43.859, "2012-06-30": 0, "2012-03-31": "", "2011-12-31": 285.93, "2010-12-31": -258.94}, "Cash Flow From Investing Activities": {"2020-09-30": -39.605, "2020-06-30": -50.699, "2020-03-31": "-53.62300", "2019-12-31": -82.71, "2019-09-30": -64.79, "2019-06-30": -57.177, "2019-03-31": "-55.13200", "2018-12-31": -24.82, "2018-09-30": 61.231, "2018-06-30": -52.711, "2018-03-31": "122.57600", "2017-12-31": -14.688, "2017-09-30": -39.493, "2017-06-30": 3.348, "2017-03-31": "-48.30700", "2016-12-31": -121.473, "2016-09-30": 111.93, "2016-06-30": -56.441, "2016-03-31": "-156.28200", "2015-12-31": 322.942, "2015-09-30": -66.951, "2015-06-30": -52.959, "2015-03-31": "-136.74300", "2014-12-31": 64.392, "2014-09-30": -54.018, "2014-06-30": -51.509, "2014-03-31": "-141.10800", "2013-12-31": 29.88, "2013-09-30": -31.82, "2013-06-30": -53.626, "2013-03-31": "-109.69300", "2012-12-31": 17.724, "2012-09-30": -241.566, "2012-06-30": 0, "2012-03-31": "", "2011-12-31": 3918.37, "2010-12-31": -3961.75}, "Net Long-Term Debt": {"2020-09-30": -351.61, "2020-06-30": -1.609, "2020-03-31": "398.15100", "2019-12-31": -1.609, "2019-09-30": 249.972, "2019-06-30": -2.87, "2019-03-31": "-2.87100", "2018-12-31": -78.052, "2018-09-30": -3.051, "2018-06-30": -3.052, "2018-03-31": "-63.06000", "2017-12-31": -3.217, "2017-09-30": -3.242, "2017-06-30": -38.242, "2017-03-31": "-16.49200", "2016-12-31": 20, "2016-09-30": -179.1199, "2016-06-30": -15.983, "2016-03-31": "3.98300", "2015-12-31": -86.115, "2015-09-30": 0, "2015-06-30": -25.777, "2015-03-31": "16.46300", "2014-12-31": 0, "2014-09-30": -29.794, "2014-06-30": -23.875, "2014-03-31": "40.00000", "2013-12-31": -700.678, "2013-09-30": -0.062, "2013-06-30": -0.063, "2013-03-31": "-0.06200", "2012-12-31": 941.05, "2012-09-30": -15.561, "2012-06-30": 0, "2012-03-31": "", "2011-12-31": 0, "2010-12-31": 0}, "Net Current Debt": {"2020-09-30": 0, "2020-06-30": 0, "2020-03-31": "", "2019-12-31": 0, "2019-09-30": 0, "2019-06-30": 0, "2019-03-31": "", "2018-12-31": 0, "2018-09-30": 0, "2018-06-30": 0, "2018-03-31": "", "2017-12-31": 0, "2017-09-30": 0, "2017-06-30": 0, "2017-03-31": "", "2016-12-31": 0, "2016-09-30": 0, "2016-06-30": 0, "2016-03-31": "", "2015-12-31": 0, "2015-09-30": 0, "2015-06-30": 0, "2015-03-31": "", "2014-12-31": 0, "2014-09-30": 0, "2014-06-30": 0, "2014-03-31": "", "2013-12-31": 0, "2013-09-30": 0, "2013-06-30": 0, "2013-03-31": "", "2012-12-31": 0, "2012-09-30": 0, "2012-06-30": 0, "2012-03-31": "", "2011-12-31": 0, "2010-12-31": 0}, "Debt Issuance/Retirement Net - Total": {"2020-09-30": -351.61, "2020-06-30": -1.609, "2020-03-31": "398.15100", "2019-12-31": -1.609, "2019-09-30": 249.972, "2019-06-30": -2.87, "2019-03-31": "-2.87100", "2018-12-31": -78.052, "2018-09-30": -3.051, "2018-06-30": -3.052, "2018-03-31": "-63.06000", "2017-12-31": -3.217, "2017-09-30": -3.242, "2017-06-30": -38.242, "2017-03-31": "-16.49200", "2016-12-31": 20, "2016-09-30": -179.1199, "2016-06-30": -15.983, "2016-03-31": "3.98300", "2015-12-31": -86.115, "2015-09-30": 0, "2015-06-30": -25.777, "2015-03-31": "16.46300", "2014-12-31": 0, "2014-09-30": -29.794, "2014-06-30": -23.875, "2014-03-31": "40.00000", "2013-12-31": -700.678, "2013-09-30": -0.062, "2013-06-30": -0.063, "2013-03-31": "-0.06200", "2012-12-31": 941.05, "2012-09-30": -15.561, "2012-06-30": 0, "2012-03-31": "", "2011-12-31": -2722.09, "2010-12-31": 2698.03}, "Net Common Equity Issued/Repurchased": {"2020-09-30": -1.777, "2020-06-30": -1.775, "2020-03-31": "-72.49200", "2019-12-31": -115.081, "2019-09-30": -100.808, "2019-06-30": -43.329, "2019-03-31": "-41.89600", "2018-12-31": -47.136, "2018-09-30": -53.301, "2018-06-30": -74.5, "2018-03-31": "-76.26400", "2017-12-31": -43.919, "2017-09-30": -45.262, "2017-06-30": -71.453, "2017-03-31": "-60.66000", "2016-12-31": -107.888, "2016-09-30": -47.359, "2016-06-30": -69.884, "2016-03-31": "-114.97500", "2015-12-31": -34.725, "2015-09-30": -34.879, "2015-06-30": -65.55, "2015-03-31": "", "2014-12-31": -108.253, "2014-09-30": 0, "2014-06-30": 0, "2014-03-31": "", "2013-12-31": 589.75, "2013-09-30": -18.4, "2013-06-30": 0, "2013-03-31": "", "2012-12-31": -826.758, "2012-09-30": -6.18, "2012-06-30": 0, "2012-03-31": "", "2011-12-31": 0, "2010-12-31": 0}, "Net Total Equity Issued/Repurchased": {"2020-09-30": -1.777, "2020-06-30": -8.205, "2020-03-31": "-72.49200", "2019-12-31": -115.089, "2019-09-30": -100.808, "2019-06-30": -43.337, "2019-03-31": "-41.89600", "2018-12-31": -47.143, "2018-09-30": -53.305, "2018-06-30": -74.508, "2018-03-31": "-76.26400", "2017-12-31": -43.919, "2017-09-30": -45.27, "2017-06-30": -85.53, "2017-03-31": "-60.66000", "2016-12-31": -107.896, "2016-09-30": -47.359, "2016-06-30": -69.884, "2016-03-31": "-114.98300", "2015-12-31": -34.725, "2015-09-30": -34.887, "2015-06-30": -65.55, "2015-03-31": "-0.00800", "2014-12-31": -108.261, "2014-09-30": 0, "2014-06-30": -0.008, "2014-03-31": "", "2013-12-31": 589.742, "2013-09-30": -18.4, "2013-06-30": -0.008, "2013-03-31": "", "2012-12-31": -826.766, "2012-09-30": -6.188, "2012-06-30": 0, "2012-03-31": "", "2011-12-31": -26, "2010-12-31": 0}, "Total Common And Preferred Stock Dividends Paid": {"2020-09-30": 0, "2020-06-30": 0, "2020-03-31": "", "2019-12-31": 0, "2019-09-30": 0, "2019-06-30": 0, "2019-03-31": "", "2018-12-31": 0, "2018-09-30": 0, "2018-06-30": 0, "2018-03-31": "", "2017-12-31": 0, "2017-09-30": 0, "2017-06-30": 0, "2017-03-31": "", "2016-12-31": 0, "2016-09-30": 0, "2016-06-30": 0, "2016-03-31": "", "2015-12-31": 0, "2015-09-30": 0, "2015-06-30": 30.776, "2015-03-31": "-30.77600", "2014-12-31": 77.754, "2014-09-30": -30.566, "2014-06-30": -30.772, "2014-03-31": "-16.41600", "2013-12-31": 0.012, "2013-09-30": -0.318, "2013-06-30": -1.031, "2013-03-31": "-0.67400", "2012-12-31": -0.247, "2012-09-30": -0.15, "2012-06-30": 0, "2012-03-31": "", "2011-12-31": 0, "2010-12-31": 0}, "Financial Activities - Other": {"2020-09-30": 0, "2020-06-30": -0.155, "2020-03-31": "-0.83200", "2019-12-31": -3.454, "2019-09-30": -18.346, "2019-06-30": 0, "2019-03-31": "-1.57100", "2018-12-31": 0, "2018-09-30": -0.095, "2018-06-30": -1.183, "2018-03-31": "-3.89400", "2017-12-31": -1.183, "2017-09-30": -0.303, "2017-06-30": 0, "2017-03-31": "-4.41300", "2016-12-31": -5.414, "2016-09-30": -18.501, "2016-06-30": -0.474, "2016-03-31": "-16.31400", "2015-12-31": 0, "2015-09-30": -0.799, "2015-06-30": -10.677, "2015-03-31": "-1.10500", "2014-12-31": 0, "2014-09-30": -0.015, "2014-06-30": -5.207, "2014-03-31": "", "2013-12-31": -57.328, "2013-09-30": 0.191, "2013-06-30": 0, "2013-03-31": "-0.29800", "2012-12-31": -64.619, "2012-09-30": 0.075, "2012-06-30": 0, "2012-03-31": "", "2011-12-31": -1262.97, "2010-12-31": 1262.97}, "Cash Flow From Financial Activities": {"2020-09-30": -353.387, "2020-06-30": -9.969, "2020-03-31": "324.82700", "2019-12-31": -120.152, "2019-09-30": 130.818, "2019-06-30": -46.207, "2019-03-31": "-46.33800", "2018-12-31": -125.195, "2018-09-30": -56.451, "2018-06-30": -78.743, "2018-03-31": "-143.21800", "2017-12-31": -48.319, "2017-09-30": -48.815, "2017-06-30": -123.772, "2017-03-31": "-81.56500", "2016-12-31": -93.31, "2016-09-30": -244.98, "2016-06-30": -86.341, "2016-03-31": "-127.31400", "2015-12-31": -120.84, "2015-09-30": -35.686, "2015-06-30": -71.228, "2015-03-31": "-15.42600", "2014-12-31": -30.507, "2014-09-30": -60.375, "2014-06-30": -59.862, "2014-03-31": "23.58400", "2013-12-31": -168.252, "2013-09-30": -18.589, "2013-06-30": -1.102, "2013-03-31": "-1.03400", "2012-12-31": 49.418, "2012-09-30": -21.824, "2012-06-30": 0, "2012-03-31": "", "2011-12-31": -3962.94, "2010-12-31": 3912.87}, "Net Cash Flow": {"2020-09-30": -286.066, "2020-06-30": -42.563, "2020-03-31": "363.33900", "2019-12-31": -141.669, "2019-09-30": 200.699, "2019-06-30": -1.296, "2019-03-31": "0.60000", "2018-12-31": -83.305, "2018-09-30": 159.203, "2018-06-30": -21.583, "2018-03-31": "98.04700", "2017-12-31": 12.944, "2017-09-30": 60.473, "2017-06-30": -8.544, "2017-03-31": "-19.67100", "2016-12-31": -128.479, "2016-09-30": 12.731, "2016-06-30": -35.326, "2016-03-31": "-200.80900", "2015-12-31": 265.733, "2015-09-30": 39.301, "2015-06-30": -3.683, "2015-03-31": "-49.43600", "2014-12-31": 100.893, "2014-09-30": 1.692, "2014-06-30": 3.262, "2014-03-31": "-44.98000", "2013-12-31": -103.055, "2013-09-30": 58.539, "2013-06-30": 29.195, "2013-03-31": "-27.80400", "2012-12-31": 74.6, "2012-09-30": -69.602, "2012-06-30": 0, "2012-03-31": "", "2011-12-31": 13.89, "2010-12-31": 73.32}, "Stock-Based Compensation": {"2020-09-30": 1.656, "2020-06-30": 1.864, "2020-03-31": "1.12600", "2019-12-31": 0.782, "2019-09-30": 1.876, "2019-06-30": 2.146, "2019-03-31": "2.10900", "2018-12-31": 2.319, "2018-09-30": 1.811, "2018-06-30": 1.785, "2018-03-31": "2.40300", "2017-12-31": -1.497, "2017-09-30": 2.72, "2017-06-30": 3.646, "2017-03-31": "2.68300", "2016-12-31": 3.365, "2016-09-30": 3.016, "2016-06-30": 2.939, "2016-03-31": "2.68000", "2015-12-31": 2.56, "2015-09-30": 3.021, "2015-06-30": 2.803, "2015-03-31": "2.11600", "2014-12-31": 1.63, "2014-09-30": 2.283, "2014-06-30": 2.429, "2014-03-31": "2.46100", "2013-12-31": 16.78, "2013-09-30": 0.64, "2013-06-30": 1.337, "2013-03-31": "1.41100", "2012-12-31": 1.237, "2012-09-30": 5.191, "2012-06-30": 0, "2012-03-31": "", "2011-12-31": 0, "2010-12-31": 0}, "Common Stock Dividends Paid": {"2020-09-30": 0, "2020-06-30": 0, "2020-03-31": "", "2019-12-31": 0, "2019-09-30": 0, "2019-06-30": 0, "2019-03-31": "", "2018-12-31": 0, "2018-09-30": 0, "2018-06-30": 0, "2018-03-31": "", "2017-12-31": 0, "2017-09-30": 0, "2017-06-30": 0, "2017-03-31": "", "2016-12-31": 0, "2016-09-30": 0, "2016-06-30": 0, "2016-03-31": "", "2015-12-31": 0, "2015-09-30": 0, "2015-06-30": 30.776, "2015-03-31": "-30.77600", "2014-12-31": 77.754, "2014-09-30": -30.566, "2014-06-30": -30.772, "2014-03-31": "-16.41600", "2013-12-31": 0.012, "2013-09-30": -0.318, "2013-06-30": -1.031, "2013-03-31": "-0.67400", "2012-12-31": -0.247, "2012-09-30": -0.15, "2012-06-30": 0, "2012-03-31": "", "2011-12-31": 0, "2010-12-31": 0}}, "financial ratios": {"Current Ratio": {"2019-12-31": "0.45290", "2018-12-31": "0.24310", "2017-12-31": "0.11870", "2016-12-31": "0.08620", "2015-12-31": "0.78580", "2014-12-31": "0.40890", "2013-12-31": "0.23950", "2012-12-31": "0.15260", "2011-12-31": "0.42760", "2010-12-31": ""}, "Long-term Debt / Capital": {"2019-12-31": "0.63170", "2018-12-31": "0.49350", "2017-12-31": "0.48540", "2016-12-31": "0.48760", "2015-12-31": "0.61730", "2014-12-31": "0.64190", "2013-12-31": "0.65440", "2012-12-31": "0.77040", "2011-12-31": "0.56070", "2010-12-31": ""}, "Debt/Equity Ratio": {"2019-12-31": "2.24100", "2018-12-31": "1.83030", "2017-12-31": "1.88340", "2016-12-31": "1.87710", "2015-12-31": "1.85600", "2014-12-31": "2.05810", "2013-12-31": "2.16580", "2012-12-31": "4.78960", "2011-12-31": "1.72760", "2010-12-31": ""}, "Gross Margin": {"2019-12-31": "100.00000", "2018-12-31": "100.00000", "2017-12-31": "100.00000", "2016-12-31": "100.00000", "2015-12-31": "100.00000", "2014-12-31": "100.00000", "2013-12-31": "100.00000", "2012-12-31": "100.00000", "2011-12-31": "100.00000", "2010-12-31": "100.00000"}, "Operating Margin": {"2019-12-31": "26.41770", "2018-12-31": "29.64080", "2017-12-31": "28.14910", "2016-12-31": "28.38550", "2015-12-31": "38.92360", "2014-12-31": "28.73880", "2013-12-31": "27.55300", "2012-12-31": "28.10510", "2011-12-31": "28.17450", "2010-12-31": "-5.84480"}, "EBIT Margin": {"2019-12-31": "26.41770", "2018-12-31": "29.64080", "2017-12-31": "28.14910", "2016-12-31": "28.38550", "2015-12-31": "38.92360", "2014-12-31": "28.73880", "2013-12-31": "27.55300", "2012-12-31": "28.10510", "2011-12-31": "28.17450", "2010-12-31": "-5.84480"}, "EBITDA Margin": {"2019-12-31": "43.74530", "2018-12-31": "46.62160", "2017-12-31": "46.63910", "2016-12-31": "48.24150", "2015-12-31": "55.76490", "2014-12-31": "45.76990", "2013-12-31": "44.51140", "2012-12-31": "45.42330", "2011-12-31": "42.04440", "2010-12-31": "30.67830"}, "Pre-Tax Profit Margin": {"2019-12-31": "15.96210", "2018-12-31": "19.90750", "2017-12-31": "18.06330", "2016-12-31": "15.55990", "2015-12-31": "27.98660", "2014-12-31": "16.11990", "2013-12-31": "6.85600", "2012-12-31": "2.66180", "2011-12-31": "5.69460", "2010-12-31": "361.05960"}, "Net Profit Margin": {"2019-12-31": "5.71880", "2018-12-31": "8.85170", "2017-12-31": "6.14680", "2016-12-31": "5.50390", "2015-12-31": "8.79860", "2014-12-31": "3.26300", "2013-12-31": "7.61210", "2012-12-31": "2.04970", "2011-12-31": "4.83420", "2010-12-31": "201.72200"}, "Asset Turnover": {"2019-12-31": "0.30220", "2018-12-31": "0.32490", "2017-12-31": "0.31470", "2016-12-31": "0.30390", "2015-12-31": "0.28370", "2014-12-31": "0.27270", "2013-12-31": "0.25460", "2012-12-31": "0.22520", "2011-12-31": "0.21640", "2010-12-31": ""}, "Inventory Turnover Ratio": {"2019-12-31": "", "2018-12-31": "", "2017-12-31": "", "2016-12-31": "", "2015-12-31": "", "2014-12-31": "", "2013-12-31": "", "2012-12-31": "", "2011-12-31": "", "2010-12-31": ""}, "Receiveable Turnover": {"2019-12-31": "86.89150", "2018-12-31": "64.49790", "2017-12-31": "59.44600", "2016-12-31": "60.97770", "2015-12-31": "70.73070", "2014-12-31": "45.70180", "2013-12-31": "52.52800", "2012-12-31": "54.52920", "2011-12-31": "63.07980", "2010-12-31": ""}, "Days Sales In Receivables": {"2019-12-31": "4.20060", "2018-12-31": "5.65910", "2017-12-31": "6.14000", "2016-12-31": "5.98580", "2015-12-31": "5.16040", "2014-12-31": "7.98660", "2013-12-31": "6.94870", "2012-12-31": "6.69370", "2011-12-31": "5.78630", "2010-12-31": ""}, "ROE - Return On Equity": {"2019-12-31": "14.03910", "2018-12-31": "16.15670", "2017-12-31": "12.79400", "2016-12-31": "11.86080", "2015-12-31": "19.01570", "2014-12-31": "10.83660", "2013-12-31": "6.16280", "2012-12-31": "2.95970", "2011-12-31": "3.00610", "2010-12-31": ""}, "Return On Tangible Equity": {"2019-12-31": "15.05500", "2018-12-31": "17.12220", "2017-12-31": "13.55880", "2016-12-31": "12.61090", "2015-12-31": "20.14240", "2014-12-31": "11.56300", "2013-12-31": "6.59900", "2012-12-31": "3.36180", "2011-12-31": "3.19430", "2010-12-31": ""}, "ROA - Return On Assets": {"2019-12-31": "4.09710", "2018-12-31": "5.39610", "2017-12-31": "4.22440", "2016-12-31": "3.90770", "2015-12-31": "6.24920", "2014-12-31": "3.38390", "2013-12-31": "1.85760", "2012-12-31": "0.49600", "2011-12-31": "1.07030", "2010-12-31": ""}, "ROI - Return On Investment": {"2019-12-31": "5.17030", "2018-12-31": "8.18290", "2017-12-31": "6.58340", "2016-12-31": "6.07760", "2015-12-31": "7.27710", "2014-12-31": "3.88020", "2013-12-31": "2.12970", "2012-12-31": "0.67960", "2011-12-31": "1.32050", "2010-12-31": ""}, "Book Value Per Share": {"2019-12-31": "6.55370", "2018-12-31": "6.96330", "2017-12-31": "7.00600", "2016-12-31": "7.04810", "2015-12-31": "7.27470", "2014-12-31": "6.79320", "2013-12-31": "6.54930", "2012-12-31": "", "2011-12-31": "", "2010-12-31": ""}, "Operating Cash Flow Per Share": {"2019-12-31": -0.2291, "2018-12-31": 0.0643, "2017-12-31": 0.2013, "2016-12-31": 0.0077, "2015-12-31": 0.285, "2014-12-31": 0.0455, "2013-12-31": 0.5955, "2012-12-31": 0.1166, "2011-12-31": 1.054, "2010-12-31": 0}, "Free Cash Flow Per Share": {"2019-12-31": -2.1334, "2018-12-31": 1.2021, "2017-12-31": 0.7948, "2016-12-31": -1.4686, "2015-12-31": 1.4701, "2014-12-31": 0.193, "2013-12-31": 1.1968, "2012-12-31": -0.9122, "2011-12-31": 0.5027, "2010-12-31": 0}}, "financial ratios, quarterly": {"Current Ratio": {"2020-09-30": "0.47620", "2020-06-30": "0.84410", "2020-03-31": "0.86520", "2019-12-31": "0.45290", "2019-09-30": "0.60690", "2019-06-30": "0.24320", "2019-03-31": "0.24260", "2018-12-31": "0.24310", "2018-09-30": "0.28640", "2018-06-30": "0.17800", "2018-03-31": "0.19170", "2017-12-31": "0.11870", "2017-09-30": "0.11130", "2017-06-30": "0.06950", "2017-03-31": "0.07250", "2016-12-31": "0.08620", "2016-09-30": "0.13270", "2016-06-30": "1.75780", "2016-03-31": "1.70200", "2015-12-31": "0.78580", "2015-09-30": "0.56570", "2015-06-30": "0.51370", "2015-03-31": "0.50070", "2014-12-31": "0.40890", "2014-09-30": "0.38620", "2014-06-30": "0.37030", "2014-03-31": "0.32100", "2013-12-31": "0.23950", "2013-09-30": "2.07370", "2013-06-30": "", "2013-03-31": "", "2012-12-31": "0.15260", "2012-09-30": "", "2012-06-30": "", "2012-03-31": "", "2011-12-31": "", "2010-12-31": ""}, "Long-term Debt / Capital": {"2020-09-30": "0.64630", "2020-06-30": "0.68710", "2020-03-31": "0.68530", "2019-12-31": "0.63170", "2019-09-30": "0.61420", "2019-06-30": "0.49350", "2019-03-31": "0.49640", "2018-12-31": "0.49350", "2018-09-30": "0.49120", "2018-06-30": "0.49550", "2018-03-31": "0.49400", "2017-12-31": "0.48540", "2017-09-30": "0.48480", "2017-06-30": "0.48890", "2017-03-31": "0.49420", "2016-12-31": "0.48760", "2016-09-30": "0.47110", "2016-06-30": "0.65660", "2016-03-31": "0.65550", "2015-12-31": "0.61730", "2015-09-30": "0.62790", "2015-06-30": "0.63960", "2015-03-31": "0.64740", "2014-12-31": "0.64190", "2014-09-30": "0.64390", "2014-06-30": "0.65150", "2014-03-31": "0.65760", "2013-12-31": "0.65440", "2013-09-30": "0.81220", "2013-06-30": "", "2013-03-31": "", "2012-12-31": "0.77040", "2012-09-30": "", "2012-06-30": "", "2012-03-31": "", "2011-12-31": "", "2010-12-31": ""}, "Debt/Equity Ratio": {"2020-09-30": "2.36920", "2020-06-30": "2.75480", "2020-03-31": "2.73330", "2019-12-31": "2.24100", "2019-09-30": "2.08120", "2019-06-30": "1.82550", "2019-03-31": "1.84940", "2018-12-31": "1.83030", "2018-09-30": "1.87470", "2018-06-30": "1.91020", "2018-03-31": "1.90080", "2017-12-31": "1.88340", "2017-09-30": "1.88080", "2017-06-30": "1.91510", "2017-03-31": "1.93230", "2016-12-31": "1.87710", "2016-09-30": "1.77300", "2016-06-30": "1.91240", "2016-03-31": "1.90230", "2015-12-31": "1.85600", "2015-09-30": "1.94090", "2015-06-30": "2.03180", "2015-03-31": "2.09980", "2014-12-31": "2.05810", "2014-09-30": "2.07650", "2014-06-30": "2.14280", "2014-03-31": "2.19250", "2013-12-31": "2.16580", "2013-09-30": "4.32520", "2013-06-30": "", "2013-03-31": "", "2012-12-31": "4.78960", "2012-09-30": "", "2012-06-30": "", "2012-03-31": "", "2011-12-31": "", "2010-12-31": ""}, "Gross Margin": {"2020-09-30": "100.00000", "2020-06-30": "100.00000", "2020-03-31": "100.00000", "2019-12-31": "100.00000", "2019-09-30": "100.00000", "2019-06-30": "100.00000", "2019-03-31": "100.00000", "2018-12-31": "100.00000", "2018-09-30": "100.00000", "2018-06-30": "100.00000", "2018-03-31": "100.00000", "2017-12-31": "100.00000", "2017-09-30": "100.00000", "2017-06-30": "100.00000", "2017-03-31": "100.00000", "2016-12-31": "100.00000", "2016-09-30": "100.00000", "2016-06-30": "100.00000", "2016-03-31": "100.00000", "2015-12-31": "100.00000", "2015-09-30": "100.00000", "2015-06-30": "100.00000", "2015-03-31": "100.00000", "2014-12-31": "100.00000", "2014-09-30": "100.00000", "2014-06-30": "100.00000", "2014-03-31": "100.00000", "2013-12-31": "100.00000", "2013-09-30": "100.00000", "2013-06-30": "100.00000", "2013-03-31": "100.00000", "2012-12-31": "100.00000", "2012-09-30": "100.00000", "2012-06-30": "100.00000", "2012-03-31": "100.00000", "2011-12-31": "", "2010-12-31": ""}, "Operating Margin": {"2020-09-30": "19.75560", "2020-06-30": "8.01310", "2020-03-31": "15.90040", "2019-12-31": "20.07790", "2019-09-30": "30.16610", "2019-06-30": "31.03630", "2019-03-31": "23.03210", "2018-12-31": "25.97110", "2018-09-30": "34.59710", "2018-06-30": "33.43350", "2018-03-31": "23.08150", "2017-12-31": "30.34130", "2017-09-30": "33.60770", "2017-06-30": "29.09360", "2017-03-31": "18.18990", "2016-12-31": "23.96010", "2016-09-30": "34.22650", "2016-06-30": "31.46500", "2016-03-31": "22.17150", "2015-12-31": "66.49870", "2015-09-30": "32.12400", "2015-06-30": "34.46410", "2015-03-31": "24.31090", "2014-12-31": "24.30280", "2014-09-30": "33.55100", "2014-06-30": "33.00420", "2014-03-31": "22.27130", "2013-12-31": "19.81450", "2013-09-30": "31.89350", "2013-06-30": "31.39430", "2013-03-31": "25.95890", "2012-12-31": "100.00000", "2012-09-30": "31.81010", "2012-06-30": "100.00000", "2012-03-31": "100.00000", "2011-12-31": "", "2010-12-31": ""}, "EBIT Margin": {"2020-09-30": "19.75560", "2020-06-30": "8.01310", "2020-03-31": "15.90040", "2019-12-31": "20.07790", "2019-09-30": "30.16610", "2019-06-30": "31.03630", "2019-03-31": "23.03210", "2018-12-31": "25.97110", "2018-09-30": "34.59710", "2018-06-30": "33.43350", "2018-03-31": "23.08150", "2017-12-31": "30.34130", "2017-09-30": "33.60770", "2017-06-30": "29.09360", "2017-03-31": "18.18990", "2016-12-31": "23.96010", "2016-09-30": "34.22650", "2016-06-30": "31.46500", "2016-03-31": "22.17150", "2015-12-31": "66.49870", "2015-09-30": "32.12400", "2015-06-30": "34.46410", "2015-03-31": "24.31090", "2014-12-31": "24.30280", "2014-09-30": "33.55100", "2014-06-30": "33.00420", "2014-03-31": "22.27130", "2013-12-31": "19.81460", "2013-09-30": "31.89350", "2013-06-30": "31.39430", "2013-03-31": "25.95890", "2012-12-31": "100.00000", "2012-09-30": "31.81010", "2012-06-30": "100.00000", "2012-03-31": "100.00000", "2011-12-31": "", "2010-12-31": ""}, "EBITDA Margin": {"2020-09-30": "", "2020-06-30": "", "2020-03-31": "", "2019-12-31": "", "2019-09-30": "", "2019-06-30": "", "2019-03-31": "", "2018-12-31": "", "2018-09-30": "", "2018-06-30": "", "2018-03-31": "", "2017-12-31": "", "2017-09-30": "", "2017-06-30": "", "2017-03-31": "", "2016-12-31": "", "2016-09-30": "", "2016-06-30": "", "2016-03-31": "", "2015-12-31": "", "2015-09-30": "", "2015-06-30": "", "2015-03-31": "", "2014-12-31": "", "2014-09-30": "", "2014-06-30": "", "2014-03-31": "", "2013-12-31": "", "2013-09-30": "", "2013-06-30": "", "2013-03-31": "", "2012-12-31": "", "2012-09-30": "", "2012-06-30": "", "2012-03-31": "", "2011-12-31": "", "2010-12-31": ""}, "Pre-Tax Profit Margin": {"2020-09-30": "8.52080", "2020-06-30": "-6.42110", "2020-03-31": "3.36270", "2019-12-31": "8.91600", "2019-09-30": "19.15600", "2019-06-30": "21.89230", "2019-03-31": "12.43460", "2018-12-31": "15.96640", "2018-09-30": "25.83660", "2018-06-30": "23.76720", "2018-03-31": "12.38960", "2017-12-31": "19.48500", "2017-09-30": "24.66610", "2017-06-30": "19.40760", "2017-03-31": "7.06070", "2016-12-31": "12.94720", "2016-09-30": "20.57200", "2016-06-30": "20.68400", "2016-03-31": "6.13750", "2015-12-31": "54.17820", "2015-09-30": "22.05670", "2015-06-30": "24.28870", "2015-03-31": "12.80780", "2014-12-31": "12.33640", "2014-09-30": "23.38040", "2014-06-30": "18.77580", "2014-03-31": "7.82050", "2013-12-31": "-8.69060", "2013-09-30": "14.99270", "2013-06-30": "13.41440", "2013-03-31": "5.69120", "2012-12-31": "100.00000", "2012-09-30": "12.92380", "2012-06-30": "100.00000", "2012-03-31": "100.00000", "2011-12-31": "", "2010-12-31": ""}, "Net Profit Margin": {"2020-09-30": "8.47180", "2020-06-30": "-5.35580", "2020-03-31": "1.71010", "2019-12-31": "-16.47940", "2019-09-30": "12.34490", "2019-06-30": "16.52890", "2019-03-31": "7.89930", "2018-12-31": "-13.44290", "2018-09-30": "20.48050", "2018-06-30": "19.33310", "2018-03-31": "4.98780", "2017-12-31": "-16.49730", "2017-09-30": "15.35520", "2017-06-30": "15.30160", "2017-03-31": "7.93870", "2016-12-31": "-18.39510", "2016-09-30": "13.13210", "2016-06-30": "18.24850", "2016-03-31": "5.92780", "2015-12-31": "-1.39940", "2015-09-30": "10.44500", "2015-06-30": "17.03820", "2015-03-31": "7.49260", "2014-12-31": "-20.62490", "2014-09-30": "12.95960", "2014-06-30": "13.43090", "2014-03-31": "3.99160", "2013-12-31": "-4.07150", "2013-09-30": "14.71560", "2013-06-30": "12.79720", "2013-03-31": "5.23600", "2012-12-31": "-13.83970", "2012-09-30": "11.77650", "2012-06-30": "8.21160", "2012-03-31": "0.54420", "2011-12-31": "", "2010-12-31": ""}, "Asset Turnover": {"2020-09-30": "0.07020", "2020-06-30": "0.05310", "2020-03-31": "0.06060", "2019-12-31": "0.07050", "2019-09-30": "0.08010", "2019-06-30": "0.08220", "2019-03-31": "0.07080", "2018-12-31": "0.07380", "2018-09-30": "0.08710", "2018-06-30": "0.08450", "2018-03-31": "0.07460", "2017-12-31": "0.07420", "2017-09-30": "0.08530", "2017-06-30": "0.08310", "2017-03-31": "0.07050", "2016-12-31": "0.07070", "2016-09-30": "0.08330", "2016-06-30": "0.07550", "2016-03-31": "0.06490", "2015-12-31": "0.06540", "2015-09-30": "0.07900", "2015-06-30": "0.07500", "2015-03-31": "0.06380", "2014-12-31": "0.06350", "2014-09-30": "0.07510", "2014-06-30": "0.07150", "2014-03-31": "0.05980", "2013-12-31": "0.06040", "2013-09-30": "0.06800", "2013-06-30": "", "2013-03-31": "", "2012-12-31": "0.05580", "2012-09-30": "", "2012-06-30": "", "2012-03-31": "", "2011-12-31": "", "2010-12-31": ""}, "Inventory Turnover Ratio": {"2020-09-30": "", "2020-06-30": "", "2020-03-31": "", "2019-12-31": "", "2019-09-30": "", "2019-06-30": "", "2019-03-31": "", "2018-12-31": "", "2018-09-30": "", "2018-06-30": "", "2018-03-31": "", "2017-12-31": "", "2017-09-30": "", "2017-06-30": "", "2017-03-31": "", "2016-12-31": "", "2016-09-30": "", "2016-06-30": "", "2016-03-31": "", "2015-12-31": "", "2015-09-30": "", "2015-06-30": "", "2015-03-31": "", "2014-12-31": "", "2014-09-30": "", "2014-06-30": "", "2014-03-31": "", "2013-12-31": "", "2013-09-30": "", "2013-06-30": "", "2013-03-31": "", "2012-12-31": "", "2012-09-30": "", "2012-06-30": "", "2012-03-31": "", "2011-12-31": "", "2010-12-31": ""}, "Receiveable Turnover": {"2020-09-30": "19.64870", "2020-06-30": "17.23160", "2020-03-31": "17.26200", "2019-12-31": "20.27090", "2019-09-30": "15.17150", "2019-06-30": "13.93090", "2019-03-31": "13.00250", "2018-12-31": "14.65500", "2018-09-30": "14.52170", "2018-06-30": "14.19120", "2018-03-31": "13.81040", "2017-12-31": "14.01910", "2017-09-30": "12.79690", "2017-06-30": "13.69390", "2017-03-31": "14.28110", "2016-12-31": "14.19230", "2016-09-30": "12.97380", "2016-06-30": "13.08910", "2016-03-31": "14.72240", "2015-12-31": "16.31440", "2015-09-30": "13.71360", "2015-06-30": "9.30220", "2015-03-31": "9.99590", "2014-12-31": "10.64670", "2014-09-30": "9.88040", "2014-06-30": "9.90410", "2014-03-31": "10.44820", "2013-12-31": "12.46280", "2013-09-30": "10.65000", "2013-06-30": "", "2013-03-31": "", "2012-12-31": "13.50770", "2012-09-30": "", "2012-06-30": "", "2012-03-31": "", "2011-12-31": "", "2010-12-31": ""}, "Days Sales In Receivables": {"2020-09-30": "4.58050", "2020-06-30": "5.22300", "2020-03-31": "5.21380", "2019-12-31": "4.43990", "2019-09-30": "5.93220", "2019-06-30": "6.46050", "2019-03-31": "6.92170", "2018-12-31": "6.14120", "2018-09-30": "6.19760", "2018-06-30": "6.34200", "2018-03-31": "6.51680", "2017-12-31": "6.41980", "2017-09-30": "7.03290", "2017-06-30": "6.57230", "2017-03-31": "6.30210", "2016-12-31": "6.34150", "2016-09-30": "6.93710", "2016-06-30": "6.87600", "2016-03-31": "6.11310", "2015-12-31": "5.51660", "2015-09-30": "6.56280", "2015-06-30": "9.67520", "2015-03-31": "9.00370", "2014-12-31": "8.45330", "2014-09-30": "9.10890", "2014-06-30": "9.08710", "2014-03-31": "8.61390", "2013-12-31": "7.22150", "2013-09-30": "8.45070", "2013-06-30": "", "2013-03-31": "", "2012-12-31": "6.66280", "2012-09-30": "", "2012-06-30": "", "2012-03-31": "", "2011-12-31": "", "2010-12-31": ""}, "ROE - Return On Equity": {"2020-09-30": "2.77670", "2020-06-30": "-0.79560", "2020-03-31": "0.70620", "2019-12-31": "2.02730", "2019-09-30": "4.20300", "2019-06-30": "4.54360", "2019-03-31": "2.19060", "2018-12-31": "3.00610", "2018-09-30": "5.74080", "2018-06-30": "5.06490", "2018-03-31": "2.38890", "2017-12-31": "2.98330", "2017-09-30": "4.91320", "2017-06-30": "3.75270", "2017-03-31": "1.20590", "2016-12-31": "2.18900", "2016-09-30": "3.94180", "2016-06-30": "4.27270", "2016-03-31": "1.02220", "2015-12-31": "8.87770", "2015-09-30": "4.04150", "2015-06-30": "4.56820", "2015-03-31": "2.01170", "2014-12-31": "2.01570", "2014-09-30": "4.32240", "2014-06-30": "3.39540", "2014-03-31": "1.19720", "2013-12-31": "-1.14660", "2013-09-30": "5.58750", "2013-06-30": "", "2013-03-31": "", "2012-12-31": "-4.60620", "2012-09-30": "", "2012-06-30": "", "2012-03-31": "", "2011-12-31": "", "2010-12-31": ""}, "Return On Tangible Equity": {"2020-09-30": "2.98070", "2020-06-30": "-0.85630", "2020-03-31": "0.76010", "2019-12-31": "2.17400", "2019-09-30": "4.47970", "2019-06-30": "4.82730", "2019-03-31": "2.32280", "2018-12-31": "3.18570", "2018-09-30": "6.07640", "2018-06-30": "5.38320", "2018-03-31": "2.53850", "2017-12-31": "3.16160", "2017-09-30": "5.20780", "2017-06-30": "3.98310", "2017-03-31": "1.27990", "2016-12-31": "2.32740", "2016-09-30": "4.17920", "2016-06-30": "4.53330", "2016-03-31": "1.08450", "2015-12-31": "9.40370", "2015-09-30": "4.29040", "2015-06-30": "4.86530", "2015-03-31": "2.14650", "2014-12-31": "2.15080", "2014-09-30": "4.61270", "2014-06-30": "3.62960", "2014-03-31": "1.28150", "2013-12-31": "-1.22770", "2013-09-30": "6.25540", "2013-06-30": "", "2013-03-31": "", "2012-12-31": "-5.23190", "2012-09-30": "", "2012-06-30": "", "2012-03-31": "", "2011-12-31": "", "2010-12-31": ""}, "ROA - Return On Assets": {"2020-09-30": "0.77380", "2020-06-30": "-0.20170", "2020-03-31": "0.17860", "2019-12-31": "0.59160", "2019-09-30": "1.28100", "2019-06-30": "1.51430", "2019-03-31": "0.72410", "2018-12-31": "1.00400", "2018-09-30": "1.87700", "2018-06-30": "1.64560", "2018-03-31": "0.77910", "2017-12-31": "0.98500", "2017-09-30": "1.61150", "2017-06-30": "1.22140", "2017-03-31": "0.38920", "2016-12-31": "0.72120", "2016-09-30": "1.34050", "2016-06-30": "1.39310", "2016-03-31": "0.33280", "2015-12-31": "2.91750", "2015-09-30": "1.27640", "2015-06-30": "1.42780", "2015-03-31": "0.61760", "2014-12-31": "0.62940", "2014-09-30": "1.33500", "2014-06-30": "1.02730", "2014-03-31": "0.35600", "2013-12-31": "-0.34560", "2013-09-30": "1.00990", "2013-06-30": "", "2013-03-31": "", "2012-12-31": "-0.77200", "2012-09-30": "", "2012-06-30": "", "2012-03-31": "", "2011-12-31": "", "2010-12-31": ""}, "ROI - Return On Investment": {"2020-09-30": "0.98220", "2020-06-30": "-0.24890", "2020-03-31": "0.22220", "2019-12-31": "0.74660", "2019-09-30": "1.62150", "2019-06-30": "2.30130", "2019-03-31": "1.10310", "2018-12-31": "1.52250", "2018-09-30": "2.92110", "2018-06-30": "2.55500", "2018-03-31": "1.20880", "2017-12-31": "1.53510", "2017-09-30": "2.53150", "2017-06-30": "1.91790", "2017-03-31": "0.60990", "2016-12-31": "1.12170", "2016-09-30": "2.08480", "2016-06-30": "1.46700", "2016-03-31": "0.35220", "2015-12-31": "3.39740", "2015-09-30": "1.50380", "2015-06-30": "1.64650", "2015-03-31": "0.70930", "2014-12-31": "0.72170", "2014-09-30": "1.53910", "2014-06-30": "1.18340", "2014-03-31": "0.40990", "2013-12-31": "-0.39620", "2013-09-30": "1.04930", "2013-06-30": "", "2013-03-31": "", "2012-12-31": "-1.05770", "2012-09-30": "", "2012-06-30": "", "2012-03-31": "", "2011-12-31": "", "2010-12-31": ""}, "Book Value Per Share": {"2020-09-30": "6.38730", "2020-06-30": "6.21120", "2020-03-31": "6.25970", "2019-12-31": "6.55370", "2019-09-30": "6.86430", "2019-06-30": "6.96890", "2019-03-31": "6.88230", "2018-12-31": "6.96330", "2018-09-30": "6.99410", "2018-06-30": "6.85000", "2018-03-31": "6.82820", "2017-12-31": "7.00600", "2017-09-30": "7.01230", "2017-06-30": "6.88310", "2017-03-31": "6.85620", "2016-12-31": "7.04810", "2016-09-30": "7.23120", "2016-06-30": "7.15440", "2016-03-31": "7.11390", "2015-12-31": "7.27470", "2015-09-30": "7.04170", "2015-06-30": "6.93340", "2015-03-31": "6.76760", "2014-12-31": "6.79320", "2014-09-30": "6.80460", "2014-06-30": "6.65930", "2014-03-31": "6.56030", "2013-12-31": "6.54930", "2013-09-30": "4.07060", "2013-06-30": "", "2013-03-31": "", "2012-12-31": "", "2012-09-30": "", "2012-06-30": "", "2012-03-31": "", "2011-12-31": "", "2010-12-31": ""}, "Operating Cash Flow Per Share": {"2020-09-30": 0.5977, "2020-06-30": 0.1033, "2020-03-31": "0.51800", "2019-12-31": 0.3293, "2019-09-30": 0.7306, "2019-06-30": 0.5398, "2019-03-31": "0.54110", "2018-12-31": 0.3459, "2018-09-30": 0.8217, "2018-06-30": 0.5857, "2018-03-31": "0.61660", "2017-12-31": 0.3887, "2017-09-30": 0.7724, "2017-06-30": 0.5808, "2017-03-31": "0.56370", "2016-12-31": 0.4302, "2016-09-30": 0.731, "2016-06-30": 0.5381, "2016-03-31": "0.40500", "2015-12-31": 0.3122, "2015-09-30": 0.6929, "2015-06-30": 0.5891, "2015-03-31": "0.50240", "2014-12-31": 0.3286, "2014-09-30": 0.5676, "2014-06-30": 0.5606, "2014-03-31": "0.35480", "2013-12-31": 0.1599, "2013-09-30": 0.6341, "2013-06-30": 0.4895, "2013-03-31": "0.48260", "2012-12-31": 0.0326, "2012-09-30": 1.1273, "2012-06-30": 0, "2012-03-31": "", "2011-12-31": 0, "2010-12-31": 0}, "Free Cash Flow Per Share": {"2020-09-30": 0.3778, "2020-06-30": -0.1828, "2020-03-31": "0.21360", "2019-12-31": -0.0469, "2019-09-30": 0.376, "2019-06-30": 0.2571, "2019-03-31": "0.25910", "2018-12-31": 0.2187, "2018-09-30": 1.1464, "2018-06-30": 0.3652, "2018-03-31": "1.24840", "2017-12-31": 0.299, "2017-09-30": 0.5658, "2017-06-30": 0.5961, "2017-03-31": "0.31570", "2016-12-31": 0.1371, "2016-09-30": 0.4467, "2016-06-30": 0.2714, "2016-03-31": "0.12660", "2015-12-31": 1.3515, "2015-09-30": 0.3654, "2015-06-30": 0.3984, "2015-03-31": "0.33510", "2014-12-31": 0.0971, "2014-09-30": 0.3873, "2014-06-30": 0.3829, "2014-03-31": "0.11300", "2013-12-31": -0.1331, "2013-09-30": 0.4054, "2013-06-30": 0.2426, "2013-03-31": "0.27240", "2012-12-31": -0.3816, "2012-09-30": -0.0242, "2012-06-30": 0, "2012-03-31": "", "2011-12-31": 0, "2010-12-31": 0}}, "revenue": {"Extended Stay America Annual Revenue (Millions of US $)": {"2019": "$1,218", "2018": "$1,275", "2017": "$1,283", "2016": "$1,271", "2015": "$1,285", "2014": "$1,213", "2013": "$1,133", "2012": "$1,011", "2011": "$943", "2010": "$876"}, "Extended Stay America Quarterly Revenue (Millions of US $)": {"2020-09-30": "$286", "2020-06-30": "$231", "2020-03-31": "$266", "2019-12-31": "$284", "2019-09-30": "$333", "2019-06-30": "$324", "2019-03-31": "$278", "2018-12-31": "$290", "2018-09-30": "$351", "2018-06-30": "$337", "2018-03-31": "$298", "2017-12-31": "$303", "2017-09-30": "$351", "2017-06-30": "$338", "2017-03-31": "$291", "2016-12-31": "$296", "2016-09-30": "$355", "2016-06-30": "$333", "2016-03-31": "$288", "2015-12-31": "$296", "2015-09-30": "$361", "2015-06-30": "$340", "2015-03-31": "$288", "2014-12-31": "$283", "2014-09-30": "$339", "2014-06-30": "$322", "2014-03-31": "$270", "2013-12-31": "$269", "2013-09-30": "$314", "2013-06-30": "$294", "2013-03-31": "$257", "2012-12-31": "$251", "2012-09-30": "$281", "2012-06-30": "$256", "2012-03-31": "$223", "2011-12-31": "", "2010-12-31": ""}}, "gross-profit": {"Extended Stay America Annual Gross Profit (Millions of US $)": {"2019": "$1,218", "2018": "$1,275", "2017": "$1,283", "2016": "$1,271", "2015": "$1,285", "2014": "$1,213", "2013": "$1,133", "2012": "$1,011", "2011": "$943", "2010": "$876"}, "Extended Stay America Quarterly Gross Profit (Millions of US $)": {"2020-09-30": "$286", "2020-06-30": "$231", "2020-03-31": "$266", "2019-12-31": "$284", "2019-09-30": "$333", "2019-06-30": "$324", "2019-03-31": "$278", "2018-12-31": "$290", "2018-09-30": "$351", "2018-06-30": "$337", "2018-03-31": "$298", "2017-12-31": "$303", "2017-09-30": "$351", "2017-06-30": "$338", "2017-03-31": "$291", "2016-12-31": "$296", "2016-09-30": "$355", "2016-06-30": "$333", "2016-03-31": "$288", "2015-12-31": "$296", "2015-09-30": "$361", "2015-06-30": "$340", "2015-03-31": "$288", "2014-12-31": "$283", "2014-09-30": "$339", "2014-06-30": "$322", "2014-03-31": "$270", "2013-12-31": "$269", "2013-09-30": "$314", "2013-06-30": "$294", "2013-03-31": "$257", "2012-12-31": "$251", "2012-09-30": "$281", "2012-06-30": "$256", "2012-03-31": "$223", "2011-12-31": "", "2010-12-31": ""}}, "operating-income": {"Extended Stay America Annual Operating Income (Millions of US $)": {"2019": "$322", "2018": "$378", "2017": "$361", "2016": "$361", "2015": "$500", "2014": "$349", "2013": "$312", "2012": "$284", "2011": "$266", "2010": "$-51"}, "Extended Stay America Quarterly Operating Income (Millions of US $)": {"2020-09-30": "$56", "2020-06-30": "$18", "2020-03-31": "$42", "2019-12-31": "$57", "2019-09-30": "$100", "2019-06-30": "$100", "2019-03-31": "$64", "2018-12-31": "$75", "2018-09-30": "$121", "2018-06-30": "$113", "2018-03-31": "$69", "2017-12-31": "$92", "2017-09-30": "$118", "2017-06-30": "$98", "2017-03-31": "$53", "2016-12-31": "$71", "2016-09-30": "$121", "2016-06-30": "$105", "2016-03-31": "$64", "2015-12-31": "$197", "2015-09-30": "$116", "2015-06-30": "$117", "2015-03-31": "$70", "2014-12-31": "$69", "2014-09-30": "$114", "2014-06-30": "$106", "2014-03-31": "$60", "2013-12-31": "$53", "2013-09-30": "$100", "2013-06-30": "$92", "2013-03-31": "$67", "2012-12-31": "$251", "2012-09-30": "$90", "2012-06-30": "$256", "2012-03-31": "$223", "2011-12-31": "", "2010-12-31": ""}}, "ebitda": {"Extended Stay America Annual EBITDA (Millions of US $)": {"2019": "$533", "2018": "$594", "2017": "$598", "2016": "$613", "2015": "$716", "2014": "$555", "2013": "$504", "2012": "$459", "2011": "$396", "2010": "$269"}, "Extended Stay America Quarterly EBITDA (Millions of US $)": {"2020-09-30": "$111", "2020-06-30": "$72", "2020-03-31": "$95", "2019-12-31": "$109", "2019-09-30": "$158", "2019-06-30": "$151", "2019-03-31": "$115", "2018-12-31": "$126", "2018-09-30": "$175", "2018-06-30": "$168", "2018-03-31": "$125", "2017-12-31": "$150", "2017-09-30": "$177", "2017-06-30": "$158", "2017-03-31": "$113", "2016-12-31": "$130", "2016-09-30": "$192", "2016-06-30": "$162", "2016-03-31": "$128", "2015-12-31": "$252", "2015-09-30": "$171", "2015-06-30": "$172", "2015-03-31": "$122", "2014-12-31": "$120", "2014-09-30": "$164", "2014-06-30": "$162", "2014-03-31": "$109", "2013-12-31": "$112", "2013-09-30": "$146", "2013-06-30": "$136", "2013-03-31": "$111", "2012-12-31": "$325", "2012-09-30": "$90", "2012-06-30": "$256", "2012-03-31": "$223", "2011-12-31": "", "2010-12-31": ""}}, "net-income": {"Extended Stay America Annual Net Income (Millions of US $)": {"2019": "$70", "2018": "$113", "2017": "$79", "2016": "$70", "2015": "$113", "2014": "$40", "2013": "$86", "2012": "$21", "2011": "$46", "2010": "$1,767"}, "Extended Stay America Quarterly Net Income (Millions of US $)": {"2020-09-30": "$24", "2020-06-30": "$-12", "2020-03-31": "$5", "2019-12-31": "$-47", "2019-09-30": "$41", "2019-06-30": "$53", "2019-03-31": "$22", "2018-12-31": "$-39", "2018-09-30": "$72", "2018-06-30": "$65", "2018-03-31": "$15", "2017-12-31": "$-50", "2017-09-30": "$54", "2017-06-30": "$52", "2017-03-31": "$23", "2016-12-31": "$-54", "2016-09-30": "$47", "2016-06-30": "$61", "2016-03-31": "$17", "2015-12-31": "$-4", "2015-09-30": "$38", "2015-06-30": "$58", "2015-03-31": "$22", "2014-12-31": "$-58", "2014-09-30": "$44", "2014-06-30": "$43", "2014-03-31": "$11", "2013-12-31": "$-11", "2013-09-30": "$46", "2013-06-30": "$38", "2013-03-31": "$13", "2012-12-31": "$-35", "2012-09-30": "$33", "2012-06-30": "$21", "2012-03-31": "$1", "2011-12-31": "", "2010-12-31": ""}}, "eps-earnings-per-share-diluted": {"Extended Stay America Annual EPS": {"2019": "$0.37", "2018": "$0.59", "2017": "$0.41", "2016": "$0.35", "2015": "$0.55", "2014": "$0.19", "2013": "$0.49", "2012": "$0.12", "2011": "$0.26", "2010": "$0.00"}, "Extended Stay America Quarterly EPS": {"2020-09-30": "$0.14", "2020-06-30": "$-0.07", "2020-03-31": "$0.03", "2019-12-31": "$-0.25", "2019-09-30": "$0.22", "2019-06-30": "$0.28", "2019-03-31": "$0.12", "2018-12-31": "$-0.21", "2018-09-30": "$0.38", "2018-06-30": "$0.34", "2018-03-31": "$0.08", "2017-12-31": "$-0.26", "2017-09-30": "$0.28", "2017-06-30": "$0.27", "2017-03-31": "$0.12", "2016-12-31": "$-0.26", "2016-09-30": "$0.23", "2016-06-30": "$0.30", "2016-03-31": "$0.08", "2015-12-31": "$-0.02", "2015-09-30": "$0.18", "2015-06-30": "$0.28", "2015-03-31": "$0.11", "2014-12-31": "$-0.28", "2014-09-30": "$0.21", "2014-06-30": "$0.21", "2014-03-31": "$0.05", "2013-12-31": "$-0.08", "2013-09-30": "$0.27", "2013-06-30": "$0.22", "2013-03-31": "$0.08", "2012-12-31": "$-0.20", "2012-09-30": "$0.19", "2012-06-30": "$0.12", "2012-03-31": "$0.01", "2011-12-31": "$0.00", "2010-12-31": "$0.00"}}, "shares-outstanding": {"Extended Stay America Annual Shares Outstanding (Millions of Shares)": {"2019": "187", "2018": "190", "2017": "194", "2016": "201", "2015": "205", "2014": "205", "2013": "176", "2012": "172", "2011": "171", "2010": ""}, "Extended Stay America Quarterly Shares Outstanding (Millions of Shares)": {"2020-09-30": "178", "2020-06-30": "178", "2020-03-31": "178", "2019-12-31": "187", "2019-09-30": "187", "2019-06-30": "189", "2019-03-31": "189", "2018-12-31": "190", "2018-09-30": "189", "2018-06-30": "190", "2018-03-31": "193", "2017-12-31": "194", "2017-09-30": "193", "2017-06-30": "194", "2017-03-31": "195", "2016-12-31": "201", "2016-09-30": "201", "2016-06-30": "202", "2016-03-31": "204", "2015-12-31": "205", "2015-09-30": "205", "2015-06-30": "205", "2015-03-31": "204", "2014-12-31": "205", "2014-09-30": "205", "2014-06-30": "204", "2014-03-31": "204", "2013-12-31": "176", "2013-09-30": "172", "2013-06-30": "172", "2013-03-31": "172", "2012-12-31": "173", "2012-09-30": "172", "2012-06-30": "175", "2012-03-31": "121", "2011-12-31": "", "2010-12-31": ""}}, "total-assets": {"Extended Stay America Annual Total Assets (Millions of US $)": {"2019": "$4,031", "2018": "$3,924", "2017": "$4,076", "2016": "$4,180", "2015": "$4,529", "2014": "$4,449", "2013": "$4,450", "2012": "$4,492", "2011": "$4,357", "2010": "$0"}, "Extended Stay America Quarterly Total Assets (Millions of US $)": {"2020-09-30": "$4,070", "2020-06-30": "$4,348", "2020-03-31": "$4,393", "2019-12-31": "$4,031", "2019-09-30": "$4,155", "2019-06-30": "$3,940", "2019-03-31": "$3,923", "2018-12-31": "$3,924", "2018-09-30": "$4,033", "2018-06-30": "$3,985", "2018-03-31": "$3,991", "2017-12-31": "$4,076", "2017-09-30": "$4,111", "2017-06-30": "$4,071", "2017-03-31": "$4,127", "2016-12-31": "$4,180", "2016-09-30": "$4,257", "2016-06-30": "$4,407", "2016-03-31": "$4,433", "2015-12-31": "$4,529", "2015-09-30": "$4,562", "2015-06-30": "$4,539", "2015-03-31": "$4,511", "2014-12-31": "$4,449", "2014-09-30": "$4,508", "2014-06-30": "$4,505", "2014-03-31": "$4,517", "2013-12-31": "$4,450", "2013-09-30": "$4,612", "2013-06-30": "$0", "2013-03-31": "$0", "2012-12-31": "$4,492", "2012-09-30": "$0", "2012-06-30": "$0", "2012-03-31": "$0", "2011-12-31": "$4,357", "2010-12-31": "$0"}}, "cash-on-hand": {"Extended Stay America Annual Cash on Hand (Millions of US $)": {"2019": "$362", "2018": "$303", "2017": "$151", "2016": "$106", "2015": "$458", "2014": "$195", "2013": "$108", "2012": "$165", "2011": "$335", "2010": "$"}, "Extended Stay America Quarterly Cash on Hand (Millions of US $)": {"2020-09-30": "$396", "2020-06-30": "$682", "2020-03-31": "$725", "2019-12-31": "$362", "2019-09-30": "$503", "2019-06-30": "$303", "2019-03-31": "$304", "2018-12-31": "$303", "2018-09-30": "$387", "2018-06-30": "$227", "2018-03-31": "$249", "2017-12-31": "$151", "2017-09-30": "$138", "2017-06-30": "$78", "2017-03-31": "$86", "2016-12-31": "$106", "2016-09-30": "$171", "2016-06-30": "$327", "2016-03-31": "$359", "2015-12-31": "$458", "2015-09-30": "$301", "2015-06-30": "$260", "2015-03-31": "$249", "2014-12-31": "$195", "2014-09-30": "$182", "2014-06-30": "$177", "2014-03-31": "$156", "2013-12-31": "$108", "2013-09-30": "$311", "2013-06-30": "", "2013-03-31": "", "2012-12-31": "$165", "2012-09-30": "", "2012-06-30": "", "2012-03-31": "", "2011-12-31": "$335", "2010-12-31": ""}}, "long-term-debt": {"Extended Stay America Annual Long Term Debt (Millions of US $)": {"2019": "$2,018", "2018": "$1,277", "2017": "$1,270", "2016": "$1,311", "2015": "$2,401", "2014": "$2,491", "2013": "$2,540", "2012": "$2,526", "2011": "$1,980", "2010": "$"}, "Extended Stay America Quarterly Long Term Debt (Millions of US $)": {"2020-09-30": "$2,072", "2020-06-30": "$2,421", "2020-03-31": "$2,419", "2019-12-31": "$2,018", "2019-09-30": "$2,016", "2019-06-30": "$1,279", "2019-03-31": "$1,278", "2018-12-31": "$1,277", "2018-09-30": "$1,273", "2018-06-30": "$1,272", "2018-03-31": "$1,271", "2017-12-31": "$1,270", "2017-09-30": "$1,269", "2017-06-30": "$1,268", "2017-03-31": "$1,302", "2016-12-31": "$1,311", "2016-09-30": "$1,289", "2016-06-30": "$2,748", "2016-03-31": "$2,746", "2015-12-31": "$2,401", "2015-09-30": "$2,431", "2015-06-30": "$2,517", "2015-03-31": "$2,543", "2014-12-31": "$2,491", "2014-09-30": "$2,518", "2014-06-30": "$2,548", "2014-03-31": "$2,580", "2013-12-31": "$2,540", "2013-09-30": "$3,606", "2013-06-30": "", "2013-03-31": "", "2012-12-31": "$2,526", "2012-09-30": "", "2012-06-30": "", "2012-03-31": "", "2011-12-31": "$1,980", "2010-12-31": ""}}, "total-liabilities": {"Extended Stay America Annual Total Liabilities (Millions of US $)": {"2019": "$2,854", "2018": "$2,614", "2017": "$2,730", "2016": "$2,803", "2015": "$3,041", "2014": "$3,060", "2013": "$3,108", "2012": "$3,739", "2011": "$2,806", "2010": "$0"}, "Extended Stay America Quarterly Total Liabilities (Millions of US $)": {"2020-09-30": "$2,936", "2020-06-30": "$3,246", "2020-03-31": "$3,282", "2019-12-31": "$2,854", "2019-09-30": "$2,889", "2019-06-30": "$2,627", "2019-03-31": "$2,626", "2018-12-31": "$2,614", "2018-09-30": "$2,714", "2018-06-30": "$2,690", "2018-03-31": "$2,690", "2017-12-31": "$2,730", "2017-09-30": "$2,763", "2017-06-30": "$2,746", "2017-03-31": "$2,795", "2016-12-31": "$2,803", "2016-09-30": "$2,809", "2016-06-30": "$2,970", "2016-03-31": "$2,990", "2015-12-31": "$3,041", "2015-09-30": "$3,121", "2015-06-30": "$3,120", "2015-03-31": "$3,126", "2014-12-31": "$3,060", "2014-09-30": "$3,116", "2014-06-30": "$3,142", "2014-03-31": "$3,174", "2013-12-31": "$3,108", "2013-09-30": "$3,779", "2013-06-30": "$0", "2013-03-31": "$0", "2012-12-31": "$3,739", "2012-09-30": "$0", "2012-06-30": "", "2012-03-31": "", "2011-12-31": "$2,806", "2010-12-31": "$0"}}, "total-share-holder-equity": {"Extended Stay America Annual Share Holder Equity (Millions of US $)": {"2019": "$1,176", "2018": "$1,311", "2017": "$1,346", "2016": "$1,377", "2015": "$1,488", "2014": "$1,389", "2013": "$1,341", "2012": "$753", "2011": "$1,551", "2010": "$0"}, "Extended Stay America Quarterly Share Holder Equity (Millions of US $)": {"2020-09-30": "$1,134", "2020-06-30": "$1,102", "2020-03-31": "$1,111", "2019-12-31": "$1,176", "2019-09-30": "$1,266", "2019-06-30": "$1,313", "2019-03-31": "$1,297", "2018-12-31": "$1,311", "2018-09-30": "$1,318", "2018-06-30": "$1,295", "2018-03-31": "$1,302", "2017-12-31": "$1,346", "2017-09-30": "$1,348", "2017-06-30": "$1,325", "2017-03-31": "$1,332", "2016-12-31": "$1,377", "2016-09-30": "$1,448", "2016-06-30": "$1,437", "2016-03-31": "$1,443", "2015-12-31": "$1,488", "2015-09-30": "$1,441", "2015-06-30": "$1,419", "2015-03-31": "$1,385", "2014-12-31": "$1,389", "2014-09-30": "$1,392", "2014-06-30": "$1,363", "2014-03-31": "$1,343", "2013-12-31": "$1,341", "2013-09-30": "$834", "2013-06-30": "$0", "2013-03-31": "$0", "2012-12-31": "$753", "2012-09-30": "$0", "2012-06-30": "", "2012-03-31": "", "2011-12-31": "$1,551", "2010-12-31": "$0"}}, "profit-margins": {"current": "-2.88%"}, "gross margin": {"2020-09-30": "100.00%", "2020-06-30": "100.00%", "2020-03-31": "100.00%", "2019-12-31": "100.00%", "2019-09-30": "100.00%", "2019-06-30": "100.00%", "2019-03-31": "100.00%", "2018-12-31": "100.00%", "2018-09-30": "100.00%", "2018-06-30": "100.00%", "2018-03-31": "100.00%", "2017-12-31": "100.00%", "2017-09-30": "100.00%", "2017-06-30": "100.00%", "2017-03-31": "100.00%", "2016-12-31": "100.00%", "2016-09-30": "100.00%", "2016-06-30": "100.00%", "2016-03-31": "100.00%", "2015-12-31": "100.00%", "2015-09-30": "100.00%", "2015-06-30": "100.00%", "2015-03-31": "100.00%", "2014-12-31": "100.00%", "2014-09-30": "100.00%", "2014-06-30": "100.00%", "2014-03-31": "100.00%", "2013-12-31": "100.00%", "2013-09-30": "100.00%", "2013-06-30": "100.00%", "2013-03-31": "100.00%", "2012-12-31": "100.00%"}, "operating margin": {"2020-09-30": "16.21%", "2020-06-30": "19.48%", "2020-03-31": "24.77%", "2019-12-31": "26.33%", "2019-09-30": "27.67%", "2019-06-30": "28.96%", "2019-03-31": "29.70%", "2018-12-31": "29.62%", "2018-09-30": "30.64%", "2018-06-30": "30.41%", "2018-03-31": "29.22%", "2017-12-31": "28.14%", "2017-09-30": "26.65%", "2017-06-30": "26.80%", "2017-03-31": "27.45%", "2016-12-31": "28.38%", "2016-09-30": "38.29%", "2016-06-30": "37.72%", "2016-03-31": "38.44%", "2015-12-31": "38.91%", "2015-09-30": "29.25%", "2015-06-30": "29.60%", "2015-03-31": "29.14%", "2014-12-31": "28.75%", "2014-09-30": "27.75%", "2014-06-30": "27.15%", "2014-03-31": "26.59%", "2013-12-31": "27.51%", "2013-09-30": "45.70%", "2013-06-30": "46.17%", "2013-03-31": "63.54%", "2012-12-31": "81.11%"}, "ebitda margin": {"2020-09-30": "36.27%", "2020-06-30": "38.96%", "2020-03-31": "42.50%", "2019-12-31": "43.72%", "2019-09-30": "44.90%", "2019-06-30": "45.62%", "2019-03-31": "46.50%", "2018-12-31": "46.55%", "2018-09-30": "47.94%", "2018-06-30": "48.10%", "2018-03-31": "47.29%", "2017-12-31": "46.61%", "2017-09-30": "45.30%", "2017-06-30": "46.33%", "2017-03-31": "46.82%", "2016-12-31": "48.11%", "2016-09-30": "57.70%", "2016-06-30": "55.79%", "2016-03-31": "56.26%", "2015-12-31": "55.80%", "2015-09-30": "45.99%", "2015-06-30": "46.24%", "2015-03-31": "46.10%", "2014-12-31": "45.72%", "2014-09-30": "45.58%", "2014-06-30": "45.02%", "2014-03-31": "43.85%", "2013-12-31": "44.53%", "2013-09-30": "64.34%", "2013-06-30": "61.13%", "2013-03-31": "74.83%", "2012-12-31": "88.43%"}, "pre tax profit margin": {"2020-09-30": "4.03%", "2020-06-30": "7.45%", "2020-03-31": "14.00%", "2019-12-31": "16.00%", "2019-09-30": "17.63%", "2019-06-30": "19.55%", "2019-03-31": "20.06%", "2018-12-31": "19.91%", "2018-09-30": "20.71%", "2018-06-30": "20.40%", "2018-03-31": "19.30%", "2017-12-31": "18.16%", "2017-09-30": "16.61%", "2017-06-30": "15.47%", "2017-03-31": "15.76%", "2016-12-31": "15.57%", "2016-09-30": "25.24%", "2016-06-30": "25.67%", "2016-03-31": "26.61%", "2015-12-31": "28.09%", "2015-09-30": "18.47%", "2015-06-30": "18.72%", "2015-03-31": "17.13%", "2014-12-31": "16.06%", "2014-09-30": "11.42%", "2014-06-30": "8.94%", "2014-03-31": "7.32%", "2013-12-31": "6.88%", "2013-09-30": "31.54%", "2013-06-30": "31.49%", "2013-03-31": "53.40%", "2012-12-31": "75.77%"}, "net profit margin": {"2020-09-30": "-2.81%", "2020-06-30": "-1.17%", "2020-03-31": "4.31%", "2019-12-31": "5.66%", "2019-09-30": "6.29%", "2019-06-30": "8.69%", "2019-03-31": "9.55%", "2018-12-31": "8.86%", "2018-09-30": "7.91%", "2018-06-30": "6.52%", "2018-03-31": "5.50%", "2017-12-31": "6.16%", "2017-09-30": "5.88%", "2017-06-30": "5.31%", "2017-03-31": "6.04%", "2016-12-31": "5.58%", "2016-09-30": "9.51%", "2016-06-30": "8.76%", "2016-03-31": "8.48%", "2015-12-31": "8.87%", "2015-09-30": "4.72%", "2015-06-30": "5.28%", "2015-03-31": "4.14%", "2014-12-31": "3.29%", "2014-09-30": "7.25%", "2014-06-30": "7.57%", "2014-03-31": "7.32%", "2013-12-31": "7.58%", "2013-09-30": "5.56%", "2013-06-30": "4.52%", "2013-03-31": "3.06%", "2012-12-31": "1.98%"}, "pe ratio": {"current": "41.75", "2021-02-05": "0.00", "2020-09-30": "0.00", "2020-06-30": "0.00", "2020-03-31": "26.35", "2019-12-31": "39.08", "2019-09-30": "33.30", "2019-06-30": "27.19", "2019-03-31": "25.81", "2018-12-31": "23.51", "2018-09-30": "33.12", "2018-06-30": "42.98", "2018-03-31": "46.25", "2017-12-31": "39.69", "2017-09-30": "43.37", "2017-06-30": "47.63", "2017-03-31": "35.61", "2016-12-31": "40.00", "2016-09-30": "19.45", "2016-06-30": "22.23", "2016-03-31": "24.86", "2015-12-31": "22.66", "2015-09-30": "45.86", "2015-06-30": "45.91", "2015-03-31": "61.18", "2014-12-31": "80.01", "2014-09-30": "42.84"}, "price sales": {"2021-02-05": "2.54", "2020-09-30": "1.97", "2020-06-30": "1.79", "2020-03-31": "1.09", "2019-12-31": "2.17", "2019-09-30": "2.10", "2019-06-30": "2.36", "2019-03-31": "2.46", "2018-12-31": "2.07", "2018-09-30": "2.66", "2018-06-30": "2.83", "2018-03-31": "2.57", "2017-12-31": "2.46", "2017-09-30": "2.59", "2017-06-30": "2.50", "2017-03-31": "2.07", "2016-12-31": "2.10", "2016-09-30": "1.83", "2016-06-30": "1.92", "2016-03-31": "2.06", "2015-12-31": "1.98", "2015-09-30": "2.07", "2015-06-30": "2.33", "2015-03-31": "2.44", "2014-12-31": "2.43", "2014-09-30": "2.89"}, "price book": {"current": "2.42", "2021-02-05": "2.35", "2020-09-30": "1.82", "2020-06-30": "1.76", "2020-03-31": "1.14", "2019-12-31": "2.15", "2019-09-30": "1.99", "2019-06-30": "2.22", "2019-03-31": "2.36", "2018-12-31": "1.99", "2018-09-30": "2.56", "2018-06-30": "2.76", "2018-03-31": "2.51", "2017-12-31": "2.32", "2017-09-30": "2.41", "2017-06-30": "2.35", "2017-03-31": "1.92", "2016-12-31": "1.87", "2016-09-30": "1.59", "2016-06-30": "1.68", "2016-03-31": "1.82", "2015-12-31": "1.71", "2015-09-30": "1.82", "2015-06-30": "2.05", "2015-03-31": "2.17", "2014-12-31": "2.12", "2014-09-30": "2.58", "2014-06-30": "2.56", "2014-03-31": "2.53", "2013-12-31": "2.92"}, "price fcf": {"2021-02-05": "", "2020-09-30": "$0.36", "2020-06-30": "$0.36", "2020-03-31": "$0.80", "2019-12-31": "$0.85", "2019-09-30": "$1.11", "2019-06-30": "$1.88", "2019-03-31": "$1.99", "2018-12-31": "$2.98", "2018-09-30": "$3.06", "2018-06-30": "$2.48", "2018-03-31": "$2.71", "2017-12-31": "$1.78", "2017-09-30": "$1.61", "2017-06-30": "$1.50", "2017-03-31": "$1.17", "2016-12-31": "$0.98", "2016-09-30": "$2.20", "2016-06-30": "$2.11", "2016-03-31": "$2.24", "2015-12-31": "$2.45", "2015-09-30": "$1.20", "2015-06-30": "$1.22", "2015-03-31": "$1.20", "2014-12-31": "$0.98", "2014-09-30": "$1.67"}, "net worth": {"value": "$2.75B"}, "current ratio": {"2020-09-30": "0.48", "2020-06-30": "0.84", "2020-03-31": "0.87", "2019-12-31": "0.45", "2019-09-30": "0.61", "2019-06-30": "0.24", "2019-03-31": "0.24", "2018-12-31": "0.24", "2018-09-30": "0.29", "2018-06-30": "0.18", "2018-03-31": "0.19", "2017-12-31": "0.12", "2017-09-30": "0.11", "2017-06-30": "0.07", "2017-03-31": "0.07", "2016-12-31": "0.09", "2016-09-30": "0.13", "2016-06-30": "1.76", "2016-03-31": "1.70", "2015-12-31": "0.79", "2015-09-30": "0.57", "2015-06-30": "0.51", "2015-03-31": "0.50", "2014-12-31": "0.41", "2014-09-30": "0.39", "2014-06-30": "0.37", "2014-03-31": "0.32", "2013-12-31": "0.24", "2013-09-30": "2.07", "2013-06-30": "0.00", "2013-03-31": "0.00", "2012-12-31": "0.15", "2012-09-30": "0.00", "2012-06-30": "0.00", "2012-03-31": "0.00", "2011-12-31": "0.43", "2010-12-31": "0.00"}, "quick ratio": {"2020-09-30": "0.00", "2020-06-30": "0.00", "2020-03-31": "0.00", "2019-12-31": "0.00", "2019-09-30": "0.00", "2019-06-30": "0.00", "2019-03-31": "0.00", "2018-12-31": "0.00", "2018-09-30": "0.00", "2018-06-30": "0.00", "2018-03-31": "0.00", "2017-12-31": "0.00", "2017-09-30": "0.00", "2017-06-30": "0.00", "2017-03-31": "0.00", "2016-12-31": "0.00", "2016-09-30": "0.00", "2016-06-30": "0.00", "2016-03-31": "0.00", "2015-12-31": "0.00", "2015-09-30": "0.00", "2015-06-30": "0.00", "2015-03-31": "0.00", "2014-12-31": "0.00", "2014-09-30": "0.00", "2014-06-30": "0.00", "2014-03-31": "0.00", "2013-12-31": "0.00", "2013-09-30": "0.00", "2013-06-30": "0.00", "2013-03-31": "0.00", "2012-12-31": "0.00", "2012-09-30": "0.00", "2012-06-30": "0.00", "2012-03-31": "0.00", "2011-12-31": "0.00", "2010-12-31": "0.00"}, "debt equity ratio": {"current": "1.83", "2020-09-30": "2.59", "2020-06-30": "2.94", "2020-03-31": "2.96", "2019-12-31": "2.43", "2019-09-30": "2.28", "2019-06-30": "2.00", "2019-03-31": "2.03", "2018-12-31": "1.99", "2018-09-30": "2.06", "2018-06-30": "2.08", "2018-03-31": "2.07", "2017-12-31": "2.03", "2017-09-30": "2.05", "2017-06-30": "2.07", "2017-03-31": "2.10", "2016-12-31": "2.04", "2016-09-30": "1.94", "2016-06-30": "2.07", "2016-03-31": "2.07", "2015-12-31": "2.04", "2015-09-30": "2.17", "2015-06-30": "2.20", "2015-03-31": "2.26", "2014-12-31": "2.20", "2014-09-30": "2.24", "2014-06-30": "2.31", "2014-03-31": "2.36", "2013-12-31": "2.32", "2013-09-30": "4.53", "2013-06-30": "0.00", "2013-03-31": "0.00", "2012-12-31": "4.97", "2012-09-30": "0.00", "2012-06-30": "0.00", "2012-03-31": "0.00", "2011-12-31": "1.81", "2010-12-31": "0.00"}, "return on equity": {"2020-09-30": "-2.65%", "2020-06-30": "-1.12%", "2020-03-31": "4.27%", "2019-12-31": "5.46%", "2019-09-30": "5.94%", "2019-06-30": "8.25%", "2019-03-31": "9.19%", "2018-12-31": "8.65%", "2018-09-30": "7.76%", "2018-06-30": "6.35%", "2018-03-31": "5.34%", "2017-12-31": "5.91%", "2017-09-30": "5.57%", "2017-06-30": "4.96%", "2017-03-31": "5.51%", "2016-12-31": "4.98%", "2016-09-30": "8.32%", "2016-06-30": "7.71%", "2016-03-31": "7.53%", "2015-12-31": "7.95%", "2015-09-30": "4.26%", "2015-06-30": "4.73%", "2015-03-31": "3.69%", "2014-12-31": "2.92%", "2014-09-30": "6.40%", "2014-06-30": "7.29%", "2014-03-31": "9.55%", "2013-12-31": "15.82%", "2013-09-30": "15.63%", "2013-06-30": "26.03%", "2013-03-31": "17.00%", "2012-12-31": "10.62%"}, "return on assets": {"2020-09-30": "-0.71%", "2020-06-30": "-0.31%", "2020-03-31": "1.26%", "2019-12-31": "1.72%", "2019-09-30": "1.93%", "2019-06-30": "2.73%", "2019-03-31": "3.03%", "2018-12-31": "2.84%", "2018-09-30": "2.54%", "2018-06-30": "2.08%", "2018-03-31": "1.75%", "2017-12-31": "1.93%", "2017-09-30": "1.82%", "2017-06-30": "1.64%", "2017-03-31": "1.81%", "2016-12-31": "1.64%", "2016-09-30": "2.75%", "2016-06-30": "2.50%", "2016-03-31": "2.41%", "2015-12-31": "2.51%", "2015-09-30": "1.33%", "2015-06-30": "1.47%", "2015-03-31": "1.14%", "2014-12-31": "0.89%", "2014-09-30": "1.94%", "2014-06-30": "1.97%", "2014-03-31": "2.47%", "2013-12-31": "3.80%", "2013-09-30": "2.72%", "2013-06-30": "4.36%", "2013-03-31": "2.85%", "2012-12-31": "1.78%"}, "return on investments": {"2020-09-30": "5.14%", "2020-06-30": "6.42%", "2020-03-31": "9.49%", "2019-12-31": "11.03%", "2019-09-30": "12.28%", "2019-06-30": "13.92%", "2019-03-31": "14.46%", "2018-12-31": "14.66%", "2018-09-30": "15.27%", "2018-06-30": "15.12%", "2018-03-31": "14.50%", "2017-12-31": "13.80%", "2017-09-30": "12.91%", "2017-06-30": "12.88%", "2017-03-31": "11.44%", "2016-12-31": "10.47%", "2016-09-30": "12.99%", "2016-06-30": "11.95%", "2016-03-31": "12.44%", "2015-12-31": "12.80%", "2015-09-30": "9.53%", "2015-06-30": "9.45%", "2015-03-31": "9.19%", "2014-12-31": "8.93%", "2014-09-30": "8.52%", "2014-06-30": "7.90%", "2014-03-31": "9.96%", "2013-12-31": "15.00%", "2013-09-30": "26.43%", "2013-06-30": "60.99%", "2013-03-31": "81.00%", "2012-12-31": "100.03%"}, "return on tangible equity": {"2020-09-30": "-2.85%", "2020-06-30": "-1.20%", "2020-03-31": "4.57%", "2019-12-31": "5.82%", "2019-09-30": "6.31%", "2019-06-30": "8.74%", "2019-03-31": "9.75%", "2018-12-31": "9.18%", "2018-09-30": "8.23%", "2018-06-30": "6.74%", "2018-03-31": "5.66%", "2017-12-31": "6.26%", "2017-09-30": "5.92%", "2017-06-30": "5.27%", "2017-03-31": "5.85%", "2016-12-31": "5.28%", "2016-09-30": "8.83%", "2016-06-30": "8.18%", "2016-03-31": "7.99%", "2015-12-31": "8.46%", "2015-09-30": "4.54%", "2015-06-30": "5.04%", "2015-03-31": "3.94%", "2014-12-31": "3.11%", "2014-09-30": "6.84%", "2014-06-30": "7.86%", "2014-03-31": "10.33%", "2013-12-31": "17.22%", "2013-09-30": "17.61%", "2013-06-30": "29.56%", "2013-03-31": "19.31%", "2012-12-31": "12.07%"}, "dividend yield history": {"last payout": "$0.04", "last yield": "0.27%"}}