{"ticker": "XOM", "price": {"title": "Exxon Historical Annual Stock Price Data", "value": 49.95, "historical": {"2021": {"Average Stock Price": "46.6896", "Year Open": "41.5000", "Year High": "50.3100", "Year Low": "41.5000", "Year Close": "49.9500", "Annual % Change": "21.18%"}, "2020": {"Average Stock Price": "44.5215", "Year Open": "70.9000", "Year High": "70.9000", "Year Low": "31.4500", "Year Close": "41.2200", "Annual % Change": "-40.93%"}, "2019": {"Average Stock Price": "73.7346", "Year Open": "69.6900", "Year High": "83.3800", "Year Low": "66.7000", "Year Close": "69.7800", "Annual % Change": "2.33%"}, "2018": {"Average Stock Price": "79.9557", "Year Open": "85.0300", "Year High": "89.0700", "Year Low": "65.5100", "Year Close": "68.1900", "Annual % Change": "-18.47%"}, "2017": {"Average Stock Price": "81.8617", "Year Open": "90.8900", "Year High": "90.8900", "Year Low": "76.1000", "Year Close": "83.6400", "Annual % Change": "-7.33%"}, "2016": {"Average Stock Price": "86.2197", "Year Open": "77.4600", "Year High": "95.1200", "Year Low": "73.1800", "Year Close": "90.2600", "Annual % Change": "15.79%"}, "2015": {"Average Stock Price": "82.8285", "Year Open": "92.8300", "Year High": "93.3700", "Year Low": "68.7100", "Year Close": "77.9500", "Annual % Change": "-15.68%"}, "2014": {"Average Stock Price": "97.2657", "Year Open": "99.7500", "Year High": "104.3800", "Year Low": "86.4100", "Year Close": "92.4500", "Annual % Change": "-8.65%"}, "2013": {"Average Stock Price": "90.5079", "Year Open": "88.7100", "Year High": "101.5100", "Year Low": "85.1600", "Year Close": "101.2000", "Annual % Change": "16.93%"}, "2012": {"Average Stock Price": "86.5342", "Year Open": "86.0000", "Year High": "93.4800", "Year Low": "77.6000", "Year Close": "86.5500", "Annual % Change": "2.11%"}, "2011": {"Average Stock Price": "79.7122", "Year Open": "74.5500", "Year High": "87.9800", "Year Low": "68.0300", "Year Close": "84.7600", "Annual % Change": "15.92%"}, "2010": {"Average Stock Price": "64.9894", "Year Open": "69.1500", "Year High": "73.4200", "Year Low": "56.5700", "Year Close": "73.1200", "Annual % Change": "7.23%"}, "2009": {"Average Stock Price": "70.9452", "Year Open": "81.6400", "Year High": "81.6400", "Year Low": "62.2200", "Year Close": "68.1900", "Annual % Change": "-14.58%"}, "2008": {"Average Stock Price": "82.6822", "Year Open": "93.5100", "Year High": "94.5600", "Year Low": "62.3500", "Year Close": "79.8300", "Annual % Change": "-14.79%"}, "2007": {"Average Stock Price": "83.2232", "Year Open": "74.1100", "Year High": "95.0500", "Year Low": "69.8600", "Year Close": "93.6900", "Annual % Change": "22.26%"}, "2006": {"Average Stock Price": "65.3509", "Year Open": "58.4700", "Year High": "78.7300", "Year Low": "56.6500", "Year Close": "76.6300", "Annual % Change": "36.43%"}, "2005": {"Average Stock Price": "58.2331", "Year Open": "50.0900", "Year High": "64.9800", "Year Low": "49.4900", "Year Close": "56.1700", "Annual % Change": "9.58%"}, "2004": {"Average Stock Price": "45.2936", "Year Open": "40.6300", "Year High": "51.9700", "Year Low": "40.1000", "Year Close": "51.2600", "Annual % Change": "25.02%"}, "2003": {"Average Stock Price": "36.1314", "Year Open": "35.4700", "Year High": "41.0000", "Year Low": "31.5100", "Year Close": "41.0000", "Annual % Change": "17.34%"}, "2002": {"Average Stock Price": "37.6974", "Year Open": "39.6000", "Year High": "44.3800", "Year Low": "30.2700", "Year Close": "34.9400", "Annual % Change": "-11.09%"}, "2001": {"Average Stock Price": "41.2878", "Year Open": "44.5650", "Year High": "45.7750", "Year Low": "35.8300", "Year Close": "39.3000", "Annual % Change": "-9.59%"}, "2000": {"Average Stock Price": "41.4218", "Year Open": "39.1550", "Year High": "47.2200", "Year Low": "35.5300", "Year Close": "43.4700", "Annual % Change": "7.92%"}, "1999": {"Average Stock Price": "38.3975", "Year Open": "36.3100", "Year High": "43.2200", "Year Low": "32.4050", "Year Close": "40.2800", "Annual % Change": "10.18%"}, "1998": {"Average Stock Price": "34.5948", "Year Open": "30.9400", "Year High": "38.2800", "Year Low": "29.0650", "Year Close": "36.5600", "Annual % Change": "19.50%"}, "1997": {"Average Stock Price": "29.3525", "Year Open": "24.5925", "Year High": "33.4050", "Year Low": "24.5925", "Year Close": "30.5950", "Annual % Change": "24.88%"}, "1996": {"Average Stock Price": "21.3567", "Year Open": "20.1550", "Year High": "25.0625", "Year Low": "19.4675", "Year Close": "24.5000", "Annual % Change": "20.81%"}, "1995": {"Average Stock Price": "17.6285", "Year Open": "15.1575", "Year High": "21.4375", "Year Low": "15.0950", "Year Close": "20.2800", "Annual % Change": "33.53%"}, "1994": {"Average Stock Price": "15.3497", "Year Open": "15.9375", "Year High": "16.7800", "Year Low": "14.1250", "Year Close": "15.1875", "Annual % Change": "-3.77%"}, "1993": {"Average Stock Price": "16.0874", "Year Open": "15.3450", "Year High": "17.2500", "Year Low": "14.5325", "Year Close": "15.7825", "Annual % Change": "3.27%"}, "1992": {"Average Stock Price": "15.1234", "Year Open": "15.0000", "Year High": "16.3425", "Year Low": "13.6875", "Year Close": "15.2825", "Annual % Change": "0.41%"}, "1991": {"Average Stock Price": "14.4004", "Year Open": "12.6875", "Year High": "15.4375", "Year Low": "12.4375", "Year Close": "15.2200", "Annual % Change": "17.64%"}, "1990": {"Average Stock Price": "12.1583", "Year Open": "12.5000", "Year High": "13.5625", "Year Low": "11.2500", "Year Close": "12.9375", "Annual % Change": "3.50%"}, "1989": {"Average Stock Price": "11.2385", "Year Open": "10.8125", "Year High": "12.8125", "Year Low": "10.4375", "Year Close": "12.5000", "Annual % Change": "13.64%"}, "1988": {"Average Stock Price": "10.9995", "Year Open": "10.1250", "Year High": "11.8450", "Year Low": "9.5000", "Year Close": "11.0000", "Annual % Change": "15.39%"}, "1987": {"Average Stock Price": "10.8882", "Year Open": "9.0000", "Year High": "12.5313", "Year Low": "8.3750", "Year Close": "9.5325", "Annual % Change": "8.76%"}, "1986": {"Average Stock Price": "7.6527", "Year Open": "6.8125", "Year High": "9.2500", "Year Low": "6.0938", "Year Close": "8.7650", "Annual % Change": "27.19%"}, "1985": {"Average Stock Price": "6.3921", "Year Open": "5.5625", "Year High": "6.9375", "Year Low": "5.5313", "Year Close": "6.8913", "Annual % Change": "22.51%"}, "1984": {"Average Stock Price": "5.1534", "Year Open": "4.5788", "Year High": "5.6563", "Year Low": "4.5475", "Year Close": "5.6250", "Annual % Change": "20.39%"}, "1983": {"Average Stock Price": "4.3371", "Year Open": "3.6250", "Year High": "4.9225", "Year Low": "3.5625", "Year Close": "4.6725", "Annual % Change": "25.65%"}, "1982": {"Average Stock Price": "3.5615", "Year Open": "3.8588", "Year High": "3.9525", "Year Low": "3.1250", "Year Close": "3.7188", "Annual % Change": "-4.80%"}, "1981": {"Average Stock Price": "4.2187", "Year Open": "5.0700", "Year High": "5.0700", "Year Low": "3.7500", "Year Close": "3.9063", "Annual % Change": "-22.48%"}, "1980": {"Average Stock Price": "4.2578", "Year Open": "3.3675", "Year High": "5.4919", "Year Low": "3.2738", "Year Close": "5.0388", "Annual % Change": "46.26%"}, "1979": {"Average Stock Price": "3.3625", "Year Open": "3.0781", "Year High": "3.7656", "Year Low": "3.0550", "Year Close": "3.4450", "Annual % Change": "12.21%"}, "1978": {"Average Stock Price": "2.9616", "Year Open": "2.9613", "Year High": "3.3125", "Year Low": "2.7113", "Year Close": "3.0700", "Annual % Change": "2.08%"}, "1977": {"Average Stock Price": "3.1435", "Year Open": "3.3513", "Year High": "3.4300", "Year Low": "2.8200", "Year Close": "3.0075", "Annual % Change": "-10.26%"}, "1976": {"Average Stock Price": "3.1183", "Year Open": "2.8125", "Year High": "3.5550", "Year Low": "2.6797", "Year Close": "3.3513", "Annual % Change": "20.84%"}, "1975": {"Average Stock Price": "2.5961", "Year Open": "2.0703", "Year High": "2.9181", "Year Low": "2.0703", "Year Close": "2.7734", "Annual % Change": "37.34%"}, "1974": {"Average Stock Price": "2.3045", "Year Open": "3.0156", "Year High": "3.0819", "Year Low": "1.7147", "Year Close": "2.0194", "Annual % Change": "-31.35%"}, "1973": {"Average Stock Price": "2.9018", "Year Open": "2.7500", "Year High": "3.2188", "Year Low": "2.6522", "Year Close": "2.9416", "Annual % Change": "7.58%"}, "1972": {"Average Stock Price": "2.4232", "Year Open": "2.2813", "Year High": "2.7853", "Year Low": "2.1603", "Year Close": "2.7344", "Annual % Change": "18.64%"}, "1971": {"Average Stock Price": "2.3164", "Year Open": "2.2694", "Year High": "2.5584", "Year Low": "2.1094", "Year Close": "2.3047", "Annual % Change": "0.51%"}}}, "market cap": {"value": "$211.2B"}, "income statement": {"Revenue": {"2020-12-31": "181502.00000", "2019-12-31": "264938.00000", "2018-12-31": "290212.00000", "2017-12-31": "244363.00000", "2016-12-31": "208114.00000", "2015-12-31": "249248.00000", "2014-12-31": "411939.00000", "2013-12-31": "438255.00000", "2012-12-31": "480681.00000", "2011-12-31": "486429.00000", "2010-12-31": "383221.00000", "2009-12-31": "310586.00000", "2008-12-31": "477359.00000", "2007-12-31": "404552.00000", "2006-12-31": "377635.00000", "2005-12-31": "370680.00000"}, "Cost Of Goods Sold": {"2020-12-31": "210385.00000", "2019-12-31": "211152.00000", "2018-12-31": "225517.00000", "2017-12-31": "191011.00000", "2016-12-31": "163639.00000", "2015-12-31": "195899.00000", "2014-12-31": "328459.00000", "2013-12-31": "348500.00000", "2012-12-31": "370023.00000", "2011-12-31": "380278.00000", "2010-12-31": "298416.00000", "2009-12-31": "246588.00000", "2008-12-31": "363586.00000", "2007-12-31": "304064.00000", "2006-12-31": "281658.00000", "2005-12-31": "284334.00000"}, "Gross Profit": {"2020-12-31": "181502.00000", "2019-12-31": "53786.00000", "2018-12-31": "64695.00000", "2017-12-31": "53352.00000", "2016-12-31": "44475.00000", "2015-12-31": "53349.00000", "2014-12-31": "83480.00000", "2013-12-31": "89755.00000", "2012-12-31": "110658.00000", "2011-12-31": "106151.00000", "2010-12-31": "84805.00000", "2009-12-31": "63998.00000", "2008-12-31": "113773.00000", "2007-12-31": "100488.00000", "2006-12-31": "95977.00000", "2005-12-31": "86346.00000"}, "Research And Development Expenses": {"2020-12-31": "", "2019-12-31": "1269.00000", "2018-12-31": "1466.00000", "2017-12-31": "1790.00000", "2016-12-31": "1467.00000", "2015-12-31": "1523.00000", "2014-12-31": "1669.00000", "2013-12-31": "1976.00000", "2012-12-31": "1840.00000", "2011-12-31": "2081.00000", "2010-12-31": "2144.00000", "2009-12-31": "2021.00000", "2008-12-31": "1451.00000", "2007-12-31": "1469.00000", "2006-12-31": "1181.00000", "2005-12-31": "964.00000"}, "SG&A Expenses": {"2020-12-31": "", "2019-12-31": "11398.00000", "2018-12-31": "11480.00000", "2017-12-31": "10649.00000", "2016-12-31": "10443.00000", "2015-12-31": "11501.00000", "2014-12-31": "12598.00000", "2013-12-31": "12877.00000", "2012-12-31": "13877.00000", "2011-12-31": "14983.00000", "2010-12-31": "14683.00000", "2009-12-31": "14735.00000", "2008-12-31": "15873.00000", "2007-12-31": "14890.00000", "2006-12-31": "14273.00000", "2005-12-31": "14402.00000"}, "Other Operating Income Or Expenses": {"2020-12-31": "", "2019-12-31": "", "2018-12-31": "", "2017-12-31": "", "2016-12-31": "", "2015-12-31": "", "2014-12-31": "", "2013-12-31": "", "2012-12-31": "", "2011-12-31": "", "2010-12-31": "", "2009-12-31": "", "2008-12-31": "", "2007-12-31": "", "2006-12-31": "-1051.00000", "2005-12-31": "-799.00000"}, "Operating Expenses": {"2020-12-31": "210385.00000", "2019-12-31": "244882.00000", "2018-12-31": "259259.00000", "2017-12-31": "225689.00000", "2016-12-31": "200145.00000", "2015-12-31": "227282.00000", "2014-12-31": "360309.00000", "2013-12-31": "380544.00000", "2012-12-31": "401955.00000", "2011-12-31": "413172.00000", "2010-12-31": "330262.00000", "2009-12-31": "275809.00000", "2008-12-31": "393962.00000", "2007-12-31": "333073.00000", "2006-12-31": "310233.00000", "2005-12-31": "311248.00000"}, "Operating Income": {"2020-12-31": "-28883.00000", "2019-12-31": "20056.00000", "2018-12-31": "30953.00000", "2017-12-31": "18674.00000", "2016-12-31": "7969.00000", "2015-12-31": "21966.00000", "2014-12-31": "51630.00000", "2013-12-31": "57711.00000", "2012-12-31": "78726.00000", "2011-12-31": "73257.00000", "2010-12-31": "52959.00000", "2009-12-31": "34777.00000", "2008-12-31": "83397.00000", "2007-12-31": "71479.00000", "2006-12-31": "67402.00000", "2005-12-31": "59432.00000"}, "Total Non-Operating Income/Expense": {"2020-12-31": "", "2019-12-31": "", "2018-12-31": "", "2017-12-31": "", "2016-12-31": "", "2015-12-31": "", "2014-12-31": "", "2013-12-31": "", "2012-12-31": "", "2011-12-31": "", "2010-12-31": "", "2009-12-31": "", "2008-12-31": "", "2007-12-31": "", "2006-12-31": "", "2005-12-31": ""}, "Pre-Tax Income": {"2020-12-31": "-28883.00000", "2019-12-31": "20056.00000", "2018-12-31": "30953.00000", "2017-12-31": "18674.00000", "2016-12-31": "7969.00000", "2015-12-31": "21966.00000", "2014-12-31": "51630.00000", "2013-12-31": "57711.00000", "2012-12-31": "78726.00000", "2011-12-31": "73257.00000", "2010-12-31": "52959.00000", "2009-12-31": "34777.00000", "2008-12-31": "83397.00000", "2007-12-31": "71479.00000", "2006-12-31": "67402.00000", "2005-12-31": "59432.00000"}, "Income Taxes": {"2020-12-31": "-5632.00000", "2019-12-31": "5282.00000", "2018-12-31": "9532.00000", "2017-12-31": "-1174.00000", "2016-12-31": "-406.00000", "2015-12-31": "5415.00000", "2014-12-31": "18015.00000", "2013-12-31": "24263.00000", "2012-12-31": "31045.00000", "2011-12-31": "31051.00000", "2010-12-31": "21561.00000", "2009-12-31": "15119.00000", "2008-12-31": "36530.00000", "2007-12-31": "29864.00000", "2006-12-31": "27902.00000", "2005-12-31": "23302.00000"}, "Income After Taxes": {"2020-12-31": "-23251.00000", "2019-12-31": "14774.00000", "2018-12-31": "21421.00000", "2017-12-31": "19848.00000", "2016-12-31": "8375.00000", "2015-12-31": "16551.00000", "2014-12-31": "33615.00000", "2013-12-31": "33448.00000", "2012-12-31": "47681.00000", "2011-12-31": "42206.00000", "2010-12-31": "31398.00000", "2009-12-31": "19658.00000", "2008-12-31": "46867.00000", "2007-12-31": "41615.00000", "2006-12-31": "39500.00000", "2005-12-31": "36130.00000"}, "Other Income": {"2020-12-31": "", "2019-12-31": "", "2018-12-31": "", "2017-12-31": "", "2016-12-31": "", "2015-12-31": "", "2014-12-31": "", "2013-12-31": "", "2012-12-31": "", "2011-12-31": "", "2010-12-31": "", "2009-12-31": "", "2008-12-31": "", "2007-12-31": "", "2006-12-31": "", "2005-12-31": ""}, "Income From Continuous Operations": {"2020-12-31": "-23251.00000", "2019-12-31": "14774.00000", "2018-12-31": "21421.00000", "2017-12-31": "19848.00000", "2016-12-31": "8375.00000", "2015-12-31": "16551.00000", "2014-12-31": "33615.00000", "2013-12-31": "33448.00000", "2012-12-31": "47681.00000", "2011-12-31": "42206.00000", "2010-12-31": "31398.00000", "2009-12-31": "19658.00000", "2008-12-31": "46867.00000", "2007-12-31": "41615.00000", "2006-12-31": "39500.00000", "2005-12-31": "36130.00000"}, "Income From Discontinued Operations": {"2020-12-31": "", "2019-12-31": "", "2018-12-31": "", "2017-12-31": "", "2016-12-31": "", "2015-12-31": "", "2014-12-31": "", "2013-12-31": "", "2012-12-31": "", "2011-12-31": "", "2010-12-31": "", "2009-12-31": "", "2008-12-31": "", "2007-12-31": "", "2006-12-31": "", "2005-12-31": ""}, "Net Income": {"2020-12-31": "-22440.00000", "2019-12-31": "14340.00000", "2018-12-31": "20840.00000", "2017-12-31": "19710.00000", "2016-12-31": "7840.00000", "2015-12-31": "16150.00000", "2014-12-31": "32520.00000", "2013-12-31": "32580.00000", "2012-12-31": "44880.00000", "2011-12-31": "41060.00000", "2010-12-31": "30460.00000", "2009-12-31": "19280.00000", "2008-12-31": "45220.00000", "2007-12-31": "40610.00000", "2006-12-31": "39500.00000", "2005-12-31": "36130.00000"}, "EBITDA": {"2020-12-31": "-28883.00000", "2019-12-31": "39884.00000", "2018-12-31": "50464.00000", "2017-12-31": "39168.00000", "2016-12-31": "30730.00000", "2015-12-31": "40325.00000", "2014-12-31": "69213.00000", "2013-12-31": "74902.00000", "2012-12-31": "94941.00000", "2011-12-31": "89087.00000", "2010-12-31": "67978.00000", "2009-12-31": "47242.00000", "2008-12-31": "96449.00000", "2007-12-31": "84129.00000", "2006-12-31": "79472.00000", "2005-12-31": "70181.00000"}, "EBIT": {"2020-12-31": "-28883.00000", "2019-12-31": "20886.00000", "2018-12-31": "31719.00000", "2017-12-31": "19275.00000", "2016-12-31": "8422.00000", "2015-12-31": "22277.00000", "2014-12-31": "51916.00000", "2013-12-31": "57720.00000", "2012-12-31": "79053.00000", "2011-12-31": "73504.00000", "2010-12-31": "53218.00000", "2009-12-31": "35325.00000", "2008-12-31": "84070.00000", "2007-12-31": "71879.00000", "2006-12-31": "68056.00000", "2005-12-31": "59928.00000"}, "Basic Shares Outstanding": {"2020-12-31": "4271.00000", "2019-12-31": "4270.00000", "2018-12-31": "4270.00000", "2017-12-31": "4256.00000", "2016-12-31": "4177.00000", "2015-12-31": "4196.00000", "2014-12-31": "4282.00000", "2013-12-31": "4419.00000", "2012-12-31": "4628.00000", "2011-12-31": "4870.00000", "2010-12-31": "4885.00000", "2009-12-31": "4832.00000", "2008-12-31": "5194.00000", "2007-12-31": "5557.00000", "2006-12-31": "5913.00000", "2005-12-31": "6266.00000"}, "Shares Outstanding": {"2020-12-31": "4271.00000", "2019-12-31": "4270.00000", "2018-12-31": "4270.00000", "2017-12-31": "4256.00000", "2016-12-31": "4177.00000", "2015-12-31": "4196.00000", "2014-12-31": "4282.00000", "2013-12-31": "4419.00000", "2012-12-31": "4628.00000", "2011-12-31": "4875.00000", "2010-12-31": "4897.00000", "2009-12-31": "4848.00000", "2008-12-31": "5221.00000", "2007-12-31": "5594.00000", "2006-12-31": "5970.00000", "2005-12-31": "6322.00000"}, "Basic EPS": {"2020-12-31": "-5.25000", "2019-12-31": "3.36000", "2018-12-31": "4.88000", "2017-12-31": "4.63000", "2016-12-31": "1.88000", "2015-12-31": "3.85000", "2014-12-31": "7.60000", "2013-12-31": "7.37000", "2012-12-31": "9.70000", "2011-12-31": "8.43000", "2010-12-31": "6.24000", "2009-12-31": "3.99000", "2008-12-31": "8.70000", "2007-12-31": "7.31000", "2006-12-31": "6.68000", "2005-12-31": "5.76000"}, "EPS - Earnings Per Share": {"2020-12-31": "-5.25000", "2019-12-31": "3.36000", "2018-12-31": "4.88000", "2017-12-31": "4.63000", "2016-12-31": "1.88000", "2015-12-31": "3.85000", "2014-12-31": "7.60000", "2013-12-31": "7.37000", "2012-12-31": "9.70000", "2011-12-31": "8.42000", "2010-12-31": "6.22000", "2009-12-31": "3.98000", "2008-12-31": "8.66000", "2007-12-31": "7.26000", "2006-12-31": "6.62000", "2005-12-31": "5.71000"}}, "income statement, quarterly": {"Revenue": {"2020-12-31": "46540.00000", "2020-09-30": "46199.00000", "2020-06-30": "32605.00000", "2020-03-31": "56158.00000", "2019-12-31": "67173.00000", "2019-09-30": "65049.00000", "2019-06-30": "69091.00000", "2019-03-31": "63625.00000", "2018-12-31": "71895.00000", "2018-09-30": "76605.00000", "2018-06-30": "73501.00000", "2018-03-31": "68211.00000", "2017-12-31": "66515.00000", "2017-09-30": "61100.00000", "2017-06-30": "58077.00000", "2017-03-31": "58671.00000", "2016-12-31": "43036.00000", "2016-09-30": "58677.00000", "2016-06-30": "57694.00000", "2016-03-31": "48707.00000", "2015-12-31": "40173.00000", "2015-09-30": "67344.00000", "2015-06-30": "74113.00000", "2015-03-31": "67618.00000", "2014-12-31": "87276.00000", "2014-09-30": "107130.00000", "2014-06-30": "111208.00000", "2014-03-31": "106325.00000", "2013-12-31": "110860.00000", "2013-09-30": "112372.00000", "2013-06-30": "106666.00000", "2013-03-31": "108357.00000", "2012-12-31": "114124.00000", "2012-09-30": "115141.00000", "2012-06-30": "127363.00000", "2012-03-31": "124053.00000", "2011-12-31": "121609.00000", "2011-09-30": "125330.00000", "2011-06-30": "125486.00000", "2011-03-31": "114004.00000", "2010-12-31": "105186.00000", "2010-09-30": "95298.00000", "2010-06-30": "92486.00000", "2010-03-31": "90251.00000", "2009-12-31": "89841.00000", "2009-09-30": "82260.00000", "2009-06-30": "74457.00000", "2009-03-31": "64028.00000", "2008-12-31": "84696.00000", "2008-09-30": "137737.00000", "2008-06-30": "138072.00000", "2008-03-31": "116854.00000", "2007-12-31": "116642.00000", "2007-09-30": "102337.00000", "2007-06-30": "98350.00000", "2007-03-31": "87223.00000", "2006-12-31": "90028.00000", "2006-09-30": "99593.00000", "2006-06-30": "99034.00000", "2006-03-31": "88980.00000", "2005-12-31": "99344.00000", "2005-09-30": "100717.00000", "2005-06-30": "88568.00000", "2005-03-31": "82051.00000"}, "Cost Of Goods Sold": {"2020-12-31": "73153.00000", "2020-09-30": "38405.00000", "2020-06-30": "26118.00000", "2020-03-31": "47212.00000", "2019-12-31": "52023.00000", "2019-09-30": "51814.00000", "2019-06-30": "56139.00000", "2019-03-31": "51176.00000", "2018-12-31": "54795.00000", "2018-09-30": "59176.00000", "2018-06-30": "58620.00000", "2018-03-31": "52926.00000", "2017-12-31": "53333.00000", "2017-09-30": "47135.00000", "2017-06-30": "45622.00000", "2017-03-31": "44921.00000", "2016-12-31": "29464.00000", "2016-09-30": "47677.00000", "2016-06-30": "47311.00000", "2016-03-31": "39187.00000", "2015-12-31": "29222.00000", "2015-09-30": "53684.00000", "2015-06-30": "59422.00000", "2015-03-31": "53571.00000", "2014-12-31": "70243.00000", "2014-09-30": "85782.00000", "2014-06-30": "89043.00000", "2014-03-31": "83391.00000", "2013-12-31": "87984.00000", "2013-09-30": "90208.00000", "2013-06-30": "85686.00000", "2013-03-31": "84622.00000", "2012-12-31": "88429.00000", "2012-09-30": "89763.00000", "2012-06-30": "93365.00000", "2012-03-31": "98466.00000", "2011-12-31": "96080.00000", "2011-09-30": "98194.00000", "2011-06-30": "98668.00000", "2011-03-31": "87336.00000", "2010-12-31": "81073.00000", "2010-09-30": "74335.00000", "2010-06-30": "72360.00000", "2010-03-31": "70648.00000", "2009-12-31": "71840.00000", "2009-09-30": "65685.00000", "2009-06-30": "59584.00000", "2009-03-31": "49479.00000", "2008-12-31": "63375.00000", "2008-09-30": "103492.00000", "2008-06-30": "107717.00000", "2008-03-31": "89002.00000", "2007-12-31": "88805.00000", "2007-09-30": "78056.00000", "2007-06-30": "73003.00000", "2007-03-31": "64200.00000", "2006-12-31": "66551.00000", "2006-09-30": "74348.00000", "2006-06-30": "73977.00000", "2006-03-31": "66782.00000", "2005-12-31": "74494.00000", "2005-09-30": "77892.00000", "2005-06-30": "69128.00000", "2005-03-31": "62820.00000"}, "Gross Profit": {"2020-12-31": "-26613.00000", "2020-09-30": "7794.00000", "2020-06-30": "6487.00000", "2020-03-31": "8946.00000", "2019-12-31": "15150.00000", "2019-09-30": "13235.00000", "2019-06-30": "12952.00000", "2019-03-31": "12449.00000", "2018-12-31": "17100.00000", "2018-09-30": "17429.00000", "2018-06-30": "14881.00000", "2018-03-31": "15285.00000", "2017-12-31": "13182.00000", "2017-09-30": "13965.00000", "2017-06-30": "12455.00000", "2017-03-31": "13750.00000", "2016-12-31": "13572.00000", "2016-09-30": "11000.00000", "2016-06-30": "10383.00000", "2016-03-31": "9520.00000", "2015-12-31": "10951.00000", "2015-09-30": "13660.00000", "2015-06-30": "14691.00000", "2015-03-31": "14047.00000", "2014-12-31": "17033.00000", "2014-09-30": "21348.00000", "2014-06-30": "22165.00000", "2014-03-31": "22934.00000", "2013-12-31": "22876.00000", "2013-09-30": "22164.00000", "2013-06-30": "20980.00000", "2013-03-31": "23735.00000", "2012-12-31": "25695.00000", "2012-09-30": "25378.00000", "2012-06-30": "33998.00000", "2012-03-31": "25587.00000", "2011-12-31": "25529.00000", "2011-09-30": "27136.00000", "2011-06-30": "26818.00000", "2011-03-31": "26668.00000", "2010-12-31": "24113.00000", "2010-09-30": "20963.00000", "2010-06-30": "20126.00000", "2010-03-31": "19603.00000", "2009-12-31": "18001.00000", "2009-09-30": "16575.00000", "2009-06-30": "14873.00000", "2009-03-31": "14549.00000", "2008-12-31": "21321.00000", "2008-09-30": "34245.00000", "2008-06-30": "30355.00000", "2008-03-31": "27852.00000", "2007-12-31": "27837.00000", "2007-09-30": "24281.00000", "2007-06-30": "25347.00000", "2007-03-31": "23023.00000", "2006-12-31": "23477.00000", "2006-09-30": "25245.00000", "2006-06-30": "25057.00000", "2006-03-31": "22198.00000", "2005-12-31": "24850.00000", "2005-09-30": "22825.00000", "2005-06-30": "19440.00000", "2005-03-31": "19231.00000"}, "Research And Development Expenses": {"2020-12-31": "", "2020-09-30": "188.00000", "2020-06-30": "214.00000", "2020-03-31": "288.00000", "2019-12-31": "357.00000", "2019-09-30": "299.00000", "2019-06-30": "333.00000", "2019-03-31": "280.00000", "2018-12-31": "555.00000", "2018-09-30": "292.00000", "2018-06-30": "332.00000", "2018-03-31": "287.00000", "2017-12-31": "703.00000", "2017-09-30": "284.00000", "2017-06-30": "514.00000", "2017-03-31": "289.00000", "2016-12-31": "340.00000", "2016-09-30": "327.00000", "2016-06-30": "445.00000", "2016-03-31": "355.00000", "2015-12-31": "518.00000", "2015-09-30": "324.00000", "2015-06-30": "370.00000", "2015-03-31": "311.00000", "2014-12-31": "537.00000", "2014-09-30": "319.00000", "2014-06-30": "496.00000", "2014-03-31": "317.00000", "2013-12-31": "591.00000", "2013-09-30": "486.00000", "2013-06-30": "454.00000", "2013-03-31": "445.00000", "2012-12-31": "452.00000", "2012-09-30": "494.00000", "2012-06-30": "372.00000", "2012-03-31": "522.00000", "2011-12-31": "427.00000", "2011-09-30": "728.00000", "2011-06-30": "592.00000", "2011-03-31": "334.00000", "2010-12-31": "551.00000", "2010-09-30": "500.00000", "2010-06-30": "407.00000", "2010-03-31": "686.00000", "2009-12-31": "685.00000", "2009-09-30": "495.00000", "2009-06-30": "490.00000", "2009-03-31": "351.00000", "2008-12-31": "368.00000", "2008-09-30": "403.00000", "2008-06-30": "338.00000", "2008-03-31": "342.00000", "2007-12-31": "495.00000", "2007-09-30": "349.00000", "2007-06-30": "353.00000", "2007-03-31": "272.00000", "2006-12-31": "371.00000", "2006-09-30": "352.00000", "2006-06-30": "176.00000", "2006-03-31": "282.00000", "2005-12-31": "329.00000", "2005-09-30": "248.00000", "2005-06-30": "214.00000", "2005-03-31": "173.00000"}, "SG&A Expenses": {"2020-12-31": "", "2020-09-30": "2444.00000", "2020-06-30": "2409.00000", "2020-03-31": "2579.00000", "2019-12-31": "3048.00000", "2019-09-30": "2753.00000", "2019-06-30": "2827.00000", "2019-03-31": "2770.00000", "2018-12-31": "2848.00000", "2018-09-30": "2892.00000", "2018-06-30": "2993.00000", "2018-03-31": "2747.00000", "2017-12-31": "2956.00000", "2017-09-30": "2632.00000", "2017-06-30": "2556.00000", "2017-03-31": "2505.00000", "2016-12-31": "2468.00000", "2016-09-30": "2736.00000", "2016-06-30": "2646.00000", "2016-03-31": "2593.00000", "2015-12-31": "2990.00000", "2015-09-30": "2967.00000", "2015-06-30": "2831.00000", "2015-03-31": "2713.00000", "2014-12-31": "3128.00000", "2014-09-30": "3169.00000", "2014-06-30": "3169.00000", "2014-03-31": "3132.00000", "2013-12-31": "3341.00000", "2013-09-30": "3150.00000", "2013-06-30": "3268.00000", "2013-03-31": "3118.00000", "2012-12-31": "3322.00000", "2012-09-30": "3468.00000", "2012-06-30": "3486.00000", "2012-03-31": "3601.00000", "2011-12-31": "3911.00000", "2011-09-30": "3764.00000", "2011-06-30": "3681.00000", "2011-03-31": "3627.00000", "2010-12-31": "3855.00000", "2010-09-30": "3707.00000", "2010-06-30": "3607.00000", "2010-03-31": "3514.00000", "2009-12-31": "3881.00000", "2009-09-30": "3887.00000", "2009-06-30": "3519.00000", "2009-03-31": "3448.00000", "2008-12-31": "3859.00000", "2008-09-30": "3823.00000", "2008-06-30": "4389.00000", "2008-03-31": "3802.00000", "2007-12-31": "4054.00000", "2007-09-30": "3656.00000", "2007-06-30": "3788.00000", "2007-03-31": "3392.00000", "2006-12-31": "3838.00000", "2006-09-30": "3412.00000", "2006-06-30": "3557.00000", "2006-03-31": "3466.00000", "2005-12-31": "3678.00000", "2005-09-30": "3765.00000", "2005-06-30": "3508.00000", "2005-03-31": "3451.00000"}, "Other Operating Income Or Expenses": {"2020-12-31": "", "2020-09-30": "", "2020-06-30": "", "2020-03-31": "", "2019-12-31": "", "2019-09-30": "", "2019-06-30": "", "2019-03-31": "", "2018-12-31": "", "2018-09-30": "", "2018-06-30": "", "2018-03-31": "", "2017-12-31": "", "2017-09-30": "", "2017-06-30": "", "2017-03-31": "", "2016-12-31": "", "2016-09-30": "", "2016-06-30": "", "2016-03-31": "", "2015-12-31": "", "2015-09-30": "", "2015-06-30": "", "2015-03-31": "", "2014-12-31": "", "2014-09-30": "", "2014-06-30": "", "2014-03-31": "", "2013-12-31": "", "2013-09-30": "", "2013-06-30": "", "2013-03-31": "", "2012-12-31": "", "2012-09-30": "", "2012-06-30": "", "2012-03-31": "", "2011-12-31": "", "2011-09-30": "", "2011-06-30": "", "2011-03-31": "", "2010-12-31": "", "2010-09-30": "", "2010-06-30": "", "2010-03-31": "", "2009-12-31": "", "2009-09-30": "", "2009-06-30": "", "2009-03-31": "", "2008-12-31": "", "2008-09-30": "", "2008-06-30": "", "2008-03-31": "", "2007-12-31": "", "2007-09-30": "-284.00000", "2007-06-30": "-188.00000", "2007-03-31": "-250.00000", "2006-12-31": "-324.00000", "2006-09-30": "-292.00000", "2006-06-30": "-253.00000", "2006-03-31": "-182.00000", "2005-12-31": "-331.00000", "2005-09-30": "-174.00000", "2005-06-30": "-199.00000", "2005-03-31": "-95.00000"}, "Operating Expenses": {"2020-12-31": "73153.00000", "2020-09-30": "46571.00000", "2020-06-30": "34245.00000", "2020-03-31": "56416.00000", "2019-12-31": "60759.00000", "2019-09-30": "60328.00000", "2019-06-30": "64459.00000", "2019-03-31": "59336.00000", "2018-12-31": "63774.00000", "2018-09-30": "67525.00000", "2018-06-30": "66989.00000", "2018-03-31": "60971.00000", "2017-12-31": "63498.00000", "2017-09-30": "55517.00000", "2017-06-30": "53921.00000", "2017-03-31": "52753.00000", "2016-12-31": "42419.00000", "2016-09-30": "55451.00000", "2016-06-30": "55298.00000", "2016-03-31": "46977.00000", "2015-12-31": "37545.00000", "2015-09-30": "61595.00000", "2015-06-30": "67159.00000", "2015-03-31": "60983.00000", "2014-12-31": "78434.00000", "2014-09-30": "93720.00000", "2014-06-30": "97057.00000", "2014-03-31": "91098.00000", "2013-12-31": "96144.00000", "2013-09-30": "98183.00000", "2013-06-30": "93898.00000", "2013-03-31": "92319.00000", "2012-12-31": "96424.00000", "2012-09-30": "97821.00000", "2012-06-30": "101172.00000", "2012-03-31": "106538.00000", "2011-12-31": "104568.00000", "2011-09-30": "106650.00000", "2011-06-30": "106867.00000", "2011-03-31": "95087.00000", "2010-12-31": "89859.00000", "2010-09-30": "82440.00000", "2010-06-30": "79780.00000", "2010-03-31": "78183.00000", "2009-12-31": "79635.00000", "2009-09-30": "73056.00000", "2009-06-30": "66940.00000", "2009-03-31": "56178.00000", "2008-12-31": "70897.00000", "2008-09-30": "111044.00000", "2008-06-30": "115641.00000", "2008-03-31": "96380.00000", "2007-12-31": "95915.00000", "2007-09-30": "85577.00000", "2007-06-30": "80422.00000", "2007-03-31": "71159.00000", "2006-12-31": "74467.00000", "2006-09-30": "81415.00000", "2006-06-30": "80830.00000", "2006-03-31": "73521.00000", "2005-12-31": "81626.00000", "2005-09-30": "84665.00000", "2005-06-30": "75809.00000", "2005-03-31": "69148.00000"}, "Operating Income": {"2020-12-31": "-26613.00000", "2020-09-30": "-372.00000", "2020-06-30": "-1640.00000", "2020-03-31": "-258.00000", "2019-12-31": "6414.00000", "2019-09-30": "4721.00000", "2019-06-30": "4632.00000", "2019-03-31": "4289.00000", "2018-12-31": "8121.00000", "2018-09-30": "9080.00000", "2018-06-30": "6512.00000", "2018-03-31": "7240.00000", "2017-12-31": "3017.00000", "2017-09-30": "5583.00000", "2017-06-30": "4156.00000", "2017-03-31": "5918.00000", "2016-12-31": "617.00000", "2016-09-30": "3226.00000", "2016-06-30": "2396.00000", "2016-03-31": "1730.00000", "2015-12-31": "2628.00000", "2015-09-30": "5749.00000", "2015-06-30": "6954.00000", "2015-03-31": "6635.00000", "2014-12-31": "8842.00000", "2014-09-30": "13410.00000", "2014-06-30": "14151.00000", "2014-03-31": "15227.00000", "2013-12-31": "14716.00000", "2013-09-30": "14189.00000", "2013-06-30": "12768.00000", "2013-03-31": "16038.00000", "2012-12-31": "17700.00000", "2012-09-30": "17320.00000", "2012-06-30": "26191.00000", "2012-03-31": "17515.00000", "2011-12-31": "17041.00000", "2011-09-30": "18680.00000", "2011-06-30": "18619.00000", "2011-03-31": "18917.00000", "2010-12-31": "15327.00000", "2010-09-30": "12858.00000", "2010-06-30": "12706.00000", "2010-03-31": "12068.00000", "2009-12-31": "10206.00000", "2009-09-30": "9204.00000", "2009-06-30": "7517.00000", "2009-03-31": "7850.00000", "2008-12-31": "13799.00000", "2008-09-30": "26693.00000", "2008-06-30": "22431.00000", "2008-03-31": "20474.00000", "2007-12-31": "20727.00000", "2007-09-30": "16760.00000", "2007-06-30": "17928.00000", "2007-03-31": "16064.00000", "2006-12-31": "15561.00000", "2006-09-30": "18178.00000", "2006-06-30": "18204.00000", "2006-03-31": "15459.00000", "2005-12-31": "17718.00000", "2005-09-30": "16052.00000", "2005-06-30": "12759.00000", "2005-03-31": "12903.00000"}, "Total Non-Operating Income/Expense": {"2020-12-31": "", "2020-09-30": "", "2020-06-30": "", "2020-03-31": "", "2019-12-31": "", "2019-09-30": "", "2019-06-30": "", "2019-03-31": "", "2018-12-31": "", "2018-09-30": "", "2018-06-30": "", "2018-03-31": "", "2017-12-31": "", "2017-09-30": "", "2017-06-30": "", "2017-03-31": "", "2016-12-31": "", "2016-09-30": "", "2016-06-30": "", "2016-03-31": "", "2015-12-31": "", "2015-09-30": "", "2015-06-30": "", "2015-03-31": "", "2014-12-31": "", "2014-09-30": "", "2014-06-30": "", "2014-03-31": "", "2013-12-31": "", "2013-09-30": "", "2013-06-30": "", "2013-03-31": "", "2012-12-31": "", "2012-09-30": "", "2012-06-30": "", "2012-03-31": "", "2011-12-31": "", "2011-09-30": "", "2011-06-30": "", "2011-03-31": "", "2010-12-31": "", "2010-09-30": "", "2010-06-30": "", "2010-03-31": "", "2009-12-31": "", "2009-09-30": "", "2009-06-30": "", "2009-03-31": "", "2008-12-31": "", "2008-09-30": "", "2008-06-30": "", "2008-03-31": "", "2007-12-31": "", "2007-09-30": "", "2007-06-30": "", "2007-03-31": "", "2006-12-31": "", "2006-09-30": "", "2006-06-30": "", "2006-03-31": "", "2005-12-31": "", "2005-09-30": "", "2005-06-30": "", "2005-03-31": ""}, "Pre-Tax Income": {"2020-12-31": "-26613.00000", "2020-09-30": "-372.00000", "2020-06-30": "-1640.00000", "2020-03-31": "-258.00000", "2019-12-31": "6414.00000", "2019-09-30": "4721.00000", "2019-06-30": "4632.00000", "2019-03-31": "4289.00000", "2018-12-31": "8121.00000", "2018-09-30": "9080.00000", "2018-06-30": "6512.00000", "2018-03-31": "7240.00000", "2017-12-31": "3017.00000", "2017-09-30": "5583.00000", "2017-06-30": "4156.00000", "2017-03-31": "5918.00000", "2016-12-31": "617.00000", "2016-09-30": "3226.00000", "2016-06-30": "2396.00000", "2016-03-31": "1730.00000", "2015-12-31": "2628.00000", "2015-09-30": "5749.00000", "2015-06-30": "6954.00000", "2015-03-31": "6635.00000", "2014-12-31": "8842.00000", "2014-09-30": "13410.00000", "2014-06-30": "14151.00000", "2014-03-31": "15227.00000", "2013-12-31": "14716.00000", "2013-09-30": "14189.00000", "2013-06-30": "12768.00000", "2013-03-31": "16038.00000", "2012-12-31": "17700.00000", "2012-09-30": "17320.00000", "2012-06-30": "26191.00000", "2012-03-31": "17515.00000", "2011-12-31": "17041.00000", "2011-09-30": "18680.00000", "2011-06-30": "18619.00000", "2011-03-31": "18917.00000", "2010-12-31": "15327.00000", "2010-09-30": "12858.00000", "2010-06-30": "12706.00000", "2010-03-31": "12068.00000", "2009-12-31": "10206.00000", "2009-09-30": "9204.00000", "2009-06-30": "7517.00000", "2009-03-31": "7850.00000", "2008-12-31": "13799.00000", "2008-09-30": "26693.00000", "2008-06-30": "22431.00000", "2008-03-31": "20474.00000", "2007-12-31": "20727.00000", "2007-09-30": "16760.00000", "2007-06-30": "17928.00000", "2007-03-31": "16064.00000", "2006-12-31": "15561.00000", "2006-09-30": "18178.00000", "2006-06-30": "18204.00000", "2006-03-31": "15459.00000", "2005-12-31": "17718.00000", "2005-09-30": "16052.00000", "2005-06-30": "12759.00000", "2005-03-31": "12903.00000"}, "Income Taxes": {"2020-12-31": "-6010.00000", "2020-09-30": "337.00000", "2020-06-30": "-471.00000", "2020-03-31": "512.00000", "2019-12-31": "684.00000", "2019-09-30": "1474.00000", "2019-06-30": "1241.00000", "2019-03-31": "1883.00000", "2018-12-31": "1915.00000", "2018-09-30": "2634.00000", "2018-06-30": "2526.00000", "2018-03-31": "2457.00000", "2017-12-31": "-5392.00000", "2017-09-30": "1498.00000", "2017-06-30": "892.00000", "2017-03-31": "1828.00000", "2016-12-31": "-1407.00000", "2016-09-30": "337.00000", "2016-06-30": "715.00000", "2016-03-31": "-51.00000", "2015-12-31": "-202.00000", "2015-09-30": "1365.00000", "2015-06-30": "2692.00000", "2015-03-31": "1560.00000", "2014-12-31": "2060.00000", "2014-09-30": "5064.00000", "2014-06-30": "5034.00000", "2014-03-31": "5857.00000", "2013-12-31": "6073.00000", "2013-09-30": "6120.00000", "2013-06-30": "5793.00000", "2013-03-31": "6277.00000", "2012-12-31": "7398.00000", "2012-09-30": "7394.00000", "2012-06-30": "8537.00000", "2012-03-31": "7716.00000", "2011-12-31": "7317.00000", "2011-09-30": "8009.00000", "2011-06-30": "7721.00000", "2011-03-31": "8004.00000", "2010-12-31": "5811.00000", "2010-09-30": "5297.00000", "2010-06-30": "4960.00000", "2010-03-31": "5493.00000", "2009-12-31": "4067.00000", "2009-09-30": "4333.00000", "2009-06-30": "3571.00000", "2009-03-31": "3148.00000", "2008-12-31": "5375.00000", "2008-09-30": "11327.00000", "2008-06-30": "10526.00000", "2008-03-31": "9302.00000", "2007-12-31": "8062.00000", "2007-09-30": "7350.00000", "2007-06-30": "7668.00000", "2007-03-31": "6784.00000", "2006-12-31": "5311.00000", "2006-09-30": "7688.00000", "2006-06-30": "7844.00000", "2006-03-31": "7059.00000", "2005-12-31": "7008.00000", "2005-09-30": "6132.00000", "2005-06-30": "5119.00000", "2005-03-31": "5043.00000"}, "Income After Taxes": {"2020-12-31": "-20603.00000", "2020-09-30": "-709.00000", "2020-06-30": "-1169.00000", "2020-03-31": "-770.00000", "2019-12-31": "5730.00000", "2019-09-30": "3247.00000", "2019-06-30": "3391.00000", "2019-03-31": "2406.00000", "2018-12-31": "6206.00000", "2018-09-30": "6446.00000", "2018-06-30": "3986.00000", "2018-03-31": "4783.00000", "2017-12-31": "8409.00000", "2017-09-30": "4085.00000", "2017-06-30": "3264.00000", "2017-03-31": "4090.00000", "2016-12-31": "2024.00000", "2016-09-30": "2889.00000", "2016-06-30": "1681.00000", "2016-03-31": "1781.00000", "2015-12-31": "2830.00000", "2015-09-30": "4384.00000", "2015-06-30": "4262.00000", "2015-03-31": "5075.00000", "2014-12-31": "6782.00000", "2014-09-30": "8346.00000", "2014-06-30": "9117.00000", "2014-03-31": "9370.00000", "2013-12-31": "8643.00000", "2013-09-30": "8069.00000", "2013-06-30": "6975.00000", "2013-03-31": "9761.00000", "2012-12-31": "10302.00000", "2012-09-30": "9926.00000", "2012-06-30": "17654.00000", "2012-03-31": "9799.00000", "2011-12-31": "9724.00000", "2011-09-30": "10671.00000", "2011-06-30": "10898.00000", "2011-03-31": "10913.00000", "2010-12-31": "9516.00000", "2010-09-30": "7561.00000", "2010-06-30": "7746.00000", "2010-03-31": "6575.00000", "2009-12-31": "6139.00000", "2009-09-30": "4871.00000", "2009-06-30": "3946.00000", "2009-03-31": "4702.00000", "2008-12-31": "8424.00000", "2008-09-30": "15366.00000", "2008-06-30": "11905.00000", "2008-03-31": "11172.00000", "2007-12-31": "12665.00000", "2007-09-30": "9410.00000", "2007-06-30": "10260.00000", "2007-03-31": "9280.00000", "2006-12-31": "10250.00000", "2006-09-30": "10490.00000", "2006-06-30": "10360.00000", "2006-03-31": "8400.00000", "2005-12-31": "10710.00000", "2005-09-30": "9920.00000", "2005-06-30": "7640.00000", "2005-03-31": "7860.00000"}, "Other Income": {"2020-12-31": "", "2020-09-30": "", "2020-06-30": "", "2020-03-31": "", "2019-12-31": "", "2019-09-30": "", "2019-06-30": "", "2019-03-31": "", "2018-12-31": "", "2018-09-30": "", "2018-06-30": "", "2018-03-31": "", "2017-12-31": "", "2017-09-30": "", "2017-06-30": "", "2017-03-31": "", "2016-12-31": "", "2016-09-30": "", "2016-06-30": "", "2016-03-31": "", "2015-12-31": "", "2015-09-30": "", "2015-06-30": "", "2015-03-31": "", "2014-12-31": "", "2014-09-30": "", "2014-06-30": "", "2014-03-31": "", "2013-12-31": "", "2013-09-30": "", "2013-06-30": "", "2013-03-31": "", "2012-12-31": "", "2012-09-30": "", "2012-06-30": "", "2012-03-31": "", "2011-12-31": "", "2011-09-30": "", "2011-06-30": "", "2011-03-31": "", "2010-12-31": "", "2010-09-30": "", "2010-06-30": "", "2010-03-31": "", "2009-12-31": "", "2009-09-30": "", "2009-06-30": "", "2009-03-31": "", "2008-12-31": "", "2008-09-30": "", "2008-06-30": "", "2008-03-31": "", "2007-12-31": "", "2007-09-30": "", "2007-06-30": "", "2007-03-31": "", "2006-12-31": "", "2006-09-30": "", "2006-06-30": "", "2006-03-31": "", "2005-12-31": "", "2005-09-30": "", "2005-06-30": "", "2005-03-31": ""}, "Income From Continuous Operations": {"2020-12-31": "-20603.00000", "2020-09-30": "-709.00000", "2020-06-30": "-1169.00000", "2020-03-31": "-770.00000", "2019-12-31": "5730.00000", "2019-09-30": "3247.00000", "2019-06-30": "3391.00000", "2019-03-31": "2406.00000", "2018-12-31": "6206.00000", "2018-09-30": "6446.00000", "2018-06-30": "3986.00000", "2018-03-31": "4783.00000", "2017-12-31": "8409.00000", "2017-09-30": "4085.00000", "2017-06-30": "3264.00000", "2017-03-31": "4090.00000", "2016-12-31": "2024.00000", "2016-09-30": "2889.00000", "2016-06-30": "1681.00000", "2016-03-31": "1781.00000", "2015-12-31": "2830.00000", "2015-09-30": "4384.00000", "2015-06-30": "4262.00000", "2015-03-31": "5075.00000", "2014-12-31": "6782.00000", "2014-09-30": "8346.00000", "2014-06-30": "9117.00000", "2014-03-31": "9370.00000", "2013-12-31": "8643.00000", "2013-09-30": "8069.00000", "2013-06-30": "6975.00000", "2013-03-31": "9761.00000", "2012-12-31": "10302.00000", "2012-09-30": "9926.00000", "2012-06-30": "17654.00000", "2012-03-31": "9799.00000", "2011-12-31": "9724.00000", "2011-09-30": "10671.00000", "2011-06-30": "10898.00000", "2011-03-31": "10913.00000", "2010-12-31": "9516.00000", "2010-09-30": "7561.00000", "2010-06-30": "7746.00000", "2010-03-31": "6575.00000", "2009-12-31": "6139.00000", "2009-09-30": "4871.00000", "2009-06-30": "3946.00000", "2009-03-31": "4702.00000", "2008-12-31": "8424.00000", "2008-09-30": "15366.00000", "2008-06-30": "11905.00000", "2008-03-31": "11172.00000", "2007-12-31": "12665.00000", "2007-09-30": "9410.00000", "2007-06-30": "10260.00000", "2007-03-31": "9280.00000", "2006-12-31": "10250.00000", "2006-09-30": "10490.00000", "2006-06-30": "10360.00000", "2006-03-31": "8400.00000", "2005-12-31": "10710.00000", "2005-09-30": "9920.00000", "2005-06-30": "7640.00000", "2005-03-31": "7860.00000"}, "Income From Discontinued Operations": {"2020-12-31": "", "2020-09-30": "", "2020-06-30": "", "2020-03-31": "", "2019-12-31": "", "2019-09-30": "", "2019-06-30": "", "2019-03-31": "", "2018-12-31": "", "2018-09-30": "", "2018-06-30": "", "2018-03-31": "", "2017-12-31": "", "2017-09-30": "", "2017-06-30": "", "2017-03-31": "", "2016-12-31": "", "2016-09-30": "", "2016-06-30": "", "2016-03-31": "", "2015-12-31": "", "2015-09-30": "", "2015-06-30": "", "2015-03-31": "", "2014-12-31": "", "2014-09-30": "", "2014-06-30": "", "2014-03-31": "", "2013-12-31": "", "2013-09-30": "", "2013-06-30": "", "2013-03-31": "", "2012-12-31": "", "2012-09-30": "", "2012-06-30": "", "2012-03-31": "", "2011-12-31": "", "2011-09-30": "", "2011-06-30": "", "2011-03-31": "", "2010-12-31": "", "2010-09-30": "", "2010-06-30": "", "2010-03-31": "", "2009-12-31": "", "2009-09-30": "", "2009-06-30": "", "2009-03-31": "", "2008-12-31": "", "2008-09-30": "", "2008-06-30": "", "2008-03-31": "", "2007-12-31": "", "2007-09-30": "", "2007-06-30": "", "2007-03-31": "", "2006-12-31": "", "2006-09-30": "", "2006-06-30": "", "2006-03-31": "", "2005-12-31": "", "2005-09-30": "", "2005-06-30": "", "2005-03-31": ""}, "Net Income": {"2020-12-31": "-20070.00000", "2020-09-30": "-680.00000", "2020-06-30": "-1080.00000", "2020-03-31": "-610.00000", "2019-12-31": "5690.00000", "2019-09-30": "3170.00000", "2019-06-30": "3130.00000", "2019-03-31": "2350.00000", "2018-12-31": "6000.00000", "2018-09-30": "6240.00000", "2018-06-30": "3950.00000", "2018-03-31": "4650.00000", "2017-12-31": "8380.00000", "2017-09-30": "3970.00000", "2017-06-30": "3350.00000", "2017-03-31": "4010.00000", "2016-12-31": "1680.00000", "2016-09-30": "2650.00000", "2016-06-30": "1700.00000", "2016-03-31": "1810.00000", "2015-12-31": "2780.00000", "2015-09-30": "4240.00000", "2015-06-30": "4190.00000", "2015-03-31": "4940.00000", "2014-12-31": "6570.00000", "2014-09-30": "8070.00000", "2014-06-30": "8780.00000", "2014-03-31": "9100.00000", "2013-12-31": "8350.00000", "2013-09-30": "7870.00000", "2013-06-30": "6860.00000", "2013-03-31": "9500.00000", "2012-12-31": "9950.00000", "2012-09-30": "9570.00000", "2012-06-30": "15910.00000", "2012-03-31": "9450.00000", "2011-12-31": "9400.00000", "2011-09-30": "10330.00000", "2011-06-30": "10680.00000", "2011-03-31": "10650.00000", "2010-12-31": "9250.00000", "2010-09-30": "7350.00000", "2010-06-30": "7560.00000", "2010-03-31": "6300.00000", "2009-12-31": "6050.00000", "2009-09-30": "4730.00000", "2009-06-30": "3950.00000", "2009-03-31": "4550.00000", "2008-12-31": "7820.00000", "2008-09-30": "14830.00000", "2008-06-30": "11680.00000", "2008-03-31": "10890.00000", "2007-12-31": "11660.00000", "2007-09-30": "9410.00000", "2007-06-30": "10260.00000", "2007-03-31": "9280.00000", "2006-12-31": "10250.00000", "2006-09-30": "10490.00000", "2006-06-30": "10360.00000", "2006-03-31": "8400.00000", "2005-12-31": "10710.00000", "2005-09-30": "9920.00000", "2005-06-30": "7640.00000", "2005-03-31": "7860.00000"}, "EBITDA": {"2020-12-31": "", "2020-09-30": "4890.00000", "2020-06-30": "3593.00000", "2020-03-31": "5810.00000", "2019-12-31": "11538.00000", "2019-09-30": "9826.00000", "2019-06-30": "9479.00000", "2019-03-31": "9041.00000", "2018-12-31": "13364.00000", "2018-09-30": "13938.00000", "2018-06-30": "11248.00000", "2018-03-31": "11914.00000", "2017-12-31": "9045.00000", "2017-09-30": "10574.00000", "2017-06-30": "8966.00000", "2017-03-31": "10583.00000", "2016-12-31": "8929.00000", "2016-09-30": "7937.00000", "2016-06-30": "7292.00000", "2016-03-31": "6572.00000", "2015-12-31": "7443.00000", "2015-09-30": "10369.00000", "2015-06-30": "11490.00000", "2015-03-31": "11023.00000", "2014-12-31": "13368.00000", "2014-09-30": "17860.00000", "2014-06-30": "18500.00000", "2014-03-31": "19485.00000", "2013-12-31": "18944.00000", "2013-09-30": "18528.00000", "2013-06-30": "17258.00000", "2013-03-31": "20172.00000", "2012-12-31": "21921.00000", "2012-09-30": "21416.00000", "2012-06-30": "30140.00000", "2012-03-31": "21464.00000", "2011-12-31": "21191.00000", "2011-09-30": "22644.00000", "2011-06-30": "22545.00000", "2011-03-31": "22707.00000", "2010-12-31": "19707.00000", "2010-09-30": "16756.00000", "2010-06-30": "16112.00000", "2010-03-31": "15403.00000", "2009-12-31": "13435.00000", "2009-09-30": "12193.00000", "2009-06-30": "10864.00000", "2009-03-31": "10750.00000", "2008-12-31": "17094.00000", "2008-09-30": "30019.00000", "2008-06-30": "25628.00000", "2008-03-31": "23708.00000", "2007-12-31": "24010.00000", "2007-09-30": "19992.00000", "2007-06-30": "21018.00000", "2007-03-31": "19109.00000", "2006-12-31": "18944.00000", "2006-09-30": "21189.00000", "2006-06-30": "21071.00000", "2006-03-31": "18268.00000", "2005-12-31": "20512.00000", "2005-09-30": "18638.00000", "2005-06-30": "15519.00000", "2005-03-31": "15512.00000"}, "EBIT": {"2020-12-31": "-26613.00000", "2020-09-30": "-93.00000", "2020-06-30": "-1323.00000", "2020-03-31": "-9.00000", "2019-12-31": "6615.00000", "2019-09-30": "4953.00000", "2019-06-30": "4848.00000", "2019-03-31": "4470.00000", "2018-12-31": "8336.00000", "2018-09-30": "9280.00000", "2018-06-30": "6659.00000", "2018-03-31": "7444.00000", "2017-12-31": "3203.00000", "2017-09-30": "5694.00000", "2017-06-30": "4314.00000", "2017-03-31": "6064.00000", "2016-12-31": "812.00000", "2016-09-30": "3332.00000", "2016-06-30": "2471.00000", "2016-03-31": "1807.00000", "2015-12-31": "2688.00000", "2015-09-30": "5827.00000", "2015-06-30": "7039.00000", "2015-03-31": "6723.00000", "2014-12-31": "8910.00000", "2014-09-30": "13498.00000", "2014-06-30": "14215.00000", "2014-03-31": "15293.00000", "2013-12-31": "14564.00000", "2013-09-30": "14241.00000", "2013-06-30": "12853.00000", "2013-03-31": "16062.00000", "2012-12-31": "17811.00000", "2012-09-30": "17379.00000", "2012-06-30": "26241.00000", "2012-03-31": "17622.00000", "2011-12-31": "17116.00000", "2011-09-30": "18778.00000", "2011-06-30": "18664.00000", "2011-03-31": "18946.00000", "2010-12-31": "15437.00000", "2010-09-30": "12912.00000", "2010-06-30": "12746.00000", "2010-03-31": "12123.00000", "2009-12-31": "10242.00000", "2009-09-30": "9266.00000", "2009-06-30": "7860.00000", "2009-03-31": "7957.00000", "2008-12-31": "13917.00000", "2008-09-30": "27011.00000", "2008-06-30": "22538.00000", "2008-03-31": "20604.00000", "2007-12-31": "20855.00000", "2007-09-30": "16833.00000", "2007-06-30": "18024.00000", "2007-03-31": "16167.00000", "2006-12-31": "15662.00000", "2006-09-30": "18459.00000", "2006-06-30": "18311.00000", "2006-03-31": "15624.00000", "2005-12-31": "17841.00000", "2005-09-30": "16125.00000", "2005-06-30": "13003.00000", "2005-03-31": "12959.00000"}, "Basic Shares Outstanding": {"2020-12-31": "4272.00000", "2020-09-30": "4271.00000", "2020-06-30": "4271.00000", "2020-03-31": "4270.00000", "2019-12-31": "4270.00000", "2019-09-30": "4271.00000", "2019-06-30": "4271.00000", "2019-03-31": "4270.00000", "2018-12-31": "4270.00000", "2018-09-30": "4271.00000", "2018-06-30": "4271.00000", "2018-03-31": "4270.00000", "2017-12-31": "4256.00000", "2017-09-30": "4271.00000", "2017-06-30": "4271.00000", "2017-03-31": "4223.00000", "2016-12-31": "4177.00000", "2016-09-30": "4178.00000", "2016-06-30": "4178.00000", "2016-03-31": "4178.00000", "2015-12-31": "4196.00000", "2015-09-30": "4190.00000", "2015-06-30": "4200.00000", "2015-03-31": "4211.00000", "2014-12-31": "4282.00000", "2014-09-30": "4267.00000", "2014-06-30": "4297.00000", "2014-03-31": "4328.00000", "2013-12-31": "4419.00000", "2013-09-30": "4395.00000", "2013-06-30": "4433.00000", "2013-03-31": "4485.00000", "2012-12-31": "4628.00000", "2012-09-30": "4597.00000", "2012-06-30": "4656.00000", "2012-03-31": "4715.00000", "2011-12-31": "4870.00000", "2011-09-30": "4839.00000", "2011-06-30": "4906.00000", "2011-03-31": "4963.00000", "2010-12-31": "4885.00000", "2010-09-30": "5076.00000", "2010-06-30": "4716.00000", "2010-03-31": "4722.00000", "2009-12-31": "4832.00000", "2009-09-30": "4784.00000", "2009-06-30": "4851.00000", "2009-03-31": "4937.00000", "2008-12-31": "5194.00000", "2008-09-30": "5149.00000", "2008-06-30": "5248.00000", "2008-03-31": "5343.00000", "2007-12-31": "5557.00000", "2007-09-30": "5470.00000", "2007-06-30": "5555.00000", "2007-03-31": "5650.00000", "2006-12-31": "5913.00000", "2006-09-30": "5861.00000", "2006-06-30": "5971.00000", "2006-03-31": "6068.00000", "2005-12-31": "6266.00000", "2005-09-30": "6241.00000", "2005-06-30": "6310.00000", "2005-03-31": "6365.00000"}, "Shares Outstanding": {"2020-12-31": "4272.00000", "2020-09-30": "4271.00000", "2020-06-30": "4271.00000", "2020-03-31": "4270.00000", "2019-12-31": "4270.00000", "2019-09-30": "4271.00000", "2019-06-30": "4271.00000", "2019-03-31": "4270.00000", "2018-12-31": "4270.00000", "2018-09-30": "4271.00000", "2018-06-30": "4271.00000", "2018-03-31": "4270.00000", "2017-12-31": "4256.00000", "2017-09-30": "4271.00000", "2017-06-30": "4271.00000", "2017-03-31": "4223.00000", "2016-12-31": "4177.00000", "2016-09-30": "4178.00000", "2016-06-30": "4178.00000", "2016-03-31": "4178.00000", "2015-12-31": "4196.00000", "2015-09-30": "4190.00000", "2015-06-30": "4200.00000", "2015-03-31": "4211.00000", "2014-12-31": "4282.00000", "2014-09-30": "4267.00000", "2014-06-30": "4297.00000", "2014-03-31": "4328.00000", "2013-12-31": "4419.00000", "2013-09-30": "4395.00000", "2013-06-30": "4433.00000", "2013-03-31": "4485.00000", "2012-12-31": "4628.00000", "2012-09-30": "4597.00000", "2012-06-30": "4657.00000", "2012-03-31": "4716.00000", "2011-12-31": "4875.00000", "2011-09-30": "4843.00000", "2011-06-30": "4912.00000", "2011-03-31": "4971.00000", "2010-12-31": "4897.00000", "2010-09-30": "5089.00000", "2010-06-30": "4729.00000", "2010-03-31": "4736.00000", "2009-12-31": "4848.00000", "2009-09-30": "4803.00000", "2009-06-30": "4871.00000", "2009-03-31": "4959.00000", "2008-12-31": "5221.00000", "2008-09-30": "5178.00000", "2008-06-30": "5281.00000", "2008-03-31": "5379.00000", "2007-12-31": "5594.00000", "2007-09-30": "5536.00000", "2007-06-30": "5620.00000", "2007-03-31": "5714.00000", "2006-12-31": "5970.00000", "2006-09-30": "5922.00000", "2006-06-30": "6030.00000", "2006-03-31": "6126.00000", "2005-12-31": "6322.00000", "2005-09-30": "6303.00000", "2005-06-30": "6370.00000", "2005-03-31": "6421.00000"}, "Basic EPS": {"2020-12-31": "-4.70000", "2020-09-30": "-0.15000", "2020-06-30": "-0.26000", "2020-03-31": "-0.14000", "2019-12-31": "1.33000", "2019-09-30": "0.75000", "2019-06-30": "0.73000", "2019-03-31": "0.55000", "2018-12-31": "1.41000", "2018-09-30": "1.46000", "2018-06-30": "0.92000", "2018-03-31": "1.09000", "2017-12-31": "1.97000", "2017-09-30": "0.93000", "2017-06-30": "0.78000", "2017-03-31": "0.95000", "2016-12-31": "0.41000", "2016-09-30": "0.63000", "2016-06-30": "0.41000", "2016-03-31": "0.43000", "2015-12-31": "0.67000", "2015-09-30": "1.01000", "2015-06-30": "1.00000", "2015-03-31": "1.17000", "2014-12-31": "1.56000", "2014-09-30": "1.89000", "2014-06-30": "2.05000", "2014-03-31": "2.10000", "2013-12-31": "1.91000", "2013-09-30": "1.79000", "2013-06-30": "1.55000", "2013-03-31": "2.12000", "2012-12-31": "2.20000", "2012-09-30": "2.09000", "2012-06-30": "3.41000", "2012-03-31": "2.00000", "2011-12-31": "1.97000", "2011-09-30": "2.13000", "2011-06-30": "2.19000", "2011-03-31": "2.14000", "2010-12-31": "1.86000", "2010-09-30": "1.44000", "2010-06-30": "1.61000", "2010-03-31": "1.33000", "2009-12-31": "1.27000", "2009-09-30": "0.98000", "2009-06-30": "0.82000", "2009-03-31": "0.92000", "2008-12-31": "1.57000", "2008-09-30": "2.86000", "2008-06-30": "2.24000", "2008-03-31": "2.03000", "2007-12-31": "2.10000", "2007-09-30": "1.72000", "2007-06-30": "1.85000", "2007-03-31": "1.64000", "2006-12-31": "1.77000", "2006-09-30": "1.79000", "2006-06-30": "1.74000", "2006-03-31": "1.38000", "2005-12-31": "1.72000", "2005-09-30": "1.60000", "2005-06-30": "1.21000", "2005-03-31": "1.23000"}, "EPS - Earnings Per Share": {"2020-12-31": "-4.70000", "2020-09-30": "-0.15000", "2020-06-30": "-0.26000", "2020-03-31": "-0.14000", "2019-12-31": "1.33000", "2019-09-30": "0.75000", "2019-06-30": "0.73000", "2019-03-31": "0.55000", "2018-12-31": "1.41000", "2018-09-30": "1.46000", "2018-06-30": "0.92000", "2018-03-31": "1.09000", "2017-12-31": "1.97000", "2017-09-30": "0.93000", "2017-06-30": "0.78000", "2017-03-31": "0.95000", "2016-12-31": "0.41000", "2016-09-30": "0.63000", "2016-06-30": "0.41000", "2016-03-31": "0.43000", "2015-12-31": "0.67000", "2015-09-30": "1.01000", "2015-06-30": "1.00000", "2015-03-31": "1.17000", "2014-12-31": "1.56000", "2014-09-30": "1.89000", "2014-06-30": "2.05000", "2014-03-31": "2.10000", "2013-12-31": "1.91000", "2013-09-30": "1.79000", "2013-06-30": "1.55000", "2013-03-31": "2.12000", "2012-12-31": "2.20000", "2012-09-30": "2.09000", "2012-06-30": "3.41000", "2012-03-31": "2.00000", "2011-12-31": "1.97000", "2011-09-30": "2.13000", "2011-06-30": "2.18000", "2011-03-31": "2.14000", "2010-12-31": "1.85000", "2010-09-30": "1.44000", "2010-06-30": "1.60000", "2010-03-31": "1.33000", "2009-12-31": "1.27000", "2009-09-30": "0.98000", "2009-06-30": "0.81000", "2009-03-31": "0.92000", "2008-12-31": "1.57000", "2008-09-30": "2.85000", "2008-06-30": "2.22000", "2008-03-31": "2.02000", "2007-12-31": "2.11000", "2007-09-30": "1.70000", "2007-06-30": "1.83000", "2007-03-31": "1.62000", "2006-12-31": "1.76000", "2006-09-30": "1.77000", "2006-06-30": "1.72000", "2006-03-31": "1.37000", "2005-12-31": "1.71000", "2005-09-30": "1.58000", "2005-06-30": "1.20000", "2005-03-31": "1.22000"}}, "balance sheet": {"Cash On Hand": {"2020-12-31": "", "2019-12-31": "3089.00000", "2018-12-31": "3042.00000", "2017-12-31": "3177.00000", "2016-12-31": "3657.00000", "2015-12-31": "3705.00000", "2014-12-31": "4658.00000", "2013-12-31": "4913.00000", "2012-12-31": "9923.00000", "2011-12-31": "13068.00000", "2010-12-31": "8453.00000", "2009-12-31": "10862.00000", "2008-12-31": "32007.00000", "2007-12-31": "34500.00000", "2006-12-31": "32848.00000", "2005-12-31": "33275.00000"}, "Receivables": {"2020-12-31": "", "2019-12-31": "", "2018-12-31": "", "2017-12-31": "", "2016-12-31": "", "2015-12-31": "", "2014-12-31": "", "2013-12-31": "", "2012-12-31": "", "2011-12-31": "", "2010-12-31": "", "2009-12-31": "", "2008-12-31": "", "2007-12-31": "", "2006-12-31": "", "2005-12-31": ""}, "Inventory": {"2020-12-31": "", "2019-12-31": "18528.00000", "2018-12-31": "18958.00000", "2017-12-31": "16992.00000", "2016-12-31": "15080.00000", "2015-12-31": "16245.00000", "2014-12-31": "16678.00000", "2013-12-31": "16135.00000", "2012-12-31": "14542.00000", "2011-12-31": "15024.00000", "2010-12-31": "12976.00000", "2009-12-31": "11553.00000", "2008-12-31": "11646.00000", "2007-12-31": "11089.00000", "2006-12-31": "10714.00000", "2005-12-31": "9321.00000"}, "Pre-Paid Expenses": {"2020-12-31": "", "2019-12-31": "", "2018-12-31": "", "2017-12-31": "", "2016-12-31": "", "2015-12-31": "", "2014-12-31": "", "2013-12-31": "", "2012-12-31": "", "2011-12-31": "", "2010-12-31": "", "2009-12-31": "", "2008-12-31": "", "2007-12-31": "", "2006-12-31": "3273.00000", "2005-12-31": "3262.00000"}, "Other Current Assets": {"2020-12-31": "", "2019-12-31": "1469.00000", "2018-12-31": "1272.00000", "2017-12-31": "1368.00000", "2016-12-31": "1285.00000", "2015-12-31": "2798.00000", "2014-12-31": "3565.00000", "2013-12-31": "5108.00000", "2012-12-31": "5008.00000", "2011-12-31": "6229.00000", "2010-12-31": "5271.00000", "2009-12-31": "5175.00000", "2008-12-31": "3911.00000", "2007-12-31": "3924.00000", "2006-12-31": "", "2005-12-31": ""}, "Total Current Assets": {"2020-12-31": "", "2019-12-31": "50052.00000", "2018-12-31": "47973.00000", "2017-12-31": "47134.00000", "2016-12-31": "41416.00000", "2015-12-31": "42623.00000", "2014-12-31": "52910.00000", "2013-12-31": "59308.00000", "2012-12-31": "64460.00000", "2011-12-31": "72963.00000", "2010-12-31": "58984.00000", "2009-12-31": "55235.00000", "2008-12-31": "72266.00000", "2007-12-31": "85963.00000", "2006-12-31": "75777.00000", "2005-12-31": "73342.00000"}, "Property, Plant, And Equipment": {"2020-12-31": "", "2019-12-31": "253018.00000", "2018-12-31": "247101.00000", "2017-12-31": "252630.00000", "2016-12-31": "244224.00000", "2015-12-31": "251605.00000", "2014-12-31": "252668.00000", "2013-12-31": "243650.00000", "2012-12-31": "226949.00000", "2011-12-31": "214664.00000", "2010-12-31": "199548.00000", "2009-12-31": "139116.00000", "2008-12-31": "121346.00000", "2007-12-31": "120869.00000", "2006-12-31": "113687.00000", "2005-12-31": "107010.00000"}, "Long-Term Investments": {"2020-12-31": "", "2019-12-31": "43164.00000", "2018-12-31": "40790.00000", "2017-12-31": "39160.00000", "2016-12-31": "35102.00000", "2015-12-31": "34245.00000", "2014-12-31": "35239.00000", "2013-12-31": "36328.00000", "2012-12-31": "34718.00000", "2011-12-31": "34333.00000", "2010-12-31": "35338.00000", "2009-12-31": "31665.00000", "2008-12-31": "28556.00000", "2007-12-31": "28194.00000", "2006-12-31": "23237.00000", "2005-12-31": "20592.00000"}, "Goodwill And Intangible Assets": {"2020-12-31": "", "2019-12-31": "", "2018-12-31": "", "2017-12-31": "", "2016-12-31": "", "2015-12-31": "", "2014-12-31": "", "2013-12-31": "", "2012-12-31": "", "2011-12-31": "", "2010-12-31": "", "2009-12-31": "", "2008-12-31": "", "2007-12-31": "", "2006-12-31": "", "2005-12-31": ""}, "Other Long-Term Assets": {"2020-12-31": "", "2019-12-31": "16363.00000", "2018-12-31": "10332.00000", "2017-12-31": "9767.00000", "2016-12-31": "9572.00000", "2015-12-31": "8285.00000", "2014-12-31": "8676.00000", "2013-12-31": "7522.00000", "2012-12-31": "7668.00000", "2011-12-31": "9092.00000", "2010-12-31": "8640.00000", "2009-12-31": "7307.00000", "2008-12-31": "5884.00000", "2007-12-31": "7056.00000", "2006-12-31": "6314.00000", "2005-12-31": "7391.00000"}, "Total Long-Term Assets": {"2020-12-31": "", "2019-12-31": "312545.00000", "2018-12-31": "298223.00000", "2017-12-31": "301557.00000", "2016-12-31": "288898.00000", "2015-12-31": "294135.00000", "2014-12-31": "296583.00000", "2013-12-31": "287500.00000", "2012-12-31": "269335.00000", "2011-12-31": "258089.00000", "2010-12-31": "243526.00000", "2009-12-31": "178088.00000", "2008-12-31": "155786.00000", "2007-12-31": "156119.00000", "2006-12-31": "143238.00000", "2005-12-31": "134993.00000"}, "Total Assets": {"2020-12-31": "0.00000", "2019-12-31": "362597.00000", "2018-12-31": "346196.00000", "2017-12-31": "348691.00000", "2016-12-31": "330314.00000", "2015-12-31": "336758.00000", "2014-12-31": "349493.00000", "2013-12-31": "346808.00000", "2012-12-31": "333795.00000", "2011-12-31": "331052.00000", "2010-12-31": "302510.00000", "2009-12-31": "233323.00000", "2008-12-31": "228052.00000", "2007-12-31": "242082.00000", "2006-12-31": "219015.00000", "2005-12-31": "208335.00000"}, "Total Current Liabilities": {"2020-12-31": "", "2019-12-31": "63989.00000", "2018-12-31": "57138.00000", "2017-12-31": "57771.00000", "2016-12-31": "47638.00000", "2015-12-31": "53976.00000", "2014-12-31": "64633.00000", "2013-12-31": "71724.00000", "2012-12-31": "64139.00000", "2011-12-31": "77505.00000", "2010-12-31": "62633.00000", "2009-12-31": "52061.00000", "2008-12-31": "49100.00000", "2007-12-31": "58312.00000", "2006-12-31": "48817.00000", "2005-12-31": "46307.00000"}, "Long Term Debt": {"2020-12-31": "", "2019-12-31": "26342.00000", "2018-12-31": "20538.00000", "2017-12-31": "24406.00000", "2016-12-31": "28932.00000", "2015-12-31": "19925.00000", "2014-12-31": "11653.00000", "2013-12-31": "6891.00000", "2012-12-31": "7928.00000", "2011-12-31": "9322.00000", "2010-12-31": "12227.00000", "2009-12-31": "7129.00000", "2008-12-31": "7025.00000", "2007-12-31": "7183.00000", "2006-12-31": "6645.00000", "2005-12-31": "6220.00000"}, "Other Non-Current Liabilities": {"2020-12-31": "", "2019-12-31": "25404.00000", "2018-12-31": "22476.00000", "2017-12-31": "23989.00000", "2016-12-31": "25193.00000", "2015-12-31": "26582.00000", "2014-12-31": "27111.00000", "2013-12-31": "26522.00000", "2012-12-31": "27231.00000", "2011-12-31": "21869.00000", "2010-12-31": "20454.00000", "2009-12-31": "17651.00000", "2008-12-31": "13949.00000", "2007-12-31": "27644.00000", "2006-12-31": "25054.00000", "2005-12-31": "16654.00000"}, "Total Long Term Liabilities": {"2020-12-31": "", "2019-12-31": "99670.00000", "2018-12-31": "90530.00000", "2017-12-31": "96420.00000", "2016-12-31": "108846.00000", "2015-12-31": "105972.00000", "2014-12-31": "103796.00000", "2013-12-31": "94589.00000", "2012-12-31": "97996.00000", "2011-12-31": "92803.00000", "2010-12-31": "87198.00000", "2009-12-31": "65870.00000", "2008-12-31": "61429.00000", "2007-12-31": "62008.00000", "2006-12-31": "56354.00000", "2005-12-31": "50842.00000"}, "Total Liabilities": {"2020-12-31": "", "2019-12-31": "163659.00000", "2018-12-31": "147668.00000", "2017-12-31": "154191.00000", "2016-12-31": "156484.00000", "2015-12-31": "159948.00000", "2014-12-31": "168429.00000", "2013-12-31": "166313.00000", "2012-12-31": "162135.00000", "2011-12-31": "170308.00000", "2010-12-31": "149831.00000", "2009-12-31": "117931.00000", "2008-12-31": "110529.00000", "2007-12-31": "120320.00000", "2006-12-31": "105171.00000", "2005-12-31": "97149.00000"}, "Common Stock Net": {"2020-12-31": "", "2019-12-31": "15637.00000", "2018-12-31": "15258.00000", "2017-12-31": "14656.00000", "2016-12-31": "12157.00000", "2015-12-31": "11612.00000", "2014-12-31": "10792.00000", "2013-12-31": "10077.00000", "2012-12-31": "9653.00000", "2011-12-31": "9512.00000", "2010-12-31": "9371.00000", "2009-12-31": "5503.00000", "2008-12-31": "5314.00000", "2007-12-31": "4933.00000", "2006-12-31": "4786.00000", "2005-12-31": "4477.00000"}, "Retained Earnings (Accumulated Deficit)": {"2020-12-31": "", "2019-12-31": "421341.00000", "2018-12-31": "421653.00000", "2017-12-31": "414540.00000", "2016-12-31": "407831.00000", "2015-12-31": "412444.00000", "2014-12-31": "408384.00000", "2013-12-31": "387432.00000", "2012-12-31": "365727.00000", "2011-12-31": "330939.00000", "2010-12-31": "298899.00000", "2009-12-31": "276937.00000", "2008-12-31": "265680.00000", "2007-12-31": "228518.00000", "2006-12-31": "195207.00000", "2005-12-31": "163335.00000"}, "Comprehensive Income": {"2020-12-31": "", "2019-12-31": "-19493.00000", "2018-12-31": "-19564.00000", "2017-12-31": "-16262.00000", "2016-12-31": "-22239.00000", "2015-12-31": "-23511.00000", "2014-12-31": "-18957.00000", "2013-12-31": "-10725.00000", "2012-12-31": "-12184.00000", "2011-12-31": "-9123.00000", "2010-12-31": "-4823.00000", "2009-12-31": "-5461.00000", "2008-12-31": "-9931.00000", "2007-12-31": "1989.00000", "2006-12-31": "-2762.00000", "2005-12-31": "979.00000"}, "Other Share Holders Equity": {"2020-12-31": "", "2019-12-31": "", "2018-12-31": "", "2017-12-31": "", "2016-12-31": "", "2015-12-31": "", "2014-12-31": "", "2013-12-31": "", "2012-12-31": "", "2011-12-31": "", "2010-12-31": "", "2009-12-31": "", "2008-12-31": "", "2007-12-31": "", "2006-12-31": "", "2005-12-31": "-2258.00000"}, "Share Holder Equity": {"2020-12-31": "", "2019-12-31": "198938.00000", "2018-12-31": "198528.00000", "2017-12-31": "194500.00000", "2016-12-31": "173830.00000", "2015-12-31": "176810.00000", "2014-12-31": "181064.00000", "2013-12-31": "180495.00000", "2012-12-31": "171660.00000", "2011-12-31": "160744.00000", "2010-12-31": "152679.00000", "2009-12-31": "115392.00000", "2008-12-31": "117523.00000", "2007-12-31": "121762.00000", "2006-12-31": "113844.00000", "2005-12-31": "111186.00000"}, "Total Liabilities And Share Holders Equity": {"2020-12-31": "", "2019-12-31": "362597.00000", "2018-12-31": "346196.00000", "2017-12-31": "348691.00000", "2016-12-31": "330314.00000", "2015-12-31": "336758.00000", "2014-12-31": "349493.00000", "2013-12-31": "346808.00000", "2012-12-31": "333795.00000", "2011-12-31": "331052.00000", "2010-12-31": "302510.00000", "2009-12-31": "233323.00000", "2008-12-31": "228052.00000", "2007-12-31": "242082.00000", "2006-12-31": "219015.00000", "2005-12-31": "208335.00000"}}, "balance sheet, quarterly": {"Cash On Hand": {"2020-12-31": "", "2020-09-30": "8832.00000", "2020-06-30": "12576.00000", "2020-03-31": "11412.00000", "2019-12-31": "3089.00000", "2019-09-30": "5351.00000", "2019-06-30": "4213.00000", "2019-03-31": "4586.00000", "2018-12-31": "3042.00000", "2018-09-30": "5669.00000", "2018-06-30": "3430.00000", "2018-03-31": "4125.00000", "2017-12-31": "3177.00000", "2017-09-30": "4266.00000", "2017-06-30": "4042.00000", "2017-03-31": "4897.00000", "2016-12-31": "3657.00000", "2016-09-30": "5093.00000", "2016-06-30": "4358.00000", "2016-03-31": "4846.00000", "2015-12-31": "3705.00000", "2015-09-30": "4296.00000", "2015-06-30": "4378.00000", "2015-03-31": "5227.00000", "2014-12-31": "4658.00000", "2014-09-30": "5014.00000", "2014-06-30": "6281.00000", "2014-03-31": "5805.00000", "2013-12-31": "4913.00000", "2013-09-30": "5749.00000", "2013-06-30": "5012.00000", "2013-03-31": "6590.00000", "2012-12-31": "9923.00000", "2012-09-30": "13261.00000", "2012-06-30": "18017.00000", "2012-03-31": "19147.00000", "2011-12-31": "13068.00000", "2011-09-30": "11255.00000", "2011-06-30": "10287.00000", "2011-03-31": "13234.00000", "2010-12-31": "8453.00000", "2010-09-30": "12259.00000", "2010-06-30": "13267.00000", "2010-03-31": "13827.00000", "2009-12-31": "10862.00000", "2009-09-30": "12623.00000", "2009-06-30": "15729.00000", "2009-03-31": "25140.00000", "2008-12-31": "32007.00000", "2008-09-30": "38434.00000", "2008-06-30": "39700.00000", "2008-03-31": "41393.00000", "2007-12-31": "34500.00000", "2007-09-30": "36217.00000", "2007-06-30": "33563.00000", "2007-03-31": "34598.00000", "2006-12-31": "32848.00000", "2006-09-30": "37338.00000", "2006-06-30": "36717.00000", "2006-03-31": "36549.00000", "2005-12-31": "33275.00000", "2005-09-30": "33844.00000", "2005-06-30": "30252.00000", "2005-03-31": "29769.00000"}, "Receivables": {"2020-12-31": "", "2020-09-30": "", "2020-06-30": "", "2020-03-31": "", "2019-12-31": "", "2019-09-30": "", "2019-06-30": "", "2019-03-31": "", "2018-12-31": "", "2018-09-30": "", "2018-06-30": "", "2018-03-31": "", "2017-12-31": "", "2017-09-30": "", "2017-06-30": "", "2017-03-31": "", "2016-12-31": "", "2016-09-30": "", "2016-06-30": "", "2016-03-31": "", "2015-12-31": "", "2015-09-30": "", "2015-06-30": "", "2015-03-31": "", "2014-12-31": "", "2014-09-30": "", "2014-06-30": "", "2014-03-31": "", "2013-12-31": "", "2013-09-30": "", "2013-06-30": "", "2013-03-31": "", "2012-12-31": "", "2012-09-30": "", "2012-06-30": "", "2012-03-31": "", "2011-12-31": "", "2011-09-30": "", "2011-06-30": "", "2011-03-31": "", "2010-12-31": "", "2010-09-30": "", "2010-06-30": "", "2010-03-31": "", "2009-12-31": "", "2009-09-30": "", "2009-06-30": "", "2009-03-31": "", "2008-12-31": "", "2008-09-30": "", "2008-06-30": "", "2008-03-31": "", "2007-12-31": "", "2007-09-30": "", "2007-06-30": "", "2007-03-31": "", "2006-12-31": "", "2006-09-30": "", "2006-06-30": "", "2006-03-31": "", "2005-12-31": "", "2005-09-30": "", "2005-06-30": "", "2005-03-31": ""}, "Inventory": {"2020-12-31": "", "2020-09-30": "17885.00000", "2020-06-30": "19657.00000", "2020-03-31": "16501.00000", "2019-12-31": "18528.00000", "2019-09-30": "17590.00000", "2019-06-30": "18835.00000", "2019-03-31": "18332.00000", "2018-12-31": "18958.00000", "2018-09-30": "18761.00000", "2018-06-30": "18483.00000", "2018-03-31": "18048.00000", "2017-12-31": "16992.00000", "2017-09-30": "16743.00000", "2017-06-30": "15305.00000", "2017-03-31": "14873.00000", "2016-12-31": "15080.00000", "2016-09-30": "15342.00000", "2016-06-30": "15875.00000", "2016-03-31": "16223.00000", "2015-12-31": "16245.00000", "2015-09-30": "16584.00000", "2015-06-30": "16663.00000", "2015-03-31": "16102.00000", "2014-12-31": "16678.00000", "2014-09-30": "17761.00000", "2014-06-30": "18177.00000", "2014-03-31": "18568.00000", "2013-12-31": "16135.00000", "2013-09-30": "16867.00000", "2013-06-30": "17197.00000", "2013-03-31": "16231.00000", "2012-12-31": "14542.00000", "2012-09-30": "16575.00000", "2012-06-30": "15158.00000", "2012-03-31": "14749.00000", "2011-12-31": "15024.00000", "2011-09-30": "16730.00000", "2011-06-30": "19048.00000", "2011-03-31": "16262.00000", "2010-12-31": "12976.00000", "2010-09-30": "14302.00000", "2010-06-30": "13439.00000", "2010-03-31": "13488.00000", "2009-12-31": "11553.00000", "2009-09-30": "12585.00000", "2009-06-30": "12441.00000", "2009-03-31": "12717.00000", "2008-12-31": "11646.00000", "2008-09-30": "15940.00000", "2008-06-30": "15861.00000", "2008-03-31": "15378.00000", "2007-12-31": "11089.00000", "2007-09-30": "13019.00000", "2007-06-30": "12895.00000", "2007-03-31": "12605.00000", "2006-12-31": "10714.00000", "2006-09-30": "12528.00000", "2006-06-30": "11829.00000", "2006-03-31": "11584.00000", "2005-12-31": "9321.00000", "2005-09-30": "10976.00000", "2005-06-30": "10583.00000", "2005-03-31": "10462.00000"}, "Pre-Paid Expenses": {"2020-12-31": "", "2020-09-30": "", "2020-06-30": "", "2020-03-31": "", "2019-12-31": "", "2019-09-30": "", "2019-06-30": "", "2019-03-31": "", "2018-12-31": "", "2018-09-30": "", "2018-06-30": "", "2018-03-31": "", "2017-12-31": "", "2017-09-30": "", "2017-06-30": "", "2017-03-31": "", "2016-12-31": "", "2016-09-30": "", "2016-06-30": "", "2016-03-31": "", "2015-12-31": "", "2015-09-30": "", "2015-06-30": "", "2015-03-31": "", "2014-12-31": "", "2014-09-30": "", "2014-06-30": "", "2014-03-31": "", "2013-12-31": "", "2013-09-30": "", "2013-06-30": "", "2013-03-31": "", "2012-12-31": "", "2012-09-30": "", "2012-06-30": "", "2012-03-31": "", "2011-12-31": "", "2011-09-30": "", "2011-06-30": "", "2011-03-31": "", "2010-12-31": "", "2010-09-30": "", "2010-06-30": "", "2010-03-31": "", "2009-12-31": "", "2009-09-30": "", "2009-06-30": "", "2009-03-31": "", "2008-12-31": "", "2008-09-30": "6396.00000", "2008-06-30": "6601.00000", "2008-03-31": "4559.00000", "2007-12-31": "", "2007-09-30": "4179.00000", "2007-06-30": "3947.00000", "2007-03-31": "3280.00000", "2006-12-31": "3273.00000", "2006-09-30": "3497.00000", "2006-06-30": "3505.00000", "2006-03-31": "3379.00000", "2005-12-31": "3262.00000", "2005-09-30": "3717.00000", "2005-06-30": "3079.00000", "2005-03-31": "2870.00000"}, "Other Current Assets": {"2020-12-31": "", "2020-09-30": "2002.00000", "2020-06-30": "1747.00000", "2020-03-31": "1465.00000", "2019-12-31": "1469.00000", "2019-09-30": "1759.00000", "2019-06-30": "1563.00000", "2019-03-31": "1553.00000", "2018-12-31": "1272.00000", "2018-09-30": "1665.00000", "2018-06-30": "1649.00000", "2018-03-31": "1456.00000", "2017-12-31": "1368.00000", "2017-09-30": "1480.00000", "2017-06-30": "1544.00000", "2017-03-31": "1519.00000", "2016-12-31": "1285.00000", "2016-09-30": "2122.00000", "2016-06-30": "3768.00000", "2016-03-31": "3368.00000", "2015-12-31": "2798.00000", "2015-09-30": "4197.00000", "2015-06-30": "4649.00000", "2015-03-31": "4298.00000", "2014-12-31": "3565.00000", "2014-09-30": "4857.00000", "2014-06-30": "5373.00000", "2014-03-31": "5011.00000", "2013-12-31": "5108.00000", "2013-09-30": "5457.00000", "2013-06-30": "5295.00000", "2013-03-31": "5482.00000", "2012-12-31": "5008.00000", "2012-09-30": "5667.00000", "2012-06-30": "5881.00000", "2012-03-31": "6420.00000", "2011-12-31": "6229.00000", "2011-09-30": "7023.00000", "2011-06-30": "7639.00000", "2011-03-31": "7380.00000", "2010-12-31": "5271.00000", "2010-09-30": "5828.00000", "2010-06-30": "6304.00000", "2010-03-31": "5329.00000", "2009-12-31": "5175.00000", "2009-09-30": "5179.00000", "2009-06-30": "4464.00000", "2009-03-31": "4019.00000", "2008-12-31": "3911.00000", "2008-09-30": "", "2008-06-30": "", "2008-03-31": "", "2007-12-31": "3924.00000", "2007-09-30": "", "2007-06-30": "", "2007-03-31": "", "2006-12-31": "", "2006-09-30": "", "2006-06-30": "", "2006-03-31": "", "2005-12-31": "", "2005-09-30": "", "2005-06-30": "", "2005-03-31": ""}, "Total Current Assets": {"2020-12-31": "", "2020-09-30": "48693.00000", "2020-06-30": "53016.00000", "2020-03-31": "50249.00000", "2019-12-31": "50052.00000", "2019-09-30": "50008.00000", "2019-06-30": "51743.00000", "2019-03-31": "51576.00000", "2018-12-31": "47973.00000", "2018-09-30": "53975.00000", "2018-06-30": "50555.00000", "2018-03-31": "48315.00000", "2017-12-31": "47134.00000", "2017-09-30": "45752.00000", "2017-06-30": "42180.00000", "2017-03-31": "43131.00000", "2016-12-31": "41416.00000", "2016-09-30": "42945.00000", "2016-06-30": "45828.00000", "2016-03-31": "44251.00000", "2015-12-31": "42623.00000", "2015-09-30": "47234.00000", "2015-06-30": "51647.00000", "2015-03-31": "50658.00000", "2014-12-31": "52910.00000", "2014-09-30": "58595.00000", "2014-06-30": "64013.00000", "2014-03-31": "61864.00000", "2013-12-31": "59308.00000", "2013-09-30": "61303.00000", "2013-06-30": "62844.00000", "2013-03-31": "62594.00000", "2012-12-31": "64460.00000", "2012-09-30": "72138.00000", "2012-06-30": "72797.00000", "2012-03-31": "76160.00000", "2011-12-31": "72963.00000", "2011-09-30": "69376.00000", "2011-06-30": "72305.00000", "2011-03-31": "72022.00000", "2010-12-31": "58984.00000", "2010-09-30": "62633.00000", "2010-06-30": "62216.00000", "2010-03-31": "61696.00000", "2009-12-31": "55235.00000", "2009-09-30": "57324.00000", "2009-06-30": "59496.00000", "2009-03-31": "64818.00000", "2008-12-31": "72266.00000", "2008-09-30": "96021.00000", "2008-06-30": "103982.00000", "2008-03-31": "97758.00000", "2007-12-31": "85963.00000", "2007-09-30": "85247.00000", "2007-06-30": "80720.00000", "2007-03-31": "78065.00000", "2006-12-31": "75777.00000", "2006-09-30": "81753.00000", "2006-06-30": "80658.00000", "2006-03-31": "78474.00000", "2005-12-31": "73342.00000", "2005-09-30": "74730.00000", "2005-06-30": "69630.00000", "2005-03-31": "68590.00000"}, "Property, Plant, And Equipment": {"2020-12-31": "", "2020-09-30": "250496.00000", "2020-06-30": "250524.00000", "2020-03-31": "248409.00000", "2019-12-31": "253018.00000", "2019-09-30": "250512.00000", "2019-06-30": "250853.00000", "2019-03-31": "248563.00000", "2018-12-31": "247101.00000", "2018-09-30": "249153.00000", "2018-06-30": "248209.00000", "2018-03-31": "250352.00000", "2017-12-31": "252630.00000", "2017-09-30": "255556.00000", "2017-06-30": "252987.00000", "2017-03-31": "253147.00000", "2016-12-31": "244224.00000", "2016-09-30": "251923.00000", "2016-06-30": "254062.00000", "2016-03-31": "255257.00000", "2015-12-31": "251605.00000", "2015-09-30": "250583.00000", "2015-06-30": "253653.00000", "2015-03-31": "249497.00000", "2014-12-31": "252668.00000", "2014-09-30": "251406.00000", "2014-06-30": "251353.00000", "2014-03-31": "245897.00000", "2013-12-31": "243650.00000", "2013-09-30": "240981.00000", "2013-06-30": "235240.00000", "2013-03-31": "233728.00000", "2012-12-31": "226949.00000", "2012-09-30": "220330.00000", "2012-06-30": "214940.00000", "2012-03-31": "214602.00000", "2011-12-31": "214664.00000", "2011-09-30": "209194.00000", "2011-06-30": "209807.00000", "2011-03-31": "203726.00000", "2010-12-31": "199548.00000", "2010-09-30": "195440.00000", "2010-06-30": "188069.00000", "2010-03-31": "140819.00000", "2009-12-31": "139116.00000", "2009-09-30": "132874.00000", "2009-06-30": "127861.00000", "2009-03-31": "122224.00000", "2008-12-31": "121346.00000", "2008-09-30": "123258.00000", "2008-06-30": "124925.00000", "2008-03-31": "122935.00000", "2007-12-31": "120869.00000", "2007-09-30": "119102.00000", "2007-06-30": "116058.00000", "2007-03-31": "114201.00000", "2006-12-31": "113687.00000", "2006-09-30": "111722.00000", "2006-06-30": "111110.00000", "2006-03-31": "108397.00000", "2005-12-31": "107010.00000", "2005-09-30": "107094.00000", "2005-06-30": "106215.00000", "2005-03-31": "107415.00000"}, "Long-Term Investments": {"2020-12-31": "", "2020-09-30": "43609.00000", "2020-06-30": "43192.00000", "2020-03-31": "42981.00000", "2019-12-31": "43164.00000", "2019-09-30": "42920.00000", "2019-06-30": "42533.00000", "2019-03-31": "42068.00000", "2018-12-31": "40790.00000", "2018-09-30": "40427.00000", "2018-06-30": "39691.00000", "2018-03-31": "40350.00000", "2017-12-31": "39160.00000", "2017-09-30": "37649.00000", "2017-06-30": "37719.00000", "2017-03-31": "38268.00000", "2016-12-31": "35102.00000", "2016-09-30": "35553.00000", "2016-06-30": "34182.00000", "2016-03-31": "34915.00000", "2015-12-31": "34245.00000", "2015-09-30": "34315.00000", "2015-06-30": "34162.00000", "2015-03-31": "34471.00000", "2014-12-31": "35239.00000", "2014-09-30": "35012.00000", "2014-06-30": "35110.00000", "2014-03-31": "37169.00000", "2013-12-31": "36328.00000", "2013-09-30": "37048.00000", "2013-06-30": "35643.00000", "2013-03-31": "35641.00000", "2012-12-31": "34718.00000", "2012-09-30": "35105.00000", "2012-06-30": "33921.00000", "2012-03-31": "34527.00000", "2011-12-31": "34333.00000", "2011-09-30": "35342.00000", "2011-06-30": "35241.00000", "2011-03-31": "35207.00000", "2010-12-31": "35338.00000", "2010-09-30": "33173.00000", "2010-06-30": "32642.00000", "2010-03-31": "32541.00000", "2009-12-31": "31665.00000", "2009-09-30": "32064.00000", "2009-06-30": "30358.00000", "2009-03-31": "29105.00000", "2008-12-31": "28556.00000", "2008-09-30": "36939.00000", "2008-06-30": "37851.00000", "2008-03-31": "37509.00000", "2007-12-31": "28194.00000", "2007-09-30": "32312.00000", "2007-06-30": "31537.00000", "2007-03-31": "31033.00000", "2006-12-31": "23237.00000", "2006-09-30": "30472.00000", "2006-06-30": "29242.00000", "2006-03-31": "29131.00000", "2005-12-31": "20592.00000", "2005-09-30": "27897.00000", "2005-06-30": "25971.00000", "2005-03-31": "25247.00000"}, "Goodwill And Intangible Assets": {"2020-12-31": "", "2020-09-30": "", "2020-06-30": "", "2020-03-31": "", "2019-12-31": "", "2019-09-30": "", "2019-06-30": "", "2019-03-31": "", "2018-12-31": "", "2018-09-30": "", "2018-06-30": "", "2018-03-31": "", "2017-12-31": "", "2017-09-30": "", "2017-06-30": "", "2017-03-31": "", "2016-12-31": "", "2016-09-30": "", "2016-06-30": "", "2016-03-31": "", "2015-12-31": "", "2015-09-30": "", "2015-06-30": "", "2015-03-31": "", "2014-12-31": "", "2014-09-30": "", "2014-06-30": "", "2014-03-31": "", "2013-12-31": "", "2013-09-30": "", "2013-06-30": "", "2013-03-31": "", "2012-12-31": "", "2012-09-30": "", "2012-06-30": "", "2012-03-31": "", "2011-12-31": "", "2011-09-30": "", "2011-06-30": "", "2011-03-31": "", "2010-12-31": "", "2010-09-30": "", "2010-06-30": "", "2010-03-31": "", "2009-12-31": "", "2009-09-30": "", "2009-06-30": "", "2009-03-31": "", "2008-12-31": "", "2008-09-30": "", "2008-06-30": "", "2008-03-31": "", "2007-12-31": "", "2007-09-30": "", "2007-06-30": "", "2007-03-31": "", "2006-12-31": "", "2006-09-30": "", "2006-06-30": "", "2006-03-31": "", "2005-12-31": "", "2005-09-30": "", "2005-06-30": "", "2005-03-31": ""}, "Other Long-Term Assets": {"2020-12-31": "", "2020-09-30": "15245.00000", "2020-06-30": "14763.00000", "2020-03-31": "14165.00000", "2019-12-31": "16363.00000", "2019-09-30": "15921.00000", "2019-06-30": "15600.00000", "2019-03-31": "13982.00000", "2018-12-31": "10332.00000", "2018-09-30": "11073.00000", "2018-06-30": "10335.00000", "2018-03-31": "9809.00000", "2017-12-31": "9767.00000", "2017-09-30": "10470.00000", "2017-06-30": "10126.00000", "2017-03-31": "9663.00000", "2016-12-31": "9572.00000", "2016-09-30": "8965.00000", "2016-06-30": "8401.00000", "2016-03-31": "8366.00000", "2015-12-31": "8285.00000", "2015-09-30": "8530.00000", "2015-06-30": "8798.00000", "2015-03-31": "8335.00000", "2014-12-31": "8676.00000", "2014-09-30": "7751.00000", "2014-06-30": "8110.00000", "2014-03-31": "8103.00000", "2013-12-31": "7522.00000", "2013-09-30": "8232.00000", "2013-06-30": "7888.00000", "2013-03-31": "7676.00000", "2012-12-31": "7668.00000", "2012-09-30": "7618.00000", "2012-06-30": "7987.00000", "2012-03-31": "19863.00000", "2011-12-31": "9092.00000", "2011-09-30": "9315.00000", "2011-06-30": "8851.00000", "2011-03-31": "8578.00000", "2010-12-31": "8640.00000", "2010-09-30": "8748.00000", "2010-06-30": "8141.00000", "2010-03-31": "7692.00000", "2009-12-31": "7307.00000", "2009-09-30": "7045.00000", "2009-06-30": "6946.00000", "2009-03-31": "6344.00000", "2008-12-31": "5884.00000", "2008-09-30": "", "2008-06-30": "", "2008-03-31": "", "2007-12-31": "7056.00000", "2007-09-30": "", "2007-06-30": "", "2007-03-31": "", "2006-12-31": "6314.00000", "2006-09-30": "", "2006-06-30": "", "2006-03-31": "", "2005-12-31": "7391.00000", "2005-09-30": "", "2005-06-30": "", "2005-03-31": ""}, "Total Long-Term Assets": {"2020-12-31": "", "2020-09-30": "309350.00000", "2020-06-30": "308479.00000", "2020-03-31": "305555.00000", "2019-12-31": "312545.00000", "2019-09-30": "309353.00000", "2019-06-30": "308986.00000", "2019-03-31": "304613.00000", "2018-12-31": "298223.00000", "2018-09-30": "300653.00000", "2018-06-30": "298235.00000", "2018-03-31": "300511.00000", "2017-12-31": "301557.00000", "2017-09-30": "303675.00000", "2017-06-30": "300832.00000", "2017-03-31": "301078.00000", "2016-12-31": "288898.00000", "2016-09-30": "296441.00000", "2016-06-30": "296645.00000", "2016-03-31": "298538.00000", "2015-12-31": "294135.00000", "2015-09-30": "293428.00000", "2015-06-30": "296613.00000", "2015-03-31": "292303.00000", "2014-12-31": "296583.00000", "2014-09-30": "294169.00000", "2014-06-30": "294573.00000", "2014-03-31": "291169.00000", "2013-12-31": "287500.00000", "2013-09-30": "286261.00000", "2013-06-30": "278771.00000", "2013-03-31": "277045.00000", "2012-12-31": "269335.00000", "2012-09-30": "263053.00000", "2012-06-30": "256848.00000", "2012-03-31": "268992.00000", "2011-12-31": "258089.00000", "2011-09-30": "253851.00000", "2011-06-30": "253899.00000", "2011-03-31": "247511.00000", "2010-12-31": "243526.00000", "2010-09-30": "237361.00000", "2010-06-30": "228852.00000", "2010-03-31": "181052.00000", "2009-12-31": "178088.00000", "2009-09-30": "171983.00000", "2009-06-30": "165165.00000", "2009-03-31": "157673.00000", "2008-12-31": "155786.00000", "2008-09-30": "160197.00000", "2008-06-30": "162776.00000", "2008-03-31": "160444.00000", "2007-12-31": "156119.00000", "2007-09-30": "151414.00000", "2007-06-30": "147595.00000", "2007-03-31": "145234.00000", "2006-12-31": "143238.00000", "2006-09-30": "142194.00000", "2006-06-30": "140352.00000", "2006-03-31": "137528.00000", "2005-12-31": "134993.00000", "2005-09-30": "134991.00000", "2005-06-30": "132186.00000", "2005-03-31": "132662.00000"}, "Total Assets": {"2020-12-31": "0.00000", "2020-09-30": "358043.00000", "2020-06-30": "361495.00000", "2020-03-31": "355804.00000", "2019-12-31": "362597.00000", "2019-09-30": "359361.00000", "2019-06-30": "360729.00000", "2019-03-31": "356189.00000", "2018-12-31": "346196.00000", "2018-09-30": "354628.00000", "2018-06-30": "348790.00000", "2018-03-31": "348826.00000", "2017-12-31": "348691.00000", "2017-09-30": "349427.00000", "2017-06-30": "343012.00000", "2017-03-31": "344209.00000", "2016-12-31": "330314.00000", "2016-09-30": "339386.00000", "2016-06-30": "342473.00000", "2016-03-31": "342789.00000", "2015-12-31": "336758.00000", "2015-09-30": "340662.00000", "2015-06-30": "348260.00000", "2015-03-31": "342961.00000", "2014-12-31": "349493.00000", "2014-09-30": "352764.00000", "2014-06-30": "358586.00000", "2014-03-31": "353033.00000", "2013-12-31": "346808.00000", "2013-09-30": "347564.00000", "2013-06-30": "341615.00000", "2013-03-31": "339639.00000", "2012-12-31": "333795.00000", "2012-09-30": "335191.00000", "2012-06-30": "329645.00000", "2012-03-31": "345152.00000", "2011-12-31": "331052.00000", "2011-09-30": "323227.00000", "2011-06-30": "326204.00000", "2011-03-31": "319533.00000", "2010-12-31": "302510.00000", "2010-09-30": "299994.00000", "2010-06-30": "291068.00000", "2010-03-31": "242748.00000", "2009-12-31": "233323.00000", "2009-09-30": "229307.00000", "2009-06-30": "224661.00000", "2009-03-31": "222491.00000", "2008-12-31": "228052.00000", "2008-09-30": "256218.00000", "2008-06-30": "266758.00000", "2008-03-31": "258202.00000", "2007-12-31": "242082.00000", "2007-09-30": "236661.00000", "2007-06-30": "228315.00000", "2007-03-31": "223299.00000", "2006-12-31": "219015.00000", "2006-09-30": "223947.00000", "2006-06-30": "221010.00000", "2006-03-31": "216002.00000", "2005-12-31": "208335.00000", "2005-09-30": "209721.00000", "2005-06-30": "201816.00000", "2005-03-31": "201252.00000"}, "Total Current Liabilities": {"2020-12-31": "", "2020-09-30": "56468.00000", "2020-06-30": "57270.00000", "2020-03-31": "64773.00000", "2019-12-31": "63989.00000", "2019-09-30": "64195.00000", "2019-06-30": "70287.00000", "2019-03-31": "66632.00000", "2018-12-31": "57138.00000", "2018-09-30": "65288.00000", "2018-06-30": "62447.00000", "2018-03-31": "60306.00000", "2017-12-31": "57771.00000", "2017-09-30": "53777.00000", "2017-06-30": "50949.00000", "2017-03-31": "53374.00000", "2016-12-31": "47638.00000", "2016-09-30": "50021.00000", "2016-06-30": "51504.00000", "2016-03-31": "48726.00000", "2015-12-31": "53976.00000", "2015-09-30": "54828.00000", "2015-06-30": "58372.00000", "2015-03-31": "55933.00000", "2014-12-31": "64633.00000", "2014-09-30": "65984.00000", "2014-06-30": "69529.00000", "2014-03-31": "70108.00000", "2013-12-31": "71724.00000", "2013-09-30": "72749.00000", "2013-06-30": "72688.00000", "2013-03-31": "70084.00000", "2012-12-31": "64139.00000", "2012-09-30": "70061.00000", "2012-06-30": "70136.00000", "2012-03-31": "79994.00000", "2011-12-31": "77505.00000", "2011-09-30": "74971.00000", "2011-06-30": "74533.00000", "2011-03-31": "73576.00000", "2010-12-31": "62633.00000", "2010-09-30": "61740.00000", "2010-06-30": "57821.00000", "2010-03-31": "57744.00000", "2009-12-31": "52061.00000", "2009-09-30": "52933.00000", "2009-06-30": "51614.00000", "2009-03-31": "49505.00000", "2008-12-31": "49100.00000", "2008-09-30": "67631.00000", "2008-06-30": "77233.00000", "2008-03-31": "70983.00000", "2007-12-31": "58312.00000", "2007-09-30": "55920.00000", "2007-06-30": "51916.00000", "2007-03-31": "50590.00000", "2006-12-31": "48817.00000", "2006-09-30": "54804.00000", "2006-06-30": "51554.00000", "2006-03-31": "51434.00000", "2005-12-31": "46307.00000", "2005-09-30": "50875.00000", "2005-06-30": "46629.00000", "2005-03-31": "47757.00000"}, "Long Term Debt": {"2020-12-31": "", "2020-09-30": "46888.00000", "2020-06-30": "46563.00000", "2020-03-31": "31857.00000", "2019-12-31": "26342.00000", "2019-09-30": "25950.00000", "2019-06-30": "19001.00000", "2019-03-31": "19031.00000", "2018-12-31": "20538.00000", "2018-09-30": "20624.00000", "2018-06-30": "20720.00000", "2018-03-31": "20781.00000", "2017-12-31": "24406.00000", "2017-09-30": "24869.00000", "2017-06-30": "24750.00000", "2017-03-31": "25124.00000", "2016-12-31": "28932.00000", "2016-09-30": "28916.00000", "2016-06-30": "29499.00000", "2016-03-31": "29568.00000", "2015-12-31": "19925.00000", "2015-09-30": "19839.00000", "2015-06-30": "19431.00000", "2015-03-31": "19494.00000", "2014-12-31": "11653.00000", "2014-09-30": "11591.00000", "2014-06-30": "11817.00000", "2014-03-31": "12144.00000", "2013-12-31": "6891.00000", "2013-09-30": "7404.00000", "2013-06-30": "7496.00000", "2013-03-31": "7475.00000", "2012-12-31": "7928.00000", "2012-09-30": "8928.00000", "2012-06-30": "8877.00000", "2012-03-31": "9231.00000", "2011-12-31": "9322.00000", "2011-09-30": "9331.00000", "2011-06-30": "12123.00000", "2011-03-31": "12316.00000", "2010-12-31": "12227.00000", "2010-09-30": "15248.00000", "2010-06-30": "17486.00000", "2010-03-31": "7054.00000", "2009-12-31": "7129.00000", "2009-09-30": "7185.00000", "2009-06-30": "7117.00000", "2009-03-31": "7041.00000", "2008-12-31": "7025.00000", "2008-09-30": "7383.00000", "2008-06-30": "7327.00000", "2008-03-31": "7235.00000", "2007-12-31": "7183.00000", "2007-09-30": "6896.00000", "2007-06-30": "6757.00000", "2007-03-31": "6758.00000", "2006-12-31": "6645.00000", "2006-09-30": "6464.00000", "2006-06-30": "6393.00000", "2006-03-31": "6255.00000", "2005-12-31": "6220.00000", "2005-09-30": "6126.00000", "2005-06-30": "6071.00000", "2005-03-31": "5015.00000"}, "Other Non-Current Liabilities": {"2020-12-31": "", "2020-09-30": "23511.00000", "2020-06-30": "23443.00000", "2020-03-31": "23655.00000", "2019-12-31": "25404.00000", "2019-09-30": "26229.00000", "2019-06-30": "26308.00000", "2019-03-31": "25167.00000", "2018-12-31": "22476.00000", "2018-09-30": "23353.00000", "2018-06-30": "23803.00000", "2018-03-31": "24372.00000", "2017-12-31": "23989.00000", "2017-09-30": "26279.00000", "2017-06-30": "26112.00000", "2017-03-31": "26584.00000", "2016-12-31": "25193.00000", "2016-09-30": "27563.00000", "2016-06-30": "27000.00000", "2016-03-31": "27303.00000", "2015-12-31": "26582.00000", "2015-09-30": "26524.00000", "2015-06-30": "27001.00000", "2015-03-31": "26521.00000", "2014-12-31": "27111.00000", "2014-09-30": "27294.00000", "2014-06-30": "27948.00000", "2014-03-31": "26892.00000", "2013-12-31": "26522.00000", "2013-09-30": "27108.00000", "2013-06-30": "25615.00000", "2013-03-31": "25005.00000", "2012-12-31": "27231.00000", "2012-09-30": "24553.00000", "2012-06-30": "23679.00000", "2012-03-31": "31965.00000", "2011-12-31": "21869.00000", "2011-09-30": "20265.00000", "2011-06-30": "20263.00000", "2011-03-31": "19913.00000", "2010-12-31": "20454.00000", "2010-09-30": "19090.00000", "2010-06-30": "18968.00000", "2010-03-31": "19035.00000", "2009-12-31": "17651.00000", "2009-09-30": "15214.00000", "2009-06-30": "14610.00000", "2009-03-31": "14053.00000", "2008-12-31": "13949.00000", "2008-09-30": "32653.00000", "2008-06-30": "33073.00000", "2008-03-31": "32837.00000", "2007-12-31": "27644.00000", "2007-09-30": "32913.00000", "2007-06-30": "31744.00000", "2007-03-31": "30831.00000", "2006-12-31": "25054.00000", "2006-09-30": "25068.00000", "2006-06-30": "25024.00000", "2006-03-31": "23955.00000", "2005-12-31": "16654.00000", "2005-09-30": "24305.00000", "2005-06-30": "24441.00000", "2005-03-31": "24051.00000"}, "Total Long Term Liabilities": {"2020-12-31": "", "2020-09-30": "116963.00000", "2020-06-30": "117072.00000", "2020-03-31": "102288.00000", "2019-12-31": "99670.00000", "2019-09-30": "98057.00000", "2019-06-30": "91977.00000", "2019-03-31": "91536.00000", "2018-12-31": "90530.00000", "2018-09-30": "92509.00000", "2018-06-30": "92810.00000", "2018-03-31": "93609.00000", "2017-12-31": "96420.00000", "2017-09-30": "106452.00000", "2017-06-30": "106225.00000", "2017-03-31": "107064.00000", "2016-12-31": "108846.00000", "2016-09-30": "112355.00000", "2016-06-30": "114094.00000", "2016-03-31": "115565.00000", "2015-12-31": "105972.00000", "2015-09-30": "108995.00000", "2015-06-30": "110890.00000", "2015-03-31": "109582.00000", "2014-12-31": "103796.00000", "2014-09-30": "99285.00000", "2014-06-30": "100926.00000", "2014-03-31": "100034.00000", "2013-12-31": "94589.00000", "2013-09-30": "99337.00000", "2013-06-30": "97339.00000", "2013-03-31": "96478.00000", "2012-12-31": "97996.00000", "2012-09-30": "92775.00000", "2012-06-30": "91524.00000", "2012-03-31": "101041.00000", "2011-12-31": "92803.00000", "2011-09-30": "86044.00000", "2011-06-30": "89836.00000", "2011-03-31": "88426.00000", "2010-12-31": "87198.00000", "2010-09-30": "87654.00000", "2010-06-30": "87880.00000", "2010-03-31": "67338.00000", "2009-12-31": "65870.00000", "2009-09-30": "64269.00000", "2009-06-30": "61894.00000", "2009-03-31": "61608.00000", "2008-12-31": "61429.00000", "2008-09-30": "63301.00000", "2008-06-30": "64699.00000", "2008-03-31": "64080.00000", "2007-12-31": "62008.00000", "2007-09-30": "62138.00000", "2007-06-30": "60049.00000", "2007-03-31": "58599.00000", "2006-12-31": "56354.00000", "2006-09-30": "52550.00000", "2006-06-30": "53692.00000", "2006-03-31": "52105.00000", "2005-12-31": "50842.00000", "2005-09-30": "50956.00000", "2005-06-30": "50591.00000", "2005-03-31": "49797.00000"}, "Total Liabilities": {"2020-12-31": "", "2020-09-30": "173431.00000", "2020-06-30": "174342.00000", "2020-03-31": "167061.00000", "2019-12-31": "163659.00000", "2019-09-30": "162252.00000", "2019-06-30": "162264.00000", "2019-03-31": "158168.00000", "2018-12-31": "147668.00000", "2018-09-30": "157797.00000", "2018-06-30": "155257.00000", "2018-03-31": "153915.00000", "2017-12-31": "154191.00000", "2017-09-30": "160229.00000", "2017-06-30": "157174.00000", "2017-03-31": "160438.00000", "2016-12-31": "156484.00000", "2016-09-30": "162376.00000", "2016-06-30": "165598.00000", "2016-03-31": "164291.00000", "2015-12-31": "159948.00000", "2015-09-30": "163823.00000", "2015-06-30": "169262.00000", "2015-03-31": "165515.00000", "2014-12-31": "168429.00000", "2014-09-30": "165269.00000", "2014-06-30": "170455.00000", "2014-03-31": "170142.00000", "2013-12-31": "166313.00000", "2013-09-30": "172086.00000", "2013-06-30": "170027.00000", "2013-03-31": "166562.00000", "2012-12-31": "162135.00000", "2012-09-30": "162836.00000", "2012-06-30": "161660.00000", "2012-03-31": "181035.00000", "2011-12-31": "170308.00000", "2011-09-30": "161015.00000", "2011-06-30": "164369.00000", "2011-03-31": "162002.00000", "2010-12-31": "149831.00000", "2010-09-30": "149394.00000", "2010-06-30": "145701.00000", "2010-03-31": "125082.00000", "2009-12-31": "117931.00000", "2009-09-30": "117202.00000", "2009-06-30": "113508.00000", "2009-03-31": "111113.00000", "2008-12-31": "110529.00000", "2008-09-30": "130932.00000", "2008-06-30": "141932.00000", "2008-03-31": "135063.00000", "2007-12-31": "120320.00000", "2007-09-30": "118058.00000", "2007-06-30": "111965.00000", "2007-03-31": "109189.00000", "2006-12-31": "105171.00000", "2006-09-30": "107354.00000", "2006-06-30": "105246.00000", "2006-03-31": "103539.00000", "2005-12-31": "97149.00000", "2005-09-30": "101831.00000", "2005-06-30": "97220.00000", "2005-03-31": "97554.00000"}, "Common Stock Net": {"2020-12-31": "", "2020-09-30": "15997.00000", "2020-06-30": "15812.00000", "2020-03-31": "15636.00000", "2019-12-31": "15637.00000", "2019-09-30": "15795.00000", "2019-06-30": "15639.00000", "2019-03-31": "15476.00000", "2018-12-31": "15258.00000", "2018-09-30": "15254.00000", "2018-06-30": "15086.00000", "2018-03-31": "14888.00000", "2017-12-31": "14656.00000", "2017-09-30": "14783.00000", "2017-06-30": "14617.00000", "2017-03-31": "14415.00000", "2016-12-31": "12157.00000", "2016-09-30": "12228.00000", "2016-06-30": "12019.00000", "2016-03-31": "11825.00000", "2015-12-31": "11612.00000", "2015-09-30": "11443.00000", "2015-06-30": "11224.00000", "2015-03-31": "11006.00000", "2014-12-31": "10792.00000", "2014-09-30": "10681.00000", "2014-06-30": "10487.00000", "2014-03-31": "10276.00000", "2013-12-31": "10077.00000", "2013-09-30": "10062.00000", "2013-06-30": "9882.00000", "2013-03-31": "9665.00000", "2012-12-31": "9653.00000", "2012-09-30": "9645.00000", "2012-06-30": "9221.00000", "2012-03-31": "9007.00000", "2011-12-31": "9512.00000", "2011-09-30": "9506.00000", "2011-06-30": "9352.00000", "2011-03-31": "9156.00000", "2010-12-31": "9371.00000", "2010-09-30": "9341.00000", "2010-06-30": "9002.00000", "2010-03-31": "5300.00000", "2009-12-31": "5503.00000", "2009-09-30": "5445.00000", "2009-06-30": "5260.00000", "2009-03-31": "5066.00000", "2008-12-31": "5314.00000", "2008-09-30": "5105.00000", "2008-06-30": "4904.00000", "2008-03-31": "4745.00000", "2007-12-31": "4933.00000", "2007-09-30": "4988.00000", "2007-06-30": "4795.00000", "2007-03-31": "4530.00000", "2006-12-31": "4786.00000", "2006-09-30": "4665.00000", "2006-06-30": "4499.00000", "2006-03-31": "4397.00000", "2005-12-31": "4477.00000", "2005-09-30": "5176.00000", "2005-06-30": "5100.00000", "2005-03-31": "5070.00000"}, "Retained Earnings (Accumulated Deficit)": {"2020-12-31": "", "2020-09-30": "407728.00000", "2020-06-30": "412124.00000", "2020-03-31": "416919.00000", "2019-12-31": "421341.00000", "2019-09-30": "419367.00000", "2019-06-30": "419913.00000", "2019-03-31": "420498.00000", "2018-12-31": "421653.00000", "2018-09-30": "419155.00000", "2018-06-30": "416418.00000", "2018-03-31": "415970.00000", "2017-12-31": "414540.00000", "2017-09-30": "409449.00000", "2017-06-30": "408768.00000", "2017-03-31": "408707.00000", "2016-12-31": "407831.00000", "2016-09-30": "409284.00000", "2016-06-30": "409767.00000", "2016-03-31": "411200.00000", "2015-12-31": "412444.00000", "2015-09-30": "412718.00000", "2015-06-30": "411538.00000", "2015-03-31": "410414.00000", "2014-12-31": "408384.00000", "2014-09-30": "404738.00000", "2014-06-30": "399614.00000", "2014-03-31": "393800.00000", "2013-12-31": "387432.00000", "2013-09-30": "381832.00000", "2013-06-30": "376732.00000", "2013-03-31": "372666.00000", "2012-12-31": "365727.00000", "2012-09-30": "358369.00000", "2012-06-30": "351421.00000", "2012-03-31": "338168.00000", "2011-12-31": "330939.00000", "2011-09-30": "323786.00000", "2011-06-30": "315733.00000", "2011-03-31": "307361.00000", "2010-12-31": "298899.00000", "2010-09-30": "291861.00000", "2010-06-30": "286745.00000", "2010-03-31": "281251.00000", "2009-12-31": "276937.00000", "2009-09-30": "272879.00000", "2009-06-30": "270160.00000", "2009-03-31": "268249.00000", "2008-12-31": "265680.00000", "2008-09-30": "259878.00000", "2008-06-30": "247111.00000", "2008-03-31": "237529.00000", "2007-12-31": "228518.00000", "2007-09-30": "218761.00000", "2007-06-30": "211283.00000", "2007-03-31": "202984.00000", "2006-12-31": "195207.00000", "2006-09-30": "186810.00000", "2006-06-30": "178212.00000", "2006-03-31": "169778.00000", "2005-12-31": "163335.00000", "2005-09-30": "154420.00000", "2005-06-30": "146322.00000", "2005-03-31": "140522.00000"}, "Comprehensive Income": {"2020-12-31": "", "2020-09-30": "-20189.00000", "2020-06-30": "-21617.00000", "2020-03-31": "-24339.00000", "2019-12-31": "-19493.00000", "2019-09-30": "-19277.00000", "2019-06-30": "-18205.00000", "2019-03-31": "-18782.00000", "2018-12-31": "-19564.00000", "2018-09-30": "-18370.00000", "2018-06-30": "-18609.00000", "2018-03-31": "-16992.00000", "2017-12-31": "-16262.00000", "2017-09-30": "-16651.00000", "2017-06-30": "-18902.00000", "2017-03-31": "-20679.00000", "2016-12-31": "-22239.00000", "2016-09-30": "-20466.00000", "2016-06-30": "-20744.00000", "2016-03-31": "-20384.00000", "2015-12-31": "-23511.00000", "2015-09-30": "-24336.00000", "2015-06-30": "-21493.00000", "2015-03-31": "-22595.00000", "2014-12-31": "-18957.00000", "2014-09-30": "-12196.00000", "2014-06-30": "-9311.00000", "2014-03-31": "-11040.00000", "2013-12-31": "-10725.00000", "2013-09-30": "-13051.00000", "2013-06-30": "-14381.00000", "2013-03-31": "-12767.00000", "2012-12-31": "-12184.00000", "2012-09-30": "-9113.00000", "2012-06-30": "-10659.00000", "2012-03-31": "-7998.00000", "2011-12-31": "-9123.00000", "2011-09-30": "-5328.00000", "2011-06-30": "-2799.00000", "2011-03-31": "-3656.00000", "2010-12-31": "-4823.00000", "2010-09-30": "-4339.00000", "2010-06-30": "-6755.00000", "2010-03-31": "-5537.00000", "2009-12-31": "-5461.00000", "2009-09-30": "-6380.00000", "2009-06-30": "-8249.00000", "2009-03-31": "-10900.00000", "2008-12-31": "-9931.00000", "2008-09-30": "-61.00000", "2008-06-30": "3847.00000", "2008-03-31": "3504.00000", "2007-12-31": "1989.00000", "2007-09-30": "7433.00000", "2007-06-30": "5381.00000", "2007-03-31": "4156.00000", "2006-12-31": "-2762.00000", "2006-09-30": "2912.00000", "2006-06-30": "2869.00000", "2006-03-31": "1393.00000", "2005-12-31": "979.00000", "2005-09-30": "1451.00000", "2005-06-30": "1248.00000", "2005-03-31": "2699.00000"}, "Other Share Holders Equity": {"2020-12-31": "", "2020-09-30": "", "2020-06-30": "", "2020-03-31": "", "2019-12-31": "", "2019-09-30": "", "2019-06-30": "", "2019-03-31": "", "2018-12-31": "", "2018-09-30": "", "2018-06-30": "", "2018-03-31": "", "2017-12-31": "", "2017-09-30": "", "2017-06-30": "", "2017-03-31": "", "2016-12-31": "", "2016-09-30": "", "2016-06-30": "", "2016-03-31": "", "2015-12-31": "", "2015-09-30": "", "2015-06-30": "", "2015-03-31": "", "2014-12-31": "", "2014-09-30": "", "2014-06-30": "", "2014-03-31": "", "2013-12-31": "", "2013-09-30": "", "2013-06-30": "", "2013-03-31": "", "2012-12-31": "", "2012-09-30": "", "2012-06-30": "", "2012-03-31": "", "2011-12-31": "", "2011-09-30": "", "2011-06-30": "", "2011-03-31": "", "2010-12-31": "", "2010-09-30": "", "2010-06-30": "", "2010-03-31": "", "2009-12-31": "", "2009-09-30": "", "2009-06-30": "", "2009-03-31": "", "2008-12-31": "", "2008-09-30": "", "2008-06-30": "", "2008-03-31": "", "2007-12-31": "", "2007-09-30": "-6584.00000", "2007-06-30": "-6655.00000", "2007-03-31": "-6702.00000", "2006-12-31": "", "2006-09-30": "-2364.00000", "2006-06-30": "-2356.00000", "2006-03-31": "-2275.00000", "2005-12-31": "-2258.00000", "2005-09-30": "-3079.00000", "2005-06-30": "-3302.00000", "2005-03-31": "-3441.00000"}, "Share Holder Equity": {"2020-12-31": "", "2020-09-30": "184612.00000", "2020-06-30": "187153.00000", "2020-03-31": "188743.00000", "2019-12-31": "198938.00000", "2019-09-30": "197109.00000", "2019-06-30": "198465.00000", "2019-03-31": "198021.00000", "2018-12-31": "198528.00000", "2018-09-30": "196831.00000", "2018-06-30": "193533.00000", "2018-03-31": "194911.00000", "2017-12-31": "194500.00000", "2017-09-30": "189198.00000", "2017-06-30": "185838.00000", "2017-03-31": "183771.00000", "2016-12-31": "173830.00000", "2016-09-30": "177010.00000", "2016-06-30": "176875.00000", "2016-03-31": "178498.00000", "2015-12-31": "176810.00000", "2015-09-30": "176839.00000", "2015-06-30": "178998.00000", "2015-03-31": "177446.00000", "2014-12-31": "181064.00000", "2014-09-30": "187495.00000", "2014-06-30": "188131.00000", "2014-03-31": "182891.00000", "2013-12-31": "180495.00000", "2013-09-30": "175478.00000", "2013-06-30": "171588.00000", "2013-03-31": "173077.00000", "2012-12-31": "171660.00000", "2012-09-30": "172355.00000", "2012-06-30": "167985.00000", "2012-03-31": "164117.00000", "2011-12-31": "160744.00000", "2011-09-30": "162212.00000", "2011-06-30": "161835.00000", "2011-03-31": "157531.00000", "2010-12-31": "152679.00000", "2010-09-30": "150600.00000", "2010-06-30": "145367.00000", "2010-03-31": "117666.00000", "2009-12-31": "115392.00000", "2009-09-30": "112105.00000", "2009-06-30": "111153.00000", "2009-03-31": "111378.00000", "2008-12-31": "117523.00000", "2008-09-30": "125286.00000", "2008-06-30": "124826.00000", "2008-03-31": "123139.00000", "2007-12-31": "121762.00000", "2007-09-30": "118603.00000", "2007-06-30": "116350.00000", "2007-03-31": "114110.00000", "2006-12-31": "113844.00000", "2006-09-30": "116593.00000", "2006-06-30": "115764.00000", "2006-03-31": "112463.00000", "2005-12-31": "111186.00000", "2005-09-30": "107890.00000", "2005-06-30": "104596.00000", "2005-03-31": "103698.00000"}, "Total Liabilities And Share Holders Equity": {"2020-12-31": "", "2020-09-30": "358043.00000", "2020-06-30": "361495.00000", "2020-03-31": "355804.00000", "2019-12-31": "362597.00000", "2019-09-30": "359361.00000", "2019-06-30": "360729.00000", "2019-03-31": "356189.00000", "2018-12-31": "346196.00000", "2018-09-30": "354628.00000", "2018-06-30": "348790.00000", "2018-03-31": "348826.00000", "2017-12-31": "348691.00000", "2017-09-30": "349427.00000", "2017-06-30": "343012.00000", "2017-03-31": "344209.00000", "2016-12-31": "330314.00000", "2016-09-30": "339386.00000", "2016-06-30": "342473.00000", "2016-03-31": "342789.00000", "2015-12-31": "336758.00000", "2015-09-30": "340662.00000", "2015-06-30": "348260.00000", "2015-03-31": "342961.00000", "2014-12-31": "349493.00000", "2014-09-30": "352764.00000", "2014-06-30": "358586.00000", "2014-03-31": "353033.00000", "2013-12-31": "346808.00000", "2013-09-30": "347564.00000", "2013-06-30": "341615.00000", "2013-03-31": "339639.00000", "2012-12-31": "333795.00000", "2012-09-30": "335191.00000", "2012-06-30": "329645.00000", "2012-03-31": "345152.00000", "2011-12-31": "331052.00000", "2011-09-30": "323227.00000", "2011-06-30": "326204.00000", "2011-03-31": "319533.00000", "2010-12-31": "302510.00000", "2010-09-30": "299994.00000", "2010-06-30": "291068.00000", "2010-03-31": "242748.00000", "2009-12-31": "233323.00000", "2009-09-30": "229307.00000", "2009-06-30": "224661.00000", "2009-03-31": "222491.00000", "2008-12-31": "228052.00000", "2008-09-30": "256218.00000", "2008-06-30": "266758.00000", "2008-03-31": "258202.00000", "2007-12-31": "242082.00000", "2007-09-30": "236661.00000", "2007-06-30": "228315.00000", "2007-03-31": "223299.00000", "2006-12-31": "219015.00000", "2006-09-30": "223947.00000", "2006-06-30": "221010.00000", "2006-03-31": "216002.00000", "2005-12-31": "208335.00000", "2005-09-30": "209721.00000", "2005-06-30": "201816.00000", "2005-03-31": "201252.00000"}}, "cash flow statement": {"Net Income/Loss": {"2020-12-31": "0.00000", "2019-12-31": "14774.00000", "2018-12-31": "21421.00000", "2017-12-31": "19848.00000", "2016-12-31": "8375.00000", "2015-12-31": "16551.00000", "2014-12-31": "33615.00000", "2013-12-31": "33448.00000", "2012-12-31": "47681.00000", "2011-12-31": "42206.00000", "2010-12-31": "31398.00000", "2009-12-31": "19658.00000", "2008-12-31": "46867.00000", "2007-12-31": "41615.00000", "2006-12-31": "40551.00000", "2005-12-31": "36929.00000"}, "Total Depreciation And Amortization - Cash Flow": {"2020-12-31": "", "2019-12-31": "18998.00000", "2018-12-31": "18745.00000", "2017-12-31": "19893.00000", "2016-12-31": "22308.00000", "2015-12-31": "18048.00000", "2014-12-31": "17297.00000", "2013-12-31": "17182.00000", "2012-12-31": "15888.00000", "2011-12-31": "15583.00000", "2010-12-31": "14760.00000", "2009-12-31": "11917.00000", "2008-12-31": "12379.00000", "2007-12-31": "12250.00000", "2006-12-31": "11416.00000", "2005-12-31": "10253.00000"}, "Other Non-Cash Items": {"2020-12-31": "", "2019-12-31": "-6519.00000", "2018-12-31": "-2735.00000", "2017-12-31": "-8255.00000", "2016-12-31": "-6995.00000", "2015-12-31": "-976.00000", "2014-12-31": "-41.00000", "2013-12-31": "-1346.00000", "2012-12-31": "-9705.00000", "2011-12-31": "-2580.00000", "2010-12-31": "-1272.00000", "2009-12-31": "-1962.00000", "2008-12-31": "-1443.00000", "2007-12-31": "-3056.00000", "2006-12-31": "-2846.00000", "2005-12-31": "-2491.00000"}, "Total Non-Cash Items": {"2020-12-31": "", "2019-12-31": "12479.00000", "2018-12-31": "16010.00000", "2017-12-31": "11638.00000", "2016-12-31": "15313.00000", "2015-12-31": "17072.00000", "2014-12-31": "17256.00000", "2013-12-31": "15836.00000", "2012-12-31": "6183.00000", "2011-12-31": "13003.00000", "2010-12-31": "13488.00000", "2009-12-31": "9955.00000", "2008-12-31": "10936.00000", "2007-12-31": "9194.00000", "2006-12-31": "8570.00000", "2005-12-31": "7762.00000"}, "Change In Accounts Receivable": {"2020-12-31": "", "2019-12-31": "", "2018-12-31": "", "2017-12-31": "", "2016-12-31": "", "2015-12-31": "", "2014-12-31": "", "2013-12-31": "", "2012-12-31": "", "2011-12-31": "", "2010-12-31": "", "2009-12-31": "", "2008-12-31": "", "2007-12-31": "", "2006-12-31": "", "2005-12-31": ""}, "Change In Inventories": {"2020-12-31": "", "2019-12-31": "72.00000", "2018-12-31": "-3107.00000", "2017-12-31": "-1682.00000", "2016-12-31": "-388.00000", "2015-12-31": "-379.00000", "2014-12-31": "-1343.00000", "2013-12-31": "-1812.00000", "2012-12-31": "-1873.00000", "2011-12-31": "-2208.00000", "2010-12-31": "-1148.00000", "2009-12-31": "459.00000", "2008-12-31": "-1285.00000", "2007-12-31": "", "2006-12-31": "-1057.00000", "2005-12-31": "-434.00000"}, "Change In Accounts Payable": {"2020-12-31": "", "2019-12-31": "-2640.00000", "2018-12-31": "-545.00000", "2017-12-31": "-3954.00000", "2016-12-31": "915.00000", "2015-12-31": "-7471.00000", "2014-12-31": "-6639.00000", "2013-12-31": "-2498.00000", "2012-12-31": "3624.00000", "2011-12-31": "8880.00000", "2010-12-31": "9943.00000", "2009-12-31": "1420.00000", "2008-12-31": "-5415.00000", "2007-12-31": "6228.00000", "2006-12-31": "1160.00000", "2005-12-31": "7806.00000"}, "Change In Assets/Liabilities": {"2020-12-31": "", "2019-12-31": "3491.00000", "2018-12-31": "2296.00000", "2017-12-31": "4987.00000", "2016-12-31": "-1919.00000", "2015-12-31": "4737.00000", "2014-12-31": "3050.00000", "2013-12-31": "-410.00000", "2012-12-31": "-1124.00000", "2011-12-31": "-7684.00000", "2010-12-31": "-4950.00000", "2009-12-31": "-3038.00000", "2008-12-31": "8132.00000", "2007-12-31": "-5161.00000", "2006-12-31": "-566.00000", "2005-12-31": "-3707.00000"}, "Total Change In Assets/Liabilities": {"2020-12-31": "", "2019-12-31": "923.00000", "2018-12-31": "-1356.00000", "2017-12-31": "-649.00000", "2016-12-31": "-1392.00000", "2015-12-31": "-3113.00000", "2014-12-31": "-4932.00000", "2013-12-31": "-4720.00000", "2012-12-31": "627.00000", "2011-12-31": "-1012.00000", "2010-12-31": "3845.00000", "2009-12-31": "-1159.00000", "2008-12-31": "1432.00000", "2007-12-31": "1139.00000", "2006-12-31": "-463.00000", "2005-12-31": "3665.00000"}, "Cash Flow From Operating Activities": {"2020-12-31": "", "2019-12-31": "29716.00000", "2018-12-31": "36014.00000", "2017-12-31": "30066.00000", "2016-12-31": "22082.00000", "2015-12-31": "30344.00000", "2014-12-31": "45116.00000", "2013-12-31": "44914.00000", "2012-12-31": "56170.00000", "2011-12-31": "55345.00000", "2010-12-31": "48413.00000", "2009-12-31": "28438.00000", "2008-12-31": "59725.00000", "2007-12-31": "52002.00000", "2006-12-31": "49286.00000", "2005-12-31": "48138.00000"}, "Net Change In Property, Plant, And Equipment": {"2020-12-31": "", "2019-12-31": "-24361.00000", "2018-12-31": "-19574.00000", "2017-12-31": "-15402.00000", "2016-12-31": "-16163.00000", "2015-12-31": "-26490.00000", "2014-12-31": "-32952.00000", "2013-12-31": "-33669.00000", "2012-12-31": "-34271.00000", "2011-12-31": "-30975.00000", "2010-12-31": "-26871.00000", "2009-12-31": "-22491.00000", "2008-12-31": "-19318.00000", "2007-12-31": "-15387.00000", "2006-12-31": "-15462.00000", "2005-12-31": "-13839.00000"}, "Net Change In Intangible Assets": {"2020-12-31": "", "2019-12-31": "", "2018-12-31": "", "2017-12-31": "", "2016-12-31": "", "2015-12-31": "", "2014-12-31": "", "2013-12-31": "", "2012-12-31": "", "2011-12-31": "", "2010-12-31": "", "2009-12-31": "", "2008-12-31": "", "2007-12-31": "", "2006-12-31": "", "2005-12-31": ""}, "Net Acquisitions/Divestitures": {"2020-12-31": "", "2019-12-31": "3692.00000", "2018-12-31": "4123.00000", "2017-12-31": "3103.00000", "2016-12-31": "4275.00000", "2015-12-31": "2389.00000", "2014-12-31": "4035.00000", "2013-12-31": "2707.00000", "2012-12-31": "7655.00000", "2011-12-31": "11133.00000", "2010-12-31": "3261.00000", "2009-12-31": "1545.00000", "2008-12-31": "5985.00000", "2007-12-31": "4204.00000", "2006-12-31": "3080.00000", "2005-12-31": "6036.00000"}, "Net Change In Short-term Investments": {"2020-12-31": "", "2019-12-31": "", "2018-12-31": "", "2017-12-31": "", "2016-12-31": "", "2015-12-31": "", "2014-12-31": "", "2013-12-31": "", "2012-12-31": "", "2011-12-31": "-1912.00000", "2010-12-31": "140.00000", "2009-12-31": "555.00000", "2008-12-31": "-245.00000", "2007-12-31": "-502.00000", "2006-12-31": "", "2005-12-31": ""}, "Net Change In Long-Term Investments": {"2020-12-31": "", "2019-12-31": "-3905.00000", "2018-12-31": "-1981.00000", "2017-12-31": "-5507.00000", "2016-12-31": "-1417.00000", "2015-12-31": "-607.00000", "2014-12-31": "-1631.00000", "2013-12-31": "-4435.00000", "2012-12-31": "-598.00000", "2011-12-31": "-1754.00000", "2010-12-31": "-1239.00000", "2009-12-31": "-2752.00000", "2008-12-31": "-2495.00000", "2007-12-31": "-3038.00000", "2006-12-31": "-2604.00000", "2005-12-31": "-2810.00000"}, "Net Change In Investments - Total": {"2020-12-31": "", "2019-12-31": "-3905.00000", "2018-12-31": "-1981.00000", "2017-12-31": "-5507.00000", "2016-12-31": "-1417.00000", "2015-12-31": "-607.00000", "2014-12-31": "-1631.00000", "2013-12-31": "-4435.00000", "2012-12-31": "-598.00000", "2011-12-31": "-3666.00000", "2010-12-31": "-1099.00000", "2009-12-31": "-2197.00000", "2008-12-31": "-2740.00000", "2007-12-31": "-3540.00000", "2006-12-31": "-2604.00000", "2005-12-31": "-2810.00000"}, "Investing Activities - Other": {"2020-12-31": "", "2019-12-31": "1490.00000", "2018-12-31": "986.00000", "2017-12-31": "2076.00000", "2016-12-31": "902.00000", "2015-12-31": "884.00000", "2014-12-31": "3573.00000", "2013-12-31": "1196.00000", "2012-12-31": "1613.00000", "2011-12-31": "1343.00000", "2010-12-31": "505.00000", "2009-12-31": "724.00000", "2008-12-31": "574.00000", "2007-12-31": "4995.00000", "2006-12-31": "756.00000", "2005-12-31": "343.00000"}, "Cash Flow From Investing Activities": {"2020-12-31": "", "2019-12-31": "-23084.00000", "2018-12-31": "-16446.00000", "2017-12-31": "-15730.00000", "2016-12-31": "-12403.00000", "2015-12-31": "-23824.00000", "2014-12-31": "-26975.00000", "2013-12-31": "-34201.00000", "2012-12-31": "-25601.00000", "2011-12-31": "-22165.00000", "2010-12-31": "-24204.00000", "2009-12-31": "-22419.00000", "2008-12-31": "-15499.00000", "2007-12-31": "-9728.00000", "2006-12-31": "-14230.00000", "2005-12-31": "-10270.00000"}, "Net Long-Term Debt": {"2020-12-31": "", "2019-12-31": "7051.00000", "2018-12-31": "46.00000", "2017-12-31": "60.00000", "2016-12-31": "12066.00000", "2015-12-31": "8002.00000", "2014-12-31": "5662.00000", "2013-12-31": "332.00000", "2012-12-31": "848.00000", "2011-12-31": "436.00000", "2010-12-31": "-5081.00000", "2009-12-31": "157.00000", "2008-12-31": "-113.00000", "2007-12-31": "383.00000", "2006-12-31": "285.00000", "2005-12-31": "114.00000"}, "Net Current Debt": {"2020-12-31": "", "2019-12-31": "1611.00000", "2018-12-31": "-4971.00000", "2017-12-31": "-1108.00000", "2016-12-31": "-7773.00000", "2015-12-31": "1253.00000", "2014-12-31": "1304.00000", "2013-12-31": "11272.00000", "2012-12-31": "-3756.00000", "2011-12-31": "1521.00000", "2010-12-31": "-1129.00000", "2009-12-31": "-310.00000", "2008-12-31": "-414.00000", "2007-12-31": "215.00000", "2006-12-31": "-212.00000", "2005-12-31": "-1616.00000"}, "Debt Issuance/Retirement Net - Total": {"2020-12-31": "", "2019-12-31": "8662.00000", "2018-12-31": "-4925.00000", "2017-12-31": "-1048.00000", "2016-12-31": "4293.00000", "2015-12-31": "9255.00000", "2014-12-31": "6966.00000", "2013-12-31": "11604.00000", "2012-12-31": "-2908.00000", "2011-12-31": "1957.00000", "2010-12-31": "-6210.00000", "2009-12-31": "-153.00000", "2008-12-31": "-527.00000", "2007-12-31": "598.00000", "2006-12-31": "73.00000", "2005-12-31": "-1502.00000"}, "Net Common Equity Issued/Repurchased": {"2020-12-31": "", "2019-12-31": "-594.00000", "2018-12-31": "-626.00000", "2017-12-31": "-747.00000", "2016-12-31": "-971.00000", "2015-12-31": "-4034.00000", "2014-12-31": "-13153.00000", "2013-12-31": "-15948.00000", "2012-12-31": "-20875.00000", "2011-12-31": "-21131.00000", "2010-12-31": "-12050.00000", "2009-12-31": "-18951.00000", "2008-12-31": "-34981.00000", "2007-12-31": "-30743.00000", "2006-12-31": "-28385.00000", "2005-12-31": "-17280.00000"}, "Net Total Equity Issued/Repurchased": {"2020-12-31": "", "2019-12-31": "-594.00000", "2018-12-31": "-626.00000", "2017-12-31": "-747.00000", "2016-12-31": "-971.00000", "2015-12-31": "-4034.00000", "2014-12-31": "-13153.00000", "2013-12-31": "-15948.00000", "2012-12-31": "-20875.00000", "2011-12-31": "-21131.00000", "2010-12-31": "-12050.00000", "2009-12-31": "-18951.00000", "2008-12-31": "-34981.00000", "2007-12-31": "-30743.00000", "2006-12-31": "-28385.00000", "2005-12-31": "-17280.00000"}, "Total Common And Preferred Stock Dividends Paid": {"2020-12-31": "", "2019-12-31": "-14844.00000", "2018-12-31": "-14041.00000", "2017-12-31": "-13185.00000", "2016-12-31": "-12615.00000", "2015-12-31": "-12260.00000", "2014-12-31": "-11816.00000", "2013-12-31": "-11179.00000", "2012-12-31": "-10419.00000", "2011-12-31": "-9326.00000", "2010-12-31": "-8779.00000", "2009-12-31": "-8303.00000", "2008-12-31": "-8433.00000", "2007-12-31": "-7910.00000", "2006-12-31": "-7867.00000", "2005-12-31": "-7478.00000"}, "Financial Activities - Other": {"2020-12-31": "", "2019-12-31": "158.00000", "2018-12-31": "146.00000", "2017-12-31": "-150.00000", "2016-12-31": "", "2015-12-31": "2.00000", "2014-12-31": "115.00000", "2013-12-31": "47.00000", "2012-12-31": "334.00000", "2011-12-31": "244.00000", "2010-12-31": "115.00000", "2009-12-31": "124.00000", "2008-12-31": "-86.00000", "2007-12-31": "-290.00000", "2006-12-31": "-31.00000", "2005-12-31": "-681.00000"}, "Cash Flow From Financial Activities": {"2020-12-31": "", "2019-12-31": "-6618.00000", "2018-12-31": "-19446.00000", "2017-12-31": "-15130.00000", "2016-12-31": "-9293.00000", "2015-12-31": "-7037.00000", "2014-12-31": "-17888.00000", "2013-12-31": "-15476.00000", "2012-12-31": "-33868.00000", "2011-12-31": "-28256.00000", "2010-12-31": "-26924.00000", "2009-12-31": "-27283.00000", "2008-12-31": "-44027.00000", "2007-12-31": "-38345.00000", "2006-12-31": "-36210.00000", "2005-12-31": "-26941.00000"}, "Net Cash Flow": {"2020-12-31": "", "2019-12-31": "47.00000", "2018-12-31": "-135.00000", "2017-12-31": "-480.00000", "2016-12-31": "-48.00000", "2015-12-31": "-911.00000", "2014-12-31": "-28.00000", "2013-12-31": "-4938.00000", "2012-12-31": "-3082.00000", "2011-12-31": "4839.00000", "2010-12-31": "-2868.00000", "2009-12-31": "-20744.00000", "2008-12-31": "-2544.00000", "2007-12-31": "5737.00000", "2006-12-31": "-427.00000", "2005-12-31": "10140.00000"}, "Stock-Based Compensation": {"2020-12-31": "", "2019-12-31": "", "2018-12-31": "", "2017-12-31": "", "2016-12-31": "", "2015-12-31": "", "2014-12-31": "", "2013-12-31": "", "2012-12-31": "", "2011-12-31": "", "2010-12-31": "", "2009-12-31": "", "2008-12-31": "", "2007-12-31": "", "2006-12-31": "", "2005-12-31": ""}, "Common Stock Dividends Paid": {"2020-12-31": "", "2019-12-31": "-14844.00000", "2018-12-31": "-14041.00000", "2017-12-31": "-13185.00000", "2016-12-31": "-12615.00000", "2015-12-31": "-12260.00000", "2014-12-31": "-11816.00000", "2013-12-31": "-11179.00000", "2012-12-31": "-10419.00000", "2011-12-31": "-9326.00000", "2010-12-31": "-8779.00000", "2009-12-31": "-8303.00000", "2008-12-31": "-8433.00000", "2007-12-31": "-7910.00000", "2006-12-31": "-7867.00000", "2005-12-31": "-7478.00000"}}, "cash flow statement, quarterly": {"Net Income/Loss": {"2020-12-31": 2648, "2020-09-30": -709, "2020-06-30": -1169, "2020-03-31": "-770.00000", "2019-12-31": 5730, "2019-09-30": 3247, "2019-06-30": 3391, "2019-03-31": "2406.00000", "2018-12-31": 6206, "2018-09-30": 6446, "2018-06-30": 3986, "2018-03-31": "4783.00000", "2017-12-31": 8409, "2017-09-30": 4085, "2017-06-30": 3264, "2017-03-31": "4090.00000", "2016-12-31": 2024, "2016-09-30": 2889, "2016-06-30": 1681, "2016-03-31": "1781.00000", "2015-12-31": 2830, "2015-09-30": 4384, "2015-06-30": 4262, "2015-03-31": "5075.00000", "2014-12-31": 6782, "2014-09-30": 8346, "2014-06-30": 9117, "2014-03-31": "9370.00000", "2013-12-31": 8643, "2013-09-30": 8069, "2013-06-30": 6975, "2013-03-31": "9761.00000", "2012-12-31": 10302, "2012-09-30": 9926, "2012-06-30": 17654, "2012-03-31": "9799.00000", "2011-12-31": 9724, "2011-09-30": 10671, "2011-06-30": 10898, "2011-03-31": "10913.00000", "2010-12-31": 9516, "2010-09-30": 7561, "2010-06-30": 7746, "2010-03-31": "6575.00000", "2009-12-31": 6139, "2009-09-30": 4871, "2009-06-30": 3946, "2009-03-31": "4702.00000", "2008-12-31": 8424, "2008-09-30": 15366, "2008-06-30": 11905, "2008-03-31": "11172.00000", "2007-12-31": 12665, "2007-09-30": 9410, "2007-06-30": 10260, "2007-03-31": "9280.00000", "2006-12-31": 11301, "2006-09-30": 10490, "2006-06-30": 10360, "2006-03-31": "8400.00000", "2005-12-31": 11509, "2005-09-30": 9920, "2005-06-30": 7640, "2005-03-31": "7860.00000"}, "Total Depreciation And Amortization - Cash Flow": {"2020-12-31": -15718, "2020-09-30": 4983, "2020-06-30": 4916, "2020-03-31": "5819.00000", "2019-12-31": 4923, "2019-09-30": 4873, "2019-06-30": 4631, "2019-03-31": "4571.00000", "2018-12-31": 5028, "2018-09-30": 4658, "2018-06-30": 4589, "2018-03-31": "4470.00000", "2017-12-31": 5842, "2017-09-30": 4880, "2017-06-30": 4652, "2017-03-31": "4519.00000", "2016-12-31": 8117, "2016-09-30": 4605, "2016-06-30": 4821, "2016-03-31": "4765.00000", "2015-12-31": 4755, "2015-09-30": 4542, "2015-06-30": 4451, "2015-03-31": "4300.00000", "2014-12-31": 4458, "2014-09-30": 4362, "2014-06-30": 4285, "2014-03-31": "4192.00000", "2013-12-31": 4380, "2013-09-30": 4287, "2013-06-30": 4405, "2013-03-31": "4110.00000", "2012-12-31": 4110, "2012-09-30": 4037, "2012-06-30": 3899, "2012-03-31": "3842.00000", "2011-12-31": 4075, "2011-09-30": 3866, "2011-06-30": 3881, "2011-03-31": "3761.00000", "2010-12-31": 4270, "2010-09-30": 3844, "2010-06-30": 3366, "2010-03-31": "3280.00000", "2009-12-31": 3193, "2009-09-30": 2927, "2009-06-30": 3004, "2009-03-31": "2793.00000", "2008-12-31": 3177, "2008-09-30": 3008, "2008-06-30": 3090, "2008-03-31": "3104.00000", "2007-12-31": 3155, "2007-09-30": 3159, "2007-06-30": 2994, "2007-03-31": "2942.00000", "2006-12-31": 3282, "2006-09-30": 2730, "2006-06-30": 2760, "2006-03-31": "2644.00000", "2005-12-31": 2671, "2005-09-30": 2513, "2005-06-30": 2516, "2005-03-31": "2553.00000"}, "Other Non-Cash Items": {"2020-12-31": -61, "2020-09-30": -115, "2020-06-30": 176, "2020-03-31": "", "2019-12-31": -6519, "2019-09-30": 0, "2019-06-30": 0, "2019-03-31": "", "2018-12-31": -2735, "2018-09-30": 0, "2018-06-30": 0, "2018-03-31": "", "2017-12-31": -8255, "2017-09-30": 0, "2017-06-30": 0, "2017-03-31": "", "2016-12-31": -6995, "2016-09-30": 0, "2016-06-30": 0, "2016-03-31": "", "2015-12-31": -976, "2015-09-30": 0, "2015-06-30": 0, "2015-03-31": "", "2014-12-31": -41, "2014-09-30": 0, "2014-06-30": 0, "2014-03-31": "", "2013-12-31": -1346, "2013-09-30": 0, "2013-06-30": 0, "2013-03-31": "", "2012-12-31": 1988, "2012-09-30": -584, "2012-06-30": -11109, "2012-03-31": "", "2011-12-31": -1311, "2011-09-30": -669, "2011-06-30": -600, "2011-03-31": "", "2010-12-31": -1272, "2010-09-30": 0, "2010-06-30": 0, "2010-03-31": "", "2009-12-31": -1962, "2009-09-30": 0, "2009-06-30": 0, "2009-03-31": "", "2008-12-31": -1443, "2008-09-30": 0, "2008-06-30": 0, "2008-03-31": "", "2007-12-31": -3056, "2007-09-30": 0, "2007-06-30": 0, "2007-03-31": "", "2006-12-31": -2846, "2006-09-30": 0, "2006-06-30": 0, "2006-03-31": "", "2005-12-31": -2491, "2005-09-30": 0, "2005-06-30": 0, "2005-03-31": ""}, "Total Non-Cash Items": {"2020-12-31": -15779, "2020-09-30": 4868, "2020-06-30": 5092, "2020-03-31": "5819.00000", "2019-12-31": -1596, "2019-09-30": 4873, "2019-06-30": 4631, "2019-03-31": "4571.00000", "2018-12-31": 2293, "2018-09-30": 4658, "2018-06-30": 4589, "2018-03-31": "4470.00000", "2017-12-31": -2413, "2017-09-30": 4880, "2017-06-30": 4652, "2017-03-31": "4519.00000", "2016-12-31": 1122, "2016-09-30": 4605, "2016-06-30": 4821, "2016-03-31": "4765.00000", "2015-12-31": 3779, "2015-09-30": 4542, "2015-06-30": 4451, "2015-03-31": "4300.00000", "2014-12-31": 4417, "2014-09-30": 4362, "2014-06-30": 4285, "2014-03-31": "4192.00000", "2013-12-31": 3034, "2013-09-30": 4287, "2013-06-30": 4405, "2013-03-31": "4110.00000", "2012-12-31": 6098, "2012-09-30": 3453, "2012-06-30": -7210, "2012-03-31": "3842.00000", "2011-12-31": 2764, "2011-09-30": 3197, "2011-06-30": 3281, "2011-03-31": "3761.00000", "2010-12-31": 2998, "2010-09-30": 3844, "2010-06-30": 3366, "2010-03-31": "3280.00000", "2009-12-31": 1231, "2009-09-30": 2927, "2009-06-30": 3004, "2009-03-31": "2793.00000", "2008-12-31": 1734, "2008-09-30": 3008, "2008-06-30": 3090, "2008-03-31": "3104.00000", "2007-12-31": 99, "2007-09-30": 3159, "2007-06-30": 2994, "2007-03-31": "2942.00000", "2006-12-31": 436, "2006-09-30": 2730, "2006-06-30": 2760, "2006-03-31": "2644.00000", "2005-12-31": 180, "2005-09-30": 2513, "2005-06-30": 2516, "2005-03-31": "2553.00000"}, "Change In Accounts Receivable": {"2020-12-31": 0, "2020-09-30": 0, "2020-06-30": 0, "2020-03-31": "", "2019-12-31": 0, "2019-09-30": 0, "2019-06-30": 0, "2019-03-31": "", "2018-12-31": 0, "2018-09-30": 0, "2018-06-30": 0, "2018-03-31": "", "2017-12-31": 0, "2017-09-30": 0, "2017-06-30": 0, "2017-03-31": "", "2016-12-31": 0, "2016-09-30": 0, "2016-06-30": 0, "2016-03-31": "", "2015-12-31": 0, "2015-09-30": 0, "2015-06-30": 0, "2015-03-31": "", "2014-12-31": 0, "2014-09-30": 0, "2014-06-30": 0, "2014-03-31": "", "2013-12-31": 0, "2013-09-30": 0, "2013-06-30": 0, "2013-03-31": "", "2012-12-31": 0, "2012-09-30": 0, "2012-06-30": 0, "2012-03-31": "", "2011-12-31": 0, "2011-09-30": 0, "2011-06-30": 0, "2011-03-31": "", "2010-12-31": 0, "2010-09-30": 0, "2010-06-30": 0, "2010-03-31": "", "2009-12-31": 0, "2009-09-30": 0, "2009-06-30": 0, "2009-03-31": "", "2008-12-31": 0, "2008-09-30": 0, "2008-06-30": 0, "2008-03-31": "", "2007-12-31": 0, "2007-09-30": 0, "2007-06-30": 0, "2007-03-31": "", "2006-12-31": 0, "2006-09-30": 0, "2006-06-30": 0, "2006-03-31": "", "2005-12-31": 0, "2005-09-30": 0, "2005-06-30": 0, "2005-03-31": ""}, "Change In Inventories": {"2020-12-31": 0, "2020-09-30": 0, "2020-06-30": -2245, "2020-03-31": "2245.00000", "2019-12-31": 72, "2019-09-30": 0, "2019-06-30": 0, "2019-03-31": "", "2018-12-31": -3107, "2018-09-30": 0, "2018-06-30": 0, "2018-03-31": "", "2017-12-31": -1682, "2017-09-30": 0, "2017-06-30": 0, "2017-03-31": "", "2016-12-31": -388, "2016-09-30": 0, "2016-06-30": 0, "2016-03-31": "", "2015-12-31": -379, "2015-09-30": 0, "2015-06-30": 0, "2015-03-31": "", "2014-12-31": -1343, "2014-09-30": 0, "2014-06-30": 0, "2014-03-31": "", "2013-12-31": -1812, "2013-09-30": 0, "2013-06-30": 0, "2013-03-31": "", "2012-12-31": -1873, "2012-09-30": 0, "2012-06-30": 0, "2012-03-31": "", "2011-12-31": -2208, "2011-09-30": 0, "2011-06-30": 0, "2011-03-31": "", "2010-12-31": -1148, "2010-09-30": 0, "2010-06-30": 0, "2010-03-31": "", "2009-12-31": 459, "2009-09-30": 0, "2009-06-30": 0, "2009-03-31": "", "2008-12-31": -1285, "2008-09-30": 0, "2008-06-30": 0, "2008-03-31": "", "2007-12-31": 0, "2007-09-30": 0, "2007-06-30": 0, "2007-03-31": "", "2006-12-31": -1057, "2006-09-30": 0, "2006-06-30": 0, "2006-03-31": "", "2005-12-31": -434, "2005-09-30": 0, "2005-06-30": 0, "2005-03-31": ""}, "Change In Accounts Payable": {"2020-12-31": 0, "2020-09-30": 0, "2020-06-30": 0, "2020-03-31": "", "2019-12-31": -2640, "2019-09-30": 0, "2019-06-30": 0, "2019-03-31": "", "2018-12-31": -545, "2018-09-30": 0, "2018-06-30": 0, "2018-03-31": "", "2017-12-31": -3954, "2017-09-30": 0, "2017-06-30": 0, "2017-03-31": "", "2016-12-31": 915, "2016-09-30": 0, "2016-06-30": 0, "2016-03-31": "", "2015-12-31": -7471, "2015-09-30": 0, "2015-06-30": 0, "2015-03-31": "", "2014-12-31": -6639, "2014-09-30": 0, "2014-06-30": 0, "2014-03-31": "", "2013-12-31": -2498, "2013-09-30": 0, "2013-06-30": 0, "2013-03-31": "", "2012-12-31": 3624, "2012-09-30": 0, "2012-06-30": 0, "2012-03-31": "", "2011-12-31": 8880, "2011-09-30": 0, "2011-06-30": 0, "2011-03-31": "", "2010-12-31": 9943, "2010-09-30": 0, "2010-06-30": 0, "2010-03-31": "", "2009-12-31": 1420, "2009-09-30": 0, "2009-06-30": 0, "2009-03-31": "", "2008-12-31": -5415, "2008-09-30": 0, "2008-06-30": 0, "2008-03-31": "", "2007-12-31": 6228, "2007-09-30": 0, "2007-06-30": 0, "2007-03-31": "", "2006-12-31": 1160, "2006-09-30": 0, "2006-06-30": 0, "2006-03-31": "", "2005-12-31": 7806, "2005-09-30": 0, "2005-06-30": 0, "2005-03-31": ""}, "Change In Assets/Liabilities": {"2020-12-31": 1539, "2020-09-30": 863, "2020-06-30": -1460, "2020-03-31": "-942.00000", "2019-12-31": 927, "2019-09-30": 1550, "2019-06-30": -1243, "2019-03-31": "2257.00000", "2018-12-31": 2321, "2018-09-30": 957, "2018-06-30": -1333, "2018-03-31": "351.00000", "2017-12-31": 5534, "2017-09-30": -319, "2017-06-30": -1021, "2017-03-31": "793.00000", "2016-12-31": 467, "2016-09-30": -661, "2016-06-30": -1326, "2016-03-31": "-399.00000", "2015-12-31": 5774, "2015-09-30": 496, "2015-06-30": -1024, "2015-03-31": "-509.00000", "2014-12-31": 3510, "2014-09-30": -463, "2014-06-30": -2449, "2014-03-31": "2452.00000", "2013-12-31": 2266, "2013-09-30": 286, "2013-06-30": -5283, "2013-03-31": "2321.00000", "2012-12-31": -4243, "2012-09-30": -289, "2012-06-30": -2384, "2012-03-31": "5792.00000", "2011-12-31": -9838, "2011-09-30": 1076, "2011-06-30": -1809, "2011-03-31": "2887.00000", "2010-12-31": -8672, "2010-09-30": 1654, "2010-06-30": -1133, "2010-03-31": "3201.00000", "2009-12-31": -2186, "2009-09-30": 140, "2009-06-30": -2124, "2009-03-31": "1132.00000", "2008-12-31": 3702, "2008-09-30": -2856, "2008-06-30": -517, "2008-03-31": "7803.00000", "2007-12-31": -6444, "2007-09-30": 1649, "2007-06-30": -2209, "2007-03-31": "1843.00000", "2006-12-31": -4402, "2006-09-30": 2834, "2006-06-30": -2255, "2006-03-31": "3257.00000", "2005-12-31": -9933, "2005-09-30": 3653, "2005-06-30": -976, "2005-03-31": "3549.00000"}, "Total Change In Assets/Liabilities": {"2020-12-31": 1539, "2020-09-30": 863, "2020-06-30": -3705, "2020-03-31": "1303.00000", "2019-12-31": -1641, "2019-09-30": 1550, "2019-06-30": -1243, "2019-03-31": "2257.00000", "2018-12-31": -1331, "2018-09-30": 957, "2018-06-30": -1333, "2018-03-31": "351.00000", "2017-12-31": -102, "2017-09-30": -319, "2017-06-30": -1021, "2017-03-31": "793.00000", "2016-12-31": 994, "2016-09-30": -661, "2016-06-30": -1326, "2016-03-31": "-399.00000", "2015-12-31": -2076, "2015-09-30": 496, "2015-06-30": -1024, "2015-03-31": "-509.00000", "2014-12-31": -4472, "2014-09-30": -463, "2014-06-30": -2449, "2014-03-31": "2452.00000", "2013-12-31": -2044, "2013-09-30": 286, "2013-06-30": -5283, "2013-03-31": "2321.00000", "2012-12-31": -2492, "2012-09-30": -289, "2012-06-30": -2384, "2012-03-31": "5792.00000", "2011-12-31": -3166, "2011-09-30": 1076, "2011-06-30": -1809, "2011-03-31": "2887.00000", "2010-12-31": 123, "2010-09-30": 1654, "2010-06-30": -1133, "2010-03-31": "3201.00000", "2009-12-31": -307, "2009-09-30": 140, "2009-06-30": -2124, "2009-03-31": "1132.00000", "2008-12-31": -2998, "2008-09-30": -2856, "2008-06-30": -517, "2008-03-31": "7803.00000", "2007-12-31": -144, "2007-09-30": 1649, "2007-06-30": -2209, "2007-03-31": "1843.00000", "2006-12-31": -4299, "2006-09-30": 2834, "2006-06-30": -2255, "2006-03-31": "3257.00000", "2005-12-31": -2561, "2005-09-30": 3653, "2005-06-30": -976, "2005-03-31": "3549.00000"}, "Cash Flow From Operating Activities": {"2020-12-31": -10663, "2020-09-30": 4389, "2020-06-30": 0, "2020-03-31": "6274.00000", "2019-12-31": 6352, "2019-09-30": 9079, "2019-06-30": 5947, "2019-03-31": "8338.00000", "2018-12-31": 8607, "2018-09-30": 11108, "2018-06-30": 7780, "2018-03-31": "8519.00000", "2017-12-31": 7411, "2017-09-30": 7535, "2017-06-30": 6947, "2017-03-31": "8173.00000", "2016-12-31": 7396, "2016-09-30": 5355, "2016-06-30": 4519, "2016-03-31": "4812.00000", "2015-12-31": 4380, "2015-09-30": 9174, "2015-06-30": 8792, "2015-03-31": "7998.00000", "2014-12-31": 7415, "2014-09-30": 12396, "2014-06-30": 10202, "2014-03-31": "15103.00000", "2013-12-31": 10208, "2013-09-30": 13431, "2013-06-30": 7683, "2013-03-31": "13592.00000", "2012-12-31": 13224, "2012-09-30": 13442, "2012-06-30": 10217, "2012-03-31": "19287.00000", "2011-12-31": 10751, "2011-09-30": 14849, "2011-06-30": 12889, "2011-03-31": "16856.00000", "2010-12-31": 13055, "2010-09-30": 13077, "2010-06-30": 9235, "2010-03-31": "13046.00000", "2009-12-31": 8504, "2009-09-30": 8827, "2009-06-30": 2197, "2009-03-31": "8910.00000", "2008-12-31": 10484, "2008-09-30": 14403, "2008-06-30": 13418, "2008-03-31": "21420.00000", "2007-12-31": 11335, "2007-09-30": 15063, "2007-06-30": 11318, "2007-03-31": "14286.00000", "2006-12-31": 8862, "2006-09-30": 14497, "2006-06-30": 11296, "2006-03-31": "14631.00000", "2005-12-31": 10390, "2005-09-30": 15767, "2005-06-30": 9013, "2005-03-31": "12968.00000"}, "Net Change In Property, Plant, And Equipment": {"2020-12-31": 13653, "2020-09-30": -3291, "2020-06-30": -4417, "2020-03-31": "-5945.00000", "2019-12-31": -6704, "2019-09-30": -6285, "2019-06-30": -6173, "2019-03-31": "-5199.00000", "2018-12-31": -6094, "2018-09-30": -5204, "2018-06-30": -4927, "2018-03-31": "-3349.00000", "2017-12-31": -4501, "2017-09-30": -4913, "2017-06-30": -3098, "2017-03-31": "-2890.00000", "2016-12-31": -3887, "2016-09-30": -3404, "2016-06-30": -4271, "2016-03-31": "-4601.00000", "2015-12-31": -6136, "2015-09-30": -6401, "2015-06-30": -7109, "2015-03-31": "-6844.00000", "2014-12-31": -8884, "2014-09-30": -8198, "2014-06-30": -8542, "2014-03-31": "-7328.00000", "2013-12-31": -8426, "2013-09-30": -9098, "2013-06-30": -8651, "2013-03-31": "-7494.00000", "2012-12-31": -10057, "2012-09-30": -8026, "2012-06-30": -8345, "2012-03-31": "-7843.00000", "2011-12-31": -8634, "2011-09-30": -7478, "2011-06-30": -7812, "2011-03-31": "-7051.00000", "2010-12-31": -7670, "2010-09-30": -7801, "2010-06-30": -5644, "2010-03-31": "-5756.00000", "2009-12-31": -6763, "2009-09-30": -5490, "2009-06-30": -5565, "2009-03-31": "-4673.00000", "2008-12-31": -5325, "2008-09-30": -5142, "2008-06-30": -4872, "2008-03-31": "-3979.00000", "2007-12-31": -4560, "2007-09-30": -3935, "2007-06-30": -3786, "2007-03-31": "-3106.00000", "2006-12-31": -4161, "2006-09-30": -3715, "2006-06-30": -3856, "2006-03-31": "-3730.00000", "2005-12-31": -3899, "2005-09-30": -3492, "2005-06-30": -3735, "2005-03-31": "-2713.00000"}, "Net Change In Intangible Assets": {"2020-12-31": 0, "2020-09-30": 0, "2020-06-30": 0, "2020-03-31": "", "2019-12-31": 0, "2019-09-30": 0, "2019-06-30": 0, "2019-03-31": "", "2018-12-31": 0, "2018-09-30": 0, "2018-06-30": 0, "2018-03-31": "", "2017-12-31": 0, "2017-09-30": 0, "2017-06-30": 0, "2017-03-31": "", "2016-12-31": 0, "2016-09-30": 0, "2016-06-30": 0, "2016-03-31": "", "2015-12-31": 0, "2015-09-30": 0, "2015-06-30": 0, "2015-03-31": "", "2014-12-31": 0, "2014-09-30": 0, "2014-06-30": 0, "2014-03-31": "", "2013-12-31": 0, "2013-09-30": 0, "2013-06-30": 0, "2013-03-31": "", "2012-12-31": 0, "2012-09-30": 0, "2012-06-30": 0, "2012-03-31": "", "2011-12-31": 0, "2011-09-30": 0, "2011-06-30": 0, "2011-03-31": "", "2010-12-31": 0, "2010-09-30": 0, "2010-06-30": 0, "2010-03-31": "", "2009-12-31": 0, "2009-09-30": 0, "2009-06-30": 0, "2009-03-31": "", "2008-12-31": 0, "2008-09-30": 0, "2008-06-30": 0, "2008-03-31": "", "2007-12-31": 0, "2007-09-30": 0, "2007-06-30": 0, "2007-03-31": "", "2006-12-31": 0, "2006-09-30": 0, "2006-06-30": 0, "2006-03-31": "", "2005-12-31": 0, "2005-09-30": 0, "2005-06-30": 0, "2005-03-31": ""}, "Net Acquisitions/Divestitures": {"2020-12-31": -229, "2020-09-30": 100, "2020-06-30": 43, "2020-03-31": "86.00000", "2019-12-31": 3092, "2019-09-30": 460, "2019-06-30": 33, "2019-03-31": "107.00000", "2018-12-31": 884, "2018-09-30": 1491, "2018-06-30": 307, "2018-03-31": "1441.00000", "2017-12-31": 1408, "2017-09-30": 854, "2017-06-30": 154, "2017-03-31": "687.00000", "2016-12-31": 2093, "2016-09-30": 976, "2016-06-30": 1029, "2016-03-31": "177.00000", "2015-12-31": 785, "2015-09-30": 491, "2015-06-30": 629, "2015-03-31": "484.00000", "2014-12-31": 241, "2014-09-30": 127, "2014-06-30": 2556, "2014-03-31": "1111.00000", "2013-12-31": 1836, "2013-09-30": 206, "2013-06-30": 305, "2013-03-31": "360.00000", "2012-12-31": 805, "2012-09-30": 607, "2012-06-30": 3730, "2012-03-31": "2513.00000", "2011-12-31": 6887, "2011-09-30": 1408, "2011-06-30": 1497, "2011-03-31": "1341.00000", "2010-12-31": 1654, "2010-09-30": 755, "2010-06-30": 428, "2010-03-31": "424.00000", "2009-12-31": 462, "2009-09-30": 172, "2009-06-30": 770, "2009-03-31": "141.00000", "2008-12-31": 1783, "2008-09-30": 2630, "2008-06-30": 1159, "2008-03-31": "413.00000", "2007-12-31": 1782, "2007-09-30": 749, "2007-06-30": 1135, "2007-03-31": "538.00000", "2006-12-31": 752, "2006-09-30": 878, "2006-06-30": 1056, "2006-03-31": "394.00000", "2005-12-31": 1456, "2005-09-30": 754, "2005-06-30": 2029, "2005-03-31": "1797.00000"}, "Net Change In Short-term Investments": {"2020-12-31": 0, "2020-09-30": 0, "2020-06-30": 0, "2020-03-31": "", "2019-12-31": 0, "2019-09-30": 0, "2019-06-30": 0, "2019-03-31": "", "2018-12-31": 0, "2018-09-30": 0, "2018-06-30": 0, "2018-03-31": "", "2017-12-31": 0, "2017-09-30": 0, "2017-06-30": 0, "2017-03-31": "", "2016-12-31": 1398, "2016-09-30": -1398, "2016-06-30": 0, "2016-03-31": "", "2015-12-31": 0, "2015-09-30": 0, "2015-06-30": 0, "2015-03-31": "", "2014-12-31": 0, "2014-09-30": 0, "2014-06-30": 0, "2014-03-31": "", "2013-12-31": 0, "2013-09-30": 0, "2013-06-30": 0, "2013-03-31": "", "2012-12-31": 409, "2012-09-30": -409, "2012-06-30": 0, "2012-03-31": "", "2011-12-31": -1832, "2011-09-30": 1674, "2011-06-30": -1754, "2011-03-31": "", "2010-12-31": 4, "2010-09-30": 140, "2010-06-30": -4, "2010-03-31": "", "2009-12-31": 555, "2009-09-30": 0, "2009-06-30": 0, "2009-03-31": "", "2008-12-31": -245, "2008-09-30": 0, "2008-06-30": 0, "2008-03-31": "", "2007-12-31": -502, "2007-09-30": 0, "2007-06-30": 0, "2007-03-31": "", "2006-12-31": 0, "2006-09-30": 0, "2006-06-30": 0, "2006-03-31": "", "2005-12-31": 0, "2005-09-30": 0, "2005-06-30": 0, "2005-03-31": ""}, "Net Change In Long-Term Investments": {"2020-12-31": 3443, "2020-09-30": -1919, "2020-06-30": -796, "2020-03-31": "-728.00000", "2019-12-31": -1373, "2019-09-30": -802, "2019-06-30": -820, "2019-03-31": "-910.00000", "2018-12-31": -868, "2018-09-30": -409, "2018-06-30": -566, "2018-03-31": "-138.00000", "2017-12-31": -3557, "2017-09-30": -157, "2017-06-30": -55, "2017-03-31": "-1738.00000", "2016-12-31": -1417, "2016-09-30": 311, "2016-06-30": -77, "2016-03-31": "-234.00000", "2015-12-31": -195, "2015-09-30": -49, "2015-06-30": -81, "2015-03-31": "-282.00000", "2014-12-31": -362, "2014-09-30": -591, "2014-06-30": -221, "2014-03-31": "-457.00000", "2013-12-31": -791, "2013-09-30": -180, "2013-06-30": -432, "2013-03-31": "-3032.00000", "2012-12-31": -598, "2012-09-30": 241, "2012-06-30": -130, "2012-03-31": "-111.00000", "2011-12-31": 1368, "2011-09-30": -173, "2011-06-30": -2949, "2011-03-31": "", "2010-12-31": -828, "2010-09-30": -109, "2010-06-30": -302, "2010-03-31": "", "2009-12-31": -2752, "2009-09-30": 0, "2009-06-30": 0, "2009-03-31": "", "2008-12-31": -2495, "2008-09-30": 0, "2008-06-30": 0, "2008-03-31": "", "2007-12-31": -3038, "2007-09-30": 0, "2007-06-30": 0, "2007-03-31": "", "2006-12-31": -2604, "2006-09-30": 0, "2006-06-30": 0, "2006-03-31": "", "2005-12-31": -2810, "2005-09-30": 0, "2005-06-30": 0, "2005-03-31": ""}, "Net Change In Investments - Total": {"2020-12-31": 3443, "2020-09-30": -1919, "2020-06-30": -796, "2020-03-31": "-728.00000", "2019-12-31": -1373, "2019-09-30": -802, "2019-06-30": -820, "2019-03-31": "-910.00000", "2018-12-31": -868, "2018-09-30": -409, "2018-06-30": -566, "2018-03-31": "-138.00000", "2017-12-31": -3557, "2017-09-30": -157, "2017-06-30": -55, "2017-03-31": "-1738.00000", "2016-12-31": -19, "2016-09-30": -1087, "2016-06-30": -77, "2016-03-31": "-234.00000", "2015-12-31": -195, "2015-09-30": -49, "2015-06-30": -81, "2015-03-31": "-282.00000", "2014-12-31": -362, "2014-09-30": -591, "2014-06-30": -221, "2014-03-31": "-457.00000", "2013-12-31": -791, "2013-09-30": -180, "2013-06-30": -432, "2013-03-31": "-3032.00000", "2012-12-31": -189, "2012-09-30": -168, "2012-06-30": -130, "2012-03-31": "-111.00000", "2011-12-31": -464, "2011-09-30": 1501, "2011-06-30": -4703, "2011-03-31": "", "2010-12-31": -824, "2010-09-30": 31, "2010-06-30": -306, "2010-03-31": "", "2009-12-31": -2197, "2009-09-30": 0, "2009-06-30": 0, "2009-03-31": "", "2008-12-31": -2740, "2008-09-30": 0, "2008-06-30": 0, "2008-03-31": "", "2007-12-31": -3540, "2007-09-30": 0, "2007-06-30": 0, "2007-03-31": "", "2006-12-31": -2604, "2006-09-30": 0, "2006-06-30": 0, "2006-03-31": "", "2005-12-31": -2810, "2005-09-30": 0, "2005-06-30": 0, "2005-03-31": ""}, "Investing Activities - Other": {"2020-12-31": -1710, "2020-09-30": 1401, "2020-06-30": 89, "2020-03-31": "220.00000", "2019-12-31": 721, "2019-09-30": 477, "2019-06-30": 83, "2019-03-31": "209.00000", "2018-12-31": 494, "2018-09-30": 215, "2018-06-30": 90, "2018-03-31": "187.00000", "2017-12-31": 114, "2017-09-30": 1661, "2017-06-30": 121, "2017-03-31": "180.00000", "2016-12-31": 141, "2016-09-30": 280, "2016-06-30": 172, "2016-03-31": "309.00000", "2015-12-31": 222, "2015-09-30": 302, "2015-06-30": 70, "2015-03-31": "290.00000", "2014-12-31": 158, "2014-09-30": 1017, "2014-06-30": 2030, "2014-03-31": "368.00000", "2013-12-31": 669, "2013-09-30": 130, "2013-06-30": 285, "2013-03-31": "112.00000", "2012-12-31": 439, "2012-09-30": 95, "2012-06-30": 989, "2012-03-31": "90.00000", "2011-12-31": 199, "2011-09-30": 273, "2011-06-30": 514, "2011-03-31": "357.00000", "2010-12-31": -240, "2010-09-30": 136, "2010-06-30": 444, "2010-03-31": "165.00000", "2009-12-31": 2076, "2009-09-30": -966, "2009-06-30": -178, "2009-03-31": "-208.00000", "2008-12-31": 3655, "2008-09-30": -1592, "2008-06-30": -755, "2008-03-31": "-734.00000", "2007-12-31": 6655, "2007-09-30": -556, "2007-06-30": -434, "2007-03-31": "-670.00000", "2006-12-31": 2547, "2006-09-30": -1151, "2006-06-30": -473, "2006-03-31": "-167.00000", "2005-12-31": 2362, "2005-09-30": -1427, "2005-06-30": -422, "2005-03-31": "-170.00000"}, "Cash Flow From Investing Activities": {"2020-12-31": 15157, "2020-09-30": -3709, "2020-06-30": -5081, "2020-03-31": "-6367.00000", "2019-12-31": -4264, "2019-09-30": -6150, "2019-06-30": -6877, "2019-03-31": "-5793.00000", "2018-12-31": -5584, "2018-09-30": -3907, "2018-06-30": -5096, "2018-03-31": "-1859.00000", "2017-12-31": -6536, "2017-09-30": -2555, "2017-06-30": -2878, "2017-03-31": "-3761.00000", "2016-12-31": -1672, "2016-09-30": -3235, "2016-06-30": -3147, "2016-03-31": "-4349.00000", "2015-12-31": -5324, "2015-09-30": -5657, "2015-06-30": -6491, "2015-03-31": "-6352.00000", "2014-12-31": -8847, "2014-09-30": -7645, "2014-06-30": -4177, "2014-03-31": "-6306.00000", "2013-12-31": -6712, "2013-09-30": -8942, "2013-06-30": -8493, "2013-03-31": "-10054.00000", "2012-12-31": -9002, "2012-09-30": -7492, "2012-06-30": -3756, "2012-03-31": "-5351.00000", "2011-12-31": -2012, "2011-09-30": -4296, "2011-06-30": -10504, "2011-03-31": "-5353.00000", "2010-12-31": -7080, "2010-09-30": -6879, "2010-06-30": -5078, "2010-03-31": "-5167.00000", "2009-12-31": -6422, "2009-09-30": -6284, "2009-06-30": -4973, "2009-03-31": "-4740.00000", "2008-12-31": -2627, "2008-09-30": -4104, "2008-06-30": -4468, "2008-03-31": "-4300.00000", "2007-12-31": 337, "2007-09-30": -3742, "2007-06-30": -3085, "2007-03-31": "-3238.00000", "2006-12-31": -3466, "2006-09-30": -3988, "2006-06-30": -3273, "2006-03-31": "-3503.00000", "2005-12-31": -2891, "2005-09-30": -4165, "2005-06-30": -2128, "2005-03-31": "-1086.00000"}, "Net Long-Term Debt": {"2020-12-31": -23182, "2020-09-30": -1, "2020-06-30": 14719, "2020-03-31": "8464.00000", "2019-12-31": 32, "2019-09-30": 6976, "2019-06-30": 43, "2019-03-31": "", "2018-12-31": 46, "2018-09-30": 0, "2018-06-30": 3872, "2018-03-31": "-3872.00000", "2017-12-31": 0, "2017-09-30": 0, "2017-06-30": 0, "2017-03-31": "60.00000", "2016-12-31": 102, "2016-09-30": 0, "2016-06-30": 1, "2016-03-31": "11963.00000", "2015-12-31": -8, "2015-09-30": 23, "2015-06-30": -3, "2015-03-31": "7990.00000", "2014-12-31": 159, "2014-09-30": 3, "2014-06-30": 0, "2014-03-31": "5500.00000", "2013-12-31": 126, "2013-09-30": 4, "2013-06-30": 197, "2013-03-31": "5.00000", "2012-12-31": 266, "2012-09-30": 204, "2012-06-30": 254, "2012-03-31": "124.00000", "2011-12-31": 215, "2011-09-30": 15, "2011-06-30": 137, "2011-03-31": "69.00000", "2010-12-31": -2868, "2010-09-30": -2230, "2010-06-30": -7, "2010-03-31": "24.00000", "2009-12-31": -8, "2009-09-30": 40, "2009-06-30": 114, "2009-03-31": "11.00000", "2008-12-31": -138, "2008-09-30": 42, "2008-06-30": -6, "2008-03-31": "-11.00000", "2007-12-31": 390, "2007-09-30": -31, "2007-06-30": -33, "2007-03-31": "57.00000", "2006-12-31": 193, "2006-09-30": 47, "2006-06-30": 39, "2006-03-31": "6.00000", "2005-12-31": 136, "2005-09-30": -12, "2005-06-30": -4, "2005-03-31": "-6.00000"}, "Net Current Debt": {"2020-12-31": 1512, "2020-09-30": -927, "2020-06-30": -4881, "2020-03-31": "4296.00000", "2019-12-31": -692, "2019-09-30": -5018, "2019-06-30": 4322, "2019-03-31": "2999.00000", "2018-12-31": -2318, "2018-09-30": -1299, "2018-06-30": -3304, "2018-03-31": "1950.00000", "2017-12-31": 1789, "2017-09-30": -1589, "2017-06-30": -1681, "2017-03-31": "373.00000", "2016-12-31": -3425, "2016-09-30": 1875, "2016-06-30": 1399, "2016-03-31": "-7622.00000", "2015-12-31": 4265, "2015-09-30": 175, "2015-06-30": 926, "2015-03-31": "-4113.00000", "2014-12-31": 7231, "2014-09-30": 309, "2014-06-30": 432, "2014-03-31": "-6668.00000", "2013-12-31": 1789, "2013-09-30": 1917, "2013-06-30": 5979, "2013-03-31": "1587.00000", "2012-12-31": -250, "2012-09-30": -3292, "2012-06-30": 313, "2012-03-31": "-527.00000", "2011-12-31": 107, "2011-09-30": 232, "2011-06-30": 439, "2011-03-31": "743.00000", "2010-12-31": -400, "2010-09-30": -32, "2010-06-30": -576, "2010-03-31": "-121.00000", "2009-12-31": -108, "2009-09-30": 148, "2009-06-30": -147, "2009-03-31": "-203.00000", "2008-12-31": -708, "2008-09-30": 509, "2008-06-30": -405, "2008-03-31": "190.00000", "2007-12-31": 29, "2007-09-30": -60, "2007-06-30": -28, "2007-03-31": "274.00000", "2006-12-31": -457, "2006-09-30": 139, "2006-06-30": 167, "2006-03-31": "-61.00000", "2005-12-31": -623, "2005-09-30": -726, "2005-06-30": -282, "2005-03-31": "15.00000"}, "Debt Issuance/Retirement Net - Total": {"2020-12-31": -21670, "2020-09-30": -928, "2020-06-30": 9838, "2020-03-31": "12760.00000", "2019-12-31": -660, "2019-09-30": 1958, "2019-06-30": 4365, "2019-03-31": "2999.00000", "2018-12-31": -2272, "2018-09-30": -1299, "2018-06-30": 568, "2018-03-31": "-1922.00000", "2017-12-31": 1789, "2017-09-30": -1589, "2017-06-30": -1681, "2017-03-31": "433.00000", "2016-12-31": -3323, "2016-09-30": 1875, "2016-06-30": 1400, "2016-03-31": "4341.00000", "2015-12-31": 4257, "2015-09-30": 198, "2015-06-30": 923, "2015-03-31": "3877.00000", "2014-12-31": 7390, "2014-09-30": 312, "2014-06-30": 432, "2014-03-31": "-1168.00000", "2013-12-31": 1915, "2013-09-30": 1921, "2013-06-30": 6176, "2013-03-31": "1592.00000", "2012-12-31": 16, "2012-09-30": -3088, "2012-06-30": 567, "2012-03-31": "-403.00000", "2011-12-31": 322, "2011-09-30": 247, "2011-06-30": 576, "2011-03-31": "812.00000", "2010-12-31": -3268, "2010-09-30": -2262, "2010-06-30": -583, "2010-03-31": "-97.00000", "2009-12-31": -116, "2009-09-30": 188, "2009-06-30": -33, "2009-03-31": "-192.00000", "2008-12-31": -846, "2008-09-30": 551, "2008-06-30": -411, "2008-03-31": "179.00000", "2007-12-31": 419, "2007-09-30": -91, "2007-06-30": -61, "2007-03-31": "331.00000", "2006-12-31": -264, "2006-09-30": 186, "2006-06-30": 206, "2006-03-31": "-55.00000", "2005-12-31": -487, "2005-09-30": -738, "2005-06-30": -286, "2005-03-31": "9.00000"}, "Net Common Equity Issued/Repurchased": {"2020-12-31": 305, "2020-09-30": 0, "2020-06-30": 0, "2020-03-31": "-305.00000", "2019-12-31": -173, "2019-09-30": 0, "2019-06-30": 0, "2019-03-31": "-421.00000", "2018-12-31": -196, "2018-09-30": -1, "2018-06-30": -2, "2018-03-31": "-427.00000", "2017-12-31": -232, "2017-09-30": -1, "2017-06-30": -13, "2017-03-31": "-501.00000", "2016-12-31": -250, "2016-09-30": -1, "2016-06-30": 1, "2016-03-31": "-721.00000", "2015-12-31": -749, "2015-09-30": -501, "2015-06-30": -1003, "2015-03-31": "-1781.00000", "2014-12-31": -3298, "2014-09-30": -3001, "2014-06-30": -2996, "2014-03-31": "-3858.00000", "2013-12-31": -3298, "2013-09-30": -3007, "2013-06-30": -4024, "2013-03-31": "-5619.00000", "2012-12-31": -5245, "2012-09-30": -5000, "2012-06-30": -5008, "2012-03-31": "-5622.00000", "2011-12-31": -5114, "2011-09-30": -5304, "2011-06-30": -5444, "2011-03-31": "-5269.00000", "2010-12-31": -4984, "2010-09-30": -3114, "2010-06-30": -1499, "2010-03-31": "-2453.00000", "2009-12-31": -1916, "2009-09-30": -4122, "2009-06-30": -5182, "2009-03-31": "-7731.00000", "2008-12-31": -8581, "2008-09-30": -8612, "2008-06-30": -8454, "2008-03-31": "-9334.00000", "2007-12-31": -7750, "2007-09-30": -7572, "2007-06-30": -7633, "2007-03-31": "-7788.00000", "2006-12-31": -8006, "2006-09-30": -7985, "2006-06-30": -6630, "2006-03-31": "-5764.00000", "2005-12-31": -5295, "2005-09-30": -5289, "2005-06-30": -3609, "2005-03-31": "-3087.00000"}, "Net Total Equity Issued/Repurchased": {"2020-12-31": 305, "2020-09-30": 0, "2020-06-30": 0, "2020-03-31": "-305.00000", "2019-12-31": -173, "2019-09-30": 0, "2019-06-30": 0, "2019-03-31": "-421.00000", "2018-12-31": -196, "2018-09-30": -1, "2018-06-30": -2, "2018-03-31": "-427.00000", "2017-12-31": -232, "2017-09-30": -1, "2017-06-30": -13, "2017-03-31": "-501.00000", "2016-12-31": -250, "2016-09-30": -1, "2016-06-30": 1, "2016-03-31": "-721.00000", "2015-12-31": -749, "2015-09-30": -501, "2015-06-30": -1003, "2015-03-31": "-1781.00000", "2014-12-31": -3298, "2014-09-30": -3001, "2014-06-30": -2996, "2014-03-31": "-3858.00000", "2013-12-31": -3298, "2013-09-30": -3007, "2013-06-30": -4024, "2013-03-31": "-5619.00000", "2012-12-31": -5245, "2012-09-30": -5000, "2012-06-30": -5008, "2012-03-31": "-5622.00000", "2011-12-31": -5114, "2011-09-30": -5304, "2011-06-30": -5444, "2011-03-31": "-5269.00000", "2010-12-31": -4984, "2010-09-30": -3114, "2010-06-30": -1499, "2010-03-31": "-2453.00000", "2009-12-31": -1916, "2009-09-30": -4122, "2009-06-30": -5182, "2009-03-31": "-7731.00000", "2008-12-31": -8581, "2008-09-30": -8612, "2008-06-30": -8454, "2008-03-31": "-9334.00000", "2007-12-31": -7750, "2007-09-30": -7572, "2007-06-30": -7633, "2007-03-31": "-7788.00000", "2006-12-31": -8006, "2006-09-30": -7985, "2006-06-30": -6630, "2006-03-31": "-5764.00000", "2005-12-31": -5295, "2005-09-30": -5289, "2005-06-30": -3609, "2005-03-31": "-3087.00000"}, "Total Common And Preferred Stock Dividends Paid": {"2020-12-31": 11287, "2020-09-30": -3760, "2020-06-30": -3763, "2020-03-31": "-3764.00000", "2019-12-31": -3751, "2019-09-30": -3773, "2019-06-30": -3772, "2019-03-31": "-3548.00000", "2018-12-31": -3553, "2018-09-30": -3560, "2018-06-30": -3594, "2018-03-31": "-3334.00000", "2017-12-31": -3334, "2017-09-30": -3337, "2017-06-30": -3336, "2017-03-31": "-3178.00000", "2016-12-31": -3173, "2016-09-30": -3170, "2016-06-30": -3176, "2016-03-31": "-3096.00000", "2015-12-31": -3097, "2015-09-30": -3099, "2015-06-30": -3114, "2015-03-31": "-2950.00000", "2014-12-31": -3000, "2014-09-30": -2987, "2014-06-30": -3039, "2014-03-31": "-2790.00000", "2013-12-31": -2829, "2013-09-30": -2810, "2013-06-30": -2874, "2013-03-31": "-2666.00000", "2012-12-31": -2632, "2012-09-30": -2772, "2012-06-30": -2698, "2012-03-31": "-2317.00000", "2011-12-31": -2289, "2011-09-30": -2389, "2011-06-30": -2365, "2011-03-31": "-2283.00000", "2010-12-31": -2249, "2010-09-30": -2339, "2010-06-30": -2122, "2010-03-31": "-2069.00000", "2009-12-31": -2034, "2009-09-30": -2116, "2009-06-30": -2082, "2009-03-31": "-2071.00000", "2008-12-31": -2047, "2008-09-30": -2194, "2008-06-30": -2208, "2008-03-31": "-1984.00000", "2007-12-31": -1940, "2007-09-30": -2042, "2007-06-30": -2029, "2007-03-31": "-1899.00000", "2006-12-31": -1885, "2006-09-30": -1974, "2006-06-30": -1970, "2006-03-31": "-2038.00000", "2005-12-31": -1859, "2005-09-30": -1913, "2005-06-30": -1884, "2005-03-31": "-1822.00000"}, "Financial Activities - Other": {"2020-12-31": -490, "2020-09-30": 194, "2020-06-30": 202, "2020-03-31": "94.00000", "2019-12-31": 128, "2019-09-30": 149, "2019-06-30": -45, "2019-03-31": "-74.00000", "2018-12-31": 520, "2018-09-30": -99, "2018-06-30": -216, "2018-03-31": "-59.00000", "2017-12-31": -60, "2017-09-30": -61, "2017-06-30": -29, "2017-03-31": "", "2016-12-31": 0, "2016-09-30": 0, "2016-06-30": 0, "2016-03-31": "", "2015-12-31": 2, "2015-09-30": 0, "2015-06-30": 0, "2015-03-31": "", "2014-12-31": 105, "2014-09-30": 3, "2014-06-30": 7, "2014-03-31": "", "2013-12-31": 34, "2013-09-30": 7, "2013-06-30": 7, "2013-03-31": "-1.00000", "2012-12-31": 136, "2012-09-30": 0, "2012-06-30": -14, "2012-03-31": "212.00000", "2011-12-31": 36, "2011-09-30": 49, "2011-06-30": 168, "2011-03-31": "-9.00000", "2010-12-31": 71, "2010-09-30": 18, "2010-06-30": 27, "2010-03-31": "-1.00000", "2009-12-31": 171, "2009-09-30": 22, "2009-06-30": 42, "2009-03-31": "-111.00000", "2008-12-31": 71, "2008-09-30": -165, "2008-06-30": 222, "2008-03-31": "-214.00000", "2007-12-31": -136, "2007-09-30": -72, "2007-06-30": 67, "2007-03-31": "-149.00000", "2006-12-31": 79, "2006-09-30": 14, "2006-06-30": 21, "2006-03-31": "-145.00000", "2005-12-31": -330, "2005-09-30": -158, "2005-06-30": -90, "2005-03-31": "-103.00000"}, "Cash Flow From Financial Activities": {"2020-12-31": -10568, "2020-09-30": -4494, "2020-06-30": 6277, "2020-03-31": "8785.00000", "2019-12-31": -4456, "2019-09-30": -1666, "2019-06-30": 548, "2019-03-31": "-1044.00000", "2018-12-31": -5501, "2018-09-30": -4959, "2018-06-30": -3244, "2018-03-31": "-5742.00000", "2017-12-31": -1837, "2017-09-30": -4988, "2017-06-30": -5059, "2017-03-31": "-3246.00000", "2016-12-31": -6746, "2016-09-30": -1296, "2016-06-30": -1775, "2016-03-31": "524.00000", "2015-12-31": 413, "2015-09-30": -3402, "2015-06-30": -3194, "2015-03-31": "-854.00000", "2014-12-31": 1197, "2014-09-30": -5673, "2014-06-30": -5596, "2014-03-31": "-7816.00000", "2013-12-31": -4178, "2013-09-30": -3889, "2013-06-30": -715, "2013-03-31": "-6694.00000", "2012-12-31": -7725, "2012-09-30": -10860, "2012-06-30": -7153, "2012-03-31": "-8130.00000", "2011-12-31": -7045, "2011-09-30": -7397, "2011-06-30": -7065, "2011-03-31": "-6749.00000", "2010-12-31": -10430, "2010-09-30": -7697, "2010-06-30": -4177, "2010-03-31": "-4620.00000", "2009-12-31": -3895, "2009-09-30": -6028, "2009-06-30": -7255, "2009-03-31": "-10105.00000", "2008-12-31": -11403, "2008-09-30": -10420, "2008-06-30": -10851, "2008-03-31": "-11353.00000", "2007-12-31": -9407, "2007-09-30": -9777, "2007-06-30": -9656, "2007-03-31": "-9505.00000", "2006-12-31": -10076, "2006-09-30": -9759, "2006-06-30": -8373, "2006-03-31": "-8002.00000", "2005-12-31": -7971, "2005-09-30": -8098, "2005-06-30": -5869, "2005-03-31": "-5003.00000"}, "Net Cash Flow": {"2020-12-31": -5743, "2020-09-30": -3744, "2020-06-30": 1164, "2020-03-31": "8323.00000", "2019-12-31": -2262, "2019-09-30": 1138, "2019-06-30": -373, "2019-03-31": "1544.00000", "2018-12-31": -2627, "2018-09-30": 2239, "2018-06-30": -695, "2018-03-31": "948.00000", "2017-12-31": -1089, "2017-09-30": 224, "2017-06-30": -855, "2017-03-31": "1240.00000", "2016-12-31": -1436, "2016-09-30": 735, "2016-06-30": -488, "2016-03-31": "1141.00000", "2015-12-31": -591, "2015-09-30": -47, "2015-06-30": -841, "2015-03-31": "568.00000", "2014-12-31": -346, "2014-09-30": -1121, "2014-06-30": 482, "2014-03-31": "957.00000", "2013-12-31": -666, "2013-09-30": 701, "2013-06-30": -1605, "2013-03-31": "-3368.00000", "2012-12-31": -3473, "2012-09-30": -4747, "2012-06-30": -868, "2012-03-31": "6006.00000", "2011-12-31": 1642, "2011-09-30": 2735, "2011-06-30": -4546, "2011-03-31": "5008.00000", "2010-12-31": -4419, "2010-09-30": -1008, "2010-06-30": -490, "2010-03-31": "3049.00000", "2009-12-31": -1779, "2009-09-30": -3104, "2009-06-30": -9396, "2009-03-31": "-6465.00000", "2008-12-31": -5237, "2008-09-30": -2294, "2008-06-30": -1945, "2008-03-31": "6932.00000", "2007-12-31": 2558, "2007-09-30": 2464, "2007-06-30": -1035, "2007-03-31": "1750.00000", "2006-12-31": -4490, "2006-09-30": 621, "2006-06-30": 168, "2006-03-31": "3274.00000", "2005-12-31": -569, "2005-09-30": 3592, "2005-06-30": 483, "2005-03-31": "6634.00000"}, "Stock-Based Compensation": {"2020-12-31": 0, "2020-09-30": 0, "2020-06-30": 0, "2020-03-31": "", "2019-12-31": 0, "2019-09-30": 0, "2019-06-30": 0, "2019-03-31": "", "2018-12-31": 0, "2018-09-30": 0, "2018-06-30": 0, "2018-03-31": "", "2017-12-31": 0, "2017-09-30": 0, "2017-06-30": 0, "2017-03-31": "", "2016-12-31": 0, "2016-09-30": 0, "2016-06-30": 0, "2016-03-31": "", "2015-12-31": 0, "2015-09-30": 0, "2015-06-30": 0, "2015-03-31": "", "2014-12-31": 0, "2014-09-30": 0, "2014-06-30": 0, "2014-03-31": "", "2013-12-31": 0, "2013-09-30": 0, "2013-06-30": 0, "2013-03-31": "", "2012-12-31": 0, "2012-09-30": 0, "2012-06-30": 0, "2012-03-31": "", "2011-12-31": 0, "2011-09-30": 0, "2011-06-30": 0, "2011-03-31": "", "2010-12-31": 0, "2010-09-30": 0, "2010-06-30": 0, "2010-03-31": "", "2009-12-31": 0, "2009-09-30": 0, "2009-06-30": 0, "2009-03-31": "", "2008-12-31": 0, "2008-09-30": 0, "2008-06-30": 0, "2008-03-31": "", "2007-12-31": 0, "2007-09-30": 0, "2007-06-30": 0, "2007-03-31": "", "2006-12-31": 0, "2006-09-30": 0, "2006-06-30": 0, "2006-03-31": "", "2005-12-31": 0, "2005-09-30": 0, "2005-06-30": 0, "2005-03-31": ""}, "Common Stock Dividends Paid": {"2020-12-31": 11287, "2020-09-30": -3760, "2020-06-30": -3763, "2020-03-31": "-3764.00000", "2019-12-31": -3751, "2019-09-30": -3773, "2019-06-30": -3772, "2019-03-31": "-3548.00000", "2018-12-31": -3553, "2018-09-30": -3560, "2018-06-30": -3594, "2018-03-31": "-3334.00000", "2017-12-31": -3334, "2017-09-30": -3337, "2017-06-30": -3336, "2017-03-31": "-3178.00000", "2016-12-31": -3173, "2016-09-30": -3170, "2016-06-30": -3176, "2016-03-31": "-3096.00000", "2015-12-31": -3097, "2015-09-30": -3099, "2015-06-30": -3114, "2015-03-31": "-2950.00000", "2014-12-31": -3000, "2014-09-30": -2987, "2014-06-30": -3039, "2014-03-31": "-2790.00000", "2013-12-31": -2829, "2013-09-30": -2810, "2013-06-30": -2874, "2013-03-31": "-2666.00000", "2012-12-31": -2632, "2012-09-30": -2772, "2012-06-30": -2698, "2012-03-31": "-2317.00000", "2011-12-31": -2289, "2011-09-30": -2389, "2011-06-30": -2365, "2011-03-31": "-2283.00000", "2010-12-31": -2249, "2010-09-30": -2339, "2010-06-30": -2122, "2010-03-31": "-2069.00000", "2009-12-31": -2034, "2009-09-30": -2116, "2009-06-30": -2082, "2009-03-31": "-2071.00000", "2008-12-31": -2047, "2008-09-30": -2194, "2008-06-30": -2208, "2008-03-31": "-1984.00000", "2007-12-31": -1940, "2007-09-30": -2042, "2007-06-30": -2029, "2007-03-31": "-1899.00000", "2006-12-31": -1885, "2006-09-30": -1974, "2006-06-30": -1970, "2006-03-31": "-2038.00000", "2005-12-31": -1859, "2005-09-30": -1913, "2005-06-30": -1884, "2005-03-31": "-1822.00000"}}, "financial ratios": {"Current Ratio": {"2019-12-31": "0.78220", "2018-12-31": "0.83960", "2017-12-31": "0.81590", "2016-12-31": "0.86940", "2015-12-31": "0.78970", "2014-12-31": "0.81860", "2013-12-31": "0.82690", "2012-12-31": "1.00500", "2011-12-31": "0.94140", "2010-12-31": "0.94170", "2009-12-31": "1.06100", "2008-12-31": "1.47180", "2007-12-31": "1.47420", "2006-12-31": "1.55230", "2005-12-31": "1.58380"}, "Long-term Debt / Capital": {"2019-12-31": "0.11690", "2018-12-31": "0.09380", "2017-12-31": "0.11150", "2016-12-31": "0.14270", "2015-12-31": "0.10130", "2014-12-31": "0.06050", "2013-12-31": "0.03680", "2012-12-31": "0.04410", "2011-12-31": "0.05480", "2010-12-31": "0.07410", "2009-12-31": "0.05820", "2008-12-31": "0.05640", "2007-12-31": "0.05570", "2006-12-31": "0.05520", "2005-12-31": "0.05300"}, "Debt/Equity Ratio": {"2019-12-31": "0.23590", "2018-12-31": "0.19040", "2017-12-31": "0.21770", "2016-12-31": "0.24600", "2015-12-31": "0.21880", "2014-12-31": "0.16080", "2013-12-31": "0.12580", "2012-12-31": "0.06750", "2011-12-31": "0.10600", "2010-12-31": "0.09830", "2009-12-31": "0.08320", "2008-12-31": "0.08020", "2007-12-31": "0.07860", "2006-12-31": "0.07330", "2005-12-31": "0.07190"}, "Gross Margin": {"2019-12-31": "20.30140", "2018-12-31": "22.29230", "2017-12-31": "21.83310", "2016-12-31": "21.37050", "2015-12-31": "21.40400", "2014-12-31": "20.26510", "2013-12-31": "20.48010", "2012-12-31": "23.02110", "2011-12-31": "21.82250", "2010-12-31": "22.12950", "2009-12-31": "20.60560", "2008-12-31": "23.83380", "2007-12-31": "24.83930", "2006-12-31": "25.41530", "2005-12-31": "23.29400"}, "Operating Margin": {"2019-12-31": "7.57010", "2018-12-31": "10.66570", "2017-12-31": "7.64190", "2016-12-31": "3.82920", "2015-12-31": "8.81290", "2014-12-31": "12.53340", "2013-12-31": "13.16840", "2012-12-31": "16.37800", "2011-12-31": "15.06020", "2010-12-31": "13.81940", "2009-12-31": "11.19720", "2008-12-31": "17.47050", "2007-12-31": "17.66870", "2006-12-31": "17.84850", "2005-12-31": "16.03320"}, "EBIT Margin": {"2019-12-31": "7.88340", "2018-12-31": "10.92960", "2017-12-31": "7.88790", "2016-12-31": "4.04680", "2015-12-31": "8.93770", "2014-12-31": "12.60280", "2013-12-31": "13.17040", "2012-12-31": "16.44600", "2011-12-31": "15.11090", "2010-12-31": "13.88700", "2009-12-31": "11.37370", "2008-12-31": "17.61150", "2007-12-31": "17.76760", "2006-12-31": "18.02160", "2005-12-31": "16.16710"}, "EBITDA Margin": {"2019-12-31": "15.05410", "2018-12-31": "17.38870", "2017-12-31": "16.02860", "2016-12-31": "14.76600", "2015-12-31": "16.17870", "2014-12-31": "16.80180", "2013-12-31": "17.09100", "2012-12-31": "19.75140", "2011-12-31": "18.31450", "2010-12-31": "17.73860", "2009-12-31": "15.21060", "2008-12-31": "20.20470", "2007-12-31": "20.79560", "2006-12-31": "21.04470", "2005-12-31": "18.93300"}, "Pre-Tax Profit Margin": {"2019-12-31": "7.57010", "2018-12-31": "10.66570", "2017-12-31": "7.64190", "2016-12-31": "3.82920", "2015-12-31": "8.81290", "2014-12-31": "12.53340", "2013-12-31": "13.16840", "2012-12-31": "16.37800", "2011-12-31": "15.06020", "2010-12-31": "13.81940", "2009-12-31": "11.19720", "2008-12-31": "17.47050", "2007-12-31": "17.66870", "2006-12-31": "17.84850", "2005-12-31": "16.03320"}, "Net Profit Margin": {"2019-12-31": "5.41260", "2018-12-31": "7.18100", "2017-12-31": "8.06590", "2016-12-31": "3.76720", "2015-12-31": "6.47950", "2014-12-31": "7.89440", "2013-12-31": "7.43400", "2012-12-31": "9.33680", "2011-12-31": "8.44110", "2010-12-31": "7.94840", "2009-12-31": "6.20760", "2008-12-31": "9.47300", "2007-12-31": "10.03830", "2006-12-31": "10.45980", "2005-12-31": "9.74700"}, "Asset Turnover": {"2019-12-31": "0.73070", "2018-12-31": "0.83830", "2017-12-31": "0.70080", "2016-12-31": "0.63000", "2015-12-31": "0.74010", "2014-12-31": "1.17870", "2013-12-31": "1.26370", "2012-12-31": "1.44000", "2011-12-31": "1.46930", "2010-12-31": "1.26680", "2009-12-31": "1.33110", "2008-12-31": "2.09320", "2007-12-31": "1.67110", "2006-12-31": "1.72420", "2005-12-31": "1.77930"}, "Inventory Turnover Ratio": {"2019-12-31": "11.39640", "2018-12-31": "11.89560", "2017-12-31": "11.24120", "2016-12-31": "10.85140", "2015-12-31": "12.05900", "2014-12-31": "19.69420", "2013-12-31": "21.59900", "2012-12-31": "25.44510", "2011-12-31": "25.31140", "2010-12-31": "22.99750", "2009-12-31": "21.34410", "2008-12-31": "31.21980", "2007-12-31": "27.42030", "2006-12-31": "26.28880", "2005-12-31": "30.50470"}, "Receiveable Turnover": {"2019-12-31": "", "2018-12-31": "", "2017-12-31": "", "2016-12-31": "", "2015-12-31": "", "2014-12-31": "", "2013-12-31": "", "2012-12-31": "", "2011-12-31": "", "2010-12-31": "", "2009-12-31": "", "2008-12-31": "", "2007-12-31": "", "2006-12-31": "", "2005-12-31": ""}, "Days Sales In Receivables": {"2019-12-31": "", "2018-12-31": "", "2017-12-31": "", "2016-12-31": "", "2015-12-31": "", "2014-12-31": "", "2013-12-31": "", "2012-12-31": "", "2011-12-31": "", "2010-12-31": "", "2009-12-31": "", "2008-12-31": "", "2007-12-31": "", "2006-12-31": "", "2005-12-31": ""}, "ROE - Return On Equity": {"2019-12-31": "7.42640", "2018-12-31": "10.78990", "2017-12-31": "10.20460", "2016-12-31": "4.81790", "2015-12-31": "9.36090", "2014-12-31": "18.56530", "2013-12-31": "18.53130", "2012-12-31": "27.77640", "2011-12-31": "26.25670", "2010-12-31": "20.56470", "2009-12-31": "17.03580", "2008-12-31": "39.87900", "2007-12-31": "34.17730", "2006-12-31": "34.69660", "2005-12-31": "32.49510"}, "Return On Tangible Equity": {"2019-12-31": "7.42640", "2018-12-31": "10.78990", "2017-12-31": "10.20460", "2016-12-31": "4.81790", "2015-12-31": "9.36090", "2014-12-31": "18.56530", "2013-12-31": "18.53130", "2012-12-31": "27.77640", "2011-12-31": "26.25670", "2010-12-31": "20.56470", "2009-12-31": "17.03580", "2008-12-31": "39.87900", "2007-12-31": "34.17730", "2006-12-31": "34.69660", "2005-12-31": "32.49510"}, "ROA - Return On Assets": {"2019-12-31": "4.07450", "2018-12-31": "6.18750", "2017-12-31": "5.69210", "2016-12-31": "2.53550", "2015-12-31": "4.91480", "2014-12-31": "9.61820", "2013-12-31": "9.64450", "2012-12-31": "14.28450", "2011-12-31": "12.74910", "2010-12-31": "10.37920", "2009-12-31": "8.42520", "2008-12-31": "20.55100", "2007-12-31": "17.19050", "2006-12-31": "18.03530", "2005-12-31": "17.34230"}, "ROI - Return On Investment": {"2019-12-31": "6.55810", "2018-12-31": "9.77830", "2017-12-31": "9.06690", "2016-12-31": "4.13050", "2015-12-31": "8.41280", "2014-12-31": "17.44270", "2013-12-31": "17.84980", "2012-12-31": "26.55020", "2011-12-31": "24.81740", "2010-12-31": "19.03990", "2009-12-31": "16.04460", "2008-12-31": "37.62970", "2007-12-31": "32.27350", "2006-12-31": "32.78310", "2005-12-31": "30.77360"}, "Book Value Per Share": {"2019-12-31": "46.98580", "2018-12-31": "46.85580", "2017-12-31": "45.88350", "2016-12-31": "41.90690", "2015-12-31": "42.54330", "2014-12-31": "43.10020", "2013-12-31": "41.63670", "2012-12-31": "38.12970", "2011-12-31": "33.95520", "2010-12-31": "30.66460", "2009-12-31": "24.41130", "2008-12-31": "23.61800", "2007-12-31": "22.62390", "2006-12-31": "19.87150", "2005-12-31": "18.12910"}, "Operating Cash Flow Per Share": {"2019-12-31": -1.4749, "2018-12-31": 1.3698, "2017-12-31": 1.7778, "2016-12-31": -1.945, "2015-12-31": -3.3046, "2014-12-31": 0.3724, "2013-12-31": -1.9732, "2012-12-31": 0.7842, "2011-12-31": 1.4665, "2010-12-31": 4.0204, "2009-12-31": -5.5735, "2008-12-31": 2.1434, "2007-12-31": 1.0404, "2006-12-31": 0.6412, "2005-12-31": 7.6144}, "Free Cash Flow Per Share": {"2019-12-31": -2.596, "2018-12-31": 0.4046, "2017-12-31": 2.0285, "2016-12-31": 0.4985, "2015-12-31": -1.9222, "2014-12-31": 0.296, "2013-12-31": -2.1872, "2012-12-31": -0.2671, "2011-12-31": 0.6, "2010-12-31": 3.1723, "2009-12-31": -6.5126, "2008-12-31": 1.1939, "2007-12-31": 0.8797, "2006-12-31": 0.2404, "2005-12-31": 5.4253}}, "financial ratios, quarterly": {"Current Ratio": {"2020-09-30": "0.86230", "2020-06-30": "0.92570", "2020-03-31": "0.77580", "2019-12-31": "0.78220", "2019-09-30": "0.77900", "2019-06-30": "0.73620", "2019-03-31": "0.77400", "2018-12-31": "0.83960", "2018-09-30": "0.82670", "2018-06-30": "0.80960", "2018-03-31": "0.80120", "2017-12-31": "0.81590", "2017-09-30": "0.85080", "2017-06-30": "0.82790", "2017-03-31": "0.80810", "2016-12-31": "0.86940", "2016-09-30": "0.85850", "2016-06-30": "0.88980", "2016-03-31": "0.90820", "2015-12-31": "0.78970", "2015-09-30": "0.86150", "2015-06-30": "0.88480", "2015-03-31": "0.90570", "2014-12-31": "0.81860", "2014-09-30": "0.88800", "2014-06-30": "0.92070", "2014-03-31": "0.88240", "2013-12-31": "0.82690", "2013-09-30": "0.84270", "2013-06-30": "0.86460", "2013-03-31": "0.89310", "2012-12-31": "1.00500", "2012-09-30": "1.02960", "2012-06-30": "1.03790", "2012-03-31": "0.95210", "2011-12-31": "0.94140", "2011-09-30": "0.92540", "2011-06-30": "0.97010", "2011-03-31": "0.97890", "2010-12-31": "0.94170", "2010-09-30": "1.01450", "2010-06-30": "1.07600", "2010-03-31": "1.06840", "2009-12-31": "1.06100", "2009-09-30": "1.08300", "2009-06-30": "1.15270", "2009-03-31": "1.30930", "2008-12-31": "1.47180", "2008-09-30": "1.41980", "2008-06-30": "1.34630", "2008-03-31": "1.37720", "2007-12-31": "1.47420", "2007-09-30": "1.52440", "2007-06-30": "1.55480", "2007-03-31": "1.54310", "2006-12-31": "1.55230", "2006-09-30": "1.49170", "2006-06-30": "1.56450", "2006-03-31": "1.52570", "2005-12-31": "1.58380", "2005-09-30": "1.46890", "2005-06-30": "1.49330", "2005-03-31": "1.43620"}, "Long-term Debt / Capital": {"2020-09-30": "0.20250", "2020-06-30": "0.19920", "2020-03-31": "0.14440", "2019-12-31": "0.11690", "2019-09-30": "0.11630", "2019-06-30": "0.08740", "2019-03-31": "0.08770", "2018-12-31": "0.09380", "2018-09-30": "0.09480", "2018-06-30": "0.09670", "2018-03-31": "0.09630", "2017-12-31": "0.11150", "2017-09-30": "0.11620", "2017-06-30": "0.11750", "2017-03-31": "0.12030", "2016-12-31": "0.14270", "2016-09-30": "0.14040", "2016-06-30": "0.14290", "2016-03-31": "0.14210", "2015-12-31": "0.10130", "2015-09-30": "0.10090", "2015-06-30": "0.09790", "2015-03-31": "0.09900", "2014-12-31": "0.06050", "2014-09-30": "0.05820", "2014-06-30": "0.05910", "2014-03-31": "0.06230", "2013-12-31": "0.03680", "2013-09-30": "0.04050", "2013-06-30": "0.04190", "2013-03-31": "0.04140", "2012-12-31": "0.04410", "2012-09-30": "0.04920", "2012-06-30": "0.05020", "2012-03-31": "0.05330", "2011-12-31": "0.05480", "2011-09-30": "0.05440", "2011-06-30": "0.06970", "2011-03-31": "0.07250", "2010-12-31": "0.07410", "2010-09-30": "0.09190", "2010-06-30": "0.10740", "2010-03-31": "0.05660", "2009-12-31": "0.05820", "2009-09-30": "0.06020", "2009-06-30": "0.06020", "2009-03-31": "0.05950", "2008-12-31": "0.05640", "2008-09-30": "0.05560", "2008-06-30": "0.05540", "2008-03-31": "0.05550", "2007-12-31": "0.05570", "2007-09-30": "0.05490", "2007-06-30": "0.05490", "2007-03-31": "0.05590", "2006-12-31": "0.05520", "2006-09-30": "0.05250", "2006-06-30": "0.05230", "2006-03-31": "0.05270", "2005-12-31": "0.05300", "2005-09-30": "0.05370", "2005-06-30": "0.05490", "2005-03-31": "0.04610"}, "Debt/Equity Ratio": {"2020-09-30": "0.37270", "2020-06-30": "0.37140", "2020-03-31": "0.31580", "2019-12-31": "0.23590", "2019-09-30": "0.23920", "2019-06-30": "0.22770", "2019-03-31": "0.20620", "2018-12-31": "0.19040", "2018-09-30": "0.20340", "2018-06-30": "0.21300", "2018-03-31": "0.20840", "2017-12-31": "0.21770", "2017-09-30": "0.21460", "2017-06-30": "0.22570", "2017-03-31": "0.23730", "2016-12-31": "0.24600", "2016-09-30": "0.26070", "2016-06-30": "0.25140", "2016-03-31": "0.24150", "2015-12-31": "0.21880", "2015-09-30": "0.19400", "2015-06-30": "0.18910", "2015-03-31": "0.18470", "2014-12-31": "0.16080", "2014-09-30": "0.11650", "2014-06-30": "0.11570", "2014-03-31": "0.11680", "2013-12-31": "0.12580", "2013-09-30": "0.12130", "2013-06-30": "0.11280", "2013-03-31": "0.07750", "2012-12-31": "0.06750", "2012-09-30": "0.07210", "2012-06-30": "0.09280", "2012-03-31": "0.09540", "2011-12-31": "0.10600", "2011-09-30": "0.10330", "2011-06-30": "0.10190", "2011-03-31": "0.10080", "2010-12-31": "0.09830", "2010-09-30": "0.12150", "2010-06-30": "0.14060", "2010-03-31": "0.08030", "2009-12-31": "0.08320", "2009-09-30": "0.08570", "2009-06-30": "0.08340", "2009-03-31": "0.08260", "2008-12-31": "0.08020", "2008-09-30": "0.08190", "2008-06-30": "0.07720", "2008-03-31": "0.08130", "2007-12-31": "0.07860", "2007-09-30": "0.07580", "2007-06-30": "0.07550", "2007-03-31": "0.07680", "2006-12-31": "0.07330", "2006-09-30": "0.07370", "2006-06-30": "0.07220", "2006-03-31": "0.07110", "2005-12-31": "0.07190", "2005-09-30": "0.07840", "2005-06-30": "0.08690", "2005-03-31": "0.08030"}, "Gross Margin": {"2020-09-30": "16.87050", "2020-06-30": "19.89570", "2020-03-31": "15.93010", "2019-12-31": "22.55370", "2019-09-30": "20.34620", "2019-06-30": "18.74630", "2019-03-31": "19.56620", "2018-12-31": "23.78470", "2018-09-30": "22.75180", "2018-06-30": "20.24600", "2018-03-31": "22.40840", "2017-12-31": "19.81810", "2017-09-30": "22.85600", "2017-06-30": "21.44570", "2017-03-31": "23.43580", "2016-12-31": "31.53640", "2016-09-30": "18.74670", "2016-06-30": "17.99670", "2016-03-31": "19.54540", "2015-12-31": "27.25960", "2015-09-30": "20.28390", "2015-06-30": "19.82240", "2015-03-31": "20.77410", "2014-12-31": "19.51630", "2014-09-30": "19.92720", "2014-06-30": "19.93110", "2014-03-31": "21.56970", "2013-12-31": "20.63500", "2013-09-30": "19.72380", "2013-06-30": "19.66890", "2013-03-31": "21.90450", "2012-12-31": "22.51500", "2012-09-30": "22.04080", "2012-06-30": "26.69380", "2012-03-31": "20.62590", "2011-12-31": "20.99270", "2011-09-30": "21.65160", "2011-06-30": "21.37130", "2011-03-31": "23.39220", "2010-12-31": "22.92420", "2010-09-30": "21.99730", "2010-06-30": "21.76110", "2010-03-31": "21.72050", "2009-12-31": "20.03650", "2009-09-30": "20.14950", "2009-06-30": "19.97530", "2009-03-31": "22.72290", "2008-12-31": "25.17360", "2008-09-30": "24.86260", "2008-06-30": "21.98490", "2008-03-31": "23.83490", "2007-12-31": "23.86530", "2007-09-30": "23.72650", "2007-06-30": "25.77220", "2007-03-31": "26.39560", "2006-12-31": "26.07740", "2006-09-30": "25.34820", "2006-06-30": "25.30140", "2006-03-31": "24.94720", "2005-12-31": "25.01410", "2005-09-30": "22.66250", "2005-06-30": "21.94920", "2005-03-31": "23.43790"}, "Operating Margin": {"2020-09-30": "-0.80520", "2020-06-30": "-5.02990", "2020-03-31": "-0.45940", "2019-12-31": "9.54850", "2019-09-30": "7.25760", "2019-06-30": "6.70420", "2019-03-31": "6.74110", "2018-12-31": "11.29560", "2018-09-30": "11.85300", "2018-06-30": "8.85970", "2018-03-31": "10.61410", "2017-12-31": "4.53580", "2017-09-30": "9.13750", "2017-06-30": "7.15600", "2017-03-31": "10.08680", "2016-12-31": "1.43370", "2016-09-30": "5.49790", "2016-06-30": "4.15290", "2016-03-31": "3.55190", "2015-12-31": "6.54170", "2015-09-30": "8.53680", "2015-06-30": "9.38300", "2015-03-31": "9.81250", "2014-12-31": "10.13110", "2014-09-30": "12.51750", "2014-06-30": "12.72480", "2014-03-31": "14.32120", "2013-12-31": "13.27440", "2013-09-30": "12.62680", "2013-06-30": "11.97010", "2013-03-31": "14.80110", "2012-12-31": "15.50950", "2012-09-30": "15.04240", "2012-06-30": "20.56410", "2012-03-31": "14.11900", "2011-12-31": "14.01290", "2011-09-30": "14.90470", "2011-06-30": "14.83750", "2011-03-31": "16.59330", "2010-12-31": "14.57130", "2010-09-30": "13.49240", "2010-06-30": "13.73830", "2010-03-31": "13.37160", "2009-12-31": "11.36010", "2009-09-30": "11.18890", "2009-06-30": "10.09580", "2009-03-31": "12.26030", "2008-12-31": "16.29240", "2008-09-30": "19.37970", "2008-06-30": "16.24590", "2008-03-31": "17.52100", "2007-12-31": "17.76980", "2007-09-30": "16.37730", "2007-06-30": "18.22880", "2007-03-31": "18.41720", "2006-12-31": "17.28460", "2006-09-30": "18.25230", "2006-06-30": "18.38160", "2006-03-31": "17.37360", "2005-12-31": "17.83500", "2005-09-30": "15.93770", "2005-06-30": "14.40590", "2005-03-31": "15.72560"}, "EBIT Margin": {"2020-09-30": "-0.20130", "2020-06-30": "-4.05770", "2020-03-31": "-0.01600", "2019-12-31": "9.84770", "2019-09-30": "7.61430", "2019-06-30": "7.01680", "2019-03-31": "7.02550", "2018-12-31": "11.59470", "2018-09-30": "12.11410", "2018-06-30": "9.05970", "2018-03-31": "10.91320", "2017-12-31": "4.81550", "2017-09-30": "9.31910", "2017-06-30": "7.42810", "2017-03-31": "10.33560", "2016-12-31": "1.88680", "2016-09-30": "5.67850", "2016-06-30": "4.28290", "2016-03-31": "3.70990", "2015-12-31": "6.69110", "2015-09-30": "8.65260", "2015-06-30": "9.49770", "2015-03-31": "9.94260", "2014-12-31": "10.20900", "2014-09-30": "12.59970", "2014-06-30": "12.78240", "2014-03-31": "14.38330", "2013-12-31": "13.13730", "2013-09-30": "12.67310", "2013-06-30": "12.04980", "2013-03-31": "14.82320", "2012-12-31": "15.60670", "2012-09-30": "15.09370", "2012-06-30": "20.60330", "2012-03-31": "14.20520", "2011-12-31": "14.07460", "2011-09-30": "14.98290", "2011-06-30": "14.87340", "2011-03-31": "16.61870", "2010-12-31": "14.67590", "2010-09-30": "13.54910", "2010-06-30": "13.78160", "2010-03-31": "13.43250", "2009-12-31": "11.40010", "2009-09-30": "11.26430", "2009-06-30": "10.55640", "2009-03-31": "12.42740", "2008-12-31": "16.43170", "2008-09-30": "19.61060", "2008-06-30": "16.32340", "2008-03-31": "17.63230", "2007-12-31": "17.87950", "2007-09-30": "16.44860", "2007-06-30": "18.32640", "2007-03-31": "18.53530", "2006-12-31": "17.39680", "2006-09-30": "18.53440", "2006-06-30": "18.48960", "2006-03-31": "17.55900", "2005-12-31": "17.95880", "2005-09-30": "16.01020", "2005-06-30": "14.68140", "2005-03-31": "15.79380"}, "EBITDA Margin": {"2020-09-30": "", "2020-06-30": "", "2020-03-31": "", "2019-12-31": "", "2019-09-30": "", "2019-06-30": "", "2019-03-31": "", "2018-12-31": "", "2018-09-30": "", "2018-06-30": "", "2018-03-31": "", "2017-12-31": "", "2017-09-30": "", "2017-06-30": "", "2017-03-31": "", "2016-12-31": "", "2016-09-30": "", "2016-06-30": "", "2016-03-31": "", "2015-12-31": "", "2015-09-30": "", "2015-06-30": "", "2015-03-31": "", "2014-12-31": "", "2014-09-30": "", "2014-06-30": "", "2014-03-31": "", "2013-12-31": "", "2013-09-30": "", "2013-06-30": "", "2013-03-31": "", "2012-12-31": "", "2012-09-30": "", "2012-06-30": "", "2012-03-31": "", "2011-12-31": "", "2011-09-30": "", "2011-06-30": "", "2011-03-31": "", "2010-12-31": "", "2010-09-30": "", "2010-06-30": "", "2010-03-31": "", "2009-12-31": "", "2009-09-30": "", "2009-06-30": "", "2009-03-31": "", "2008-12-31": "", "2008-09-30": "", "2008-06-30": "", "2008-03-31": "", "2007-12-31": "", "2007-09-30": "", "2007-06-30": "", "2007-03-31": "", "2006-12-31": "", "2006-09-30": "", "2006-06-30": "", "2006-03-31": "", "2005-12-31": "", "2005-09-30": "", "2005-06-30": "", "2005-03-31": ""}, "Pre-Tax Profit Margin": {"2020-09-30": "-0.80520", "2020-06-30": "-5.02990", "2020-03-31": "-0.45940", "2019-12-31": "9.54850", "2019-09-30": "7.25760", "2019-06-30": "6.70420", "2019-03-31": "6.74110", "2018-12-31": "11.29560", "2018-09-30": "11.85300", "2018-06-30": "8.85970", "2018-03-31": "10.61410", "2017-12-31": "4.53580", "2017-09-30": "9.13750", "2017-06-30": "7.15600", "2017-03-31": "10.08680", "2016-12-31": "1.43370", "2016-09-30": "5.49790", "2016-06-30": "4.15290", "2016-03-31": "3.55190", "2015-12-31": "6.54170", "2015-09-30": "8.53680", "2015-06-30": "9.38300", "2015-03-31": "9.81250", "2014-12-31": "10.13110", "2014-09-30": "12.51750", "2014-06-30": "12.72480", "2014-03-31": "14.32120", "2013-12-31": "13.27440", "2013-09-30": "12.62680", "2013-06-30": "11.97010", "2013-03-31": "14.80110", "2012-12-31": "15.50950", "2012-09-30": "15.04240", "2012-06-30": "20.56410", "2012-03-31": "14.11900", "2011-12-31": "14.01290", "2011-09-30": "14.90470", "2011-06-30": "14.83750", "2011-03-31": "16.59330", "2010-12-31": "14.57130", "2010-09-30": "13.49240", "2010-06-30": "13.73830", "2010-03-31": "13.37160", "2009-12-31": "11.36010", "2009-09-30": "11.18890", "2009-06-30": "10.09580", "2009-03-31": "12.26030", "2008-12-31": "16.29240", "2008-09-30": "19.37970", "2008-06-30": "16.24590", "2008-03-31": "17.52100", "2007-12-31": "17.76980", "2007-09-30": "16.37730", "2007-06-30": "18.22880", "2007-03-31": "18.41720", "2006-12-31": "17.28460", "2006-09-30": "18.25230", "2006-06-30": "18.38160", "2006-03-31": "17.37360", "2005-12-31": "17.83500", "2005-09-30": "15.93770", "2005-06-30": "14.40590", "2005-03-31": "15.72560"}, "Net Profit Margin": {"2020-09-30": "-1.47190", "2020-06-30": "-3.31240", "2020-03-31": "-1.08620", "2019-12-31": "8.47070", "2019-09-30": "4.87330", "2019-06-30": "4.53030", "2019-03-31": "3.69350", "2018-12-31": "8.34550", "2018-09-30": "8.14570", "2018-06-30": "5.37410", "2018-03-31": "6.81710", "2017-12-31": "12.59870", "2017-09-30": "6.49750", "2017-06-30": "5.76820", "2017-03-31": "6.83470", "2016-12-31": "3.90370", "2016-09-30": "4.51630", "2016-06-30": "2.94660", "2016-03-31": "3.71610", "2015-12-31": "6.92010", "2015-09-30": "6.29600", "2015-06-30": "5.65350", "2015-03-31": "7.30570", "2014-12-31": "7.52780", "2014-09-30": "7.53290", "2014-06-30": "7.89510", "2014-03-31": "8.55870", "2013-12-31": "7.53200", "2013-09-30": "7.00350", "2013-06-30": "6.43130", "2013-03-31": "8.76730", "2012-12-31": "8.71860", "2012-09-30": "8.31150", "2012-06-30": "12.49190", "2012-03-31": "7.61770", "2011-12-31": "7.72970", "2011-09-30": "8.24220", "2011-06-30": "8.51090", "2011-03-31": "9.34180", "2010-12-31": "8.79390", "2010-09-30": "7.71260", "2010-06-30": "8.17420", "2010-03-31": "6.98050", "2009-12-31": "6.73410", "2009-09-30": "5.75010", "2009-06-30": "5.30510", "2009-03-31": "7.10630", "2008-12-31": "9.23300", "2008-09-30": "10.76690", "2008-06-30": "8.45940", "2008-03-31": "9.31930", "2007-12-31": "9.99640", "2007-09-30": "9.19510", "2007-06-30": "10.43210", "2007-03-31": "10.63940", "2006-12-31": "11.38540", "2006-09-30": "10.53290", "2006-06-30": "10.46110", "2006-03-31": "9.44030", "2005-12-31": "10.78070", "2005-09-30": "9.84940", "2005-06-30": "8.62610", "2005-03-31": "9.57940"}, "Asset Turnover": {"2020-09-30": "0.12900", "2020-06-30": "0.09020", "2020-03-31": "0.15780", "2019-12-31": "0.18530", "2019-09-30": "0.18100", "2019-06-30": "0.19150", "2019-03-31": "0.17860", "2018-12-31": "0.20770", "2018-09-30": "0.21600", "2018-06-30": "0.21070", "2018-03-31": "0.19550", "2017-12-31": "0.19080", "2017-09-30": "0.17490", "2017-06-30": "0.16930", "2017-03-31": "0.17050", "2016-12-31": "0.13030", "2016-09-30": "0.17290", "2016-06-30": "0.16850", "2016-03-31": "0.14210", "2015-12-31": "0.11930", "2015-09-30": "0.19770", "2015-06-30": "0.21280", "2015-03-31": "0.19720", "2014-12-31": "0.24970", "2014-09-30": "0.30370", "2014-06-30": "0.31010", "2014-03-31": "0.30120", "2013-12-31": "0.31970", "2013-09-30": "0.32330", "2013-06-30": "0.31220", "2013-03-31": "0.31900", "2012-12-31": "0.34190", "2012-09-30": "0.34350", "2012-06-30": "0.38640", "2012-03-31": "0.35940", "2011-12-31": "0.36730", "2011-09-30": "0.38770", "2011-06-30": "0.38470", "2011-03-31": "0.35680", "2010-12-31": "0.34770", "2010-09-30": "0.31770", "2010-06-30": "0.31770", "2010-03-31": "0.37180", "2009-12-31": "0.38500", "2009-09-30": "0.35870", "2009-06-30": "0.33140", "2009-03-31": "0.28780", "2008-12-31": "0.37140", "2008-09-30": "0.53760", "2008-06-30": "0.51760", "2008-03-31": "0.45260", "2007-12-31": "0.48180", "2007-09-30": "0.43240", "2007-06-30": "0.43080", "2007-03-31": "0.39060", "2006-12-31": "0.41110", "2006-09-30": "0.44470", "2006-06-30": "0.44810", "2006-03-31": "0.41190", "2005-12-31": "0.47680", "2005-09-30": "0.48020", "2005-06-30": "0.43890", "2005-03-31": "0.40770"}, "Inventory Turnover Ratio": {"2020-09-30": "2.14730", "2020-06-30": "1.32870", "2020-03-31": "2.86120", "2019-12-31": "2.80780", "2019-09-30": "2.94570", "2019-06-30": "2.98060", "2019-03-31": "2.79160", "2018-12-31": "2.89030", "2018-09-30": "3.15420", "2018-06-30": "3.17160", "2018-03-31": "2.93250", "2017-12-31": "3.13870", "2017-09-30": "2.81520", "2017-06-30": "2.98090", "2017-03-31": "3.02030", "2016-12-31": "1.95380", "2016-09-30": "3.10760", "2016-06-30": "2.98020", "2016-03-31": "2.41550", "2015-12-31": "1.79880", "2015-09-30": "3.23710", "2015-06-30": "3.56610", "2015-03-31": "3.32700", "2014-12-31": "4.21170", "2014-09-30": "4.82980", "2014-06-30": "4.89870", "2014-03-31": "4.49110", "2013-12-31": "5.45300", "2013-09-30": "5.34820", "2013-06-30": "4.98260", "2013-03-31": "5.21360", "2012-12-31": "6.08090", "2012-09-30": "5.41560", "2012-06-30": "6.15950", "2012-03-31": "6.67610", "2011-12-31": "6.39510", "2011-09-30": "5.86930", "2011-06-30": "5.18000", "2011-03-31": "5.37060", "2010-12-31": "6.24790", "2010-09-30": "5.19750", "2010-06-30": "5.38430", "2010-03-31": "5.23780", "2009-12-31": "6.21830", "2009-09-30": "5.21930", "2009-06-30": "4.78930", "2009-03-31": "3.89080", "2008-12-31": "5.44180", "2008-09-30": "6.49260", "2008-06-30": "6.79130", "2008-03-31": "5.78760", "2007-12-31": "8.00840", "2007-09-30": "5.99550", "2007-06-30": "5.66130", "2007-03-31": "5.09320", "2006-12-31": "6.21160", "2006-09-30": "5.93450", "2006-06-30": "6.25390", "2006-03-31": "5.76500", "2005-12-31": "7.99210", "2005-09-30": "7.09660", "2005-06-30": "6.53200", "2005-03-31": "6.00460"}, "Receiveable Turnover": {"2020-09-30": "", "2020-06-30": "", "2020-03-31": "", "2019-12-31": "", "2019-09-30": "", "2019-06-30": "", "2019-03-31": "", "2018-12-31": "", "2018-09-30": "", "2018-06-30": "", "2018-03-31": "", "2017-12-31": "", "2017-09-30": "", "2017-06-30": "", "2017-03-31": "", "2016-12-31": "", "2016-09-30": "", "2016-06-30": "", "2016-03-31": "", "2015-12-31": "", "2015-09-30": "", "2015-06-30": "", "2015-03-31": "", "2014-12-31": "", "2014-09-30": "", "2014-06-30": "", "2014-03-31": "", "2013-12-31": "", "2013-09-30": "", "2013-06-30": "", "2013-03-31": "", "2012-12-31": "", "2012-09-30": "", "2012-06-30": "", "2012-03-31": "", "2011-12-31": "", "2011-09-30": "", "2011-06-30": "", "2011-03-31": "", "2010-12-31": "", "2010-09-30": "", "2010-06-30": "", "2010-03-31": "", "2009-12-31": "", "2009-09-30": "", "2009-06-30": "", "2009-03-31": "", "2008-12-31": "", "2008-09-30": "", "2008-06-30": "", "2008-03-31": "", "2007-12-31": "", "2007-09-30": "", "2007-06-30": "", "2007-03-31": "", "2006-12-31": "", "2006-09-30": "", "2006-06-30": "", "2006-03-31": "", "2005-12-31": "", "2005-09-30": "", "2005-06-30": "", "2005-03-31": ""}, "Days Sales In Receivables": {"2020-09-30": "", "2020-06-30": "", "2020-03-31": "", "2019-12-31": "", "2019-09-30": "", "2019-06-30": "", "2019-03-31": "", "2018-12-31": "", "2018-09-30": "", "2018-06-30": "", "2018-03-31": "", "2017-12-31": "", "2017-09-30": "", "2017-06-30": "", "2017-03-31": "", "2016-12-31": "", "2016-09-30": "", "2016-06-30": "", "2016-03-31": "", "2015-12-31": "", "2015-09-30": "", "2015-06-30": "", "2015-03-31": "", "2014-12-31": "", "2014-09-30": "", "2014-06-30": "", "2014-03-31": "", "2013-12-31": "", "2013-09-30": "", "2013-06-30": "", "2013-03-31": "", "2012-12-31": "", "2012-09-30": "", "2012-06-30": "", "2012-03-31": "", "2011-12-31": "", "2011-09-30": "", "2011-06-30": "", "2011-03-31": "", "2010-12-31": "", "2010-09-30": "", "2010-06-30": "", "2010-03-31": "", "2009-12-31": "", "2009-09-30": "", "2009-06-30": "", "2009-03-31": "", "2008-12-31": "", "2008-09-30": "", "2008-06-30": "", "2008-03-31": "", "2007-12-31": "", "2007-09-30": "", "2007-06-30": "", "2007-03-31": "", "2006-12-31": "", "2006-09-30": "", "2006-06-30": "", "2006-03-31": "", "2005-12-31": "", "2005-09-30": "", "2005-06-30": "", "2005-03-31": ""}, "ROE - Return On Equity": {"2020-09-30": "-0.38400", "2020-06-30": "-0.62460", "2020-03-31": "-0.40800", "2019-12-31": "2.88030", "2019-09-30": "1.64730", "2019-06-30": "1.70860", "2019-03-31": "1.21500", "2018-12-31": "3.12600", "2018-09-30": "3.27490", "2018-06-30": "2.05960", "2018-03-31": "2.45390", "2017-12-31": "4.32340", "2017-09-30": "2.15910", "2017-06-30": "1.75640", "2017-03-31": "2.22560", "2016-12-31": "1.16440", "2016-09-30": "1.63210", "2016-06-30": "0.95040", "2016-03-31": "0.99780", "2015-12-31": "1.60060", "2015-09-30": "2.47910", "2015-06-30": "2.38100", "2015-03-31": "2.86000", "2014-12-31": "3.74560", "2014-09-30": "4.45130", "2014-06-30": "4.84610", "2014-03-31": "5.12330", "2013-12-31": "4.78850", "2013-09-30": "4.59830", "2013-06-30": "4.06500", "2013-03-31": "5.63970", "2012-12-31": "6.00140", "2012-09-30": "5.75900", "2012-06-30": "10.50930", "2012-03-31": "5.97070", "2011-12-31": "6.04940", "2011-09-30": "6.57840", "2011-06-30": "6.73400", "2011-03-31": "6.92750", "2010-12-31": "6.23270", "2010-09-30": "5.02060", "2010-06-30": "5.32860", "2010-03-31": "5.58790", "2009-12-31": "5.32010", "2009-09-30": "4.34500", "2009-06-30": "3.55010", "2009-03-31": "4.22170", "2008-12-31": "7.16800", "2008-09-30": "12.26470", "2008-06-30": "9.53730", "2008-03-31": "9.07270", "2007-12-31": "10.40140", "2007-09-30": "7.93400", "2007-06-30": "8.81820", "2007-03-31": "8.13250", "2006-12-31": "9.00350", "2006-09-30": "8.99710", "2006-06-30": "8.94920", "2006-03-31": "7.46910", "2005-12-31": "9.63250", "2005-09-30": "9.19460", "2005-06-30": "7.30430", "2005-03-31": "7.57970"}, "Return On Tangible Equity": {"2020-09-30": "-0.38400", "2020-06-30": "-0.62460", "2020-03-31": "-0.40800", "2019-12-31": "2.88030", "2019-09-30": "1.64730", "2019-06-30": "1.70860", "2019-03-31": "1.21500", "2018-12-31": "3.12600", "2018-09-30": "3.27490", "2018-06-30": "2.05960", "2018-03-31": "2.45390", "2017-12-31": "4.32340", "2017-09-30": "2.15910", "2017-06-30": "1.75640", "2017-03-31": "2.22560", "2016-12-31": "1.16440", "2016-09-30": "1.63210", "2016-06-30": "0.95040", "2016-03-31": "0.99780", "2015-12-31": "1.60060", "2015-09-30": "2.47910", "2015-06-30": "2.38100", "2015-03-31": "2.86000", "2014-12-31": "3.74560", "2014-09-30": "4.45130", "2014-06-30": "4.84610", "2014-03-31": "5.12330", "2013-12-31": "4.78850", "2013-09-30": "4.59830", "2013-06-30": "4.06500", "2013-03-31": "5.63970", "2012-12-31": "6.00140", "2012-09-30": "5.75900", "2012-06-30": "10.50930", "2012-03-31": "5.97070", "2011-12-31": "6.04940", "2011-09-30": "6.57840", "2011-06-30": "6.73400", "2011-03-31": "6.92750", "2010-12-31": "6.23270", "2010-09-30": "5.02060", "2010-06-30": "5.32860", "2010-03-31": "5.58790", "2009-12-31": "5.32010", "2009-09-30": "4.34500", "2009-06-30": "3.55010", "2009-03-31": "4.22170", "2008-12-31": "7.16800", "2008-09-30": "12.26470", "2008-06-30": "9.53730", "2008-03-31": "9.07270", "2007-12-31": "10.40140", "2007-09-30": "7.93400", "2007-06-30": "8.81820", "2007-03-31": "8.13250", "2006-12-31": "9.00350", "2006-09-30": "8.99710", "2006-06-30": "8.94920", "2006-03-31": "7.46910", "2005-12-31": "9.63250", "2005-09-30": "9.19460", "2005-06-30": "7.30430", "2005-03-31": "7.57970"}, "ROA - Return On Assets": {"2020-09-30": "-0.19800", "2020-06-30": "-0.32340", "2020-03-31": "-0.21640", "2019-12-31": "1.58030", "2019-09-30": "0.90350", "2019-06-30": "0.94000", "2019-03-31": "0.67550", "2018-12-31": "1.79260", "2018-09-30": "1.81770", "2018-06-30": "1.14280", "2018-03-31": "1.37120", "2017-12-31": "2.41160", "2017-09-30": "1.16910", "2017-06-30": "0.95160", "2017-03-31": "1.18820", "2016-12-31": "0.61280", "2016-09-30": "0.85120", "2016-06-30": "0.49080", "2016-03-31": "0.51960", "2015-12-31": "0.84040", "2015-09-30": "1.28690", "2015-06-30": "1.22380", "2015-03-31": "1.47980", "2014-12-31": "1.94050", "2014-09-30": "2.36590", "2014-06-30": "2.54250", "2014-03-31": "2.65410", "2013-12-31": "2.49220", "2013-09-30": "2.32160", "2013-06-30": "2.04180", "2013-03-31": "2.87390", "2012-12-31": "3.08630", "2012-09-30": "2.96130", "2012-06-30": "5.35550", "2012-03-31": "2.83900", "2011-12-31": "2.93730", "2011-09-30": "3.30140", "2011-06-30": "3.34090", "2011-03-31": "3.41530", "2010-12-31": "3.14570", "2010-09-30": "2.52040", "2010-06-30": "2.66120", "2010-03-31": "2.70860", "2009-12-31": "2.63110", "2009-09-30": "2.12420", "2009-06-30": "1.75640", "2009-03-31": "2.11330", "2008-12-31": "3.69390", "2008-09-30": "5.99720", "2008-06-30": "4.46280", "2008-03-31": "4.32680", "2007-12-31": "5.23170", "2007-09-30": "3.97620", "2007-06-30": "4.49380", "2007-03-31": "4.15590", "2006-12-31": "4.68000", "2006-09-30": "4.68410", "2006-06-30": "4.68760", "2006-03-31": "3.88890", "2005-12-31": "5.14080", "2005-09-30": "4.73010", "2005-06-30": "3.78560", "2005-03-31": "3.90560"}, "ROI - Return On Investment": {"2020-09-30": "-0.30630", "2020-06-30": "-0.50020", "2020-03-31": "-0.34900", "2019-12-31": "2.54350", "2019-09-30": "1.45570", "2019-06-30": "1.55930", "2019-03-31": "1.10850", "2018-12-31": "2.83290", "2018-09-30": "2.96430", "2018-06-30": "1.86040", "2018-03-31": "2.21750", "2017-12-31": "3.84140", "2017-09-30": "1.90830", "2017-06-30": "1.54990", "2017-03-31": "1.95790", "2016-12-31": "0.99820", "2016-09-30": "1.40290", "2016-06-30": "0.81450", "2016-03-31": "0.85600", "2015-12-31": "1.43850", "2015-09-30": "2.22900", "2015-06-30": "2.14790", "2015-03-31": "2.57690", "2014-12-31": "3.51920", "2014-09-30": "4.19220", "2014-06-30": "4.55970", "2014-03-31": "4.80430", "2013-12-31": "4.61240", "2013-09-30": "4.41210", "2013-06-30": "3.89480", "2013-03-31": "5.40620", "2012-12-31": "5.73650", "2012-09-30": "5.47540", "2012-06-30": "9.98180", "2012-03-31": "5.65280", "2011-12-31": "5.71780", "2011-09-30": "6.22060", "2011-06-30": "6.26470", "2011-03-31": "6.42520", "2010-12-31": "5.77060", "2010-09-30": "4.55900", "2010-06-30": "4.75640", "2010-03-31": "5.27180", "2009-12-31": "5.01060", "2009-09-30": "4.08330", "2009-06-30": "3.33640", "2009-03-31": "3.97060", "2008-12-31": "6.76370", "2008-09-30": "11.58220", "2008-06-30": "9.00850", "2008-03-31": "8.56920", "2007-12-31": "9.82200", "2007-09-30": "7.49810", "2007-06-30": "8.33420", "2007-03-31": "7.67780", "2006-12-31": "8.50700", "2006-09-30": "8.52450", "2006-06-30": "8.48090", "2006-03-31": "7.07560", "2005-12-31": "9.12220", "2005-09-30": "8.70050", "2005-06-30": "6.90360", "2005-03-31": "7.23000"}, "Book Value Per Share": {"2020-09-30": "43.66410", "2020-06-30": "44.26510", "2020-03-31": "44.64120", "2019-12-31": "46.98580", "2019-09-30": "46.58690", "2019-06-30": "46.90740", "2019-03-31": "46.80240", "2018-12-31": "46.85580", "2018-09-30": "46.48820", "2018-06-30": "45.70930", "2018-03-31": "46.03470", "2017-12-31": "45.88350", "2017-09-30": "44.65380", "2017-06-30": "43.86080", "2017-03-31": "43.37290", "2016-12-31": "41.90690", "2016-09-30": "42.68390", "2016-06-30": "42.65130", "2016-03-31": "43.04270", "2015-12-31": "42.54330", "2015-09-30": "42.47870", "2015-06-30": "42.93550", "2015-03-31": "42.44100", "2014-12-31": "43.10020", "2014-09-30": "44.27270", "2014-06-30": "44.11040", "2014-03-31": "42.59220", "2013-12-31": "41.63670", "2013-09-30": "40.16430", "2013-06-30": "38.97960", "2013-03-31": "38.92870", "2012-12-31": "38.12970", "2012-09-30": "37.80260", "2012-06-30": "36.39240", "2012-03-31": "35.09650", "2011-12-31": "33.95520", "2011-09-30": "33.84350", "2011-06-30": "33.28570", "2011-03-31": "31.97950", "2010-12-31": "30.66460", "2010-09-30": "29.86320", "2010-06-30": "28.54810", "2010-03-31": "25.04600", "2009-12-31": "24.41130", "2009-09-30": "23.61600", "2009-06-30": "23.12800", "2009-03-31": "22.82340", "2008-12-31": "23.61800", "2008-09-30": "24.62870", "2008-06-30": "24.03270", "2008-03-31": "23.30410", "2007-12-31": "22.62390", "2007-09-30": "21.71020", "2007-06-30": "20.97910", "2007-03-31": "20.25740", "2006-12-31": "19.87150", "2006-09-30": "19.99190", "2006-06-30": "19.47250", "2006-03-31": "18.58890", "2005-12-31": "18.12910", "2005-09-30": "17.34010", "2005-06-30": "16.58940", "2005-03-31": "16.29190"}, "Operating Cash Flow Per Share": {"2020-09-30": 1.0276, "2020-06-30": -0.0003, "2020-03-31": "1.46930", "2019-12-31": 1.4889, "2019-09-30": 2.1257, "2019-06-30": 1.392, "2019-03-31": "1.95270", "2018-12-31": 2.0172, "2018-09-30": 2.6008, "2018-06-30": 1.8211, "2018-03-31": "1.99510", "2017-12-31": 1.76, "2017-09-30": 1.7642, "2017-06-30": 1.6048, "2017-03-31": "1.93540", "2016-12-31": 1.7715, "2016-09-30": 1.2817, "2016-06-30": 1.0817, "2016-03-31": "1.15170", "2015-12-31": 1.0349, "2015-09-30": 2.1991, "2015-06-30": 2.0983, "2015-03-31": "1.89930", "2014-12-31": 1.7007, "2014-09-30": 2.9465, "2014-06-30": 2.3994, "2014-03-31": "3.48960", "2013-12-31": 2.2671, "2013-09-30": 3.0975, "2013-06-30": 1.7687, "2013-03-31": "3.03050", "2012-12-31": 2.7948, "2012-09-30": 3.0068, "2012-06-30": 2.2457, "2012-03-31": "4.08970", "2011-12-31": 2.1449, "2011-09-30": 3.1523, "2011-06-30": 2.6647, "2011-03-31": "3.39090", "2010-12-31": 2.9384, "2010-09-30": 2.2363, "2010-06-30": 1.957, "2010-03-31": "2.75460", "2009-12-31": 1.7156, "2009-09-30": 1.8701, "2009-06-30": 0.4835, "2009-03-31": "1.79670", "2008-12-31": 1.9297, "2008-09-30": 2.9128, "2008-06-30": 2.6147, "2008-03-31": "3.98220", "2007-12-31": 1.9501, "2007-09-30": 2.79, "2007-06-30": 2.0557, "2007-03-31": "2.50020", "2006-12-31": 1.4295, "2006-09-30": 2.5264, "2006-06-30": 1.9114, "2006-03-31": "2.38830", "2005-12-31": 1.6255, "2005-09-30": 2.5382, "2005-06-30": 1.4311, "2005-03-31": "2.01960"}, "Free Cash Flow Per Share": {"2020-09-30": 0.2571, "2020-06-30": -1.0342, "2020-03-31": "0.07700", "2019-12-31": -0.0821, "2019-09-30": 0.6542, "2019-06-30": -0.0531, "2019-03-31": "0.73510", "2018-12-31": 0.5893, "2018-09-30": 1.3823, "2018-06-30": 0.6677, "2018-03-31": "1.21080", "2017-12-31": 0.6935, "2017-09-30": 0.6139, "2017-06-30": 0.8871, "2017-03-31": "1.25100", "2016-12-31": 0.8402, "2016-09-30": 0.4669, "2016-06-30": 0.0594, "2016-03-31": "0.05050", "2015-12-31": -0.4204, "2015-09-30": 0.6634, "2015-06-30": 0.4015, "2015-03-31": "0.27400", "2014-12-31": -0.3543, "2014-09-30": 0.9993, "2014-06-30": 0.3993, "2014-03-31": "1.79640", "2013-12-31": 0.3916, "2013-09-30": 0.9959, "2013-06-30": -0.2024, "2013-03-31": "1.35960", "2012-12-31": 0.6571, "2012-09-30": 1.2154, "2012-06-30": 0.4328, "2012-03-31": "2.42660", "2011-12-31": 0.4041, "2011-09-30": 1.5652, "2011-06-30": 1.0573, "2011-03-31": "1.97240", "2010-12-31": 1.2241, "2010-09-30": 0.874, "2010-06-30": 0.7616, "2010-03-31": "1.53930", "2009-12-31": 0.351, "2009-09-30": 0.6973, "2009-06-30": -0.676, "2009-03-31": "0.85440", "2008-12-31": 0.932, "2008-09-30": 1.8865, "2008-06-30": 1.6784, "2008-03-31": "3.24240", "2007-12-31": 1.1552, "2007-09-30": 2.0607, "2007-06-30": 1.3729, "2007-03-31": "1.95660", "2006-12-31": 0.7479, "2006-09-30": 1.8762, "2006-06-30": 1.2621, "2006-03-31": "1.77950", "2005-12-31": 1.0134, "2005-09-30": 1.9734, "2005-06-30": 0.8414, "2005-03-31": "1.59710"}}, "revenue": {"Exxon Annual Revenue (Millions of US $)": {"2020": "$181,502", "2019": "$264,938", "2018": "$290,212", "2017": "$244,363", "2016": "$208,114", "2015": "$249,248", "2014": "$411,939", "2013": "$438,255", "2012": "$480,681", "2011": "$486,429", "2010": "$383,221", "2009": "$310,586", "2008": "$477,359", "2007": "$404,552", "2006": "$377,635", "2005": "$370,680"}, "Exxon Quarterly Revenue (Millions of US $)": {"2020-12-31": "$46,540", "2020-09-30": "$46,199", "2020-06-30": "$32,605", "2020-03-31": "$56,158", "2019-12-31": "$67,173", "2019-09-30": "$65,049", "2019-06-30": "$69,091", "2019-03-31": "$63,625", "2018-12-31": "$71,895", "2018-09-30": "$76,605", "2018-06-30": "$73,501", "2018-03-31": "$68,211", "2017-12-31": "$66,515", "2017-09-30": "$61,100", "2017-06-30": "$58,077", "2017-03-31": "$58,671", "2016-12-31": "$43,036", "2016-09-30": "$58,677", "2016-06-30": "$57,694", "2016-03-31": "$48,707", "2015-12-31": "$40,173", "2015-09-30": "$67,344", "2015-06-30": "$74,113", "2015-03-31": "$67,618", "2014-12-31": "$87,276", "2014-09-30": "$107,130", "2014-06-30": "$111,208", "2014-03-31": "$106,325", "2013-12-31": "$110,860", "2013-09-30": "$112,372", "2013-06-30": "$106,666", "2013-03-31": "$108,357", "2012-12-31": "$114,124", "2012-09-30": "$115,141", "2012-06-30": "$127,363", "2012-03-31": "$124,053", "2011-12-31": "$121,609", "2011-09-30": "$125,330", "2011-06-30": "$125,486", "2011-03-31": "$114,004", "2010-12-31": "$105,186", "2010-09-30": "$95,298", "2010-06-30": "$92,486", "2010-03-31": "$90,251", "2009-12-31": "$89,841", "2009-09-30": "$82,260", "2009-06-30": "$74,457", "2009-03-31": "$64,028", "2008-12-31": "$84,696", "2008-09-30": "$137,737", "2008-06-30": "$138,072", "2008-03-31": "$116,854", "2007-12-31": "$116,642", "2007-09-30": "$102,337", "2007-06-30": "$98,350", "2007-03-31": "$87,223", "2006-12-31": "$90,028", "2006-09-30": "$99,593", "2006-06-30": "$99,034", "2006-03-31": "$88,980", "2005-12-31": "$99,344", "2005-09-30": "$100,717", "2005-06-30": "$88,568", "2005-03-31": "$82,051"}}, "gross-profit": {"Exxon Annual Gross Profit (Millions of US $)": {"2020": "$181,502", "2019": "$53,786", "2018": "$64,695", "2017": "$53,352", "2016": "$44,475", "2015": "$53,349", "2014": "$83,480", "2013": "$89,755", "2012": "$110,658", "2011": "$106,151", "2010": "$84,805", "2009": "$63,998", "2008": "$113,773", "2007": "$100,488", "2006": "$95,977", "2005": "$86,346"}, "Exxon Quarterly Gross Profit (Millions of US $)": {"2020-12-31": "$-26,613", "2020-09-30": "$7,794", "2020-06-30": "$6,487", "2020-03-31": "$8,946", "2019-12-31": "$15,150", "2019-09-30": "$13,235", "2019-06-30": "$12,952", "2019-03-31": "$12,449", "2018-12-31": "$17,100", "2018-09-30": "$17,429", "2018-06-30": "$14,881", "2018-03-31": "$15,285", "2017-12-31": "$13,182", "2017-09-30": "$13,965", "2017-06-30": "$12,455", "2017-03-31": "$13,750", "2016-12-31": "$13,572", "2016-09-30": "$11,000", "2016-06-30": "$10,383", "2016-03-31": "$9,520", "2015-12-31": "$10,951", "2015-09-30": "$13,660", "2015-06-30": "$14,691", "2015-03-31": "$14,047", "2014-12-31": "$17,033", "2014-09-30": "$21,348", "2014-06-30": "$22,165", "2014-03-31": "$22,934", "2013-12-31": "$22,876", "2013-09-30": "$22,164", "2013-06-30": "$20,980", "2013-03-31": "$23,735", "2012-12-31": "$25,695", "2012-09-30": "$25,378", "2012-06-30": "$33,998", "2012-03-31": "$25,587", "2011-12-31": "$25,529", "2011-09-30": "$27,136", "2011-06-30": "$26,818", "2011-03-31": "$26,668", "2010-12-31": "$24,113", "2010-09-30": "$20,963", "2010-06-30": "$20,126", "2010-03-31": "$19,603", "2009-12-31": "$18,001", "2009-09-30": "$16,575", "2009-06-30": "$14,873", "2009-03-31": "$14,549", "2008-12-31": "$21,321", "2008-09-30": "$34,245", "2008-06-30": "$30,355", "2008-03-31": "$27,852", "2007-12-31": "$27,837", "2007-09-30": "$24,281", "2007-06-30": "$25,347", "2007-03-31": "$23,023", "2006-12-31": "$23,477", "2006-09-30": "$25,245", "2006-06-30": "$25,057", "2006-03-31": "$22,198", "2005-12-31": "$24,850", "2005-09-30": "$22,825", "2005-06-30": "$19,440", "2005-03-31": "$19,231"}}, "operating-income": {"Exxon Annual Operating Income (Millions of US $)": {"2020": "$-28,883", "2019": "$20,056", "2018": "$30,953", "2017": "$18,674", "2016": "$7,969", "2015": "$21,966", "2014": "$51,630", "2013": "$57,711", "2012": "$78,726", "2011": "$73,257", "2010": "$52,959", "2009": "$34,777", "2008": "$83,397", "2007": "$71,479", "2006": "$67,402", "2005": "$59,432"}, "Exxon Quarterly Operating Income (Millions of US $)": {"2020-12-31": "$-26,613", "2020-09-30": "$-372", "2020-06-30": "$-1,640", "2020-03-31": "$-258", "2019-12-31": "$6,414", "2019-09-30": "$4,721", "2019-06-30": "$4,632", "2019-03-31": "$4,289", "2018-12-31": "$8,121", "2018-09-30": "$9,080", "2018-06-30": "$6,512", "2018-03-31": "$7,240", "2017-12-31": "$3,017", "2017-09-30": "$5,583", "2017-06-30": "$4,156", "2017-03-31": "$5,918", "2016-12-31": "$617", "2016-09-30": "$3,226", "2016-06-30": "$2,396", "2016-03-31": "$1,730", "2015-12-31": "$2,628", "2015-09-30": "$5,749", "2015-06-30": "$6,954", "2015-03-31": "$6,635", "2014-12-31": "$8,842", "2014-09-30": "$13,410", "2014-06-30": "$14,151", "2014-03-31": "$15,227", "2013-12-31": "$14,716", "2013-09-30": "$14,189", "2013-06-30": "$12,768", "2013-03-31": "$16,038", "2012-12-31": "$17,700", "2012-09-30": "$17,320", "2012-06-30": "$26,191", "2012-03-31": "$17,515", "2011-12-31": "$17,041", "2011-09-30": "$18,680", "2011-06-30": "$18,619", "2011-03-31": "$18,917", "2010-12-31": "$15,327", "2010-09-30": "$12,858", "2010-06-30": "$12,706", "2010-03-31": "$12,068", "2009-12-31": "$10,206", "2009-09-30": "$9,204", "2009-06-30": "$7,517", "2009-03-31": "$7,850", "2008-12-31": "$13,799", "2008-09-30": "$26,693", "2008-06-30": "$22,431", "2008-03-31": "$20,474", "2007-12-31": "$20,727", "2007-09-30": "$16,760", "2007-06-30": "$17,928", "2007-03-31": "$16,064", "2006-12-31": "$15,561", "2006-09-30": "$18,178", "2006-06-30": "$18,204", "2006-03-31": "$15,459", "2005-12-31": "$17,718", "2005-09-30": "$16,052", "2005-06-30": "$12,759", "2005-03-31": "$12,903"}}, "ebitda": {"Exxon Annual EBITDA (Millions of US $)": {"2019": "$39,884", "2018": "$50,464", "2017": "$39,168", "2016": "$30,730", "2015": "$40,325", "2014": "$69,213", "2013": "$74,902", "2012": "$94,941", "2011": "$89,087", "2010": "$67,978", "2009": "$47,242", "2008": "$96,449", "2007": "$84,129", "2006": "$79,472", "2005": "$70,181"}, "Exxon Quarterly EBITDA (Millions of US $)": {"2020-09-30": "$4,890", "2020-06-30": "$3,593", "2020-03-31": "$5,810", "2019-12-31": "$11,538", "2019-09-30": "$9,826", "2019-06-30": "$9,479", "2019-03-31": "$9,041", "2018-12-31": "$13,364", "2018-09-30": "$13,938", "2018-06-30": "$11,248", "2018-03-31": "$11,914", "2017-12-31": "$9,045", "2017-09-30": "$10,574", "2017-06-30": "$8,966", "2017-03-31": "$10,583", "2016-12-31": "$8,929", "2016-09-30": "$7,937", "2016-06-30": "$7,292", "2016-03-31": "$6,572", "2015-12-31": "$7,443", "2015-09-30": "$10,369", "2015-06-30": "$11,490", "2015-03-31": "$11,023", "2014-12-31": "$13,368", "2014-09-30": "$17,860", "2014-06-30": "$18,500", "2014-03-31": "$19,485", "2013-12-31": "$18,944", "2013-09-30": "$18,528", "2013-06-30": "$17,258", "2013-03-31": "$20,172", "2012-12-31": "$21,921", "2012-09-30": "$21,416", "2012-06-30": "$30,140", "2012-03-31": "$21,464", "2011-12-31": "$21,191", "2011-09-30": "$22,644", "2011-06-30": "$22,545", "2011-03-31": "$22,707", "2010-12-31": "$19,707", "2010-09-30": "$16,756", "2010-06-30": "$16,112", "2010-03-31": "$15,403", "2009-12-31": "$13,435", "2009-09-30": "$12,193", "2009-06-30": "$10,864", "2009-03-31": "$10,750", "2008-12-31": "$17,094", "2008-09-30": "$30,019", "2008-06-30": "$25,628", "2008-03-31": "$23,708", "2007-12-31": "$24,010", "2007-09-30": "$19,992", "2007-06-30": "$21,018", "2007-03-31": "$19,109", "2006-12-31": "$18,944", "2006-09-30": "$21,189", "2006-06-30": "$21,071", "2006-03-31": "$18,268", "2005-12-31": "$20,512", "2005-09-30": "$18,638", "2005-06-30": "$15,519", "2005-03-31": "$15,512"}}, "net-income": {"Exxon Annual Net Income (Millions of US $)": {"2020": "$-22,440", "2019": "$14,340", "2018": "$20,840", "2017": "$19,710", "2016": "$7,840", "2015": "$16,150", "2014": "$32,520", "2013": "$32,580", "2012": "$44,880", "2011": "$41,060", "2010": "$30,460", "2009": "$19,280", "2008": "$45,220", "2007": "$40,610", "2006": "$39,500", "2005": "$36,130"}, "Exxon Quarterly Net Income (Millions of US $)": {"2020-12-31": "$-20,070", "2020-09-30": "$-680", "2020-06-30": "$-1,080", "2020-03-31": "$-610", "2019-12-31": "$5,690", "2019-09-30": "$3,170", "2019-06-30": "$3,130", "2019-03-31": "$2,350", "2018-12-31": "$6,000", "2018-09-30": "$6,240", "2018-06-30": "$3,950", "2018-03-31": "$4,650", "2017-12-31": "$8,380", "2017-09-30": "$3,970", "2017-06-30": "$3,350", "2017-03-31": "$4,010", "2016-12-31": "$1,680", "2016-09-30": "$2,650", "2016-06-30": "$1,700", "2016-03-31": "$1,810", "2015-12-31": "$2,780", "2015-09-30": "$4,240", "2015-06-30": "$4,190", "2015-03-31": "$4,940", "2014-12-31": "$6,570", "2014-09-30": "$8,070", "2014-06-30": "$8,780", "2014-03-31": "$9,100", "2013-12-31": "$8,350", "2013-09-30": "$7,870", "2013-06-30": "$6,860", "2013-03-31": "$9,500", "2012-12-31": "$9,950", "2012-09-30": "$9,570", "2012-06-30": "$15,910", "2012-03-31": "$9,450", "2011-12-31": "$9,400", "2011-09-30": "$10,330", "2011-06-30": "$10,680", "2011-03-31": "$10,650", "2010-12-31": "$9,250", "2010-09-30": "$7,350", "2010-06-30": "$7,560", "2010-03-31": "$6,300", "2009-12-31": "$6,050", "2009-09-30": "$4,730", "2009-06-30": "$3,950", "2009-03-31": "$4,550", "2008-12-31": "$7,820", "2008-09-30": "$14,830", "2008-06-30": "$11,680", "2008-03-31": "$10,890", "2007-12-31": "$11,660", "2007-09-30": "$9,410", "2007-06-30": "$10,260", "2007-03-31": "$9,280", "2006-12-31": "$10,250", "2006-09-30": "$10,490", "2006-06-30": "$10,360", "2006-03-31": "$8,400", "2005-12-31": "$10,710", "2005-09-30": "$9,920", "2005-06-30": "$7,640", "2005-03-31": "$7,860"}}, "eps-earnings-per-share-diluted": {"Exxon Annual EPS": {"2020": "$-5.25", "2019": "$3.36", "2018": "$4.88", "2017": "$4.63", "2016": "$1.88", "2015": "$3.85", "2014": "$7.60", "2013": "$7.37", "2012": "$9.70", "2011": "$8.42", "2010": "$6.22", "2009": "$3.98", "2008": "$8.66", "2007": "$7.26", "2006": "$6.62", "2005": "$5.71"}, "Exxon Quarterly EPS": {"2020-12-31": "$-4.70", "2020-09-30": "$-0.15", "2020-06-30": "$-0.26", "2020-03-31": "$-0.14", "2019-12-31": "$1.33", "2019-09-30": "$0.75", "2019-06-30": "$0.73", "2019-03-31": "$0.55", "2018-12-31": "$1.41", "2018-09-30": "$1.46", "2018-06-30": "$0.92", "2018-03-31": "$1.09", "2017-12-31": "$1.97", "2017-09-30": "$0.93", "2017-06-30": "$0.78", "2017-03-31": "$0.95", "2016-12-31": "$0.41", "2016-09-30": "$0.63", "2016-06-30": "$0.41", "2016-03-31": "$0.43", "2015-12-31": "$0.67", "2015-09-30": "$1.01", "2015-06-30": "$1.00", "2015-03-31": "$1.17", "2014-12-31": "$1.56", "2014-09-30": "$1.89", "2014-06-30": "$2.05", "2014-03-31": "$2.10", "2013-12-31": "$1.91", "2013-09-30": "$1.79", "2013-06-30": "$1.55", "2013-03-31": "$2.12", "2012-12-31": "$2.20", "2012-09-30": "$2.09", "2012-06-30": "$3.41", "2012-03-31": "$2.00", "2011-12-31": "$1.97", "2011-09-30": "$2.13", "2011-06-30": "$2.18", "2011-03-31": "$2.14", "2010-12-31": "$1.85", "2010-09-30": "$1.44", "2010-06-30": "$1.60", "2010-03-31": "$1.33", "2009-12-31": "$1.27", "2009-09-30": "$0.98", "2009-06-30": "$0.81", "2009-03-31": "$0.92", "2008-12-31": "$1.57", "2008-09-30": "$2.85", "2008-06-30": "$2.22", "2008-03-31": "$2.02", "2007-12-31": "$2.11", "2007-09-30": "$1.70", "2007-06-30": "$1.83", "2007-03-31": "$1.62", "2006-12-31": "$1.76", "2006-09-30": "$1.77", "2006-06-30": "$1.72", "2006-03-31": "$1.37", "2005-12-31": "$1.71", "2005-09-30": "$1.58", "2005-06-30": "$1.20", "2005-03-31": "$1.22"}}, "shares-outstanding": {"Exxon Annual Shares Outstanding (Millions of Shares)": {"2020": "4,271", "2019": "4,270", "2018": "4,270", "2017": "4,256", "2016": "4,177", "2015": "4,196", "2014": "4,282", "2013": "4,419", "2012": "4,628", "2011": "4,875", "2010": "4,897", "2009": "4,848", "2008": "5,221", "2007": "5,594", "2006": "5,970", "2005": "6,322"}, "Exxon Quarterly Shares Outstanding (Millions of Shares)": {"2020-12-31": "4,272", "2020-09-30": "4,271", "2020-06-30": "4,271", "2020-03-31": "4,270", "2019-12-31": "4,270", "2019-09-30": "4,271", "2019-06-30": "4,271", "2019-03-31": "4,270", "2018-12-31": "4,270", "2018-09-30": "4,271", "2018-06-30": "4,271", "2018-03-31": "4,270", "2017-12-31": "4,256", "2017-09-30": "4,271", "2017-06-30": "4,271", "2017-03-31": "4,223", "2016-12-31": "4,177", "2016-09-30": "4,178", "2016-06-30": "4,178", "2016-03-31": "4,178", "2015-12-31": "4,196", "2015-09-30": "4,190", "2015-06-30": "4,200", "2015-03-31": "4,211", "2014-12-31": "4,282", "2014-09-30": "4,267", "2014-06-30": "4,297", "2014-03-31": "4,328", "2013-12-31": "4,419", "2013-09-30": "4,395", "2013-06-30": "4,433", "2013-03-31": "4,485", "2012-12-31": "4,628", "2012-09-30": "4,597", "2012-06-30": "4,657", "2012-03-31": "4,716", "2011-12-31": "4,875", "2011-09-30": "4,843", "2011-06-30": "4,912", "2011-03-31": "4,971", "2010-12-31": "4,897", "2010-09-30": "5,089", "2010-06-30": "4,729", "2010-03-31": "4,736", "2009-12-31": "4,848", "2009-09-30": "4,803", "2009-06-30": "4,871", "2009-03-31": "4,959", "2008-12-31": "5,221", "2008-09-30": "5,178", "2008-06-30": "5,281", "2008-03-31": "5,379", "2007-12-31": "5,594", "2007-09-30": "5,536", "2007-06-30": "5,620", "2007-03-31": "5,714", "2006-12-31": "5,970", "2006-09-30": "5,922", "2006-06-30": "6,030", "2006-03-31": "6,126", "2005-12-31": "6,322", "2005-09-30": "6,303", "2005-06-30": "6,370", "2005-03-31": "6,421"}}, "total-assets": {"Exxon Annual Total Assets (Millions of US $)": {"2019": "$362,597", "2018": "$346,196", "2017": "$348,691", "2016": "$330,314", "2015": "$336,758", "2014": "$349,493", "2013": "$346,808", "2012": "$333,795", "2011": "$331,052", "2010": "$302,510", "2009": "$233,323", "2008": "$228,052", "2007": "$242,082", "2006": "$219,015", "2005": "$208,335"}, "Exxon Quarterly Total Assets (Millions of US $)": {"2020-09-30": "$358,043", "2020-06-30": "$361,495", "2020-03-31": "$355,804", "2019-12-31": "$362,597", "2019-09-30": "$359,361", "2019-06-30": "$360,729", "2019-03-31": "$356,189", "2018-12-31": "$346,196", "2018-09-30": "$354,628", "2018-06-30": "$348,790", "2018-03-31": "$348,826", "2017-12-31": "$348,691", "2017-09-30": "$349,427", "2017-06-30": "$343,012", "2017-03-31": "$344,209", "2016-12-31": "$330,314", "2016-09-30": "$339,386", "2016-06-30": "$342,473", "2016-03-31": "$342,789", "2015-12-31": "$336,758", "2015-09-30": "$340,662", "2015-06-30": "$348,260", "2015-03-31": "$342,961", "2014-12-31": "$349,493", "2014-09-30": "$352,764", "2014-06-30": "$358,586", "2014-03-31": "$353,033", "2013-12-31": "$346,808", "2013-09-30": "$347,564", "2013-06-30": "$341,615", "2013-03-31": "$339,639", "2012-12-31": "$333,795", "2012-09-30": "$335,191", "2012-06-30": "$329,645", "2012-03-31": "$345,152", "2011-12-31": "$331,052", "2011-09-30": "$323,227", "2011-06-30": "$326,204", "2011-03-31": "$319,533", "2010-12-31": "$302,510", "2010-09-30": "$299,994", "2010-06-30": "$291,068", "2010-03-31": "$242,748", "2009-12-31": "$233,323", "2009-09-30": "$229,307", "2009-06-30": "$224,661", "2009-03-31": "$222,491", "2008-12-31": "$228,052", "2008-09-30": "$256,218", "2008-06-30": "$266,758", "2008-03-31": "$258,202", "2007-12-31": "$242,082", "2007-09-30": "$236,661", "2007-06-30": "$228,315", "2007-03-31": "$223,299", "2006-12-31": "$219,015", "2006-09-30": "$223,947", "2006-06-30": "$221,010", "2006-03-31": "$216,002", "2005-12-31": "$208,335", "2005-09-30": "$209,721", "2005-06-30": "$201,816", "2005-03-31": "$201,252"}}, "cash-on-hand": {"Exxon Annual Cash on Hand (Millions of US $)": {"2019": "$3,089", "2018": "$3,042", "2017": "$3,177", "2016": "$3,657", "2015": "$3,705", "2014": "$4,658", "2013": "$4,913", "2012": "$9,923", "2011": "$13,068", "2010": "$8,453", "2009": "$10,862", "2008": "$32,007", "2007": "$34,500", "2006": "$32,848", "2005": "$33,275"}, "Exxon Quarterly Cash on Hand (Millions of US $)": {"2020-09-30": "$8,832", "2020-06-30": "$12,576", "2020-03-31": "$11,412", "2019-12-31": "$3,089", "2019-09-30": "$5,351", "2019-06-30": "$4,213", "2019-03-31": "$4,586", "2018-12-31": "$3,042", "2018-09-30": "$5,669", "2018-06-30": "$3,430", "2018-03-31": "$4,125", "2017-12-31": "$3,177", "2017-09-30": "$4,266", "2017-06-30": "$4,042", "2017-03-31": "$4,897", "2016-12-31": "$3,657", "2016-09-30": "$5,093", "2016-06-30": "$4,358", "2016-03-31": "$4,846", "2015-12-31": "$3,705", "2015-09-30": "$4,296", "2015-06-30": "$4,378", "2015-03-31": "$5,227", "2014-12-31": "$4,658", "2014-09-30": "$5,014", "2014-06-30": "$6,281", "2014-03-31": "$5,805", "2013-12-31": "$4,913", "2013-09-30": "$5,749", "2013-06-30": "$5,012", "2013-03-31": "$6,590", "2012-12-31": "$9,923", "2012-09-30": "$13,261", "2012-06-30": "$18,017", "2012-03-31": "$19,147", "2011-12-31": "$13,068", "2011-09-30": "$11,255", "2011-06-30": "$10,287", "2011-03-31": "$13,234", "2010-12-31": "$8,453", "2010-09-30": "$12,259", "2010-06-30": "$13,267", "2010-03-31": "$13,827", "2009-12-31": "$10,862", "2009-09-30": "$12,623", "2009-06-30": "$15,729", "2009-03-31": "$25,140", "2008-12-31": "$32,007", "2008-09-30": "$38,434", "2008-06-30": "$39,700", "2008-03-31": "$41,393", "2007-12-31": "$34,500", "2007-09-30": "$36,217", "2007-06-30": "$33,563", "2007-03-31": "$34,598", "2006-12-31": "$32,848", "2006-09-30": "$37,338", "2006-06-30": "$36,717", "2006-03-31": "$36,549", "2005-12-31": "$33,275", "2005-09-30": "$33,844", "2005-06-30": "$30,252", "2005-03-31": "$29,769"}}, "long-term-debt": {"Exxon Annual Long Term Debt (Millions of US $)": {"2019": "$26,342", "2018": "$20,538", "2017": "$24,406", "2016": "$28,932", "2015": "$19,925", "2014": "$11,653", "2013": "$6,891", "2012": "$7,928", "2011": "$9,322", "2010": "$12,227", "2009": "$7,129", "2008": "$7,025", "2007": "$7,183", "2006": "$6,645", "2005": "$6,220"}, "Exxon Quarterly Long Term Debt (Millions of US $)": {"2020-09-30": "$46,888", "2020-06-30": "$46,563", "2020-03-31": "$31,857", "2019-12-31": "$26,342", "2019-09-30": "$25,950", "2019-06-30": "$19,001", "2019-03-31": "$19,031", "2018-12-31": "$20,538", "2018-09-30": "$20,624", "2018-06-30": "$20,720", "2018-03-31": "$20,781", "2017-12-31": "$24,406", "2017-09-30": "$24,869", "2017-06-30": "$24,750", "2017-03-31": "$25,124", "2016-12-31": "$28,932", "2016-09-30": "$28,916", "2016-06-30": "$29,499", "2016-03-31": "$29,568", "2015-12-31": "$19,925", "2015-09-30": "$19,839", "2015-06-30": "$19,431", "2015-03-31": "$19,494", "2014-12-31": "$11,653", "2014-09-30": "$11,591", "2014-06-30": "$11,817", "2014-03-31": "$12,144", "2013-12-31": "$6,891", "2013-09-30": "$7,404", "2013-06-30": "$7,496", "2013-03-31": "$7,475", "2012-12-31": "$7,928", "2012-09-30": "$8,928", "2012-06-30": "$8,877", "2012-03-31": "$9,231", "2011-12-31": "$9,322", "2011-09-30": "$9,331", "2011-06-30": "$12,123", "2011-03-31": "$12,316", "2010-12-31": "$12,227", "2010-09-30": "$15,248", "2010-06-30": "$17,486", "2010-03-31": "$7,054", "2009-12-31": "$7,129", "2009-09-30": "$7,185", "2009-06-30": "$7,117", "2009-03-31": "$7,041", "2008-12-31": "$7,025", "2008-09-30": "$7,383", "2008-06-30": "$7,327", "2008-03-31": "$7,235", "2007-12-31": "$7,183", "2007-09-30": "$6,896", "2007-06-30": "$6,757", "2007-03-31": "$6,758", "2006-12-31": "$6,645", "2006-09-30": "$6,464", "2006-06-30": "$6,393", "2006-03-31": "$6,255", "2005-12-31": "$6,220", "2005-09-30": "$6,126", "2005-06-30": "$6,071", "2005-03-31": "$5,015"}}, "total-liabilities": {"Exxon Annual Total Liabilities (Millions of US $)": {"2019": "$163,659", "2018": "$147,668", "2017": "$154,191", "2016": "$156,484", "2015": "$159,948", "2014": "$168,429", "2013": "$166,313", "2012": "$162,135", "2011": "$170,308", "2010": "$149,831", "2009": "$117,931", "2008": "$110,529", "2007": "$120,320", "2006": "$105,171", "2005": "$97,149"}, "Exxon Quarterly Total Liabilities (Millions of US $)": {"2020-09-30": "$173,431", "2020-06-30": "$174,342", "2020-03-31": "$167,061", "2019-12-31": "$163,659", "2019-09-30": "$162,252", "2019-06-30": "$162,264", "2019-03-31": "$158,168", "2018-12-31": "$147,668", "2018-09-30": "$157,797", "2018-06-30": "$155,257", "2018-03-31": "$153,915", "2017-12-31": "$154,191", "2017-09-30": "$160,229", "2017-06-30": "$157,174", "2017-03-31": "$160,438", "2016-12-31": "$156,484", "2016-09-30": "$162,376", "2016-06-30": "$165,598", "2016-03-31": "$164,291", "2015-12-31": "$159,948", "2015-09-30": "$163,823", "2015-06-30": "$169,262", "2015-03-31": "$165,515", "2014-12-31": "$168,429", "2014-09-30": "$165,269", "2014-06-30": "$170,455", "2014-03-31": "$170,142", "2013-12-31": "$166,313", "2013-09-30": "$172,086", "2013-06-30": "$170,027", "2013-03-31": "$166,562", "2012-12-31": "$162,135", "2012-09-30": "$162,836", "2012-06-30": "$161,660", "2012-03-31": "$181,035", "2011-12-31": "$170,308", "2011-09-30": "$161,015", "2011-06-30": "$164,369", "2011-03-31": "$162,002", "2010-12-31": "$149,831", "2010-09-30": "$149,394", "2010-06-30": "$145,701", "2010-03-31": "$125,082", "2009-12-31": "$117,931", "2009-09-30": "$117,202", "2009-06-30": "$113,508", "2009-03-31": "$111,113", "2008-12-31": "$110,529", "2008-09-30": "$130,932", "2008-06-30": "$141,932", "2008-03-31": "$135,063", "2007-12-31": "$120,320", "2007-09-30": "$118,058", "2007-06-30": "$111,965", "2007-03-31": "$109,189", "2006-12-31": "$105,171", "2006-09-30": "$107,354", "2006-06-30": "$105,246", "2006-03-31": "$103,539", "2005-12-31": "$97,149", "2005-09-30": "$101,831", "2005-06-30": "$97,220", "2005-03-31": "$97,554"}}, "total-share-holder-equity": {"Exxon Annual Share Holder Equity (Millions of US $)": {"2019": "$198,938", "2018": "$198,528", "2017": "$194,500", "2016": "$173,830", "2015": "$176,810", "2014": "$181,064", "2013": "$180,495", "2012": "$171,660", "2011": "$160,744", "2010": "$152,679", "2009": "$115,392", "2008": "$117,523", "2007": "$121,762", "2006": "$113,844", "2005": "$111,186"}, "Exxon Quarterly Share Holder Equity (Millions of US $)": {"2020-09-30": "$184,612", "2020-06-30": "$187,153", "2020-03-31": "$188,743", "2019-12-31": "$198,938", "2019-09-30": "$197,109", "2019-06-30": "$198,465", "2019-03-31": "$198,021", "2018-12-31": "$198,528", "2018-09-30": "$196,831", "2018-06-30": "$193,533", "2018-03-31": "$194,911", "2017-12-31": "$194,500", "2017-09-30": "$189,198", "2017-06-30": "$185,838", "2017-03-31": "$183,771", "2016-12-31": "$173,830", "2016-09-30": "$177,010", "2016-06-30": "$176,875", "2016-03-31": "$178,498", "2015-12-31": "$176,810", "2015-09-30": "$176,839", "2015-06-30": "$178,998", "2015-03-31": "$177,446", "2014-12-31": "$181,064", "2014-09-30": "$187,495", "2014-06-30": "$188,131", "2014-03-31": "$182,891", "2013-12-31": "$180,495", "2013-09-30": "$175,478", "2013-06-30": "$171,588", "2013-03-31": "$173,077", "2012-12-31": "$171,660", "2012-09-30": "$172,355", "2012-06-30": "$167,985", "2012-03-31": "$164,117", "2011-12-31": "$160,744", "2011-09-30": "$162,212", "2011-06-30": "$161,835", "2011-03-31": "$157,531", "2010-12-31": "$152,679", "2010-09-30": "$150,600", "2010-06-30": "$145,367", "2010-03-31": "$117,666", "2009-12-31": "$115,392", "2009-09-30": "$112,105", "2009-06-30": "$111,153", "2009-03-31": "$111,378", "2008-12-31": "$117,523", "2008-09-30": "$125,286", "2008-06-30": "$124,826", "2008-03-31": "$123,139", "2007-12-31": "$121,762", "2007-09-30": "$118,603", "2007-06-30": "$116,350", "2007-03-31": "$114,110", "2006-12-31": "$113,844", "2006-09-30": "$116,593", "2006-06-30": "$115,764", "2006-03-31": "$112,463", "2005-12-31": "$111,186", "2005-09-30": "$107,890", "2005-06-30": "$104,596", "2005-03-31": "$103,698"}}, "profit-margins": {"current": "-12.36%"}, "gross margin": {"2020-12-31": "-1.87%", "2020-09-30": "18.99%", "2020-06-30": "19.83%", "2020-03-31": "19.53%", "2019-12-31": "20.30%", "2019-09-30": "20.67%", "2019-06-30": "21.31%", "2019-03-31": "21.66%", "2018-12-31": "22.29%", "2018-09-30": "21.34%", "2018-06-30": "21.28%", "2018-03-31": "21.62%", "2017-12-31": "21.83%", "2017-09-30": "24.33%", "2017-06-30": "23.24%", "2017-03-31": "22.33%", "2016-12-31": "21.37%", "2016-09-30": "20.39%", "2016-06-30": "20.81%", "2016-03-31": "21.20%", "2015-12-31": "21.40%", "2015-09-30": "20.05%", "2015-06-30": "19.97%", "2015-03-31": "19.99%", "2014-12-31": "20.27%", "2014-09-30": "20.51%", "2014-06-30": "20.45%", "2014-03-31": "20.39%", "2013-12-31": "20.48%", "2013-09-30": "20.97%", "2013-06-30": "21.56%", "2013-03-31": "23.40%", "2012-12-31": "23.02%", "2012-09-30": "22.63%", "2012-06-30": "22.52%", "2012-03-31": "21.16%", "2011-12-31": "21.82%", "2011-09-30": "22.28%", "2011-06-30": "22.40%", "2011-03-31": "22.57%", "2010-12-31": "22.13%", "2010-09-30": "21.39%", "2010-06-30": "20.94%", "2010-03-31": "20.50%", "2009-12-31": "20.61%", "2009-09-30": "22.04%", "2009-06-30": "23.55%", "2009-03-31": "23.67%", "2008-12-31": "23.83%", "2008-09-30": "23.62%", "2008-06-30": "23.28%", "2008-03-31": "24.26%", "2007-12-31": "24.84%", "2007-09-30": "25.43%", "2007-06-30": "25.88%", "2007-03-31": "25.75%", "2006-12-31": "25.42%", "2006-09-30": "25.16%", "2006-06-30": "24.46%", "2006-03-31": "23.65%", "2005-12-31": "23.29%"}, "operating margin": {"2020-12-31": "-15.91%", "2020-09-30": "2.05%", "2020-06-30": "4.18%", "2020-03-31": "6.02%", "2019-12-31": "7.57%", "2019-09-30": "8.07%", "2019-06-30": "9.29%", "2019-03-31": "9.80%", "2018-12-31": "10.67%", "2018-09-30": "9.08%", "2018-06-30": "8.30%", "2018-03-31": "7.88%", "2017-12-31": "7.64%", "2017-09-30": "7.37%", "2017-06-30": "6.37%", "2017-03-31": "5.57%", "2016-12-31": "3.83%", "2016-09-30": "4.86%", "2016-06-30": "5.84%", "2016-03-31": "7.41%", "2015-12-31": "8.81%", "2015-09-30": "9.51%", "2015-06-30": "10.66%", "2015-03-31": "11.53%", "2014-12-31": "12.53%", "2014-09-30": "13.20%", "2014-06-30": "13.22%", "2014-03-31": "13.04%", "2013-12-31": "13.17%", "2013-09-30": "13.75%", "2013-06-30": "14.37%", "2013-03-31": "16.61%", "2012-12-31": "16.38%", "2012-09-30": "15.99%", "2012-06-30": "15.94%", "2012-03-31": "14.47%", "2011-12-31": "15.06%", "2011-09-30": "15.22%", "2011-06-30": "14.94%", "2011-03-31": "14.70%", "2010-12-31": "13.82%", "2010-09-30": "13.00%", "2010-06-30": "12.45%", "2010-03-31": "11.58%", "2009-12-31": "11.20%", "2009-09-30": "12.56%", "2009-06-30": "15.48%", "2009-03-31": "16.67%", "2008-12-31": "17.47%", "2008-09-30": "17.73%", "2008-06-30": "16.96%", "2008-03-31": "17.48%", "2007-12-31": "17.67%", "2007-09-30": "17.55%", "2007-06-30": "18.05%", "2007-03-31": "18.09%", "2006-12-31": "17.85%", "2006-09-30": "17.98%", "2006-06-30": "17.38%", "2006-03-31": "16.42%", "2005-12-31": "16.03%"}, "ebitda margin": {"2020-09-30": "12.78%", "2020-06-30": "13.92%", "2020-03-31": "14.24%", "2019-12-31": "15.05%", "2019-09-30": "15.47%", "2019-06-30": "16.29%", "2019-03-31": "16.66%", "2018-12-31": "17.39%", "2018-09-30": "16.20%", "2018-06-30": "15.88%", "2018-03-31": "15.95%", "2017-12-31": "16.03%", "2017-09-30": "17.68%", "2017-06-30": "16.67%", "2017-03-31": "15.93%", "2016-12-31": "14.77%", "2016-09-30": "14.25%", "2016-06-30": "14.81%", "2016-03-31": "15.57%", "2015-12-31": "16.18%", "2015-09-30": "15.61%", "2015-06-30": "15.99%", "2015-03-31": "16.28%", "2014-12-31": "16.80%", "2014-09-30": "17.17%", "2014-06-30": "17.12%", "2014-03-31": "17.01%", "2013-12-31": "17.09%", "2013-09-30": "17.64%", "2013-06-30": "18.18%", "2013-03-31": "20.14%", "2012-12-31": "19.75%", "2012-09-30": "19.30%", "2012-06-30": "19.15%", "2012-03-31": "17.69%", "2011-12-31": "18.31%", "2011-09-30": "18.64%", "2011-06-30": "18.57%", "2011-03-31": "18.50%", "2010-12-31": "17.74%", "2010-09-30": "16.77%", "2010-06-30": "16.10%", "2010-03-31": "15.41%", "2009-12-31": "15.21%", "2009-09-30": "16.66%", "2009-06-30": "19.04%", "2009-03-31": "19.67%", "2008-12-31": "20.20%", "2008-09-30": "20.30%", "2008-06-30": "19.70%", "2008-03-31": "20.44%", "2007-12-31": "20.80%", "2007-09-30": "20.92%", "2007-06-30": "21.39%", "2007-03-31": "21.37%", "2006-12-31": "21.04%", "2006-09-30": "20.94%", "2006-06-30": "20.23%", "2006-03-31": "19.32%", "2005-12-31": "18.93%"}, "pre tax profit margin": {"2020-12-31": "-15.91%", "2020-09-30": "2.05%", "2020-06-30": "4.18%", "2020-03-31": "6.02%", "2019-12-31": "7.57%", "2019-09-30": "8.07%", "2019-06-30": "9.29%", "2019-03-31": "9.80%", "2018-12-31": "10.67%", "2018-09-30": "9.08%", "2018-06-30": "8.30%", "2018-03-31": "7.88%", "2017-12-31": "7.64%", "2017-09-30": "7.37%", "2017-06-30": "6.37%", "2017-03-31": "5.57%", "2016-12-31": "3.83%", "2016-09-30": "4.86%", "2016-06-30": "5.84%", "2016-03-31": "7.41%", "2015-12-31": "8.81%", "2015-09-30": "9.51%", "2015-06-30": "10.66%", "2015-03-31": "11.53%", "2014-12-31": "12.53%", "2014-09-30": "13.20%", "2014-06-30": "13.22%", "2014-03-31": "13.04%", "2013-12-31": "13.17%", "2013-09-30": "13.75%", "2013-06-30": "14.37%", "2013-03-31": "16.61%", "2012-12-31": "16.38%", "2012-09-30": "15.99%", "2012-06-30": "15.94%", "2012-03-31": "14.47%", "2011-12-31": "15.06%", "2011-09-30": "15.22%", "2011-06-30": "14.94%", "2011-03-31": "14.70%", "2010-12-31": "13.82%", "2010-09-30": "13.00%", "2010-06-30": "12.45%", "2010-03-31": "11.58%", "2009-12-31": "11.20%", "2009-09-30": "12.56%", "2009-06-30": "15.48%", "2009-03-31": "16.67%", "2008-12-31": "17.47%", "2008-09-30": "17.73%", "2008-06-30": "16.96%", "2008-03-31": "17.48%", "2007-12-31": "17.67%", "2007-09-30": "17.55%", "2007-06-30": "18.05%", "2007-03-31": "18.09%", "2006-12-31": "17.85%", "2006-09-30": "17.98%", "2006-06-30": "17.38%", "2006-03-31": "16.42%", "2005-12-31": "16.03%"}, "net profit margin": {"2020-12-31": "-12.36%", "2020-09-30": "1.64%", "2020-06-30": "3.24%", "2020-03-31": "4.42%", "2019-12-31": "5.41%", "2019-09-30": "5.43%", "2019-06-30": "6.30%", "2019-03-31": "6.49%", "2018-12-31": "7.18%", "2018-09-30": "8.15%", "2018-06-30": "7.78%", "2018-03-31": "8.01%", "2017-12-31": "8.07%", "2017-09-30": "5.89%", "2017-06-30": "5.35%", "2017-03-31": "4.60%", "2016-12-31": "3.77%", "2016-09-30": "4.36%", "2016-06-30": "4.92%", "2016-03-31": "5.65%", "2015-12-31": "6.48%", "2015-09-30": "6.73%", "2015-06-30": "7.07%", "2015-03-31": "7.60%", "2014-12-31": "7.89%", "2014-09-30": "7.88%", "2014-06-30": "7.74%", "2014-03-31": "7.38%", "2013-12-31": "7.43%", "2013-09-30": "7.74%", "2013-06-30": "8.08%", "2013-03-31": "9.66%", "2012-12-31": "9.34%", "2012-09-30": "9.08%", "2012-06-30": "9.05%", "2012-03-31": "8.03%", "2011-12-31": "8.44%", "2011-09-30": "8.70%", "2011-06-30": "8.62%", "2011-03-31": "8.55%", "2010-12-31": "7.95%", "2010-09-30": "7.41%", "2010-06-30": "6.94%", "2010-03-31": "6.24%", "2009-12-31": "6.21%", "2009-09-30": "6.89%", "2009-06-30": "8.63%", "2009-03-31": "9.16%", "2008-12-31": "9.47%", "2008-09-30": "9.63%", "2008-06-30": "9.21%", "2008-03-31": "9.72%", "2007-12-31": "10.04%", "2007-09-30": "10.37%", "2007-06-30": "10.74%", "2007-03-31": "10.74%", "2006-12-31": "10.46%", "2006-09-30": "10.33%", "2006-06-30": "10.15%", "2006-03-31": "9.71%", "2005-12-31": "9.75%"}, "pe ratio": {"current": "0.00", "2021-02-05": "0.00", "2020-12-31": "0.00", "2020-09-30": "43.00", "2020-06-30": "25.50", "2020-03-31": "13.36", "2019-12-31": "19.23", "2019-09-30": "18.78", "2019-06-30": "16.68", "2019-03-31": "16.63", "2018-12-31": "12.35", "2018-09-30": "13.67", "2018-06-30": "14.59", "2018-03-31": "13.41", "2017-12-31": "15.33", "2017-09-30": "22.45", "2017-06-30": "24.27", "2017-03-31": "28.19", "2016-12-31": "39.24", "2016-09-30": "33.04", "2016-06-30": "29.88", "2016-03-31": "21.41", "2015-12-31": "15.98", "2015-09-30": "12.27", "2015-06-30": "11.47", "2015-03-31": "9.79", "2014-12-31": "9.28", "2014-09-30": "8.96", "2014-06-30": "9.65", "2014-03-31": "9.93", "2013-12-31": "10.19", "2013-09-30": "8.28", "2013-06-30": "8.31", "2013-03-31": "6.67", "2012-12-31": "6.44", "2012-09-30": "6.93", "2012-06-30": "6.41", "2012-03-31": "7.42", "2011-12-31": "7.09", "2011-09-30": "6.12", "2011-06-30": "7.43", "2011-03-31": "8.27", "2010-12-31": "8.08", "2010-09-30": "7.49", "2010-06-30": "7.47", "2010-03-31": "10.28", "2009-12-31": "11.47", "2009-09-30": "10.72", "2009-06-30": "7.53", "2009-03-31": "5.93", "2008-12-31": "6.03", "2008-09-30": "5.47", "2008-06-30": "7.06", "2008-03-31": "7.09", "2007-12-31": "8.26", "2007-09-30": "8.56", "2007-06-30": "7.65", "2007-03-31": "6.96", "2006-12-31": "7.30"}, "price sales": {"2021-02-05": "1.18", "2020-12-31": "0.97", "2020-09-30": "0.71", "2020-06-30": "0.83", "2020-03-31": "0.59", "2019-12-31": "1.04", "2019-09-30": "1.02", "2019-06-30": "1.05", "2019-03-31": "1.08", "2018-12-31": "0.89", "2018-09-30": "1.11", "2018-06-30": "1.13", "2018-03-31": "1.07", "2017-12-31": "1.24", "2017-09-30": "1.32", "2017-06-30": "1.30", "2017-03-31": "1.30", "2016-12-31": "1.48", "2016-09-30": "1.44", "2016-06-30": "1.47", "2016-03-31": "1.21", "2015-12-31": "1.04", "2015-09-30": "0.83", "2015-06-30": "0.81", "2015-03-31": "0.75", "2014-12-31": "0.74", "2014-09-30": "0.71", "2014-06-30": "0.75", "2014-03-31": "0.74", "2013-12-31": "0.76", "2013-09-30": "0.64", "2013-06-30": "0.68", "2013-03-31": "0.65", "2012-12-31": "0.60", "2012-09-30": "0.63", "2012-06-30": "0.58", "2012-03-31": "0.60", "2011-12-31": "0.60", "2011-09-30": "0.53", "2011-06-30": "0.64", "2011-03-31": "0.70", "2010-12-31": "0.64", "2010-09-30": "0.56", "2010-06-30": "0.52", "2010-03-31": "0.64", "2009-12-31": "0.71", "2009-09-30": "0.74", "2009-06-30": "0.65", "2009-03-31": "0.55", "2008-12-31": "0.58", "2008-09-30": "0.53", "2008-06-30": "0.65", "2008-03-31": "0.69", "2007-12-31": "0.83", "2007-09-30": "0.89", "2007-06-30": "0.83", "2007-03-31": "0.75", "2006-12-31": "0.77"}, "price book": {"current": "1.14", "2021-02-05": "1.14", "2020-09-30": "0.77", "2020-06-30": "0.97", "2020-03-31": "0.80", "2019-12-31": "1.38", "2019-09-30": "1.39", "2019-06-30": "1.48", "2019-03-31": "1.54", "2018-12-31": "1.29", "2018-09-30": "1.60", "2018-06-30": "1.57", "2018-03-31": "1.39", "2017-12-31": "1.55", "2017-09-30": "1.54", "2017-06-30": "1.53", "2017-03-31": "1.56", "2016-12-31": "1.76", "2016-09-30": "1.66", "2016-06-30": "1.77", "2016-03-31": "1.55", "2015-12-31": "1.45", "2015-09-30": "1.37", "2015-06-30": "1.50", "2015-03-31": "1.54", "2014-12-31": "1.64", "2014-09-30": "1.61", "2014-06-30": "1.72", "2014-03-31": "1.71", "2013-12-31": "1.80", "2013-09-30": "1.58", "2013-06-30": "1.70", "2013-03-31": "1.68", "2012-12-31": "1.64", "2012-09-30": "1.74", "2012-06-30": "1.68", "2012-03-31": "1.75", "2011-12-31": "1.76", "2011-09-30": "1.50", "2011-06-30": "1.70", "2011-03-31": "1.82", "2010-12-31": "1.64", "2010-09-30": "1.41", "2010-06-30": "1.36", "2010-03-31": "1.80", "2009-12-31": "1.87", "2009-09-30": "1.93", "2009-06-30": "2.00", "2009-03-31": "1.96", "2008-12-31": "2.21", "2008-09-30": "2.05", "2008-06-30": "2.37", "2008-03-31": "2.34", "2007-12-31": "2.66", "2007-09-30": "2.72", "2007-06-30": "2.54", "2007-03-31": "2.36", "2006-12-31": "2.43", "2006-09-30": "2.11", "2006-06-30": "1.97", "2006-03-31": "2.04"}, "price fcf": {"2021-02-05": "", "2020-09-30": "$-0.78", "2020-06-30": "$-0.39", "2020-03-31": "$0.60", "2019-12-31": "$1.25", "2019-09-30": "$1.93", "2019-06-30": "$2.65", "2019-03-31": "$3.37", "2018-12-31": "$3.85", "2018-09-30": "$3.95", "2018-06-30": "$3.19", "2018-03-31": "$3.41", "2017-12-31": "$3.45", "2017-09-30": "$3.59", "2017-06-30": "$3.45", "2017-03-31": "$2.62", "2016-12-31": "$1.42", "2016-09-30": "$0.16", "2016-06-30": "$0.35", "2016-03-31": "$0.70", "2015-12-31": "$0.92", "2015-09-30": "$0.98", "2015-06-30": "$1.32", "2015-03-31": "$1.32", "2014-12-31": "$2.84", "2014-09-30": "$3.59", "2014-06-30": "$3.58", "2014-03-31": "$2.98", "2013-12-31": "$2.54", "2013-09-30": "$2.81", "2013-06-30": "$3.03", "2013-03-31": "$3.66", "2012-12-31": "$4.73", "2012-09-30": "$4.48", "2012-06-30": "$4.83", "2012-03-31": "$5.45", "2011-12-31": "$5.00", "2011-09-30": "$5.82", "2011-06-30": "$5.13", "2011-03-31": "$4.83", "2010-12-31": "$4.40", "2010-09-30": "$3.53", "2010-06-30": "$3.35", "2010-03-31": "$1.91", "2009-12-31": "$1.23", "2009-09-30": "$1.81", "2009-06-30": "$3.00", "2009-03-31": "$5.35", "2008-12-31": "$7.74", "2008-09-30": "$7.96", "2008-06-30": "$8.14", "2008-03-31": "$7.83", "2007-12-31": "$6.55", "2007-09-30": "$6.14", "2007-06-30": "$5.95", "2007-03-31": "$5.84", "2006-12-31": "$5.67"}, "net worth": {"value": "$211.2B"}, "current ratio": {"2020-12-31": "0.00", "2020-09-30": "0.86", "2020-06-30": "0.93", "2020-03-31": "0.78", "2019-12-31": "0.78", "2019-09-30": "0.78", "2019-06-30": "0.74", "2019-03-31": "0.77", "2018-12-31": "0.84", "2018-09-30": "0.83", "2018-06-30": "0.81", "2018-03-31": "0.80", "2017-12-31": "0.82", "2017-09-30": "0.85", "2017-06-30": "0.83", "2017-03-31": "0.81", "2016-12-31": "0.87", "2016-09-30": "0.86", "2016-06-30": "0.89", "2016-03-31": "0.91", "2015-12-31": "0.79", "2015-09-30": "0.86", "2015-06-30": "0.89", "2015-03-31": "0.91", "2014-12-31": "0.82", "2014-09-30": "0.89", "2014-06-30": "0.92", "2014-03-31": "0.88", "2013-12-31": "0.83", "2013-09-30": "0.84", "2013-06-30": "0.87", "2013-03-31": "0.89", "2012-12-31": "1.01", "2012-09-30": "1.03", "2012-06-30": "1.04", "2012-03-31": "0.95", "2011-12-31": "0.94", "2011-09-30": "0.93", "2011-06-30": "0.97", "2011-03-31": "0.98", "2010-12-31": "0.94", "2010-09-30": "1.01", "2010-06-30": "1.08", "2010-03-31": "1.07", "2009-12-31": "1.06", "2009-09-30": "1.08", "2009-06-30": "1.15", "2009-03-31": "1.31", "2008-12-31": "1.47", "2008-09-30": "1.42", "2008-06-30": "1.35", "2008-03-31": "1.38", "2007-12-31": "1.47", "2007-09-30": "1.52", "2007-06-30": "1.56", "2007-03-31": "1.54", "2006-12-31": "1.55", "2006-09-30": "1.49", "2006-06-30": "1.57", "2006-03-31": "1.53", "2005-12-31": "1.58", "2005-09-30": "1.47", "2005-06-30": "1.49", "2005-03-31": "1.44"}, "quick ratio": {"2020-12-31": "0.00", "2020-09-30": "0.55", "2020-06-30": "0.58", "2020-03-31": "0.52", "2019-12-31": "0.49", "2019-09-30": "0.51", "2019-06-30": "0.47", "2019-03-31": "0.50", "2018-12-31": "0.51", "2018-09-30": "0.54", "2018-06-30": "0.51", "2018-03-31": "0.50", "2017-12-31": "0.52", "2017-09-30": "0.54", "2017-06-30": "0.53", "2017-03-31": "0.53", "2016-12-31": "0.55", "2016-09-30": "0.55", "2016-06-30": "0.58", "2016-03-31": "0.58", "2015-12-31": "0.49", "2015-09-30": "0.56", "2015-06-30": "0.60", "2015-03-31": "0.62", "2014-12-31": "0.56", "2014-09-30": "0.62", "2014-06-30": "0.66", "2014-03-31": "0.62", "2013-12-31": "0.60", "2013-09-30": "0.61", "2013-06-30": "0.63", "2013-03-31": "0.66", "2012-12-31": "0.78", "2012-09-30": "0.79", "2012-06-30": "0.82", "2012-03-31": "0.77", "2011-12-31": "0.75", "2011-09-30": "0.70", "2011-06-30": "0.72", "2011-03-31": "0.76", "2010-12-31": "0.74", "2010-09-30": "0.78", "2010-06-30": "0.84", "2010-03-31": "0.84", "2009-12-31": "0.84", "2009-09-30": "0.85", "2009-06-30": "0.91", "2009-03-31": "1.05", "2008-12-31": "1.24", "2008-09-30": "1.18", "2008-06-30": "1.14", "2008-03-31": "1.16", "2007-12-31": "1.28", "2007-09-30": "1.29", "2007-06-30": "1.31", "2007-03-31": "1.29", "2006-12-31": "1.33", "2006-09-30": "1.26", "2006-06-30": "1.34", "2006-03-31": "1.30", "2005-12-31": "1.38", "2005-09-30": "1.25", "2005-06-30": "1.27", "2005-03-31": "1.22"}, "debt equity ratio": {"current": "0.25", "2020-12-31": "0.00", "2020-09-30": "0.94", "2020-06-30": "0.93", "2020-03-31": "0.89", "2019-12-31": "0.82", "2019-09-30": "0.82", "2019-06-30": "0.82", "2019-03-31": "0.80", "2018-12-31": "0.74", "2018-09-30": "0.80", "2018-06-30": "0.80", "2018-03-31": "0.79", "2017-12-31": "0.79", "2017-09-30": "0.85", "2017-06-30": "0.85", "2017-03-31": "0.87", "2016-12-31": "0.90", "2016-09-30": "0.92", "2016-06-30": "0.94", "2016-03-31": "0.92", "2015-12-31": "0.91", "2015-09-30": "0.93", "2015-06-30": "0.95", "2015-03-31": "0.93", "2014-12-31": "0.93", "2014-09-30": "0.88", "2014-06-30": "0.91", "2014-03-31": "0.93", "2013-12-31": "0.92", "2013-09-30": "0.98", "2013-06-30": "0.99", "2013-03-31": "0.96", "2012-12-31": "0.95", "2012-09-30": "0.95", "2012-06-30": "0.96", "2012-03-31": "1.10", "2011-12-31": "1.06", "2011-09-30": "0.99", "2011-06-30": "1.02", "2011-03-31": "1.03", "2010-12-31": "0.98", "2010-09-30": "0.99", "2010-06-30": "1.00", "2010-03-31": "1.06", "2009-12-31": "1.02", "2009-09-30": "1.05", "2009-06-30": "1.02", "2009-03-31": "1.00", "2008-12-31": "0.94", "2008-09-30": "1.05", "2008-06-30": "1.14", "2008-03-31": "1.10", "2007-12-31": "0.99", "2007-09-30": "1.00", "2007-06-30": "0.96", "2007-03-31": "0.96", "2006-12-31": "0.92", "2006-09-30": "0.92", "2006-06-30": "0.91", "2006-03-31": "0.92", "2005-12-31": "0.87", "2005-09-30": "0.94", "2005-06-30": "0.93", "2005-03-31": "0.94"}, "return on equity": {"2020-12-31": "-16.01%", "2020-09-30": "1.75%", "2020-06-30": "3.72%", "2020-03-31": "5.81%", "2019-12-31": "7.24%", "2019-09-30": "7.40%", "2019-06-30": "8.95%", "2019-03-31": "9.42%", "2018-12-31": "10.64%", "2018-09-30": "11.91%", "2018-06-30": "10.85%", "2018-03-31": "10.65%", "2017-12-31": "10.47%", "2017-09-30": "7.10%", "2017-06-30": "6.49%", "2017-03-31": "5.64%", "2016-12-31": "4.44%", "2016-09-30": "5.04%", "2016-06-30": "5.94%", "2016-03-31": "7.32%", "2015-12-31": "9.10%", "2015-09-30": "11.17%", "2015-06-30": "13.11%", "2015-03-31": "15.45%", "2014-12-31": "17.59%", "2014-09-30": "18.57%", "2014-06-30": "18.76%", "2014-03-31": "18.12%", "2013-12-31": "18.60%", "2013-09-30": "19.76%", "2013-06-30": "20.84%", "2013-03-31": "26.23%", "2012-12-31": "26.55%", "2012-09-30": "26.66%", "2012-06-30": "27.53%", "2012-03-31": "24.57%", "2011-12-31": "25.57%", "2011-09-30": "25.80%", "2011-06-30": "24.37%", "2011-03-31": "22.97%", "2010-12-31": "21.51%", "2010-09-30": "20.61%", "2010-06-30": "20.09%", "2010-03-31": "18.43%", "2009-12-31": "17.14%", "2009-09-30": "18.62%", "2009-06-30": "26.78%", "2009-03-31": "32.47%", "2008-12-31": "36.86%", "2008-09-30": "39.64%", "2008-06-30": "35.75%", "2008-03-31": "35.19%", "2007-12-31": "34.50%", "2007-09-30": "33.87%", "2007-06-30": "34.96%", "2007-03-31": "35.09%", "2006-12-31": "34.45%", "2006-09-30": "35.05%", "2006-06-30": "35.22%", "2006-03-31": "33.63%", "2005-12-31": "33.82%"}, "return on assets": {"2020-12-31": "-8.35%", "2020-09-30": "0.92%", "2020-06-30": "1.99%", "2020-03-31": "3.16%", "2019-12-31": "3.99%", "2019-09-30": "4.12%", "2019-06-30": "5.00%", "2019-03-31": "5.28%", "2018-12-31": "5.96%", "2018-09-30": "6.63%", "2018-06-30": "6.00%", "2018-03-31": "5.86%", "2017-12-31": "5.69%", "2017-09-30": "3.81%", "2017-06-30": "3.45%", "2017-03-31": "2.96%", "2016-12-31": "2.31%", "2016-09-30": "2.63%", "2016-06-30": "3.09%", "2016-03-31": "3.81%", "2015-12-31": "4.72%", "2015-09-30": "5.77%", "2015-06-30": "6.82%", "2015-03-31": "8.08%", "2014-12-31": "9.20%", "2014-09-30": "9.72%", "2014-06-30": "9.70%", "2014-03-31": "9.27%", "2013-12-31": "9.47%", "2013-09-30": "10.03%", "2013-06-30": "10.63%", "2013-03-31": "13.43%", "2012-12-31": "13.36%", "2012-09-30": "13.22%", "2012-06-30": "13.57%", "2012-03-31": "12.03%", "2011-12-31": "12.63%", "2011-09-30": "12.87%", "2011-06-30": "12.15%", "2011-03-31": "11.48%", "2010-12-31": "10.72%", "2010-09-30": "10.22%", "2010-06-30": "9.89%", "2010-03-31": "9.04%", "2009-12-31": "8.48%", "2009-09-30": "9.31%", "2009-06-30": "13.38%", "2009-03-31": "15.98%", "2008-12-31": "17.92%", "2008-09-30": "19.18%", "2008-06-30": "17.39%", "2008-03-31": "17.50%", "2007-12-31": "17.46%", "2007-09-30": "17.28%", "2007-06-30": "18.01%", "2007-03-31": "18.20%", "2006-12-31": "17.96%", "2006-09-30": "18.39%", "2006-06-30": "18.43%", "2006-03-31": "17.55%", "2005-12-31": "17.60%"}, "return on investments": {"2020-12-31": "-16.85%", "2020-09-30": "1.82%", "2020-06-30": "4.09%", "2020-03-31": "7.00%", "2019-12-31": "9.09%", "2019-09-30": "9.93%", "2019-06-30": "12.00%", "2019-03-31": "12.91%", "2018-12-31": "14.29%", "2018-09-30": "11.94%", "2018-06-30": "10.36%", "2018-03-31": "9.31%", "2017-12-31": "8.76%", "2017-09-30": "7.78%", "2017-06-30": "6.72%", "2017-03-31": "5.90%", "2016-12-31": "3.87%", "2016-09-30": "4.89%", "2016-06-30": "6.19%", "2016-03-31": "8.53%", "2015-12-31": "11.14%", "2015-09-30": "14.36%", "2015-06-30": "18.21%", "2015-03-31": "21.83%", "2014-12-31": "26.25%", "2014-09-30": "29.43%", "2014-06-30": "30.46%", "2014-03-31": "30.58%", "2013-12-31": "31.63%", "2013-09-30": "33.62%", "2013-06-30": "35.43%", "2013-03-31": "43.02%", "2012-12-31": "44.29%", "2012-09-30": "44.51%", "2012-06-30": "45.92%", "2012-03-31": "41.72%", "2011-12-31": "42.75%", "2011-09-30": "42.07%", "2011-06-30": "38.97%", "2011-03-31": "36.06%", "2010-12-31": "34.26%", "2010-09-30": "33.22%", "2010-06-30": "33.39%", "2010-03-31": "32.17%", "2009-12-31": "29.07%", "2009-09-30": "31.94%", "2009-06-30": "45.24%", "2009-03-31": "55.75%", "2008-12-31": "64.18%", "2008-09-30": "68.93%", "2008-06-30": "62.20%", "2008-03-31": "59.76%", "2007-12-31": "57.36%", "2007-09-30": "54.14%", "2007-06-30": "55.57%", "2007-03-31": "55.91%", "2006-12-31": "55.66%", "2006-09-30": "57.80%", "2006-06-30": "57.11%", "2006-03-31": "53.81%", "2005-12-31": "52.73%"}, "return on tangible equity": {"2020-09-30": "1.75%", "2020-06-30": "3.72%", "2020-03-31": "5.81%", "2019-12-31": "7.24%", "2019-09-30": "7.40%", "2019-06-30": "8.95%", "2019-03-31": "9.42%", "2018-12-31": "10.64%", "2018-09-30": "11.91%", "2018-06-30": "10.85%", "2018-03-31": "10.65%", "2017-12-31": "10.47%", "2017-09-30": "7.10%", "2017-06-30": "6.49%", "2017-03-31": "5.64%", "2016-12-31": "4.44%", "2016-09-30": "5.04%", "2016-06-30": "5.94%", "2016-03-31": "7.32%", "2015-12-31": "9.10%", "2015-09-30": "11.17%", "2015-06-30": "13.11%", "2015-03-31": "15.45%", "2014-12-31": "17.59%", "2014-09-30": "18.57%", "2014-06-30": "18.76%", "2014-03-31": "18.12%", "2013-12-31": "18.60%", "2013-09-30": "19.76%", "2013-06-30": "20.84%", "2013-03-31": "26.23%", "2012-12-31": "26.55%", "2012-09-30": "26.66%", "2012-06-30": "27.53%", "2012-03-31": "24.57%", "2011-12-31": "25.57%", "2011-09-30": "25.80%", "2011-06-30": "24.37%", "2011-03-31": "22.97%", "2010-12-31": "21.51%", "2010-09-30": "20.61%", "2010-06-30": "20.09%", "2010-03-31": "18.43%", "2009-12-31": "17.14%", "2009-09-30": "18.62%", "2009-06-30": "26.78%", "2009-03-31": "32.47%", "2008-12-31": "36.86%", "2008-09-30": "39.64%", "2008-06-30": "35.75%", "2008-03-31": "35.19%", "2007-12-31": "34.50%", "2007-09-30": "33.87%", "2007-06-30": "34.96%", "2007-03-31": "35.09%", "2006-12-31": "34.45%", "2006-09-30": "35.05%", "2006-06-30": "35.22%", "2006-03-31": "33.63%", "2005-12-31": "33.82%"}, "dividend yield history": {"last payout": "$3.48", "last yield": "6.97%"}}