{"ticker": "F", "price": {"title": "Ford Motor Historical Annual Stock Price Data", "value": 11.45, "historical": {"2021": {"Average Stock Price": "10.4946", "Year Open": "8.5200", "Year High": "11.9300", "Year Low": "8.5200", "Year Close": "11.4500", "Annual % Change": "30.26%"}, "2020": {"Average Stock Price": "7.0464", "Year Open": "9.4200", "Year High": "9.4500", "Year Low": "4.0100", "Year Close": "8.7900", "Annual % Change": "-5.48%"}, "2019": {"Average Stock Price": "9.2387", "Year Open": "7.9000", "Year High": "10.5100", "Year Low": "7.7800", "Year Close": "9.3000", "Annual % Change": "21.57%"}, "2018": {"Average Stock Price": "10.4074", "Year Open": "12.6600", "Year High": "13.2300", "Year Low": "7.6300", "Year Close": "7.6500", "Annual % Change": "-38.75%"}, "2017": {"Average Stock Price": "11.7927", "Year Open": "12.5900", "Year High": "13.1700", "Year Low": "10.5600", "Year Close": "12.4900", "Annual % Change": "2.97%"}, "2016": {"Average Stock Price": "12.6310", "Year Open": "13.9700", "Year High": "14.0900", "Year Low": "11.1700", "Year Close": "12.1300", "Annual % Change": "-13.91%"}, "2015": {"Average Stock Price": "15.0027", "Year Open": "15.3600", "Year High": "16.5700", "Year Low": "12.9000", "Year Close": "14.0900", "Annual % Change": "-9.10%"}, "2014": {"Average Stock Price": "15.8944", "Year Open": "15.4400", "Year High": "17.8400", "Year Low": "13.5400", "Year Close": "15.5000", "Annual % Change": "0.45%"}, "2013": {"Average Stock Price": "15.3438", "Year Open": "13.2000", "Year High": "17.7600", "Year Low": "12.1300", "Year Close": "15.4300", "Annual % Change": "19.15%"}, "2012": {"Average Stock Price": "10.9573", "Year Open": "11.1300", "Year High": "12.9600", "Year Low": "8.9200", "Year Close": "12.9500", "Annual % Change": "20.35%"}, "2011": {"Average Stock Price": "13.1942", "Year Open": "17.2500", "Year High": "18.7900", "Year Low": "9.3700", "Year Close": "10.7600", "Annual % Change": "-35.91%"}, "2010": {"Average Stock Price": "12.9322", "Year Open": "10.2800", "Year High": "17.0000", "Year Low": "9.8800", "Year Close": "16.7900", "Annual % Change": "67.90%"}, "2009": {"Average Stock Price": "5.7666", "Year Open": "2.4600", "Year High": "10.2000", "Year Low": "1.5800", "Year Close": "10.0000", "Annual % Change": "336.68%"}, "2008": {"Average Stock Price": "5.0846", "Year Open": "6.6000", "Year High": "8.4800", "Year Low": "1.2600", "Year Close": "2.2900", "Annual % Change": "-65.97%"}, "2007": {"Average Stock Price": "8.1386", "Year Open": "7.5100", "Year High": "9.6400", "Year Low": "6.7000", "Year Close": "6.7300", "Annual % Change": "-10.39%"}, "2006": {"Average Stock Price": "7.6951", "Year Open": "7.8300", "Year High": "9.1900", "Year Low": "6.1900", "Year Close": "7.5100", "Annual % Change": "-2.72%"}, "2005": {"Average Stock Price": "10.3745", "Year Open": "14.7100", "Year High": "14.7100", "Year Low": "7.6500", "Year Close": "7.7200", "Annual % Change": "-47.27%"}, "2004": {"Average Stock Price": "14.4137", "Year Open": "16.0800", "Year High": "17.1000", "Year Low": "12.7000", "Year Close": "14.6400", "Annual % Change": "-8.50%"}, "2003": {"Average Stock Price": "10.7403", "Year Open": "9.9400", "Year High": "16.7900", "Year Low": "6.6000", "Year Close": "16.0000", "Annual % Change": "72.04%"}, "2002": {"Average Stock Price": "13.2212", "Year Open": "16.2200", "Year High": "18.1900", "Year Low": "7.1500", "Year Close": "9.3000", "Annual % Change": "-40.84%"}, "2001": {"Average Stock Price": "23.4112", "Year Open": "24.3100", "Year High": "30.7100", "Year Low": "14.9300", "Year Close": "15.7200", "Annual % Change": "-32.94%"}, "2000": {"Average Stock Price": "28.5730", "Year Open": "33.3418", "Year High": "36.3208", "Year Low": "22.1300", "Year Close": "23.4400", "Annual % Change": "-30.92%"}, "1999": {"Average Stock Price": "35.3483", "Year Open": "36.7600", "Year High": "42.4507", "Year Low": "29.5226", "Year Close": "33.9338", "Annual % Change": "-9.17%"}, "1998": {"Average Stock Price": "33.5060", "Year Open": "30.7129", "Year High": "41.6932", "Year Low": "25.3024", "Year Close": "37.3584", "Annual % Change": "20.86%"}, "1997": {"Average Stock Price": "25.0279", "Year Open": "20.2864", "Year High": "31.7441", "Year Low": "19.5735", "Year Close": "30.9102", "Annual % Change": "50.57%"}, "1996": {"Average Stock Price": "20.7545", "Year Open": "18.6951", "Year High": "23.7110", "Year Low": "17.4220", "Year Close": "20.5283", "Annual % Change": "11.71%"}, "1995": {"Average Stock Price": "18.2058", "Year Open": "17.7403", "Year High": "20.9230", "Year Low": "15.7543", "Year Close": "18.3768", "Annual % Change": "3.59%"}, "1994": {"Average Stock Price": "18.9868", "Year Open": "20.1687", "Year High": "22.1197", "Year Low": "16.3908", "Year Close": "17.7403", "Annual % Change": "-13.58%"}, "1993": {"Average Stock Price": "17.1190", "Year Open": "14.0038", "Year High": "20.8848", "Year Low": "14.0038", "Year Close": "20.5283", "Annual % Change": "50.45%"}, "1992": {"Average Stock Price": "12.8140", "Year Open": "9.2680", "Year High": "15.3151", "Year Low": "9.2680", "Year Close": "13.6442", "Annual % Change": "52.45%"}, "1991": {"Average Stock Price": "9.7632", "Year Open": "8.3546", "Year High": "12.0146", "Year Low": "7.5589", "Year Close": "8.9497", "Annual % Change": "5.63%"}, "1990": {"Average Stock Price": "12.5840", "Year Open": "14.4017", "Year High": "15.5156", "Year Low": "8.0363", "Year Close": "8.4723", "Annual % Change": "-38.97%"}, "1989": {"Average Stock Price": "15.7162", "Year Open": "16.0312", "Year High": "17.8612", "Year Low": "13.2463", "Year Close": "13.8829", "Annual % Change": "-13.62%"}, "1988": {"Average Stock Price": "15.4293", "Year Open": "12.5318", "Year High": "17.3838", "Year Low": "12.2724", "Year Close": "16.0726", "Annual % Change": "34.01%"}, "1987": {"Average Stock Price": "13.9595", "Year Open": "9.1709", "Year High": "17.7642", "Year Low": "9.1709", "Year Close": "11.9940", "Annual % Change": "33.99%"}, "1986": {"Average Stock Price": "8.4303", "Year Open": "6.1001", "Year High": "10.0461", "Year Low": "5.8349", "Year Close": "8.9513", "Annual % Change": "45.47%"}, "1985": {"Average Stock Price": "4.8793", "Year Open": "4.7337", "Year High": "6.2328", "Year Low": "4.2563", "Year Close": "6.1532", "Annual % Change": "27.14%"}, "1984": {"Average Stock Price": "4.3525", "Year Open": "4.4961", "Year High": "5.3575", "Year Low": "3.5275", "Year Close": "4.8398", "Annual % Change": "7.64%"}, "1983": {"Average Stock Price": "3.7613", "Year Open": "2.6876", "Year High": "4.8978", "Year Low": "2.5193", "Year Close": "4.4961", "Annual % Change": "63.55%"}, "1982": {"Average Stock Price": "1.7595", "Year Open": "1.2200", "Year High": "2.9083", "Year Low": "1.2108", "Year Close": "2.7491", "Annual % Change": "132.05%"}, "1981": {"Average Stock Price": "1.4545", "Year Open": "1.4591", "Year High": "1.7858", "Year Low": "1.1231", "Year Close": "1.1847", "Annual % Change": "-16.25%"}, "1980": {"Average Stock Price": "1.8998", "Year Open": "2.2456", "Year High": "2.5285", "Year Low": "1.2992", "Year Close": "1.4145", "Annual % Change": "-37.50%"}, "1979": {"Average Stock Price": "2.8959", "Year Open": "2.9974", "Year High": "3.2004", "Year Low": "2.1480", "Year Close": "2.2632", "Annual % Change": "-24.03%"}, "1978": {"Average Stock Price": "3.1707", "Year Open": "3.1735", "Year High": "3.6424", "Year Low": "2.7583", "Year Close": "2.9790", "Annual % Change": "-7.93%"}, "1977": {"Average Stock Price": "3.1784", "Year Open": "3.4656", "Year High": "3.4656", "Year Low": "2.9267", "Year Close": "3.2357", "Annual % Change": "-7.01%"}, "1976": {"Average Stock Price": "3.1610", "Year Open": "2.4964", "Year High": "3.4797", "Year Low": "2.4964", "Year Close": "3.4797", "Annual % Change": "39.77%"}, "1975": {"Average Stock Price": "2.1623", "Year Open": "1.9164", "Year High": "2.5394", "Year Low": "1.8389", "Year Close": "2.4896", "Annual % Change": "31.86%"}, "1974": {"Average Stock Price": "2.4440", "Year Open": "2.2915", "Year High": "3.0554", "Year Low": "1.6550", "Year Close": "1.8881", "Annual % Change": "-17.60%"}, "1973": {"Average Stock Price": "3.3048", "Year Open": "4.4699", "Year High": "4.5616", "Year Low": "2.2067", "Year Close": "2.2915", "Annual % Change": "-49.13%"}}}, "market cap": {"value": "$47.46B"}, "income statement": {"Revenue": {"2020-12-31": "127144.00000", "2019-12-31": "155900.00000", "2018-12-31": "160338.00000", "2017-12-31": "156776.00000", "2016-12-31": "151800.00000", "2015-12-31": "149558.00000", "2014-12-31": "144077.00000", "2013-12-31": "146917.00000", "2012-12-31": "133559.00000", "2011-12-31": "135605.00000", "2010-12-31": "128954.00000", "2009-12-31": "116283.00000", "2008-12-31": "143584.00000", "2007-12-31": "170572.00000", "2006-12-31": "160065.00000", "2005-12-31": "176835.00000"}, "Cost Of Goods Sold": {"2020-12-31": "112752.00000", "2019-12-31": "134693.00000", "2018-12-31": "136269.00000", "2017-12-31": "131321.00000", "2016-12-31": "126195.00000", "2015-12-31": "124446.00000", "2014-12-31": "125025.00000", "2013-12-31": "120190.00000", "2012-12-31": "113039.00000", "2011-12-31": "113611.00000", "2010-12-31": "104451.00000", "2009-12-31": "98866.00000", "2008-12-31": "126620.00000", "2007-12-31": "142587.00000", "2006-12-31": "148866.00000", "2005-12-31": "144920.00000"}, "Gross Profit": {"2020-12-31": "14392.00000", "2019-12-31": "21207.00000", "2018-12-31": "24069.00000", "2017-12-31": "25455.00000", "2016-12-31": "25605.00000", "2015-12-31": "25112.00000", "2014-12-31": "19052.00000", "2013-12-31": "26727.00000", "2012-12-31": "20520.00000", "2011-12-31": "21994.00000", "2010-12-31": "24503.00000", "2009-12-31": "17417.00000", "2008-12-31": "16964.00000", "2007-12-31": "27985.00000", "2006-12-31": "11199.00000", "2005-12-31": "31915.00000"}, "Research And Development Expenses": {"2020-12-31": "", "2019-12-31": "", "2018-12-31": "", "2017-12-31": "", "2016-12-31": "", "2015-12-31": "", "2014-12-31": "", "2013-12-31": "", "2012-12-31": "", "2011-12-31": "", "2010-12-31": "", "2009-12-31": "", "2008-12-31": "", "2007-12-31": "", "2006-12-31": "", "2005-12-31": ""}, "SG&A Expenses": {"2020-12-31": "18800.00000", "2019-12-31": "20633.00000", "2018-12-31": "20866.00000", "2017-12-31": "20574.00000", "2016-12-31": "19819.00000", "2015-12-31": "10763.00000", "2014-12-31": "11842.00000", "2013-12-31": "10850.00000", "2012-12-31": "11529.00000", "2011-12-31": "10884.00000", "2010-12-31": "11909.00000", "2009-12-31": "13029.00000", "2008-12-31": "21065.00000", "2007-12-31": "21169.00000", "2006-12-31": "19148.00000", "2005-12-31": "24588.00000"}, "Other Operating Income Or Expenses": {"2020-12-31": "", "2019-12-31": "", "2018-12-31": "", "2017-12-31": "", "2016-12-31": "", "2015-12-31": "", "2014-12-31": "", "2013-12-31": "-208.00000", "2012-12-31": "-77.00000", "2011-12-31": "36.00000", "2010-12-31": "216.00000", "2009-12-31": "-1030.00000", "2008-12-31": "-1874.00000", "2007-12-31": "-668.00000", "2006-12-31": "-241.00000", "2005-12-31": "-483.00000"}, "Operating Expenses": {"2020-12-31": "131552.00000", "2019-12-31": "155326.00000", "2018-12-31": "157135.00000", "2017-12-31": "151895.00000", "2016-12-31": "146014.00000", "2015-12-31": "135209.00000", "2014-12-31": "136867.00000", "2013-12-31": "131248.00000", "2012-12-31": "124645.00000", "2011-12-31": "124459.00000", "2010-12-31": "116144.00000", "2009-12-31": "112925.00000", "2008-12-31": "149559.00000", "2007-12-31": "166824.00000", "2006-12-31": "168255.00000", "2005-12-31": "169991.00000"}, "Operating Income": {"2020-12-31": "-4408.00000", "2019-12-31": "574.00000", "2018-12-31": "3203.00000", "2017-12-31": "4881.00000", "2016-12-31": "5786.00000", "2015-12-31": "14349.00000", "2014-12-31": "7210.00000", "2013-12-31": "15669.00000", "2012-12-31": "8914.00000", "2011-12-31": "11146.00000", "2010-12-31": "12810.00000", "2009-12-31": "3358.00000", "2008-12-31": "-5975.00000", "2007-12-31": "3748.00000", "2006-12-31": "-8190.00000", "2005-12-31": "6844.00000"}, "Total Non-Operating Income/Expense": {"2020-12-31": "3292.00000", "2019-12-31": "-1214.00000", "2018-12-31": "1142.00000", "2017-12-31": "3278.00000", "2016-12-31": "998.00000", "2015-12-31": "-4097.00000", "2014-12-31": "-5976.00000", "2013-12-31": "-1298.00000", "2012-12-31": "-1276.00000", "2011-12-31": "-2465.00000", "2010-12-31": "-5661.00000", "2009-12-31": "-759.00000", "2008-12-31": "-8920.00000", "2007-12-31": "-7605.00000", "2006-12-31": "-6884.00000", "2005-12-31": "-5790.00000"}, "Pre-Tax Income": {"2020-12-31": "-1116.00000", "2019-12-31": "-640.00000", "2018-12-31": "4345.00000", "2017-12-31": "8159.00000", "2016-12-31": "6784.00000", "2015-12-31": "10252.00000", "2014-12-31": "1234.00000", "2013-12-31": "14371.00000", "2012-12-31": "7638.00000", "2011-12-31": "8681.00000", "2010-12-31": "7149.00000", "2009-12-31": "2599.00000", "2008-12-31": "-14895.00000", "2007-12-31": "-3857.00000", "2006-12-31": "-15074.00000", "2005-12-31": "1054.00000"}, "Income Taxes": {"2020-12-31": "160.00000", "2019-12-31": "-724.00000", "2018-12-31": "650.00000", "2017-12-31": "402.00000", "2016-12-31": "2184.00000", "2015-12-31": "2881.00000", "2014-12-31": "4.00000", "2013-12-31": "2425.00000", "2012-12-31": "2026.00000", "2011-12-31": "-11541.00000", "2010-12-31": "592.00000", "2009-12-31": "-113.00000", "2008-12-31": "-62.00000", "2007-12-31": "-1333.00000", "2006-12-31": "-2655.00000", "2005-12-31": "-855.00000"}, "Income After Taxes": {"2020-12-31": "-1276.00000", "2019-12-31": "84.00000", "2018-12-31": "3695.00000", "2017-12-31": "7757.00000", "2016-12-31": "4600.00000", "2015-12-31": "7371.00000", "2014-12-31": "1230.00000", "2013-12-31": "11946.00000", "2012-12-31": "5612.00000", "2011-12-31": "20222.00000", "2010-12-31": "6557.00000", "2009-12-31": "2712.00000", "2008-12-31": "-14833.00000", "2007-12-31": "-2524.00000", "2006-12-31": "-12419.00000", "2005-12-31": "1909.00000"}, "Other Income": {"2020-12-31": "", "2019-12-31": "", "2018-12-31": "", "2017-12-31": "", "2016-12-31": "", "2015-12-31": "", "2014-12-31": "", "2013-12-31": "", "2012-12-31": "", "2011-12-31": "", "2010-12-31": "", "2009-12-31": "", "2008-12-31": "", "2007-12-31": "", "2006-12-31": "", "2005-12-31": ""}, "Income From Continuous Operations": {"2020-12-31": "-1276.00000", "2019-12-31": "84.00000", "2018-12-31": "3695.00000", "2017-12-31": "7757.00000", "2016-12-31": "4600.00000", "2015-12-31": "7371.00000", "2014-12-31": "1230.00000", "2013-12-31": "11946.00000", "2012-12-31": "5612.00000", "2011-12-31": "20222.00000", "2010-12-31": "6557.00000", "2009-12-31": "2712.00000", "2008-12-31": "-14833.00000", "2007-12-31": "-2524.00000", "2006-12-31": "-12629.00000", "2005-12-31": "1629.00000"}, "Income From Discontinued Operations": {"2020-12-31": "", "2019-12-31": "", "2018-12-31": "", "2017-12-31": "", "2016-12-31": "", "2015-12-31": "", "2014-12-31": "", "2013-12-31": "", "2012-12-31": "", "2011-12-31": "", "2010-12-31": "", "2009-12-31": "5.00000", "2008-12-31": "9.00000", "2007-12-31": "41.00000", "2006-12-31": "16.00000", "2005-12-31": "62.00000"}, "Net Income": {"2020-12-31": "-1279.00000", "2019-12-31": "47.00000", "2018-12-31": "3677.00000", "2017-12-31": "7731.00000", "2016-12-31": "4589.00000", "2015-12-31": "7373.00000", "2014-12-31": "1231.00000", "2013-12-31": "11953.00000", "2012-12-31": "5613.00000", "2011-12-31": "20213.00000", "2010-12-31": "6561.00000", "2009-12-31": "2717.00000", "2008-12-31": "-14766.00000", "2007-12-31": "-2795.00000", "2006-12-31": "-12613.00000", "2005-12-31": "1440.00000"}, "EBITDA": {"2020-12-31": "3049.00000", "2019-12-31": "9064.00000", "2018-12-31": "11616.00000", "2017-12-31": "13453.00000", "2016-12-31": "14503.00000", "2015-12-31": "22315.00000", "2014-12-31": "14633.00000", "2013-12-31": "22213.00000", "2012-12-31": "14214.00000", "2011-12-31": "15402.00000", "2010-12-31": "18394.00000", "2009-12-31": "9938.00000", "2008-12-31": "6280.00000", "2007-12-31": "19995.00000", "2006-12-31": "4529.00000", "2005-12-31": "20909.00000"}, "EBIT": {"2020-12-31": "-4408.00000", "2019-12-31": "574.00000", "2018-12-31": "3203.00000", "2017-12-31": "4881.00000", "2016-12-31": "5786.00000", "2015-12-31": "14349.00000", "2014-12-31": "7210.00000", "2013-12-31": "15669.00000", "2012-12-31": "8914.00000", "2011-12-31": "11146.00000", "2010-12-31": "12810.00000", "2009-12-31": "3358.00000", "2008-12-31": "-5975.00000", "2007-12-31": "3748.00000", "2006-12-31": "-8190.00000", "2005-12-31": "6844.00000"}, "Basic Shares Outstanding": {"2020-12-31": "3973.00000", "2019-12-31": "3972.00000", "2018-12-31": "3974.00000", "2017-12-31": "3975.00000", "2016-12-31": "3973.00000", "2015-12-31": "3969.00000", "2014-12-31": "3912.00000", "2013-12-31": "3935.00000", "2012-12-31": "3815.00000", "2011-12-31": "3793.00000", "2010-12-31": "3449.00000", "2009-12-31": "2991.00000", "2008-12-31": "2272.00000", "2007-12-31": "1978.00000", "2006-12-31": "1877.00000", "2005-12-31": "1843.00000"}, "Shares Outstanding": {"2020-12-31": "3973.00000", "2019-12-31": "4004.00000", "2018-12-31": "3998.00000", "2017-12-31": "3998.00000", "2016-12-31": "3999.00000", "2015-12-31": "4002.00000", "2014-12-31": "3958.00000", "2013-12-31": "4087.00000", "2012-12-31": "4015.00000", "2011-12-31": "4111.00000", "2010-12-31": "4178.00000", "2009-12-31": "3312.00000", "2008-12-31": "2272.00000", "2007-12-31": "1978.00000", "2006-12-31": "1877.00000", "2005-12-31": "2135.00000"}, "Basic EPS": {"2020-12-31": "-0.32000", "2019-12-31": "0.01000", "2018-12-31": "0.93000", "2017-12-31": "1.94000", "2016-12-31": "1.16000", "2015-12-31": "1.86000", "2014-12-31": "0.31000", "2013-12-31": "3.04000", "2012-12-31": "1.47000", "2011-12-31": "5.33000", "2010-12-31": "1.90000", "2009-12-31": "0.91000", "2008-12-31": "-6.50000", "2007-12-31": "-1.41000", "2006-12-31": "-6.72000", "2005-12-31": "0.78000"}, "EPS - Earnings Per Share": {"2020-12-31": "-0.32000", "2019-12-31": "0.01000", "2018-12-31": "0.92000", "2017-12-31": "1.93000", "2016-12-31": "1.15000", "2015-12-31": "1.84000", "2014-12-31": "0.31000", "2013-12-31": "2.94000", "2012-12-31": "1.41000", "2011-12-31": "4.94000", "2010-12-31": "1.66000", "2009-12-31": "0.86000", "2008-12-31": "-6.50000", "2007-12-31": "-1.41000", "2006-12-31": "-6.72000", "2005-12-31": "0.77000"}}, "income statement, quarterly": {"Revenue": {"2020-12-31": "35952.00000", "2020-09-30": "37501.00000", "2020-06-30": "19371.00000", "2020-03-31": "34320.00000", "2019-12-31": "39715.00000", "2019-09-30": "36990.00000", "2019-06-30": "38853.00000", "2019-03-31": "40342.00000", "2018-12-31": "41793.00000", "2018-09-30": "37666.00000", "2018-06-30": "38920.00000", "2018-03-31": "41959.00000", "2017-12-31": "41326.00000", "2017-09-30": "36451.00000", "2017-06-30": "39853.00000", "2017-03-31": "39146.00000", "2016-12-31": "38654.00000", "2016-09-30": "35943.00000", "2016-06-30": "39485.00000", "2016-03-31": "37718.00000", "2015-12-31": "40251.00000", "2015-09-30": "38144.00000", "2015-06-30": "37263.00000", "2015-03-31": "33900.00000", "2014-12-31": "35870.00000", "2014-09-30": "34920.00000", "2014-06-30": "37411.00000", "2014-03-31": "35876.00000", "2013-12-31": "37570.00000", "2013-09-30": "35775.00000", "2013-06-30": "37923.00000", "2013-03-31": "35649.00000", "2012-12-31": "35731.00000", "2012-09-30": "32172.00000", "2012-06-30": "33211.00000", "2012-03-31": "32445.00000", "2011-12-31": "33917.00000", "2011-09-30": "33047.00000", "2011-06-30": "35527.00000", "2011-03-31": "33114.00000", "2010-12-31": "32428.00000", "2010-09-30": "29893.00000", "2010-06-30": "35067.00000", "2010-03-31": "31566.00000", "2009-12-31": "34811.00000", "2009-09-30": "30272.00000", "2009-06-30": "26810.00000", "2009-03-31": "24390.00000", "2008-12-31": "27444.00000", "2008-09-30": "31746.00000", "2008-06-30": "41102.00000", "2008-03-31": "43292.00000", "2007-12-31": "42247.00000", "2007-09-30": "41078.00000", "2007-06-30": "44242.00000", "2007-03-31": "43005.00000", "2006-12-31": "40303.00000", "2006-09-30": "37095.00000", "2006-06-30": "41878.00000", "2006-03-31": "40789.00000", "2005-12-31": "46641.00000", "2005-09-30": "40510.00000", "2005-06-30": "44548.00000", "2005-03-31": "45136.00000"}, "Cost Of Goods Sold": {"2020-12-31": "33075.00000", "2020-09-30": "31223.00000", "2020-06-30": "17932.00000", "2020-03-31": "30522.00000", "2019-12-31": "34812.00000", "2019-09-30": "32282.00000", "2019-06-30": "33657.00000", "2019-03-31": "33942.00000", "2018-12-31": "35754.00000", "2018-09-30": "31568.00000", "2018-06-30": "33194.00000", "2018-03-31": "35753.00000", "2017-12-31": "35004.00000", "2017-09-30": "30275.00000", "2017-06-30": "33342.00000", "2017-03-31": "32700.00000", "2016-12-31": "32488.00000", "2016-09-30": "30668.00000", "2016-06-30": "32522.00000", "2016-03-31": "30517.00000", "2015-12-31": "34435.00000", "2015-09-30": "31213.00000", "2015-06-30": "30326.00000", "2015-03-31": "28472.00000", "2014-12-31": "32560.00000", "2014-09-30": "30197.00000", "2014-06-30": "31247.00000", "2014-03-31": "31021.00000", "2013-12-31": "27631.00000", "2013-09-30": "30030.00000", "2013-06-30": "32524.00000", "2013-03-31": "30005.00000", "2012-12-31": "31585.00000", "2012-09-30": "26650.00000", "2012-06-30": "27870.00000", "2012-03-31": "26934.00000", "2011-12-31": "29965.00000", "2011-09-30": "27617.00000", "2011-06-30": "29253.00000", "2011-03-31": "26776.00000", "2010-12-31": "27251.00000", "2010-09-30": "24233.00000", "2010-06-30": "27828.00000", "2010-03-31": "25139.00000", "2009-12-31": "29290.00000", "2009-09-30": "24817.00000", "2009-06-30": "23346.00000", "2009-03-31": "21413.00000", "2008-12-31": "26169.00000", "2008-09-30": "25001.00000", "2008-06-30": "39994.00000", "2008-03-31": "35456.00000", "2007-12-31": "38451.00000", "2007-09-30": "33238.00000", "2007-06-30": "36182.00000", "2007-03-31": "34716.00000", "2006-12-31": "38528.00000", "2006-09-30": "37552.00000", "2006-06-30": "36131.00000", "2006-03-31": "36655.00000", "2005-12-31": "39178.00000", "2005-09-30": "33471.00000", "2005-06-30": "36713.00000", "2005-03-31": "35558.00000"}, "Gross Profit": {"2020-12-31": "2877.00000", "2020-09-30": "6278.00000", "2020-06-30": "1439.00000", "2020-03-31": "3798.00000", "2019-12-31": "4903.00000", "2019-09-30": "4708.00000", "2019-06-30": "5196.00000", "2019-03-31": "6400.00000", "2018-12-31": "6039.00000", "2018-09-30": "6098.00000", "2018-06-30": "5726.00000", "2018-03-31": "6206.00000", "2017-12-31": "6322.00000", "2017-09-30": "6176.00000", "2017-06-30": "6511.00000", "2017-03-31": "6446.00000", "2016-12-31": "6166.00000", "2016-09-30": "5275.00000", "2016-06-30": "6963.00000", "2016-03-31": "7201.00000", "2015-12-31": "5816.00000", "2015-09-30": "6931.00000", "2015-06-30": "6937.00000", "2015-03-31": "5428.00000", "2014-12-31": "3310.00000", "2014-09-30": "4723.00000", "2014-06-30": "6164.00000", "2014-03-31": "4855.00000", "2013-12-31": "9939.00000", "2013-09-30": "5745.00000", "2013-06-30": "5399.00000", "2013-03-31": "5644.00000", "2012-12-31": "4146.00000", "2012-09-30": "5522.00000", "2012-06-30": "5341.00000", "2012-03-31": "5511.00000", "2011-12-31": "3952.00000", "2011-09-30": "5430.00000", "2011-06-30": "6274.00000", "2011-03-31": "6338.00000", "2010-12-31": "5177.00000", "2010-09-30": "5660.00000", "2010-06-30": "7239.00000", "2010-03-31": "6427.00000", "2009-12-31": "5521.00000", "2009-09-30": "5455.00000", "2009-06-30": "3464.00000", "2009-03-31": "2977.00000", "2008-12-31": "1275.00000", "2008-09-30": "6745.00000", "2008-06-30": "1108.00000", "2008-03-31": "7836.00000", "2007-12-31": "3796.00000", "2007-09-30": "7840.00000", "2007-06-30": "8060.00000", "2007-03-31": "8289.00000", "2006-12-31": "1775.00000", "2006-09-30": "-457.00000", "2006-06-30": "5747.00000", "2006-03-31": "4134.00000", "2005-12-31": "7463.00000", "2005-09-30": "7039.00000", "2005-06-30": "7835.00000", "2005-03-31": "9578.00000"}, "Research And Development Expenses": {"2020-12-31": "", "2020-09-30": "", "2020-06-30": "", "2020-03-31": "", "2019-12-31": "", "2019-09-30": "", "2019-06-30": "", "2019-03-31": "", "2018-12-31": "", "2018-09-30": "", "2018-06-30": "", "2018-03-31": "", "2017-12-31": "", "2017-09-30": "", "2017-06-30": "", "2017-03-31": "", "2016-12-31": "", "2016-09-30": "", "2016-06-30": "", "2016-03-31": "", "2015-12-31": "", "2015-09-30": "", "2015-06-30": "", "2015-03-31": "", "2014-12-31": "", "2014-09-30": "", "2014-06-30": "", "2014-03-31": "", "2013-12-31": "", "2013-09-30": "", "2013-06-30": "", "2013-03-31": "", "2012-12-31": "", "2012-09-30": "", "2012-06-30": "", "2012-03-31": "", "2011-12-31": "", "2011-09-30": "", "2011-06-30": "", "2011-03-31": "", "2010-12-31": "", "2010-09-30": "", "2010-06-30": "", "2010-03-31": "", "2009-12-31": "", "2009-09-30": "", "2009-06-30": "", "2009-03-31": "", "2008-12-31": "", "2008-09-30": "", "2008-06-30": "", "2008-03-31": "", "2007-12-31": "", "2007-09-30": "", "2007-06-30": "", "2007-03-31": "", "2006-12-31": "", "2006-09-30": "", "2006-06-30": "", "2006-03-31": "", "2005-12-31": "", "2005-09-30": "", "2005-06-30": "", "2005-03-31": ""}, "SG&A Expenses": {"2020-12-31": "5319.00000", "2020-09-30": "3927.00000", "2020-06-30": "4198.00000", "2020-03-31": "5356.00000", "2019-12-31": "5360.00000", "2019-09-30": "4969.00000", "2019-06-30": "5106.00000", "2019-03-31": "5198.00000", "2018-12-31": "5407.00000", "2018-09-30": "5234.00000", "2018-06-30": "5140.00000", "2018-03-31": "5085.00000", "2017-12-31": "7673.00000", "2017-09-30": "5178.00000", "2017-06-30": "4959.00000", "2017-03-31": "2764.00000", "2016-12-31": "11688.00000", "2016-09-30": "2657.00000", "2016-06-30": "2784.00000", "2016-03-31": "2690.00000", "2015-12-31": "2368.00000", "2015-09-30": "2386.00000", "2015-06-30": "2544.00000", "2015-03-31": "3465.00000", "2014-12-31": "1510.00000", "2014-09-30": "3484.00000", "2014-06-30": "3476.00000", "2014-03-31": "3372.00000", "2013-12-31": "1288.00000", "2013-09-30": "3235.00000", "2013-06-30": "3203.00000", "2013-03-31": "3124.00000", "2012-12-31": "2749.00000", "2012-09-30": "2919.00000", "2012-06-30": "2983.00000", "2012-03-31": "2878.00000", "2011-12-31": "2382.00000", "2011-09-30": "2861.00000", "2011-06-30": "2907.00000", "2011-03-31": "2734.00000", "2010-12-31": "3029.00000", "2010-09-30": "2654.00000", "2010-06-30": "3137.00000", "2010-03-31": "3089.00000", "2009-12-31": "3222.00000", "2009-09-30": "3005.00000", "2009-06-30": "3110.00000", "2009-03-31": "3692.00000", "2008-12-31": "4091.00000", "2008-09-30": "4575.00000", "2008-06-30": "7305.00000", "2008-03-31": "5094.00000", "2007-12-31": "5349.00000", "2007-09-30": "4904.00000", "2007-06-30": "4952.00000", "2007-03-31": "5964.00000", "2006-12-31": "5442.00000", "2006-09-30": "4489.00000", "2006-06-30": "4623.00000", "2006-03-31": "4594.00000", "2005-12-31": "6388.00000", "2005-09-30": "5983.00000", "2005-06-30": "6127.00000", "2005-03-31": "6090.00000"}, "Other Operating Income Or Expenses": {"2020-12-31": "", "2020-09-30": "", "2020-06-30": "", "2020-03-31": "", "2019-12-31": "", "2019-09-30": "", "2019-06-30": "", "2019-03-31": "", "2018-12-31": "", "2018-09-30": "", "2018-06-30": "", "2018-03-31": "", "2017-12-31": "", "2017-09-30": "", "2017-06-30": "", "2017-03-31": "-2218.00000", "2016-12-31": "", "2016-09-30": "", "2016-06-30": "", "2016-03-31": "", "2015-12-31": "", "2015-09-30": "", "2015-06-30": "", "2015-03-31": "-73.00000", "2014-12-31": "", "2014-09-30": "-74.00000", "2014-06-30": "-104.00000", "2014-03-31": "-39.00000", "2013-12-31": "-69.00000", "2013-09-30": "-46.00000", "2013-06-30": "-53.00000", "2013-03-31": "-40.00000", "2012-12-31": "-61.00000", "2012-09-30": "-55.00000", "2012-06-30": "23.00000", "2012-03-31": "16.00000", "2011-12-31": "8.00000", "2011-09-30": "-5.00000", "2011-06-30": "-21.00000", "2011-03-31": "54.00000", "2010-12-31": "8.00000", "2010-09-30": "36.00000", "2010-06-30": "131.00000", "2010-03-31": "41.00000", "2009-12-31": "-84.00000", "2009-09-30": "-125.00000", "2009-06-30": "-419.00000", "2009-03-31": "-402.00000", "2008-12-31": "-533.00000", "2008-09-30": "-399.00000", "2008-06-30": "-598.00000", "2008-03-31": "-344.00000", "2007-12-31": "-295.00000", "2007-09-30": "-194.00000", "2007-06-30": "-121.00000", "2007-03-31": "-58.00000", "2006-12-31": "-48.00000", "2006-09-30": "-97.00000", "2006-06-30": "-50.00000", "2006-03-31": "-46.00000", "2005-12-31": "-133.00000", "2005-09-30": "-182.00000", "2005-06-30": "17.00000", "2005-03-31": "-185.00000"}, "Operating Expenses": {"2020-12-31": "38394.00000", "2020-09-30": "35150.00000", "2020-06-30": "22130.00000", "2020-03-31": "35878.00000", "2019-12-31": "40172.00000", "2019-09-30": "37251.00000", "2019-06-30": "38763.00000", "2019-03-31": "39140.00000", "2018-12-31": "41161.00000", "2018-09-30": "36802.00000", "2018-06-30": "38334.00000", "2018-03-31": "40838.00000", "2017-12-31": "40459.00000", "2017-09-30": "35453.00000", "2017-06-30": "38301.00000", "2017-03-31": "37682.00000", "2016-12-31": "44176.00000", "2016-09-30": "33325.00000", "2016-06-30": "35306.00000", "2016-03-31": "33207.00000", "2015-12-31": "36730.00000", "2015-09-30": "33599.00000", "2015-06-30": "32870.00000", "2015-03-31": "32010.00000", "2014-12-31": "33853.00000", "2014-09-30": "33755.00000", "2014-06-30": "34827.00000", "2014-03-31": "34432.00000", "2013-12-31": "28988.00000", "2013-09-30": "33311.00000", "2013-06-30": "35780.00000", "2013-03-31": "33169.00000", "2012-12-31": "34395.00000", "2012-09-30": "29624.00000", "2012-06-30": "30830.00000", "2012-03-31": "29796.00000", "2011-12-31": "32339.00000", "2011-09-30": "30483.00000", "2011-06-30": "32181.00000", "2011-03-31": "29456.00000", "2010-12-31": "30272.00000", "2010-09-30": "26851.00000", "2010-06-30": "30834.00000", "2010-03-31": "28187.00000", "2009-12-31": "32596.00000", "2009-09-30": "27947.00000", "2009-06-30": "26875.00000", "2009-03-31": "25507.00000", "2008-12-31": "30793.00000", "2008-09-30": "29975.00000", "2008-06-30": "47897.00000", "2008-03-31": "40894.00000", "2007-12-31": "46495.00000", "2007-09-30": "38336.00000", "2007-06-30": "41255.00000", "2007-03-31": "40738.00000", "2006-12-31": "44018.00000", "2006-09-30": "42138.00000", "2006-06-30": "40804.00000", "2006-03-31": "41295.00000", "2005-12-31": "45699.00000", "2005-09-30": "39636.00000", "2005-06-30": "42823.00000", "2005-03-31": "41833.00000"}, "Operating Income": {"2020-12-31": "-2442.00000", "2020-09-30": "2351.00000", "2020-06-30": "-2759.00000", "2020-03-31": "-1558.00000", "2019-12-31": "-457.00000", "2019-09-30": "-261.00000", "2019-06-30": "90.00000", "2019-03-31": "1202.00000", "2018-12-31": "632.00000", "2018-09-30": "864.00000", "2018-06-30": "586.00000", "2018-03-31": "1121.00000", "2017-12-31": "867.00000", "2017-09-30": "998.00000", "2017-06-30": "1552.00000", "2017-03-31": "1464.00000", "2016-12-31": "-5522.00000", "2016-09-30": "2618.00000", "2016-06-30": "4179.00000", "2016-03-31": "4511.00000", "2015-12-31": "3521.00000", "2015-09-30": "4545.00000", "2015-06-30": "4393.00000", "2015-03-31": "1890.00000", "2014-12-31": "2017.00000", "2014-09-30": "1165.00000", "2014-06-30": "2584.00000", "2014-03-31": "1444.00000", "2013-12-31": "8582.00000", "2013-09-30": "2464.00000", "2013-06-30": "2143.00000", "2013-03-31": "2480.00000", "2012-12-31": "1336.00000", "2012-09-30": "2548.00000", "2012-06-30": "2381.00000", "2012-03-31": "2649.00000", "2011-12-31": "1578.00000", "2011-09-30": "2564.00000", "2011-06-30": "3346.00000", "2011-03-31": "3658.00000", "2010-12-31": "2156.00000", "2010-09-30": "3042.00000", "2010-06-30": "4233.00000", "2010-03-31": "3379.00000", "2009-12-31": "2215.00000", "2009-09-30": "2325.00000", "2009-06-30": "-65.00000", "2009-03-31": "-1117.00000", "2008-12-31": "-3349.00000", "2008-09-30": "1771.00000", "2008-06-30": "-6795.00000", "2008-03-31": "2398.00000", "2007-12-31": "-4248.00000", "2007-09-30": "2742.00000", "2007-06-30": "2987.00000", "2007-03-31": "2267.00000", "2006-12-31": "-3715.00000", "2006-09-30": "-5043.00000", "2006-06-30": "1074.00000", "2006-03-31": "-506.00000", "2005-12-31": "942.00000", "2005-09-30": "874.00000", "2005-06-30": "1725.00000", "2005-03-31": "3303.00000"}, "Total Non-Operating Income/Expense": {"2020-12-31": "-1368.00000", "2020-09-30": "405.00000", "2020-06-30": "3843.00000", "2020-03-31": "412.00000", "2019-12-31": "-1979.00000", "2019-09-30": "242.00000", "2019-06-30": "115.00000", "2019-03-31": "408.00000", "2018-12-31": "-649.00000", "2018-09-30": "230.00000", "2018-06-30": "763.00000", "2018-03-31": "798.00000", "2017-12-31": "1005.00000", "2017-09-30": "772.00000", "2017-06-30": "714.00000", "2017-03-31": "787.00000", "2016-12-31": "4393.00000", "2016-09-30": "-1231.00000", "2016-06-30": "-1304.00000", "2016-03-31": "-860.00000", "2015-12-31": "-1625.00000", "2015-09-30": "-1254.00000", "2015-06-30": "-1107.00000", "2015-03-31": "-111.00000", "2014-12-31": "-5181.00000", "2014-09-30": "-144.00000", "2014-06-30": "-466.00000", "2014-03-31": "-185.00000", "2013-12-31": "-244.00000", "2013-09-30": "-373.00000", "2013-06-30": "-324.00000", "2013-03-31": "-357.00000", "2012-12-31": "423.00000", "2012-09-30": "-302.00000", "2012-06-30": "-786.00000", "2012-03-31": "-611.00000", "2011-12-31": "-125.00000", "2011-09-30": "-718.00000", "2011-06-30": "-740.00000", "2011-03-31": "-882.00000", "2010-12-31": "-1876.00000", "2010-09-30": "-1155.00000", "2010-06-30": "-1386.00000", "2010-03-31": "-1244.00000", "2009-12-31": "-1307.00000", "2009-09-30": "-1213.00000", "2009-06-30": "2306.00000", "2009-03-31": "-545.00000", "2008-12-31": "-2200.00000", "2008-09-30": "-2344.00000", "2008-06-30": "-2264.00000", "2008-03-31": "-2112.00000", "2007-12-31": "-333.00000", "2007-09-30": "-2898.00000", "2007-06-30": "-2061.00000", "2007-03-31": "-2313.00000", "2006-12-31": "-1979.00000", "2006-09-30": "-1321.00000", "2006-06-30": "-1742.00000", "2006-03-31": "-1842.00000", "2005-12-31": "-1320.00000", "2005-09-30": "-1717.00000", "2005-06-30": "-999.00000", "2005-03-31": "-1754.00000"}, "Pre-Tax Income": {"2020-12-31": "-3810.00000", "2020-09-30": "2756.00000", "2020-06-30": "1084.00000", "2020-03-31": "-1146.00000", "2019-12-31": "-2436.00000", "2019-09-30": "-19.00000", "2019-06-30": "205.00000", "2019-03-31": "1610.00000", "2018-12-31": "-17.00000", "2018-09-30": "1094.00000", "2018-06-30": "1349.00000", "2018-03-31": "1919.00000", "2017-12-31": "1872.00000", "2017-09-30": "1770.00000", "2017-06-30": "2266.00000", "2017-03-31": "2251.00000", "2016-12-31": "-1129.00000", "2016-09-30": "1387.00000", "2016-06-30": "2875.00000", "2016-03-31": "3651.00000", "2015-12-31": "1896.00000", "2015-09-30": "3291.00000", "2015-06-30": "3286.00000", "2015-03-31": "1779.00000", "2014-12-31": "-3164.00000", "2014-09-30": "1021.00000", "2014-06-30": "2118.00000", "2014-03-31": "1259.00000", "2013-12-31": "8338.00000", "2013-09-30": "2091.00000", "2013-06-30": "1819.00000", "2013-03-31": "2123.00000", "2012-12-31": "1759.00000", "2012-09-30": "2246.00000", "2012-06-30": "1595.00000", "2012-03-31": "2038.00000", "2011-12-31": "1453.00000", "2011-09-30": "1846.00000", "2011-06-30": "2606.00000", "2011-03-31": "2776.00000", "2010-12-31": "280.00000", "2010-09-30": "1887.00000", "2010-06-30": "2847.00000", "2010-03-31": "2135.00000", "2009-12-31": "908.00000", "2009-09-30": "1112.00000", "2009-06-30": "2241.00000", "2009-03-31": "-1662.00000", "2008-12-31": "-5549.00000", "2008-09-30": "-573.00000", "2008-06-30": "-9059.00000", "2008-03-31": "286.00000", "2007-12-31": "-4581.00000", "2007-09-30": "-156.00000", "2007-06-30": "926.00000", "2007-03-31": "-46.00000", "2006-12-31": "-5694.00000", "2006-09-30": "-6364.00000", "2006-06-30": "-668.00000", "2006-03-31": "-2348.00000", "2005-12-31": "-378.00000", "2005-09-30": "-843.00000", "2005-06-30": "726.00000", "2005-03-31": "1549.00000"}, "Income Taxes": {"2020-12-31": "-1019.00000", "2020-09-30": "366.00000", "2020-06-30": "-34.00000", "2020-03-31": "847.00000", "2019-12-31": "-764.00000", "2019-09-30": "-442.00000", "2019-06-30": "55.00000", "2019-03-31": "427.00000", "2018-12-31": "95.00000", "2018-09-30": "101.00000", "2018-06-30": "280.00000", "2018-03-31": "174.00000", "2017-12-31": "-652.00000", "2017-09-30": "191.00000", "2017-06-30": "211.00000", "2017-03-31": "652.00000", "2016-12-31": "-341.00000", "2016-09-30": "426.00000", "2016-06-30": "903.00000", "2016-03-31": "1196.00000", "2015-12-31": "32.00000", "2015-09-30": "1099.00000", "2015-06-30": "1125.00000", "2015-03-31": "625.00000", "2014-12-31": "-1257.00000", "2014-09-30": "188.00000", "2014-06-30": "803.00000", "2014-03-31": "270.00000", "2013-12-31": "511.00000", "2013-09-30": "818.00000", "2013-06-30": "585.00000", "2013-03-31": "511.00000", "2012-12-31": "216.00000", "2012-09-30": "613.00000", "2012-06-30": "557.00000", "2012-03-31": "640.00000", "2011-12-31": "-12161.00000", "2011-09-30": "194.00000", "2011-06-30": "206.00000", "2011-03-31": "220.00000", "2010-12-31": "92.00000", "2010-09-30": "199.00000", "2010-06-30": "251.00000", "2010-03-31": "50.00000", "2009-12-31": "30.00000", "2009-09-30": "99.00000", "2009-06-30": "-15.00000", "2009-03-31": "-227.00000", "2008-12-31": "749.00000", "2008-09-30": "-463.00000", "2008-06-30": "-443.00000", "2008-03-31": "95.00000", "2007-12-31": "-1799.00000", "2007-09-30": "162.00000", "2007-06-30": "123.00000", "2007-03-31": "181.00000", "2006-12-31": "-149.00000", "2006-09-30": "-1160.00000", "2006-06-30": "-364.00000", "2006-03-31": "-982.00000", "2005-12-31": "-554.00000", "2005-09-30": "-314.00000", "2005-06-30": "-301.00000", "2005-03-31": "314.00000"}, "Income After Taxes": {"2020-12-31": "-2791.00000", "2020-09-30": "2390.00000", "2020-06-30": "1118.00000", "2020-03-31": "-1993.00000", "2019-12-31": "-1672.00000", "2019-09-30": "423.00000", "2019-06-30": "150.00000", "2019-03-31": "1183.00000", "2018-12-31": "-112.00000", "2018-09-30": "993.00000", "2018-06-30": "1069.00000", "2018-03-31": "1745.00000", "2017-12-31": "2524.00000", "2017-09-30": "1579.00000", "2017-06-30": "2055.00000", "2017-03-31": "1599.00000", "2016-12-31": "-788.00000", "2016-09-30": "961.00000", "2016-06-30": "1972.00000", "2016-03-31": "2455.00000", "2015-12-31": "1864.00000", "2015-09-30": "2192.00000", "2015-06-30": "2161.00000", "2015-03-31": "1154.00000", "2014-12-31": "-1907.00000", "2014-09-30": "833.00000", "2014-06-30": "1315.00000", "2014-03-31": "989.00000", "2013-12-31": "7827.00000", "2013-09-30": "1273.00000", "2013-06-30": "1234.00000", "2013-03-31": "1612.00000", "2012-12-31": "1543.00000", "2012-09-30": "1633.00000", "2012-06-30": "1038.00000", "2012-03-31": "1398.00000", "2011-12-31": "13614.00000", "2011-09-30": "1652.00000", "2011-06-30": "2400.00000", "2011-03-31": "2556.00000", "2010-12-31": "188.00000", "2010-09-30": "1688.00000", "2010-06-30": "2596.00000", "2010-03-31": "2085.00000", "2009-12-31": "878.00000", "2009-09-30": "1013.00000", "2009-06-30": "2256.00000", "2009-03-31": "-1435.00000", "2008-12-31": "-6298.00000", "2008-09-30": "-110.00000", "2008-06-30": "-8616.00000", "2008-03-31": "191.00000", "2007-12-31": "-2782.00000", "2007-09-30": "-318.00000", "2007-06-30": "803.00000", "2007-03-31": "-227.00000", "2006-12-31": "-5545.00000", "2006-09-30": "-5204.00000", "2006-06-30": "-304.00000", "2006-03-31": "-1366.00000", "2005-12-31": "176.00000", "2005-09-30": "-529.00000", "2005-06-30": "1027.00000", "2005-03-31": "1235.00000"}, "Other Income": {"2020-12-31": "", "2020-09-30": "", "2020-06-30": "", "2020-03-31": "", "2019-12-31": "", "2019-09-30": "", "2019-06-30": "", "2019-03-31": "", "2018-12-31": "", "2018-09-30": "", "2018-06-30": "", "2018-03-31": "", "2017-12-31": "", "2017-09-30": "", "2017-06-30": "", "2017-03-31": "", "2016-12-31": "", "2016-09-30": "", "2016-06-30": "", "2016-03-31": "", "2015-12-31": "", "2015-09-30": "", "2015-06-30": "", "2015-03-31": "", "2014-12-31": "", "2014-09-30": "", "2014-06-30": "", "2014-03-31": "", "2013-12-31": "", "2013-09-30": "", "2013-06-30": "", "2013-03-31": "", "2012-12-31": "", "2012-09-30": "", "2012-06-30": "", "2012-03-31": "", "2011-12-31": "", "2011-09-30": "", "2011-06-30": "", "2011-03-31": "", "2010-12-31": "", "2010-09-30": "", "2010-06-30": "", "2010-03-31": "", "2009-12-31": "", "2009-09-30": "", "2009-06-30": "", "2009-03-31": "", "2008-12-31": "", "2008-09-30": "", "2008-06-30": "", "2008-03-31": "", "2007-12-31": "", "2007-09-30": "", "2007-06-30": "", "2007-03-31": "", "2006-12-31": "", "2006-09-30": "", "2006-06-30": "", "2006-03-31": "", "2005-12-31": "", "2005-09-30": "", "2005-06-30": "", "2005-03-31": ""}, "Income From Continuous Operations": {"2020-12-31": "-2791.00000", "2020-09-30": "2390.00000", "2020-06-30": "1118.00000", "2020-03-31": "-1993.00000", "2019-12-31": "-1672.00000", "2019-09-30": "423.00000", "2019-06-30": "150.00000", "2019-03-31": "1183.00000", "2018-12-31": "-112.00000", "2018-09-30": "993.00000", "2018-06-30": "1069.00000", "2018-03-31": "1745.00000", "2017-12-31": "2524.00000", "2017-09-30": "1579.00000", "2017-06-30": "2055.00000", "2017-03-31": "1599.00000", "2016-12-31": "-788.00000", "2016-09-30": "961.00000", "2016-06-30": "1972.00000", "2016-03-31": "2455.00000", "2015-12-31": "1864.00000", "2015-09-30": "2192.00000", "2015-06-30": "2161.00000", "2015-03-31": "1154.00000", "2014-12-31": "-1907.00000", "2014-09-30": "833.00000", "2014-06-30": "1315.00000", "2014-03-31": "989.00000", "2013-12-31": "7827.00000", "2013-09-30": "1273.00000", "2013-06-30": "1234.00000", "2013-03-31": "1612.00000", "2012-12-31": "1543.00000", "2012-09-30": "1633.00000", "2012-06-30": "1038.00000", "2012-03-31": "1398.00000", "2011-12-31": "13614.00000", "2011-09-30": "1652.00000", "2011-06-30": "2400.00000", "2011-03-31": "2556.00000", "2010-12-31": "188.00000", "2010-09-30": "1688.00000", "2010-06-30": "2596.00000", "2010-03-31": "2085.00000", "2009-12-31": "878.00000", "2009-09-30": "1013.00000", "2009-06-30": "2256.00000", "2009-03-31": "-1435.00000", "2008-12-31": "-6298.00000", "2008-09-30": "-110.00000", "2008-06-30": "-8616.00000", "2008-03-31": "191.00000", "2007-12-31": "-2577.00000", "2007-09-30": "-380.00000", "2007-06-30": "718.00000", "2007-03-31": "-285.00000", "2006-12-31": "-5629.00000", "2006-09-30": "-5252.00000", "2006-06-30": "-323.00000", "2006-03-31": "-1425.00000", "2005-12-31": "92.00000", "2005-09-30": "-583.00000", "2005-06-30": "943.00000", "2005-03-31": "1177.00000"}, "Income From Discontinued Operations": {"2020-12-31": "", "2020-09-30": "", "2020-06-30": "", "2020-03-31": "", "2019-12-31": "", "2019-09-30": "", "2019-06-30": "", "2019-03-31": "", "2018-12-31": "", "2018-09-30": "", "2018-06-30": "", "2018-03-31": "", "2017-12-31": "", "2017-09-30": "", "2017-06-30": "", "2017-03-31": "", "2016-12-31": "", "2016-09-30": "", "2016-06-30": "", "2016-03-31": "", "2015-12-31": "", "2015-09-30": "", "2015-06-30": "", "2015-03-31": "", "2014-12-31": "", "2014-09-30": "", "2014-06-30": "", "2014-03-31": "", "2013-12-31": "", "2013-09-30": "", "2013-06-30": "", "2013-03-31": "", "2012-12-31": "", "2012-09-30": "", "2012-06-30": "", "2012-03-31": "", "2011-12-31": "", "2011-09-30": "", "2011-06-30": "", "2011-03-31": "", "2010-12-31": "", "2010-09-30": "", "2010-06-30": "", "2010-03-31": "", "2009-12-31": "", "2009-09-30": "", "2009-06-30": "5.00000", "2009-03-31": "", "2008-12-31": "", "2008-09-30": "", "2008-06-30": "8.00000", "2008-03-31": "1.00000", "2007-12-31": "6.00000", "2007-09-30": "", "2007-06-30": "32.00000", "2007-03-31": "3.00000", "2006-12-31": "4.00000", "2006-09-30": "4.00000", "2006-06-30": "6.00000", "2006-03-31": "2.00000", "2005-12-31": "17.00000", "2005-09-30": "7.00000", "2005-06-30": "3.00000", "2005-03-31": "35.00000"}, "Net Income": {"2020-12-31": "-2788.00000", "2020-09-30": "2385.00000", "2020-06-30": "1117.00000", "2020-03-31": "-1993.00000", "2019-12-31": "-1672.00000", "2019-09-30": "425.00000", "2019-06-30": "148.00000", "2019-03-31": "1146.00000", "2018-12-31": "-116.00000", "2018-09-30": "991.00000", "2018-06-30": "1066.00000", "2018-03-31": "1736.00000", "2017-12-31": "2520.00000", "2017-09-30": "1572.00000", "2017-06-30": "2047.00000", "2017-03-31": "1592.00000", "2016-12-31": "-790.00000", "2016-09-30": "957.00000", "2016-06-30": "1970.00000", "2016-03-31": "2452.00000", "2015-12-31": "1868.00000", "2015-09-30": "2192.00000", "2015-06-30": "2160.00000", "2015-03-31": "1153.00000", "2014-12-31": "-1904.00000", "2014-09-30": "835.00000", "2014-06-30": "1311.00000", "2014-03-31": "989.00000", "2013-12-31": "7837.00000", "2013-09-30": "1272.00000", "2013-06-30": "1233.00000", "2013-03-31": "1611.00000", "2012-12-31": "1546.00000", "2012-09-30": "1631.00000", "2012-06-30": "1040.00000", "2012-03-31": "1396.00000", "2011-12-31": "13615.00000", "2011-09-30": "1649.00000", "2011-06-30": "2398.00000", "2011-03-31": "2551.00000", "2010-12-31": "190.00000", "2010-09-30": "1687.00000", "2010-06-30": "2599.00000", "2010-03-31": "2085.00000", "2009-12-31": "886.00000", "2009-09-30": "997.00000", "2009-06-30": "2261.00000", "2009-03-31": "-1427.00000", "2008-12-31": "-5978.00000", "2008-09-30": "-161.00000", "2008-06-30": "-8697.00000", "2008-03-31": "70.00000", "2007-12-31": "-2883.00000", "2007-09-30": "-380.00000", "2007-06-30": "750.00000", "2007-03-31": "-282.00000", "2006-12-31": "-5625.00000", "2006-09-30": "-5248.00000", "2006-06-30": "-317.00000", "2006-03-31": "-1423.00000", "2005-12-31": "-142.00000", "2005-09-30": "-576.00000", "2005-06-30": "946.00000", "2005-03-31": "1212.00000"}, "EBITDA": {"2020-12-31": "-717.00000", "2020-09-30": "3871.00000", "2020-06-30": "-689.00000", "2020-03-31": "584.00000", "2019-12-31": "1614.00000", "2019-09-30": "1757.00000", "2019-06-30": "2349.00000", "2019-03-31": "3344.00000", "2018-12-31": "2741.00000", "2018-09-30": "864.00000", "2018-06-30": "586.00000", "2018-03-31": "1121.00000", "2017-12-31": "867.00000", "2017-09-30": "998.00000", "2017-06-30": "1552.00000", "2017-03-31": "1464.00000", "2016-12-31": "-5522.00000", "2016-09-30": "2618.00000", "2016-06-30": "4179.00000", "2016-03-31": "4511.00000", "2015-12-31": "3521.00000", "2015-09-30": "4545.00000", "2015-06-30": "4393.00000", "2015-03-31": "1890.00000", "2014-12-31": "2017.00000", "2014-09-30": "1165.00000", "2014-06-30": "2584.00000", "2014-03-31": "1444.00000", "2013-12-31": "8582.00000", "2013-09-30": "2464.00000", "2013-06-30": "2143.00000", "2013-03-31": "2480.00000", "2012-12-31": "1336.00000", "2012-09-30": "2548.00000", "2012-06-30": "2381.00000", "2012-03-31": "2649.00000", "2011-12-31": "1578.00000", "2011-09-30": "2564.00000", "2011-06-30": "3346.00000", "2011-03-31": "3658.00000", "2010-12-31": "2156.00000", "2010-09-30": "3042.00000", "2010-06-30": "4233.00000", "2010-03-31": "3379.00000", "2009-12-31": "2215.00000", "2009-09-30": "2325.00000", "2009-06-30": "-65.00000", "2009-03-31": "-1117.00000", "2008-12-31": "-3349.00000", "2008-09-30": "1771.00000", "2008-06-30": "-6795.00000", "2008-03-31": "2398.00000", "2007-12-31": "-4248.00000", "2007-09-30": "2742.00000", "2007-06-30": "2987.00000", "2007-03-31": "2267.00000", "2006-12-31": "-3715.00000", "2006-09-30": "-5043.00000", "2006-06-30": "1074.00000", "2006-03-31": "-506.00000", "2005-12-31": "942.00000", "2005-09-30": "874.00000", "2005-06-30": "1725.00000", "2005-03-31": "3303.00000"}, "EBIT": {"2020-12-31": "-2442.00000", "2020-09-30": "2351.00000", "2020-06-30": "-2759.00000", "2020-03-31": "-1558.00000", "2019-12-31": "-457.00000", "2019-09-30": "-261.00000", "2019-06-30": "90.00000", "2019-03-31": "1202.00000", "2018-12-31": "632.00000", "2018-09-30": "864.00000", "2018-06-30": "586.00000", "2018-03-31": "1121.00000", "2017-12-31": "867.00000", "2017-09-30": "998.00000", "2017-06-30": "1552.00000", "2017-03-31": "1464.00000", "2016-12-31": "-5522.00000", "2016-09-30": "2618.00000", "2016-06-30": "4179.00000", "2016-03-31": "4511.00000", "2015-12-31": "3521.00000", "2015-09-30": "4545.00000", "2015-06-30": "4393.00000", "2015-03-31": "1890.00000", "2014-12-31": "2017.00000", "2014-09-30": "1165.00000", "2014-06-30": "2584.00000", "2014-03-31": "1444.00000", "2013-12-31": "8582.00000", "2013-09-30": "2464.00000", "2013-06-30": "2143.00000", "2013-03-31": "2480.00000", "2012-12-31": "1336.00000", "2012-09-30": "2548.00000", "2012-06-30": "2381.00000", "2012-03-31": "2649.00000", "2011-12-31": "1578.00000", "2011-09-30": "2564.00000", "2011-06-30": "3346.00000", "2011-03-31": "3658.00000", "2010-12-31": "2156.00000", "2010-09-30": "3042.00000", "2010-06-30": "4233.00000", "2010-03-31": "3379.00000", "2009-12-31": "2215.00000", "2009-09-30": "2325.00000", "2009-06-30": "-65.00000", "2009-03-31": "-1117.00000", "2008-12-31": "-3349.00000", "2008-09-30": "1771.00000", "2008-06-30": "-6795.00000", "2008-03-31": "2398.00000", "2007-12-31": "-4248.00000", "2007-09-30": "2742.00000", "2007-06-30": "2987.00000", "2007-03-31": "2267.00000", "2006-12-31": "-3715.00000", "2006-09-30": "-5043.00000", "2006-06-30": "1074.00000", "2006-03-31": "-506.00000", "2005-12-31": "942.00000", "2005-09-30": "874.00000", "2005-06-30": "1725.00000", "2005-03-31": "3303.00000"}, "Basic Shares Outstanding": {"2020-12-31": "3973.00000", "2020-09-30": "3976.00000", "2020-06-30": "3975.00000", "2020-03-31": "3963.00000", "2019-12-31": "3972.00000", "2019-09-30": "3970.00000", "2019-06-30": "3984.00000", "2019-03-31": "3973.00000", "2018-12-31": "3974.00000", "2018-09-30": "3976.00000", "2018-06-30": "3977.00000", "2018-03-31": "3974.00000", "2017-12-31": "3975.00000", "2017-09-30": "3972.00000", "2017-06-30": "3977.00000", "2017-03-31": "3976.00000", "2016-12-31": "3973.00000", "2016-09-30": "3974.00000", "2016-06-30": "3973.00000", "2016-03-31": "3970.00000", "2015-12-31": "3969.00000", "2015-09-30": "3969.00000", "2015-06-30": "3974.00000", "2015-03-31": "3963.00000", "2014-12-31": "3912.00000", "2014-09-30": "3861.00000", "2014-06-30": "3940.00000", "2014-03-31": "3946.00000", "2013-12-31": "3935.00000", "2013-09-30": "3942.00000", "2013-06-30": "3933.00000", "2013-03-31": "3923.00000", "2012-12-31": "3815.00000", "2012-09-30": "3814.00000", "2012-06-30": "3815.00000", "2012-03-31": "3803.00000", "2011-12-31": "3793.00000", "2011-09-30": "3800.00000", "2011-06-30": "3799.00000", "2011-03-31": "3771.00000", "2010-12-31": "3449.00000", "2010-09-30": "3446.00000", "2010-06-30": "3411.00000", "2010-03-31": "3365.00000", "2009-12-31": "2991.00000", "2009-09-30": "3259.00000", "2009-06-30": "3001.00000", "2009-03-31": "2397.00000", "2008-12-31": "2272.00000", "2008-09-30": "2279.00000", "2008-06-30": "2237.00000", "2008-03-31": "2188.00000", "2007-12-31": "1978.00000", "2007-09-30": "2003.00000", "2007-06-30": "1895.00000", "2007-03-31": "1892.00000", "2006-12-31": "1877.00000", "2006-09-30": "1882.00000", "2006-06-30": "1875.00000", "2006-03-31": "1863.00000", "2005-12-31": "1843.00000", "2005-09-30": "1851.00000", "2005-06-30": "1839.00000", "2005-03-31": "1827.00000"}, "Shares Outstanding": {"2020-12-31": "3973.00000", "2020-09-30": "4005.00000", "2020-06-30": "3992.00000", "2020-03-31": "3963.00000", "2019-12-31": "4004.00000", "2019-09-30": "4007.00000", "2019-06-30": "4013.00000", "2019-03-31": "3997.00000", "2018-12-31": "3998.00000", "2018-09-30": "4000.00000", "2018-06-30": "3999.00000", "2018-03-31": "3997.00000", "2017-12-31": "3998.00000", "2017-09-30": "3996.00000", "2017-06-30": "3996.00000", "2017-03-31": "3999.00000", "2016-12-31": "3999.00000", "2016-09-30": "4000.00000", "2016-06-30": "3997.00000", "2016-03-31": "3996.00000", "2015-12-31": "4002.00000", "2015-09-30": "3999.00000", "2015-06-30": "4007.00000", "2015-03-31": "4001.00000", "2014-12-31": "3958.00000", "2014-09-30": "4010.00000", "2014-06-30": "4088.00000", "2014-03-31": "4094.00000", "2013-12-31": "4087.00000", "2013-09-30": "4096.00000", "2013-06-30": "4084.00000", "2013-03-31": "4072.00000", "2012-12-31": "4015.00000", "2012-09-30": "3972.00000", "2012-06-30": "4014.00000", "2012-03-31": "4055.00000", "2011-12-31": "4111.00000", "2011-09-30": "4031.00000", "2011-06-30": "4102.00000", "2011-03-31": "4266.00000", "2010-12-31": "4178.00000", "2010-09-30": "4174.00000", "2010-06-30": "4610.00000", "2010-03-31": "4569.00000", "2009-12-31": "3312.00000", "2009-09-30": "3587.00000", "2009-06-30": "3352.00000", "2009-03-31": "2397.00000", "2008-12-31": "2272.00000", "2008-09-30": "2279.00000", "2008-06-30": "2237.00000", "2008-03-31": "2208.00000", "2007-12-31": "1978.00000", "2007-09-30": "2003.00000", "2007-06-30": "2726.00000", "2007-03-31": "1892.00000", "2006-12-31": "1877.00000", "2006-09-30": "1882.00000", "2006-06-30": "1875.00000", "2006-03-31": "1863.00000", "2005-12-31": "2135.00000", "2005-09-30": "1851.00000", "2005-06-30": "2129.00000", "2005-03-31": "2122.00000"}, "Basic EPS": {"2020-12-31": "-0.70000", "2020-09-30": "0.60000", "2020-06-30": "0.28000", "2020-03-31": "-0.50000", "2019-12-31": "-0.43000", "2019-09-30": "0.11000", "2019-06-30": "0.04000", "2019-03-31": "0.29000", "2018-12-31": "-0.03000", "2018-09-30": "0.25000", "2018-06-30": "0.27000", "2018-03-31": "0.44000", "2017-12-31": "0.63000", "2017-09-30": "0.40000", "2017-06-30": "0.51000", "2017-03-31": "0.40000", "2016-12-31": "-0.20000", "2016-09-30": "0.24000", "2016-06-30": "0.50000", "2016-03-31": "0.62000", "2015-12-31": "0.48000", "2015-09-30": "0.55000", "2015-06-30": "0.54000", "2015-03-31": "0.29000", "2014-12-31": "-0.49000", "2014-09-30": "0.22000", "2014-06-30": "0.33000", "2014-03-31": "0.25000", "2013-12-31": "2.00000", "2013-09-30": "0.32000", "2013-06-30": "0.31000", "2013-03-31": "0.41000", "2012-12-31": "0.40000", "2012-09-30": "0.43000", "2012-06-30": "0.27000", "2012-03-31": "0.37000", "2011-12-31": "3.59000", "2011-09-30": "0.43000", "2011-06-30": "0.63000", "2011-03-31": "0.68000", "2010-12-31": "0.03000", "2010-09-30": "0.49000", "2010-06-30": "0.76000", "2010-03-31": "0.62000", "2009-12-31": "0.45000", "2009-09-30": "0.31000", "2009-06-30": "0.75000", "2009-03-31": "-0.60000", "2008-12-31": "-2.57000", "2008-09-30": "-0.07000", "2008-06-30": "-3.89000", "2008-03-31": "0.03000", "2007-12-31": "-1.47000", "2007-09-30": "-0.19000", "2007-06-30": "0.40000", "2007-03-31": "-0.15000", "2006-12-31": "-3.00000", "2006-09-30": "-2.79000", "2006-06-30": "-0.17000", "2006-03-31": "-0.76000", "2005-12-31": "-0.08000", "2005-09-30": "-0.31000", "2005-06-30": "0.51000", "2005-03-31": "0.66000"}, "EPS - Earnings Per Share": {"2020-12-31": "-0.70000", "2020-09-30": "0.60000", "2020-06-30": "0.28000", "2020-03-31": "-0.50000", "2019-12-31": "-0.43000", "2019-09-30": "0.11000", "2019-06-30": "0.04000", "2019-03-31": "0.29000", "2018-12-31": "-0.03000", "2018-09-30": "0.25000", "2018-06-30": "0.27000", "2018-03-31": "0.43000", "2017-12-31": "0.63000", "2017-09-30": "0.39000", "2017-06-30": "0.51000", "2017-03-31": "0.40000", "2016-12-31": "-0.19000", "2016-09-30": "0.24000", "2016-06-30": "0.49000", "2016-03-31": "0.61000", "2015-12-31": "0.46000", "2015-09-30": "0.55000", "2015-06-30": "0.54000", "2015-03-31": "0.29000", "2014-12-31": "-0.46000", "2014-09-30": "0.21000", "2014-06-30": "0.32000", "2014-03-31": "0.24000", "2013-12-31": "1.93000", "2013-09-30": "0.31000", "2013-06-30": "0.30000", "2013-03-31": "0.40000", "2012-12-31": "0.39000", "2012-09-30": "0.41000", "2012-06-30": "0.26000", "2012-03-31": "0.35000", "2011-12-31": "3.33000", "2011-09-30": "0.41000", "2011-06-30": "0.59000", "2011-03-31": "0.61000", "2010-12-31": "0.12000", "2010-09-30": "0.43000", "2010-06-30": "0.61000", "2010-03-31": "0.50000", "2009-12-31": "0.48000", "2009-09-30": "0.29000", "2009-06-30": "0.69000", "2009-03-31": "-0.60000", "2008-12-31": "-2.57000", "2008-09-30": "-0.07000", "2008-06-30": "-3.89000", "2008-03-31": "0.03000", "2007-12-31": "-1.38000", "2007-09-30": "-0.19000", "2007-06-30": "0.31000", "2007-03-31": "-0.15000", "2006-12-31": "-3.00000", "2006-09-30": "-2.79000", "2006-06-30": "-0.17000", "2006-03-31": "-0.76000", "2005-12-31": "0.01000", "2005-09-30": "-0.31000", "2005-06-30": "0.47000", "2005-03-31": "0.60000"}}, "balance sheet": {"Cash On Hand": {"2020-12-31": "49961.00000", "2019-12-31": "34651.00000", "2018-12-31": "33951.00000", "2017-12-31": "38927.00000", "2016-12-31": "38827.00000", "2015-12-31": "35176.00000", "2014-12-31": "31150.00000", "2013-12-31": "36568.00000", "2012-12-31": "35943.00000", "2011-12-31": "35766.00000", "2010-12-31": "35570.00000", "2009-12-31": "42281.00000", "2008-12-31": "39460.00000", "2007-12-31": "50798.00000", "2006-12-31": "55624.00000", "2005-12-31": "42539.00000"}, "Receivables": {"2020-12-31": "9993.00000", "2019-12-31": "9237.00000", "2018-12-31": "11195.00000", "2017-12-31": "10599.00000", "2016-12-31": "11102.00000", "2015-12-31": "11042.00000", "2014-12-31": "11708.00000", "2013-12-31": "9828.00000", "2012-12-31": "10878.00000", "2011-12-31": "8565.00000", "2010-12-31": "8381.00000", "2009-12-31": "7194.00000", "2008-12-31": "5674.00000", "2007-12-31": "8210.00000", "2006-12-31": "7067.00000", "2005-12-31": "8536.00000"}, "Inventory": {"2020-12-31": "10808.00000", "2019-12-31": "10786.00000", "2018-12-31": "11220.00000", "2017-12-31": "11176.00000", "2016-12-31": "8898.00000", "2015-12-31": "8319.00000", "2014-12-31": "7870.00000", "2013-12-31": "7708.00000", "2012-12-31": "7362.00000", "2011-12-31": "5901.00000", "2010-12-31": "5917.00000", "2009-12-31": "5041.00000", "2008-12-31": "6988.00000", "2007-12-31": "10121.00000", "2006-12-31": "10017.00000", "2005-12-31": "10271.00000"}, "Pre-Paid Expenses": {"2020-12-31": "", "2019-12-31": "", "2018-12-31": "", "2017-12-31": "", "2016-12-31": "", "2015-12-31": "", "2014-12-31": "", "2013-12-31": "", "2012-12-31": "", "2011-12-31": "", "2010-12-31": "", "2009-12-31": "", "2008-12-31": "", "2007-12-31": "", "2006-12-31": "", "2005-12-31": ""}, "Other Current Assets": {"2020-12-31": "3581.00000", "2019-12-31": "5722.00000", "2018-12-31": "3930.00000", "2017-12-31": "3889.00000", "2016-12-31": "3368.00000", "2015-12-31": "2913.00000", "2014-12-31": "", "2013-12-31": "", "2012-12-31": "", "2011-12-31": "", "2010-12-31": "", "2009-12-31": "", "2008-12-31": "", "2007-12-31": "", "2006-12-31": "", "2005-12-31": ""}, "Total Current Assets": {"2020-12-31": "116744.00000", "2019-12-31": "114047.00000", "2018-12-31": "114649.00000", "2017-12-31": "116801.00000", "2016-12-31": "108461.00000", "2015-12-31": "102587.00000", "2014-12-31": "131839.00000", "2013-12-31": "131585.00000", "2012-12-31": "125174.00000", "2011-12-31": "135333.00000", "2010-12-31": "119938.00000", "2009-12-31": "130408.00000", "2008-12-31": "148714.00000", "2007-12-31": "178182.00000", "2006-12-31": "179571.00000", "2005-12-31": "167321.00000"}, "Property, Plant, And Equipment": {"2020-12-31": "37083.00000", "2019-12-31": "36469.00000", "2018-12-31": "36178.00000", "2017-12-31": "35327.00000", "2016-12-31": "32072.00000", "2015-12-31": "30163.00000", "2014-12-31": "30126.00000", "2013-12-31": "27616.00000", "2012-12-31": "24942.00000", "2011-12-31": "22371.00000", "2010-12-31": "23179.00000", "2009-12-31": "22637.00000", "2008-12-31": "24143.00000", "2007-12-31": "36239.00000", "2006-12-31": "36055.00000", "2005-12-31": "40676.00000"}, "Long-Term Investments": {"2020-12-31": "32852.00000", "2019-12-31": "31749.00000", "2018-12-31": "31828.00000", "2017-12-31": "31320.00000", "2016-12-31": "32133.00000", "2015-12-31": "30317.00000", "2014-12-31": "26574.00000", "2013-12-31": "23663.00000", "2012-12-31": "18549.00000", "2011-12-31": "15774.00000", "2010-12-31": "14244.00000", "2009-12-31": "19637.00000", "2008-12-31": "26849.00000", "2007-12-31": "36108.00000", "2006-12-31": "32577.00000", "2005-12-31": "29678.00000"}, "Goodwill And Intangible Assets": {"2020-12-31": "", "2019-12-31": "", "2018-12-31": "", "2017-12-31": "", "2016-12-31": "", "2015-12-31": "", "2014-12-31": "", "2013-12-31": "", "2012-12-31": "", "2011-12-31": "100.00000", "2010-12-31": "102.00000", "2009-12-31": "165.00000", "2008-12-31": "246.00000", "2007-12-31": "2069.00000", "2006-12-31": "3611.00000", "2005-12-31": "5945.00000"}, "Other Long-Term Assets": {"2020-12-31": "12882.00000", "2019-12-31": "10706.00000", "2018-12-31": "7929.00000", "2017-12-31": "8104.00000", "2016-12-31": "5656.00000", "2015-12-31": "4795.00000", "2014-12-31": "6052.00000", "2013-12-31": "5847.00000", "2012-12-31": "5556.00000", "2011-12-31": "4770.00000", "2010-12-31": "5221.00000", "2009-12-31": "8096.00000", "2008-12-31": "9734.00000", "2007-12-31": "14976.00000", "2006-12-31": "13255.00000", "2005-12-31": "18534.00000"}, "Total Long-Term Assets": {"2020-12-31": "150517.00000", "2019-12-31": "144490.00000", "2018-12-31": "141891.00000", "2017-12-31": "141695.00000", "2016-12-31": "129490.00000", "2015-12-31": "122338.00000", "2014-12-31": "76776.00000", "2013-12-31": "70594.00000", "2012-12-31": "64232.00000", "2011-12-31": "43015.00000", "2010-12-31": "44749.00000", "2009-12-31": "61632.00000", "2008-12-31": "69584.00000", "2007-12-31": "101082.00000", "2006-12-31": "99625.00000", "2005-12-31": "102138.00000"}, "Total Assets": {"2020-12-31": "267261.00000", "2019-12-31": "258537.00000", "2018-12-31": "256540.00000", "2017-12-31": "258496.00000", "2016-12-31": "237951.00000", "2015-12-31": "224925.00000", "2014-12-31": "208615.00000", "2013-12-31": "202179.00000", "2012-12-31": "189406.00000", "2011-12-31": "178348.00000", "2010-12-31": "164687.00000", "2009-12-31": "192040.00000", "2008-12-31": "218298.00000", "2007-12-31": "279264.00000", "2006-12-31": "279196.00000", "2005-12-31": "269459.00000"}, "Total Current Liabilities": {"2020-12-31": "97192.00000", "2019-12-31": "98132.00000", "2018-12-31": "95569.00000", "2017-12-31": "94600.00000", "2016-12-31": "90281.00000", "2015-12-31": "82336.00000", "2014-12-31": "20035.00000", "2013-12-31": "19531.00000", "2012-12-31": "19308.00000", "2011-12-31": "63093.00000", "2010-12-31": "60206.00000", "2009-12-31": "60445.00000", "2008-12-31": "72671.00000", "2007-12-31": "95570.00000", "2006-12-31": "101272.00000", "2005-12-31": "95957.00000"}, "Long Term Debt": {"2020-12-31": "110341.00000", "2019-12-31": "101361.00000", "2018-12-31": "100720.00000", "2017-12-31": "102666.00000", "2016-12-31": "93301.00000", "2015-12-31": "89879.00000", "2014-12-31": "119171.00000", "2013-12-31": "114688.00000", "2012-12-31": "105058.00000", "2011-12-31": "99488.00000", "2010-12-31": "103988.00000", "2009-12-31": "131635.00000", "2008-12-31": "152577.00000", "2007-12-31": "168787.00000", "2006-12-31": "171832.00000", "2005-12-31": "153278.00000"}, "Other Non-Current Liabilities": {"2020-12-31": "28379.00000", "2019-12-31": "25324.00000", "2018-12-31": "23588.00000", "2017-12-31": "24711.00000", "2016-12-31": "24395.00000", "2015-12-31": "23457.00000", "2014-12-31": "44032.00000", "2013-12-31": "40886.00000", "2012-12-31": "48259.00000", "2011-12-31": "", "2010-12-31": "", "2009-12-31": "", "2008-12-31": "", "2007-12-31": "", "2006-12-31": "", "2005-12-31": ""}, "Total Long Term Liabilities": {"2020-12-31": "139258.00000", "2019-12-31": "127175.00000", "2018-12-31": "125005.00000", "2017-12-31": "128290.00000", "2016-12-31": "118483.00000", "2015-12-31": "113932.00000", "2014-12-31": "164115.00000", "2013-12-31": "156503.00000", "2012-12-31": "154109.00000", "2011-12-31": "100184.00000", "2010-12-31": "105123.00000", "2009-12-31": "139377.00000", "2008-12-31": "160154.00000", "2007-12-31": "178066.00000", "2006-12-31": "181389.00000", "2005-12-31": "160060.00000"}, "Total Liabilities": {"2020-12-31": "236450.00000", "2019-12-31": "225307.00000", "2018-12-31": "220574.00000", "2017-12-31": "222890.00000", "2016-12-31": "208764.00000", "2015-12-31": "196268.00000", "2014-12-31": "184150.00000", "2013-12-31": "176034.00000", "2012-12-31": "173417.00000", "2011-12-31": "163277.00000", "2010-12-31": "165329.00000", "2009-12-31": "199822.00000", "2008-12-31": "232825.00000", "2007-12-31": "273636.00000", "2006-12-31": "282661.00000", "2005-12-31": "256017.00000"}, "Common Stock Net": {"2020-12-31": "41.00000", "2019-12-31": "41.00000", "2018-12-31": "41.00000", "2017-12-31": "41.00000", "2016-12-31": "41.00000", "2015-12-31": "41.00000", "2014-12-31": "40.00000", "2013-12-31": "40.00000", "2012-12-31": "40.00000", "2011-12-31": "38.00000", "2010-12-31": "38.00000", "2009-12-31": "34.00000", "2008-12-31": "24.00000", "2007-12-31": "22.00000", "2006-12-31": "19.00000", "2005-12-31": "19.00000"}, "Retained Earnings (Accumulated Deficit)": {"2020-12-31": "18243.00000", "2019-12-31": "20320.00000", "2018-12-31": "22668.00000", "2017-12-31": "21906.00000", "2016-12-31": "15634.00000", "2015-12-31": "14414.00000", "2014-12-31": "9422.00000", "2013-12-31": "23386.00000", "2012-12-31": "18077.00000", "2011-12-31": "12985.00000", "2010-12-31": "-7038.00000", "2009-12-31": "-10864.00000", "2008-12-31": "-16316.00000", "2007-12-31": "-1485.00000", "2006-12-31": "-17.00000", "2005-12-31": "13064.00000"}, "Comprehensive Income": {"2020-12-31": "-8294.00000", "2019-12-31": "-7728.00000", "2018-12-31": "-7366.00000", "2017-12-31": "-6959.00000", "2016-12-31": "-7013.00000", "2015-12-31": "-6257.00000", "2014-12-31": "-5265.00000", "2013-12-31": "-18230.00000", "2012-12-31": "-22854.00000", "2011-12-31": "-18734.00000", "2010-12-31": "-14313.00000", "2009-12-31": "-13599.00000", "2008-12-31": "-10124.00000", "2007-12-31": "-558.00000", "2006-12-31": "-7846.00000", "2005-12-31": "-3680.00000"}, "Other Share Holders Equity": {"2020-12-31": "", "2019-12-31": "", "2018-12-31": "", "2017-12-31": "", "2016-12-31": "", "2015-12-31": "", "2014-12-31": "", "2013-12-31": "", "2012-12-31": "", "2011-12-31": "", "2010-12-31": "", "2009-12-31": "", "2008-12-31": "", "2007-12-31": "", "2006-12-31": "", "2005-12-31": ""}, "Share Holder Equity": {"2020-12-31": "30811.00000", "2019-12-31": "33230.00000", "2018-12-31": "35966.00000", "2017-12-31": "35606.00000", "2016-12-31": "29187.00000", "2015-12-31": "28657.00000", "2014-12-31": "24465.00000", "2013-12-31": "26145.00000", "2012-12-31": "15989.00000", "2011-12-31": "15071.00000", "2010-12-31": "-642.00000", "2009-12-31": "-7782.00000", "2008-12-31": "-14527.00000", "2007-12-31": "5628.00000", "2006-12-31": "-3465.00000", "2005-12-31": "13442.00000"}, "Total Liabilities And Share Holders Equity": {"2020-12-31": "267261.00000", "2019-12-31": "258537.00000", "2018-12-31": "256540.00000", "2017-12-31": "258496.00000", "2016-12-31": "237951.00000", "2015-12-31": "224925.00000", "2014-12-31": "208615.00000", "2013-12-31": "202179.00000", "2012-12-31": "189406.00000", "2011-12-31": "178348.00000", "2010-12-31": "164687.00000", "2009-12-31": "192040.00000", "2008-12-31": "218298.00000", "2007-12-31": "279264.00000", "2006-12-31": "279196.00000", "2005-12-31": "269459.00000"}}, "balance sheet, quarterly": {"Cash On Hand": {"2020-12-31": "49961.00000", "2020-09-30": "44831.00000", "2020-06-30": "57130.00000", "2020-03-31": "46370.00000", "2019-12-31": "34651.00000", "2019-09-30": "37331.00000", "2019-06-30": "38048.00000", "2019-03-31": "37730.00000", "2018-12-31": "33951.00000", "2018-09-30": "36342.00000", "2018-06-30": "36476.00000", "2018-03-31": "40071.00000", "2017-12-31": "38927.00000", "2017-09-30": "38081.00000", "2017-06-30": "39109.00000", "2017-03-31": "39989.00000", "2016-12-31": "38827.00000", "2016-09-30": "34165.00000", "2016-06-30": "39297.00000", "2016-03-31": "39473.00000", "2015-12-31": "35176.00000", "2015-09-30": "31847.00000", "2015-06-30": "31302.00000", "2015-03-31": "33100.00000", "2014-12-31": "31150.00000", "2014-09-30": "33963.00000", "2014-06-30": "35669.00000", "2014-03-31": "36529.00000", "2013-12-31": "36568.00000", "2013-09-30": "37642.00000", "2013-06-30": "36706.00000", "2013-03-31": "34341.00000", "2012-12-31": "35943.00000", "2012-09-30": "35535.00000", "2012-06-30": "35600.00000", "2012-03-31": "36027.00000", "2011-12-31": "35766.00000", "2011-09-30": "33192.00000", "2011-06-30": "33521.00000", "2011-03-31": "34866.00000", "2010-12-31": "35570.00000", "2010-09-30": "44148.00000", "2010-06-30": "39726.00000", "2010-03-31": "46239.00000", "2009-12-31": "42281.00000", "2009-09-30": "48366.00000", "2009-06-30": "41134.00000", "2009-03-31": "41456.00000", "2008-12-31": "39460.00000", "2008-09-30": "41801.00000", "2008-06-30": "49938.00000", "2008-03-31": "49090.00000", "2007-12-31": "50798.00000", "2007-09-30": "46972.00000", "2007-06-30": "53194.00000", "2007-03-31": "50020.00000", "2006-12-31": "55624.00000", "2006-09-30": "40627.00000", "2006-06-30": "40618.00000", "2006-03-31": "39071.00000", "2005-12-31": "42539.00000", "2005-09-30": "37393.00000", "2005-06-30": "39481.00000", "2005-03-31": "34323.00000"}, "Receivables": {"2020-12-31": "9993.00000", "2020-09-30": "10114.00000", "2020-06-30": "9107.00000", "2020-03-31": "6625.00000", "2019-12-31": "9237.00000", "2019-09-30": "10621.00000", "2019-06-30": "10941.00000", "2019-03-31": "12016.00000", "2018-12-31": "11195.00000", "2018-09-30": "50818.00000", "2018-06-30": "51354.00000", "2018-03-31": "54680.00000", "2017-12-31": "10599.00000", "2017-09-30": "10277.00000", "2017-06-30": "10159.00000", "2017-03-31": "10685.00000", "2016-12-31": "11102.00000", "2016-09-30": "10029.00000", "2016-06-30": "10728.00000", "2016-03-31": "11252.00000", "2015-12-31": "11042.00000", "2015-09-30": "13373.00000", "2015-06-30": "12666.00000", "2015-03-31": "13005.00000", "2014-12-31": "11708.00000", "2014-09-30": "11143.00000", "2014-06-30": "12853.00000", "2014-03-31": "12088.00000", "2013-12-31": "9828.00000", "2013-09-30": "11693.00000", "2013-06-30": "11353.00000", "2013-03-31": "11384.00000", "2012-12-31": "10878.00000", "2012-09-30": "10737.00000", "2012-06-30": "10160.00000", "2012-03-31": "9904.00000", "2011-12-31": "8565.00000", "2011-09-30": "9036.00000", "2011-06-30": "9473.00000", "2011-03-31": "8999.00000", "2010-12-31": "8381.00000", "2010-09-30": "8368.00000", "2010-06-30": "7985.00000", "2010-03-31": "6925.00000", "2009-12-31": "7194.00000", "2009-09-30": "7296.00000", "2009-06-30": "6643.00000", "2009-03-31": "5390.00000", "2008-12-31": "5674.00000", "2008-09-30": "7529.00000", "2008-06-30": "8964.00000", "2008-03-31": "8089.00000", "2007-12-31": "8210.00000", "2007-09-30": "11209.00000", "2007-06-30": "11395.00000", "2007-03-31": "10727.00000", "2006-12-31": "7067.00000", "2006-09-30": "8004.00000", "2006-06-30": "9194.00000", "2006-03-31": "8824.00000", "2005-12-31": "8536.00000", "2005-09-30": "5268.00000", "2005-06-30": "6523.00000", "2005-03-31": "6530.00000"}, "Inventory": {"2020-12-31": "10808.00000", "2020-09-30": "10583.00000", "2020-06-30": "10220.00000", "2020-03-31": "11312.00000", "2019-12-31": "10786.00000", "2019-09-30": "12451.00000", "2019-06-30": "12437.00000", "2019-03-31": "12333.00000", "2018-12-31": "11220.00000", "2018-09-30": "12810.00000", "2018-06-30": "12565.00000", "2018-03-31": "12371.00000", "2017-12-31": "11176.00000", "2017-09-30": "11263.00000", "2017-06-30": "11092.00000", "2017-03-31": "10535.00000", "2016-12-31": "8898.00000", "2016-09-30": "10219.00000", "2016-06-30": "9829.00000", "2016-03-31": "9770.00000", "2015-12-31": "8319.00000", "2015-09-30": "9496.00000", "2015-06-30": "9438.00000", "2015-03-31": "9519.00000", "2014-12-31": "7870.00000", "2014-09-30": "9296.00000", "2014-06-30": "9365.00000", "2014-03-31": "8874.00000", "2013-12-31": "7708.00000", "2013-09-30": "8799.00000", "2013-06-30": "8192.00000", "2013-03-31": "8423.00000", "2012-12-31": "7362.00000", "2012-09-30": "8208.00000", "2012-06-30": "7289.00000", "2012-03-31": "7031.00000", "2011-12-31": "5901.00000", "2011-09-30": "7212.00000", "2011-06-30": "7036.00000", "2011-03-31": "7414.00000", "2010-12-31": "5917.00000", "2010-09-30": "6855.00000", "2010-06-30": "6076.00000", "2010-03-31": "6292.00000", "2009-12-31": "5041.00000", "2009-09-30": "6560.00000", "2009-06-30": "6603.00000", "2009-03-31": "6575.00000", "2008-12-31": "6988.00000", "2008-09-30": "12048.00000", "2008-06-30": "12987.00000", "2008-03-31": "11721.00000", "2007-12-31": "10121.00000", "2007-09-30": "12886.00000", "2007-06-30": "12614.00000", "2007-03-31": "12525.00000", "2006-12-31": "10017.00000", "2006-09-30": "11997.00000", "2006-06-30": "12116.00000", "2006-03-31": "11962.00000", "2005-12-31": "10271.00000", "2005-09-30": "11687.00000", "2005-06-30": "11550.00000", "2005-03-31": "11482.00000"}, "Pre-Paid Expenses": {"2020-12-31": "", "2020-09-30": "", "2020-06-30": "", "2020-03-31": "", "2019-12-31": "", "2019-09-30": "", "2019-06-30": "", "2019-03-31": "", "2018-12-31": "", "2018-09-30": "", "2018-06-30": "", "2018-03-31": "", "2017-12-31": "", "2017-09-30": "", "2017-06-30": "", "2017-03-31": "", "2016-12-31": "", "2016-09-30": "", "2016-06-30": "", "2016-03-31": "", "2015-12-31": "", "2015-09-30": "", "2015-06-30": "", "2015-03-31": "", "2014-12-31": "", "2014-09-30": "", "2014-06-30": "", "2014-03-31": "", "2013-12-31": "", "2013-09-30": "", "2013-06-30": "", "2013-03-31": "", "2012-12-31": "", "2012-09-30": "", "2012-06-30": "", "2012-03-31": "", "2011-12-31": "", "2011-09-30": "", "2011-06-30": "", "2011-03-31": "", "2010-12-31": "", "2010-09-30": "", "2010-06-30": "", "2010-03-31": "", "2009-12-31": "", "2009-09-30": "", "2009-06-30": "", "2009-03-31": "", "2008-12-31": "", "2008-09-30": "", "2008-06-30": "", "2008-03-31": "", "2007-12-31": "", "2007-09-30": "", "2007-06-30": "", "2007-03-31": "", "2006-12-31": "", "2006-09-30": "", "2006-06-30": "", "2006-03-31": "", "2005-12-31": "", "2005-09-30": "", "2005-06-30": "", "2005-03-31": ""}, "Other Current Assets": {"2020-12-31": "3581.00000", "2020-09-30": "4390.00000", "2020-06-30": "4934.00000", "2020-03-31": "5080.00000", "2019-12-31": "5722.00000", "2019-09-30": "4168.00000", "2019-06-30": "3169.00000", "2019-03-31": "3672.00000", "2018-12-31": "3930.00000", "2018-09-30": "3629.00000", "2018-06-30": "3604.00000", "2018-03-31": "3756.00000", "2017-12-31": "3889.00000", "2017-09-30": "3570.00000", "2017-06-30": "3291.00000", "2017-03-31": "3414.00000", "2016-12-31": "3368.00000", "2016-09-30": "3552.00000", "2016-06-30": "3053.00000", "2016-03-31": "", "2015-12-31": "2913.00000", "2015-09-30": "", "2015-06-30": "", "2015-03-31": "", "2014-12-31": "", "2014-09-30": "", "2014-06-30": "", "2014-03-31": "", "2013-12-31": "", "2013-09-30": "", "2013-06-30": "", "2013-03-31": "", "2012-12-31": "", "2012-09-30": "", "2012-06-30": "", "2012-03-31": "", "2011-12-31": "", "2011-09-30": "", "2011-06-30": "", "2011-03-31": "", "2010-12-31": "", "2010-09-30": "", "2010-06-30": "", "2010-03-31": "", "2009-12-31": "", "2009-09-30": "", "2009-06-30": "", "2009-03-31": "", "2008-12-31": "", "2008-09-30": "", "2008-06-30": "", "2008-03-31": "", "2007-12-31": "", "2007-09-30": "", "2007-06-30": "", "2007-03-31": "", "2006-12-31": "", "2006-09-30": "", "2006-06-30": "", "2006-03-31": "", "2005-12-31": "", "2005-09-30": "", "2005-06-30": "", "2005-03-31": ""}, "Total Current Assets": {"2020-12-31": "116744.00000", "2020-09-30": "111765.00000", "2020-06-30": "124111.00000", "2020-03-31": "124276.00000", "2019-12-31": "114047.00000", "2019-09-30": "115754.00000", "2019-06-30": "118351.00000", "2019-03-31": "121195.00000", "2018-12-31": "114649.00000", "2018-09-30": "114843.00000", "2018-06-30": "115025.00000", "2018-03-31": "123264.00000", "2017-12-31": "116801.00000", "2017-09-30": "112732.00000", "2017-06-30": "113539.00000", "2017-03-31": "113228.00000", "2016-12-31": "108461.00000", "2016-09-30": "103515.00000", "2016-06-30": "110767.00000", "2016-03-31": "154775.00000", "2015-12-31": "102587.00000", "2015-09-30": "139924.00000", "2015-06-30": "136227.00000", "2015-03-31": "134791.00000", "2014-12-31": "131839.00000", "2014-09-30": "134284.00000", "2014-06-30": "137913.00000", "2014-03-31": "135264.00000", "2013-12-31": "131585.00000", "2013-09-30": "131552.00000", "2013-06-30": "128255.00000", "2013-03-31": "125971.00000", "2012-12-31": "125174.00000", "2012-09-30": "122812.00000", "2012-06-30": "121143.00000", "2012-03-31": "122859.00000", "2011-12-31": "135333.00000", "2011-09-30": "117229.00000", "2011-06-30": "123156.00000", "2011-03-31": "121983.00000", "2010-12-31": "119938.00000", "2010-09-30": "129857.00000", "2010-06-30": "124762.00000", "2010-03-31": "136154.00000", "2009-12-31": "130408.00000", "2009-09-30": "141499.00000", "2009-06-30": "134676.00000", "2009-03-31": "137429.00000", "2008-12-31": "148714.00000", "2008-09-30": "162261.00000", "2008-06-30": "178817.00000", "2008-03-31": "181089.00000", "2007-12-31": "178182.00000", "2007-09-30": "183656.00000", "2007-06-30": "185382.00000", "2007-03-31": "179320.00000", "2006-12-31": "179571.00000", "2006-09-30": "167313.00000", "2006-06-30": "168482.00000", "2006-03-31": "163843.00000", "2005-12-31": "167321.00000", "2005-09-30": "146122.00000", "2005-06-30": "155119.00000", "2005-03-31": "154887.00000"}, "Property, Plant, And Equipment": {"2020-12-31": "37083.00000", "2020-09-30": "36118.00000", "2020-06-30": "35276.00000", "2020-03-31": "35294.00000", "2019-12-31": "36469.00000", "2019-09-30": "35404.00000", "2019-06-30": "36581.00000", "2019-03-31": "36145.00000", "2018-12-31": "36178.00000", "2018-09-30": "35762.00000", "2018-06-30": "35580.00000", "2018-03-31": "36118.00000", "2017-12-31": "35327.00000", "2017-09-30": "34760.00000", "2017-06-30": "33794.00000", "2017-03-31": "32668.00000", "2016-12-31": "32072.00000", "2016-09-30": "32257.00000", "2016-06-30": "31940.00000", "2016-03-31": "31164.00000", "2015-12-31": "30163.00000", "2015-09-30": "30137.00000", "2015-06-30": "30750.00000", "2015-03-31": "29612.00000", "2014-12-31": "30126.00000", "2014-09-30": "30048.00000", "2014-06-30": "29294.00000", "2014-03-31": "28447.00000", "2013-12-31": "27616.00000", "2013-09-30": "26836.00000", "2013-06-30": "25863.00000", "2013-03-31": "25795.00000", "2012-12-31": "24942.00000", "2012-09-30": "24347.00000", "2012-06-30": "22808.00000", "2012-03-31": "23150.00000", "2011-12-31": "22371.00000", "2011-09-30": "22304.00000", "2011-06-30": "23263.00000", "2011-03-31": "23407.00000", "2010-12-31": "23179.00000", "2010-09-30": "22956.00000", "2010-06-30": "22210.00000", "2010-03-31": "22826.00000", "2009-12-31": "22637.00000", "2009-09-30": "24812.00000", "2009-06-30": "24801.00000", "2009-03-31": "23779.00000", "2008-12-31": "24143.00000", "2008-09-30": "30253.00000", "2008-06-30": "32149.00000", "2008-03-31": "37007.00000", "2007-12-31": "36239.00000", "2007-09-30": "37831.00000", "2007-06-30": "37303.00000", "2007-03-31": "37638.00000", "2006-12-31": "36055.00000", "2006-09-30": "37844.00000", "2006-06-30": "41639.00000", "2006-03-31": "40941.00000", "2005-12-31": "40676.00000", "2005-09-30": "41887.00000", "2005-06-30": "42281.00000", "2005-03-31": "43395.00000"}, "Long-Term Investments": {"2020-12-31": "32852.00000", "2020-09-30": "32636.00000", "2020-06-30": "32367.00000", "2020-03-31": "30789.00000", "2019-12-31": "31749.00000", "2019-09-30": "32075.00000", "2019-06-30": "32435.00000", "2019-03-31": "31834.00000", "2018-12-31": "31828.00000", "2018-09-30": "32398.00000", "2018-06-30": "32452.00000", "2018-03-31": "31544.00000", "2017-12-31": "31320.00000", "2017-09-30": "32058.00000", "2017-06-30": "31838.00000", "2017-03-31": "31556.00000", "2016-12-31": "32133.00000", "2016-09-30": "32991.00000", "2016-06-30": "32817.00000", "2016-03-31": "32054.00000", "2015-12-31": "30317.00000", "2015-09-30": "30412.00000", "2015-06-30": "29617.00000", "2015-03-31": "27542.00000", "2014-12-31": "26574.00000", "2014-09-30": "26113.00000", "2014-06-30": "25425.00000", "2014-03-31": "24006.00000", "2013-12-31": "23663.00000", "2013-09-30": "24425.00000", "2013-06-30": "23074.00000", "2013-03-31": "20556.00000", "2012-12-31": "18549.00000", "2012-09-30": "18833.00000", "2012-06-30": "18115.00000", "2012-03-31": "16440.00000", "2011-12-31": "15774.00000", "2011-09-30": "14934.00000", "2011-06-30": "14748.00000", "2011-03-31": "13764.00000", "2010-12-31": "14244.00000", "2010-09-30": "15686.00000", "2010-06-30": "17246.00000", "2010-03-31": "18362.00000", "2009-12-31": "19637.00000", "2009-09-30": "20347.00000", "2009-06-30": "22550.00000", "2009-03-31": "23648.00000", "2008-12-31": "26849.00000", "2008-09-30": "32244.00000", "2008-06-30": "34263.00000", "2008-03-31": "35613.00000", "2007-12-31": "36108.00000", "2007-09-30": "36378.00000", "2007-06-30": "35824.00000", "2007-03-31": "33221.00000", "2006-12-31": "32577.00000", "2006-09-30": "33771.00000", "2006-06-30": "34635.00000", "2006-03-31": "31509.00000", "2005-12-31": "29678.00000", "2005-09-30": "25601.00000", "2005-06-30": "36720.00000", "2005-03-31": "35347.00000"}, "Goodwill And Intangible Assets": {"2020-12-31": "", "2020-09-30": "", "2020-06-30": "", "2020-03-31": "", "2019-12-31": "", "2019-09-30": "", "2019-06-30": "", "2019-03-31": "", "2018-12-31": "", "2018-09-30": "", "2018-06-30": "", "2018-03-31": "", "2017-12-31": "", "2017-09-30": "", "2017-06-30": "", "2017-03-31": "", "2016-12-31": "", "2016-09-30": "", "2016-06-30": "", "2016-03-31": "", "2015-12-31": "", "2015-09-30": "", "2015-06-30": "", "2015-03-31": "", "2014-12-31": "", "2014-09-30": "", "2014-06-30": "", "2014-03-31": "", "2013-12-31": "", "2013-09-30": "86.00000", "2013-06-30": "82.00000", "2013-03-31": "84.00000", "2012-12-31": "", "2012-09-30": "89.00000", "2012-06-30": "95.00000", "2012-03-31": "97.00000", "2011-12-31": "100.00000", "2011-09-30": "100.00000", "2011-06-30": "103.00000", "2011-03-31": "98.00000", "2010-12-31": "102.00000", "2010-09-30": "123.00000", "2010-06-30": "183.00000", "2010-03-31": "192.00000", "2009-12-31": "165.00000", "2009-09-30": "225.00000", "2009-06-30": "235.00000", "2009-03-31": "227.00000", "2008-12-31": "246.00000", "2008-09-30": "1805.00000", "2008-06-30": "2044.00000", "2008-03-31": "2064.00000", "2007-12-31": "2069.00000", "2007-09-30": "6487.00000", "2007-06-30": "6344.00000", "2007-03-31": "6308.00000", "2006-12-31": "3611.00000", "2006-09-30": "6396.00000", "2006-06-30": "6392.00000", "2006-03-31": "6072.00000", "2005-12-31": "5945.00000", "2005-09-30": "6072.00000", "2005-06-30": "6679.00000", "2005-03-31": "7011.00000"}, "Other Long-Term Assets": {"2020-12-31": "12882.00000", "2020-09-30": "12858.00000", "2020-06-30": "12559.00000", "2020-03-31": "11728.00000", "2019-12-31": "10706.00000", "2019-09-30": "10717.00000", "2019-06-30": "10789.00000", "2019-03-31": "9459.00000", "2018-12-31": "7929.00000", "2018-09-30": "8367.00000", "2018-06-30": "8300.00000", "2018-03-31": "8546.00000", "2017-12-31": "8104.00000", "2017-09-30": "7041.00000", "2017-06-30": "6602.00000", "2017-03-31": "5893.00000", "2016-12-31": "5656.00000", "2016-09-30": "7111.00000", "2016-06-30": "6905.00000", "2016-03-31": "8716.00000", "2015-12-31": "4795.00000", "2015-09-30": "7524.00000", "2015-06-30": "6954.00000", "2015-03-31": "7490.00000", "2014-12-31": "6052.00000", "2014-09-30": "6078.00000", "2014-06-30": "5717.00000", "2014-03-31": "6231.00000", "2013-12-31": "5847.00000", "2013-09-30": "5051.00000", "2013-06-30": "4978.00000", "2013-03-31": "5554.00000", "2012-12-31": "5556.00000", "2012-09-30": "5073.00000", "2012-06-30": "5011.00000", "2012-03-31": "4994.00000", "2011-12-31": "4770.00000", "2011-09-30": "5977.00000", "2011-06-30": "6397.00000", "2011-03-31": "6177.00000", "2010-12-31": "5221.00000", "2010-09-30": "6255.00000", "2010-06-30": "5740.00000", "2010-03-31": "6358.00000", "2009-12-31": "8096.00000", "2009-09-30": "7200.00000", "2009-06-30": "7383.00000", "2009-03-31": "7960.00000", "2008-12-31": "9734.00000", "2008-09-30": "12316.00000", "2008-06-30": "14365.00000", "2008-03-31": "16664.00000", "2007-12-31": "14976.00000", "2007-09-30": "11051.00000", "2007-06-30": "9078.00000", "2007-03-31": "9738.00000", "2006-12-31": "13255.00000", "2006-09-30": "16871.00000", "2006-06-30": "17771.00000", "2006-03-31": "18545.00000", "2005-12-31": "18534.00000", "2005-09-30": "24052.00000", "2005-06-30": "26158.00000", "2005-03-31": "26379.00000"}, "Total Long-Term Assets": {"2020-12-31": "150517.00000", "2020-09-30": "148178.00000", "2020-06-30": "145255.00000", "2020-03-31": "139874.00000", "2019-12-31": "144490.00000", "2019-09-30": "142403.00000", "2019-06-30": "143833.00000", "2019-03-31": "142086.00000", "2018-12-31": "141891.00000", "2018-09-30": "144123.00000", "2018-06-30": "143054.00000", "2018-03-31": "143966.00000", "2017-12-31": "141695.00000", "2017-09-30": "138541.00000", "2017-06-30": "133930.00000", "2017-03-31": "130866.00000", "2016-12-31": "129490.00000", "2016-09-30": "131448.00000", "2016-06-30": "128911.00000", "2016-03-31": "82513.00000", "2015-12-31": "122338.00000", "2015-09-30": "79507.00000", "2015-06-30": "79818.00000", "2015-03-31": "77583.00000", "2014-12-31": "76776.00000", "2014-09-30": "74551.00000", "2014-06-30": "73032.00000", "2014-03-31": "71818.00000", "2013-12-31": "70594.00000", "2013-09-30": "69519.00000", "2013-06-30": "67955.00000", "2013-03-31": "67039.00000", "2012-12-31": "64232.00000", "2012-09-30": "61868.00000", "2012-06-30": "60093.00000", "2012-03-31": "59216.00000", "2011-12-31": "43015.00000", "2011-09-30": "45511.00000", "2011-06-30": "44930.00000", "2011-03-31": "45408.00000", "2010-12-31": "44749.00000", "2010-09-30": "47221.00000", "2010-06-30": "54988.00000", "2010-03-31": "55814.00000", "2009-12-31": "61632.00000", "2009-09-30": "61607.00000", "2009-06-30": "65514.00000", "2009-03-31": "65705.00000", "2008-12-31": "69584.00000", "2008-09-30": "79804.00000", "2008-06-30": "86480.00000", "2008-03-31": "101824.00000", "2007-12-31": "101082.00000", "2007-09-30": "92507.00000", "2007-06-30": "93836.00000", "2007-03-31": "92890.00000", "2006-12-31": "99625.00000", "2006-09-30": "100152.00000", "2006-06-30": "108466.00000", "2006-03-31": "105233.00000", "2005-12-31": "102138.00000", "2005-09-30": "122173.00000", "2005-06-30": "121715.00000", "2005-03-31": "125701.00000"}, "Total Assets": {"2020-12-31": "267261.00000", "2020-09-30": "259943.00000", "2020-06-30": "269366.00000", "2020-03-31": "264150.00000", "2019-12-31": "258537.00000", "2019-09-30": "258157.00000", "2019-06-30": "262184.00000", "2019-03-31": "263281.00000", "2018-12-31": "256540.00000", "2018-09-30": "258966.00000", "2018-06-30": "258079.00000", "2018-03-31": "267230.00000", "2017-12-31": "258496.00000", "2017-09-30": "251273.00000", "2017-06-30": "247469.00000", "2017-03-31": "244094.00000", "2016-12-31": "237951.00000", "2016-09-30": "234963.00000", "2016-06-30": "239678.00000", "2016-03-31": "237288.00000", "2015-12-31": "224925.00000", "2015-09-30": "219431.00000", "2015-06-30": "216045.00000", "2015-03-31": "212374.00000", "2014-12-31": "208615.00000", "2014-09-30": "208835.00000", "2014-06-30": "210945.00000", "2014-03-31": "207082.00000", "2013-12-31": "202179.00000", "2013-09-30": "201071.00000", "2013-06-30": "196210.00000", "2013-03-31": "193010.00000", "2012-12-31": "189406.00000", "2012-09-30": "184680.00000", "2012-06-30": "181236.00000", "2012-03-31": "182075.00000", "2011-12-31": "178348.00000", "2011-09-30": "162740.00000", "2011-06-30": "168086.00000", "2011-03-31": "167391.00000", "2010-12-31": "164687.00000", "2010-09-30": "177078.00000", "2010-06-30": "179750.00000", "2010-03-31": "191968.00000", "2009-12-31": "192040.00000", "2009-09-30": "203106.00000", "2009-06-30": "200190.00000", "2009-03-31": "203134.00000", "2008-12-31": "218298.00000", "2008-09-30": "242065.00000", "2008-06-30": "265297.00000", "2008-03-31": "282913.00000", "2007-12-31": "279264.00000", "2007-09-30": "276163.00000", "2007-06-30": "279218.00000", "2007-03-31": "272210.00000", "2006-12-31": "279196.00000", "2006-09-30": "267465.00000", "2006-06-30": "276948.00000", "2006-03-31": "269076.00000", "2005-12-31": "269459.00000", "2005-09-30": "268295.00000", "2005-06-30": "276834.00000", "2005-03-31": "280588.00000"}, "Total Current Liabilities": {"2020-12-31": "97192.00000", "2020-09-30": "93159.00000", "2020-06-30": "92780.00000", "2020-03-31": "94494.00000", "2019-12-31": "98132.00000", "2019-09-30": "99087.00000", "2019-06-30": "98334.00000", "2019-03-31": "99237.00000", "2018-12-31": "95569.00000", "2018-09-30": "94750.00000", "2018-06-30": "94861.00000", "2018-03-31": "99878.00000", "2017-12-31": "94600.00000", "2017-09-30": "94352.00000", "2017-06-30": "94299.00000", "2017-03-31": "91304.00000", "2016-12-31": "90281.00000", "2016-09-30": "89188.00000", "2016-06-30": "89408.00000", "2016-03-31": "22072.00000", "2015-12-31": "82336.00000", "2015-09-30": "22386.00000", "2015-06-30": "21844.00000", "2015-03-31": "22366.00000", "2014-12-31": "20035.00000", "2014-09-30": "21155.00000", "2014-06-30": "22062.00000", "2014-03-31": "22209.00000", "2013-12-31": "19531.00000", "2013-09-30": "68973.00000", "2013-06-30": "68128.00000", "2013-03-31": "67054.00000", "2012-12-31": "19308.00000", "2012-09-30": "64277.00000", "2012-06-30": "63665.00000", "2012-03-31": "64352.00000", "2011-12-31": "63093.00000", "2011-09-30": "60365.00000", "2011-06-30": "62686.00000", "2011-03-31": "62076.00000", "2010-12-31": "60206.00000", "2010-09-30": "61100.00000", "2010-06-30": "59674.00000", "2010-03-31": "60056.00000", "2009-12-31": "60445.00000", "2009-09-30": "70360.00000", "2009-06-30": "69769.00000", "2009-03-31": "67311.00000", "2008-12-31": "72671.00000", "2008-09-30": "83289.00000", "2008-06-30": "96597.00000", "2008-03-31": "96822.00000", "2007-12-31": "95570.00000", "2007-09-30": "107228.00000", "2007-06-30": "106466.00000", "2007-03-31": "104098.00000", "2006-12-31": "101272.00000", "2006-09-30": "100103.00000", "2006-06-30": "102068.00000", "2006-03-31": "99517.00000", "2005-12-31": "95957.00000", "2005-09-30": "94373.00000", "2005-06-30": "97764.00000", "2005-03-31": "55561.00000"}, "Long Term Debt": {"2020-12-31": "110341.00000", "2020-09-30": "106280.00000", "2020-06-30": "119886.00000", "2020-03-31": "114414.00000", "2019-12-31": "101361.00000", "2019-09-30": "99507.00000", "2019-06-30": "103213.00000", "2019-03-31": "102612.00000", "2018-12-31": "100720.00000", "2018-09-30": "102668.00000", "2018-06-30": "101959.00000", "2018-03-31": "105351.00000", "2017-12-31": "102666.00000", "2017-09-30": "97938.00000", "2017-06-30": "95236.00000", "2017-03-31": "96720.00000", "2016-12-31": "93301.00000", "2016-09-30": "89951.00000", "2016-06-30": "95053.00000", "2016-03-31": "140995.00000", "2015-12-31": "89879.00000", "2015-09-30": "126425.00000", "2015-06-30": "123526.00000", "2015-03-31": "122776.00000", "2014-12-31": "119171.00000", "2014-09-30": "119193.00000", "2014-06-30": "118707.00000", "2014-03-31": "117004.00000", "2013-12-31": "114688.00000", "2013-09-30": "110622.00000", "2013-06-30": "107857.00000", "2013-03-31": "107356.00000", "2012-12-31": "105058.00000", "2012-09-30": "100604.00000", "2012-06-30": "99897.00000", "2012-03-31": "100490.00000", "2011-12-31": "99488.00000", "2011-09-30": "95131.00000", "2011-06-30": "98550.00000", "2011-03-31": "101638.00000", "2010-12-31": "103988.00000", "2010-09-30": "116691.00000", "2010-06-30": "117385.00000", "2010-03-31": "130105.00000", "2009-12-31": "131635.00000", "2009-09-30": "132017.00000", "2009-06-30": "133066.00000", "2009-03-31": "145586.00000", "2008-12-31": "152577.00000", "2008-09-30": "156793.00000", "2008-06-30": "166025.00000", "2008-03-31": "169205.00000", "2007-12-31": "168787.00000", "2007-09-30": "163213.00000", "2007-06-30": "170036.00000", "2007-03-31": "167179.00000", "2006-12-31": "171832.00000", "2006-09-30": "154410.00000", "2006-06-30": "153478.00000", "2006-03-31": "151104.00000", "2005-12-31": "153278.00000", "2005-09-30": "141738.00000", "2005-06-30": "158441.00000", "2005-03-31": "161262.00000"}, "Other Non-Current Liabilities": {"2020-12-31": "28379.00000", "2020-09-30": "26826.00000", "2020-06-30": "25391.00000", "2020-03-31": "25105.00000", "2019-12-31": "25324.00000", "2019-09-30": "23729.00000", "2019-06-30": "24032.00000", "2019-03-31": "24216.00000", "2018-12-31": "23588.00000", "2018-09-30": "24228.00000", "2018-06-30": "24107.00000", "2018-03-31": "24845.00000", "2017-12-31": "24711.00000", "2017-09-30": "24819.00000", "2017-06-30": "24840.00000", "2017-03-31": "24583.00000", "2016-12-31": "24395.00000", "2016-09-30": "23652.00000", "2016-06-30": "23416.00000", "2016-03-31": "43949.00000", "2015-12-31": "23457.00000", "2015-09-30": "42513.00000", "2015-06-30": "43649.00000", "2015-03-31": "41644.00000", "2014-12-31": "44032.00000", "2014-09-30": "41407.00000", "2014-06-30": "42444.00000", "2014-03-31": "40141.00000", "2013-12-31": "40886.00000", "2013-09-30": "", "2013-06-30": "", "2013-03-31": "", "2012-12-31": "48259.00000", "2012-09-30": "", "2012-06-30": "", "2012-03-31": "", "2011-12-31": "", "2011-09-30": "", "2011-06-30": "", "2011-03-31": "", "2010-12-31": "", "2010-09-30": "", "2010-06-30": "", "2010-03-31": "", "2009-12-31": "", "2009-09-30": "", "2009-06-30": "", "2009-03-31": "", "2008-12-31": "", "2008-09-30": "", "2008-06-30": "", "2008-03-31": "", "2007-12-31": "", "2007-09-30": "", "2007-06-30": "", "2007-03-31": "", "2006-12-31": "", "2006-09-30": "", "2006-06-30": "", "2006-03-31": "", "2005-12-31": "", "2005-09-30": "", "2005-06-30": "", "2005-03-31": "43226.00000"}, "Total Long Term Liabilities": {"2020-12-31": "139258.00000", "2020-09-30": "133623.00000", "2020-06-30": "145731.00000", "2020-03-31": "139958.00000", "2019-12-31": "127175.00000", "2019-09-30": "123683.00000", "2019-06-30": "127714.00000", "2019-03-31": "127610.00000", "2018-12-31": "125005.00000", "2018-09-30": "127597.00000", "2018-06-30": "126749.00000", "2018-03-31": "130916.00000", "2017-12-31": "128290.00000", "2017-09-30": "123658.00000", "2017-06-30": "120908.00000", "2017-03-31": "122149.00000", "2016-12-31": "118483.00000", "2016-09-30": "114276.00000", "2016-06-30": "119116.00000", "2016-03-31": "185595.00000", "2015-12-31": "113932.00000", "2015-09-30": "169561.00000", "2015-06-30": "167846.00000", "2015-03-31": "165034.00000", "2014-12-31": "164115.00000", "2014-09-30": "161515.00000", "2014-06-30": "162076.00000", "2014-03-31": "158066.00000", "2013-12-31": "156503.00000", "2013-09-30": "111588.00000", "2013-06-30": "108860.00000", "2013-03-31": "108318.00000", "2012-12-31": "154109.00000", "2012-09-30": "101517.00000", "2012-06-30": "100492.00000", "2012-03-31": "101073.00000", "2011-12-31": "100184.00000", "2011-09-30": "96349.00000", "2011-06-30": "100050.00000", "2011-03-31": "102850.00000", "2010-12-31": "105123.00000", "2010-09-30": "117718.00000", "2010-06-30": "123617.00000", "2010-03-31": "137349.00000", "2009-12-31": "139377.00000", "2009-09-30": "140016.00000", "2009-06-30": "139839.00000", "2009-03-31": "152300.00000", "2008-12-31": "160154.00000", "2008-09-30": "160765.00000", "2008-06-30": "170383.00000", "2008-03-31": "178980.00000", "2007-12-31": "178066.00000", "2007-09-30": "167772.00000", "2007-06-30": "174698.00000", "2007-03-31": "171822.00000", "2006-12-31": "181389.00000", "2006-09-30": "158199.00000", "2006-06-30": "160261.00000", "2006-03-31": "157510.00000", "2005-12-31": "160060.00000", "2005-09-30": "159935.00000", "2005-06-30": "164867.00000", "2005-03-31": "209357.00000"}, "Total Liabilities": {"2020-12-31": "236450.00000", "2020-09-30": "226782.00000", "2020-06-30": "238511.00000", "2020-03-31": "234452.00000", "2019-12-31": "225307.00000", "2019-09-30": "222770.00000", "2019-06-30": "226048.00000", "2019-03-31": "226847.00000", "2018-12-31": "220574.00000", "2018-09-30": "222347.00000", "2018-06-30": "221610.00000", "2018-03-31": "230794.00000", "2017-12-31": "222890.00000", "2017-09-30": "218010.00000", "2017-06-30": "215207.00000", "2017-03-31": "213453.00000", "2016-12-31": "208764.00000", "2016-09-30": "203464.00000", "2016-06-30": "208524.00000", "2016-03-31": "207667.00000", "2015-12-31": "196268.00000", "2015-09-30": "191947.00000", "2015-06-30": "189690.00000", "2015-03-31": "187400.00000", "2014-12-31": "184150.00000", "2014-09-30": "182670.00000", "2014-06-30": "184138.00000", "2014-03-31": "180275.00000", "2013-12-31": "176034.00000", "2013-09-30": "180561.00000", "2013-06-30": "176988.00000", "2013-03-31": "175372.00000", "2012-12-31": "173417.00000", "2012-09-30": "165794.00000", "2012-06-30": "164157.00000", "2012-03-31": "165425.00000", "2011-12-31": "163277.00000", "2011-09-30": "156714.00000", "2011-06-30": "162736.00000", "2011-03-31": "164926.00000", "2010-12-31": "165329.00000", "2010-09-30": "178818.00000", "2010-06-30": "183291.00000", "2010-03-31": "197405.00000", "2009-12-31": "199822.00000", "2009-09-30": "210376.00000", "2009-06-30": "209608.00000", "2009-03-31": "219611.00000", "2008-12-31": "232825.00000", "2008-09-30": "244054.00000", "2008-06-30": "266980.00000", "2008-03-31": "275802.00000", "2007-12-31": "273636.00000", "2007-09-30": "275000.00000", "2007-06-30": "281164.00000", "2007-03-31": "275920.00000", "2006-12-31": "282661.00000", "2006-09-30": "258302.00000", "2006-06-30": "262329.00000", "2006-03-31": "257027.00000", "2005-12-31": "256017.00000", "2005-09-30": "254308.00000", "2005-06-30": "262631.00000", "2005-03-31": "264918.00000"}, "Common Stock Net": {"2020-12-31": "41.00000", "2020-09-30": "41.00000", "2020-06-30": "41.00000", "2020-03-31": "41.00000", "2019-12-31": "41.00000", "2019-09-30": "41.00000", "2019-06-30": "41.00000", "2019-03-31": "41.00000", "2018-12-31": "41.00000", "2018-09-30": "41.00000", "2018-06-30": "41.00000", "2018-03-31": "41.00000", "2017-12-31": "41.00000", "2017-09-30": "41.00000", "2017-06-30": "41.00000", "2017-03-31": "41.00000", "2016-12-31": "41.00000", "2016-09-30": "41.00000", "2016-06-30": "41.00000", "2016-03-31": "41.00000", "2015-12-31": "41.00000", "2015-09-30": "41.00000", "2015-06-30": "41.00000", "2015-03-31": "41.00000", "2014-12-31": "40.00000", "2014-09-30": "40.00000", "2014-06-30": "40.00000", "2014-03-31": "40.00000", "2013-12-31": "40.00000", "2013-09-30": "40.00000", "2013-06-30": "40.00000", "2013-03-31": "40.00000", "2012-12-31": "40.00000", "2012-09-30": "39.00000", "2012-06-30": "39.00000", "2012-03-31": "39.00000", "2011-12-31": "38.00000", "2011-09-30": "38.00000", "2011-06-30": "38.00000", "2011-03-31": "38.00000", "2010-12-31": "38.00000", "2010-09-30": "35.00000", "2010-06-30": "35.00000", "2010-03-31": "34.00000", "2009-12-31": "34.00000", "2009-09-30": "33.00000", "2009-06-30": "33.00000", "2009-03-31": "24.00000", "2008-12-31": "24.00000", "2008-09-30": "24.00000", "2008-06-30": "23.00000", "2008-03-31": "22.00000", "2007-12-31": "22.00000", "2007-09-30": "22.00000", "2007-06-30": "19.00000", "2007-03-31": "19.00000", "2006-12-31": "19.00000", "2006-09-30": "19.00000", "2006-06-30": "19.00000", "2006-03-31": "19.00000", "2005-12-31": "19.00000", "2005-09-30": "19.00000", "2005-06-30": "19.00000", "2005-03-31": "19.00000"}, "Retained Earnings (Accumulated Deficit)": {"2020-12-31": "18243.00000", "2020-09-30": "21031.00000", "2020-06-30": "18645.00000", "2020-03-31": "17527.00000", "2019-12-31": "20320.00000", "2019-09-30": "22590.00000", "2019-06-30": "22769.00000", "2019-03-31": "23226.00000", "2018-12-31": "22668.00000", "2018-09-30": "23384.00000", "2018-06-30": "22993.00000", "2018-03-31": "22529.00000", "2017-12-31": "21906.00000", "2017-09-30": "19405.00000", "2017-06-30": "18437.00000", "2017-03-31": "16992.00000", "2016-12-31": "15634.00000", "2016-09-30": "17013.00000", "2016-06-30": "16652.00000", "2016-03-31": "15278.00000", "2015-12-31": "14414.00000", "2015-09-30": "27489.00000", "2015-06-30": "26175.00000", "2015-03-31": "24887.00000", "2014-12-31": "9422.00000", "2014-09-30": "25051.00000", "2014-06-30": "24699.00000", "2014-03-31": "23882.00000", "2013-12-31": "23386.00000", "2013-09-30": "21014.00000", "2013-06-30": "20136.00000", "2013-03-31": "19296.00000", "2012-12-31": "18077.00000", "2012-09-30": "16670.00000", "2012-06-30": "15230.00000", "2012-03-31": "14190.00000", "2011-12-31": "12985.00000", "2011-09-30": "-440.00000", "2011-06-30": "-2089.00000", "2011-03-31": "-4487.00000", "2010-12-31": "-7038.00000", "2010-09-30": "-7228.00000", "2010-06-30": "-8915.00000", "2010-03-31": "-11514.00000", "2009-12-31": "-10864.00000", "2009-09-30": "-14524.00000", "2009-06-30": "-15521.00000", "2009-03-31": "-17782.00000", "2008-12-31": "-16316.00000", "2008-09-30": "-10169.00000", "2008-06-30": "-10040.00000", "2008-03-31": "-1372.00000", "2007-12-31": "-1485.00000", "2007-09-30": "1326.00000", "2007-06-30": "1707.00000", "2007-03-31": "956.00000", "2006-12-31": "-17.00000", "2006-09-30": "5608.00000", "2006-06-30": "10646.00000", "2006-03-31": "11088.00000", "2005-12-31": "13064.00000", "2005-09-30": "12497.00000", "2005-06-30": "12966.00000", "2005-03-31": "12205.00000"}, "Comprehensive Income": {"2020-12-31": "-8294.00000", "2020-09-30": "-8613.00000", "2020-06-30": "-8471.00000", "2020-03-31": "-8461.00000", "2019-12-31": "-7728.00000", "2019-09-30": "-7842.00000", "2019-06-30": "-7436.00000", "2019-03-31": "-7501.00000", "2018-12-31": "-7366.00000", "2018-09-30": "-7429.00000", "2018-06-30": "-7204.00000", "2018-03-31": "-6669.00000", "2017-12-31": "-6959.00000", "2017-09-30": "-6759.00000", "2017-06-30": "-6716.00000", "2017-03-31": "-6929.00000", "2016-12-31": "-7013.00000", "2016-09-30": "-6046.00000", "2016-06-30": "-5976.00000", "2016-03-31": "-6046.00000", "2015-12-31": "-6257.00000", "2015-09-30": "-20442.00000", "2015-06-30": "-20260.00000", "2015-03-31": "-20406.00000", "2014-12-31": "-5265.00000", "2014-09-30": "-18165.00000", "2014-06-30": "-18107.00000", "2014-03-31": "-18190.00000", "2013-12-31": "-18230.00000", "2013-09-30": "-21509.00000", "2013-06-30": "-21837.00000", "2013-03-31": "-22533.00000", "2012-12-31": "-22854.00000", "2012-09-30": "-18541.00000", "2012-06-30": "-18928.00000", "2012-03-31": "-18314.00000", "2011-12-31": "-18734.00000", "2011-09-30": "-14269.00000", "2011-06-30": "-13236.00000", "2011-03-31": "-13684.00000", "2010-12-31": "-14313.00000", "2010-09-30": "-12609.00000", "2010-06-30": "-12277.00000", "2010-03-31": "-11199.00000", "2009-12-31": "-13599.00000", "2009-09-30": "-8704.00000", "2009-06-30": "-9005.00000", "2009-03-31": "-10624.00000", "2008-12-31": "-10124.00000", "2008-09-30": "-571.00000", "2008-06-30": "131.00000", "2008-03-31": "657.00000", "2007-12-31": "-558.00000", "2007-09-30": "-7272.00000", "2007-06-30": "-8146.00000", "2007-03-31": "-9106.00000", "2006-12-31": "-7846.00000", "2006-09-30": "-785.00000", "2006-06-30": "-262.00000", "2006-03-31": "-3156.00000", "2005-12-31": "-3680.00000", "2005-09-30": "-2454.00000", "2005-06-30": "-2611.00000", "2005-03-31": "-150.00000"}, "Other Share Holders Equity": {"2020-12-31": "", "2020-09-30": "", "2020-06-30": "", "2020-03-31": "", "2019-12-31": "", "2019-09-30": "", "2019-06-30": "", "2019-03-31": "", "2018-12-31": "", "2018-09-30": "", "2018-06-30": "", "2018-03-31": "", "2017-12-31": "", "2017-09-30": "", "2017-06-30": "", "2017-03-31": "", "2016-12-31": "", "2016-09-30": "", "2016-06-30": "", "2016-03-31": "", "2015-12-31": "", "2015-09-30": "", "2015-06-30": "", "2015-03-31": "", "2014-12-31": "", "2014-09-30": "", "2014-06-30": "", "2014-03-31": "", "2013-12-31": "", "2013-09-30": "", "2013-06-30": "", "2013-03-31": "", "2012-12-31": "", "2012-09-30": "", "2012-06-30": "", "2012-03-31": "", "2011-12-31": "", "2011-09-30": "", "2011-06-30": "", "2011-03-31": "", "2010-12-31": "", "2010-09-30": "", "2010-06-30": "", "2010-03-31": "", "2009-12-31": "", "2009-09-30": "", "2009-06-30": "", "2009-03-31": "", "2008-12-31": "", "2008-09-30": "", "2008-06-30": "", "2008-03-31": "", "2007-12-31": "", "2007-09-30": "", "2007-06-30": "", "2007-03-31": "", "2006-12-31": "", "2006-09-30": "", "2006-06-30": "", "2006-03-31": "", "2005-12-31": "", "2005-09-30": "", "2005-06-30": "", "2005-03-31": ""}, "Share Holder Equity": {"2020-12-31": "30811.00000", "2020-09-30": "33161.00000", "2020-06-30": "30855.00000", "2020-03-31": "29698.00000", "2019-12-31": "33230.00000", "2019-09-30": "35387.00000", "2019-06-30": "36136.00000", "2019-03-31": "36434.00000", "2018-12-31": "35966.00000", "2018-09-30": "36619.00000", "2018-06-30": "36469.00000", "2018-03-31": "36436.00000", "2017-12-31": "35606.00000", "2017-09-30": "33263.00000", "2017-06-30": "32262.00000", "2017-03-31": "30641.00000", "2016-12-31": "29187.00000", "2016-09-30": "31499.00000", "2016-06-30": "31154.00000", "2016-03-31": "29621.00000", "2015-12-31": "28657.00000", "2015-09-30": "27484.00000", "2015-06-30": "26355.00000", "2015-03-31": "24974.00000", "2014-12-31": "24465.00000", "2014-09-30": "26165.00000", "2014-06-30": "26807.00000", "2014-03-31": "26807.00000", "2013-12-31": "26145.00000", "2013-09-30": "20510.00000", "2013-06-30": "19222.00000", "2013-03-31": "17638.00000", "2012-12-31": "15989.00000", "2012-09-30": "18886.00000", "2012-06-30": "17079.00000", "2012-03-31": "16650.00000", "2011-12-31": "15071.00000", "2011-09-30": "6026.00000", "2011-06-30": "5350.00000", "2011-03-31": "2465.00000", "2010-12-31": "-642.00000", "2010-09-30": "-1740.00000", "2010-06-30": "-3541.00000", "2010-03-31": "-5437.00000", "2009-12-31": "-7782.00000", "2009-09-30": "-7270.00000", "2009-06-30": "-9418.00000", "2009-03-31": "-16477.00000", "2008-12-31": "-14527.00000", "2008-09-30": "-1989.00000", "2008-06-30": "-1683.00000", "2008-03-31": "7111.00000", "2007-12-31": "5628.00000", "2007-09-30": "1163.00000", "2007-06-30": "-1946.00000", "2007-03-31": "-3710.00000", "2006-12-31": "-3465.00000", "2006-09-30": "9163.00000", "2006-06-30": "14619.00000", "2006-03-31": "12049.00000", "2005-12-31": "13442.00000", "2005-09-30": "13987.00000", "2005-06-30": "14203.00000", "2005-03-31": "15670.00000"}, "Total Liabilities And Share Holders Equity": {"2020-12-31": "267261.00000", "2020-09-30": "259943.00000", "2020-06-30": "269366.00000", "2020-03-31": "264150.00000", "2019-12-31": "258537.00000", "2019-09-30": "258157.00000", "2019-06-30": "262184.00000", "2019-03-31": "263281.00000", "2018-12-31": "256540.00000", "2018-09-30": "258966.00000", "2018-06-30": "258079.00000", "2018-03-31": "267230.00000", "2017-12-31": "258496.00000", "2017-09-30": "251273.00000", "2017-06-30": "247469.00000", "2017-03-31": "244094.00000", "2016-12-31": "237951.00000", "2016-09-30": "234963.00000", "2016-06-30": "239678.00000", "2016-03-31": "237288.00000", "2015-12-31": "224925.00000", "2015-09-30": "219431.00000", "2015-06-30": "216045.00000", "2015-03-31": "212374.00000", "2014-12-31": "208615.00000", "2014-09-30": "208835.00000", "2014-06-30": "210945.00000", "2014-03-31": "207082.00000", "2013-12-31": "202179.00000", "2013-09-30": "201071.00000", "2013-06-30": "196210.00000", "2013-03-31": "193010.00000", "2012-12-31": "189406.00000", "2012-09-30": "184680.00000", "2012-06-30": "181236.00000", "2012-03-31": "182075.00000", "2011-12-31": "178348.00000", "2011-09-30": "162740.00000", "2011-06-30": "168086.00000", "2011-03-31": "167391.00000", "2010-12-31": "164687.00000", "2010-09-30": "177078.00000", "2010-06-30": "179750.00000", "2010-03-31": "191968.00000", "2009-12-31": "192040.00000", "2009-09-30": "203106.00000", "2009-06-30": "200190.00000", "2009-03-31": "203134.00000", "2008-12-31": "218298.00000", "2008-09-30": "242065.00000", "2008-06-30": "265297.00000", "2008-03-31": "282913.00000", "2007-12-31": "279264.00000", "2007-09-30": "276163.00000", "2007-06-30": "279218.00000", "2007-03-31": "272210.00000", "2006-12-31": "279196.00000", "2006-09-30": "267465.00000", "2006-06-30": "276948.00000", "2006-03-31": "269076.00000", "2005-12-31": "269459.00000", "2005-09-30": "268295.00000", "2005-06-30": "276834.00000", "2005-03-31": "280588.00000"}}, "cash flow statement": {"Net Income/Loss": {"2020-12-31": "-1276.00000", "2019-12-31": "84.00000", "2018-12-31": "3695.00000", "2017-12-31": "7757.00000", "2016-12-31": "4600.00000", "2015-12-31": "7371.00000", "2014-12-31": "1230.00000", "2013-12-31": "11946.00000", "2012-12-31": "5612.00000", "2011-12-31": "20213.00000", "2010-12-31": "6561.00000", "2009-12-31": "2717.00000", "2008-12-31": "-14766.00000", "2007-12-31": "-2795.00000", "2006-12-31": "-12613.00000", "2005-12-31": "1440.00000"}, "Total Depreciation And Amortization - Cash Flow": {"2020-12-31": "7457.00000", "2019-12-31": "8490.00000", "2018-12-31": "8413.00000", "2017-12-31": "8572.00000", "2016-12-31": "8717.00000", "2015-12-31": "7966.00000", "2014-12-31": "7423.00000", "2013-12-31": "6544.00000", "2012-12-31": "5300.00000", "2011-12-31": "4256.00000", "2010-12-31": "5584.00000", "2009-12-31": "6580.00000", "2008-12-31": "12255.00000", "2007-12-31": "16247.00000", "2006-12-31": "12719.00000", "2005-12-31": "14065.00000"}, "Other Non-Cash Items": {"2020-12-31": "-668.00000", "2019-12-31": "2820.00000", "2018-12-31": "1591.00000", "2017-12-31": "-284.00000", "2016-12-31": "3539.00000", "2015-12-31": "-1506.00000", "2014-12-31": "4424.00000", "2013-12-31": "-6222.00000", "2012-12-31": "1669.00000", "2011-12-31": "-11353.00000", "2010-12-31": "1562.00000", "2009-12-31": "3244.00000", "2008-12-31": "13308.00000", "2007-12-31": "-3595.00000", "2006-12-31": "7904.00000", "2005-12-31": "8336.00000"}, "Total Non-Cash Items": {"2020-12-31": "6789.00000", "2019-12-31": "11310.00000", "2018-12-31": "10004.00000", "2017-12-31": "8288.00000", "2016-12-31": "12256.00000", "2015-12-31": "6460.00000", "2014-12-31": "11847.00000", "2013-12-31": "322.00000", "2012-12-31": "6969.00000", "2011-12-31": "-7097.00000", "2010-12-31": "7146.00000", "2009-12-31": "9824.00000", "2008-12-31": "25563.00000", "2007-12-31": "12652.00000", "2006-12-31": "20623.00000", "2005-12-31": "22401.00000"}, "Change In Accounts Receivable": {"2020-12-31": "12041.00000", "2019-12-31": "738.00000", "2018-12-31": "-4647.00000", "2017-12-31": "-3133.00000", "2016-12-31": "-2855.00000", "2015-12-31": "-3563.00000", "2014-12-31": "-2896.00000", "2013-12-31": "-1913.00000", "2012-12-31": "-2508.00000", "2011-12-31": "-1942.00000", "2010-12-31": "695.00000", "2009-12-31": "2612.00000", "2008-12-31": "973.00000", "2007-12-31": "45.00000", "2006-12-31": "2279.00000", "2005-12-31": "-2810.00000"}, "Change In Inventories": {"2020-12-31": "148.00000", "2019-12-31": "206.00000", "2018-12-31": "-828.00000", "2017-12-31": "-970.00000", "2016-12-31": "-803.00000", "2015-12-31": "-1155.00000", "2014-12-31": "-936.00000", "2013-12-31": "-437.00000", "2012-12-31": "-1401.00000", "2011-12-31": "-367.00000", "2010-12-31": "-903.00000", "2009-12-31": "2201.00000", "2008-12-31": "-137.00000", "2007-12-31": "371.00000", "2006-12-31": "-695.00000", "2005-12-31": "-94.00000"}, "Change In Accounts Payable": {"2020-12-31": "6809.00000", "2019-12-31": "5260.00000", "2018-12-31": "6781.00000", "2017-12-31": "6089.00000", "2016-12-31": "6595.00000", "2015-12-31": "7758.00000", "2014-12-31": "5729.00000", "2013-12-31": "1232.00000", "2012-12-31": "599.00000", "2011-12-31": "-1599.00000", "2010-12-31": "-836.00000", "2009-12-31": "-2832.00000", "2008-12-31": "-12299.00000", "2007-12-31": "1348.00000", "2006-12-31": "6534.00000", "2005-12-31": "-37.00000"}, "Change In Assets/Liabilities": {"2020-12-31": "-242.00000", "2019-12-31": "41.00000", "2018-12-31": "17.00000", "2017-12-31": "65.00000", "2016-12-31": "57.00000", "2015-12-31": "-645.00000", "2014-12-31": "-467.00000", "2013-12-31": "-706.00000", "2012-12-31": "-226.00000", "2011-12-31": "576.00000", "2010-12-31": "-1186.00000", "2009-12-31": "955.00000", "2008-12-31": "403.00000", "2007-12-31": "5453.00000", "2006-12-31": "-6506.00000", "2005-12-31": "-508.00000"}, "Total Change In Assets/Liabilities": {"2020-12-31": "18756.00000", "2019-12-31": "6245.00000", "2018-12-31": "1323.00000", "2017-12-31": "2051.00000", "2016-12-31": "2994.00000", "2015-12-31": "2395.00000", "2014-12-31": "1430.00000", "2013-12-31": "-1824.00000", "2012-12-31": "-3536.00000", "2011-12-31": "-3332.00000", "2010-12-31": "-2230.00000", "2009-12-31": "2936.00000", "2008-12-31": "-11060.00000", "2007-12-31": "7217.00000", "2006-12-31": "1612.00000", "2005-12-31": "-3449.00000"}, "Cash Flow From Operating Activities": {"2020-12-31": "24269.00000", "2019-12-31": "17639.00000", "2018-12-31": "15022.00000", "2017-12-31": "18096.00000", "2016-12-31": "19850.00000", "2015-12-31": "16226.00000", "2014-12-31": "14507.00000", "2013-12-31": "10444.00000", "2012-12-31": "9045.00000", "2011-12-31": "9784.00000", "2010-12-31": "11477.00000", "2009-12-31": "15477.00000", "2008-12-31": "-263.00000", "2007-12-31": "17074.00000", "2006-12-31": "9622.00000", "2005-12-31": "20392.00000"}, "Net Change In Property, Plant, And Equipment": {"2020-12-31": "-5742.00000", "2019-12-31": "-7632.00000", "2018-12-31": "-7785.00000", "2017-12-31": "-7049.00000", "2016-12-31": "-6992.00000", "2015-12-31": "-7196.00000", "2014-12-31": "-7463.00000", "2013-12-31": "-6597.00000", "2012-12-31": "-5488.00000", "2011-12-31": "-4293.00000", "2010-12-31": "-4092.00000", "2009-12-31": "-4059.00000", "2008-12-31": "-6492.00000", "2007-12-31": "-6022.00000", "2006-12-31": "-6848.00000", "2005-12-31": "-7516.00000"}, "Net Change In Intangible Assets": {"2020-12-31": "", "2019-12-31": "", "2018-12-31": "", "2017-12-31": "", "2016-12-31": "", "2015-12-31": "", "2014-12-31": "", "2013-12-31": "", "2012-12-31": "", "2011-12-31": "", "2010-12-31": "", "2009-12-31": "", "2008-12-31": "", "2007-12-31": "", "2006-12-31": "", "2005-12-31": ""}, "Net Acquisitions/Divestitures": {"2020-12-31": "1340.00000", "2019-12-31": "", "2018-12-31": "", "2017-12-31": "", "2016-12-31": "", "2015-12-31": "", "2014-12-31": "", "2013-12-31": "", "2012-12-31": "", "2011-12-31": "333.00000", "2010-12-31": "862.00000", "2009-12-31": "382.00000", "2008-12-31": "5913.00000", "2007-12-31": "1153.00000", "2006-12-31": "52.00000", "2005-12-31": "4651.00000"}, "Net Change In Short-term Investments": {"2020-12-31": "", "2019-12-31": "", "2018-12-31": "", "2017-12-31": "", "2016-12-31": "", "2015-12-31": "", "2014-12-31": "", "2013-12-31": "", "2012-12-31": "", "2011-12-31": "", "2010-12-31": "", "2009-12-31": "", "2008-12-31": "", "2007-12-31": "", "2006-12-31": "", "2005-12-31": ""}, "Net Change In Long-Term Investments": {"2020-12-31": "-7229.00000", "2019-12-31": "-543.00000", "2018-12-31": "3387.00000", "2017-12-31": "2331.00000", "2016-12-31": "-2074.00000", "2015-12-31": "-513.00000", "2014-12-31": "1570.00000", "2013-12-31": "-1746.00000", "2012-12-31": "-1386.00000", "2011-12-31": "2072.00000", "2010-12-31": "927.00000", "2009-12-31": "-3856.00000", "2008-12-31": "-2708.00000", "2007-12-31": "7237.00000", "2006-12-31": "-5222.00000", "2005-12-31": "-3148.00000"}, "Net Change In Investments - Total": {"2020-12-31": "-7229.00000", "2019-12-31": "-543.00000", "2018-12-31": "3387.00000", "2017-12-31": "2331.00000", "2016-12-31": "-2074.00000", "2015-12-31": "-513.00000", "2014-12-31": "1570.00000", "2013-12-31": "-1746.00000", "2012-12-31": "-1386.00000", "2011-12-31": "2072.00000", "2010-12-31": "927.00000", "2009-12-31": "-3856.00000", "2008-12-31": "-2708.00000", "2007-12-31": "7237.00000", "2006-12-31": "-5222.00000", "2005-12-31": "-3148.00000"}, "Investing Activities - Other": {"2020-12-31": "-6984.00000", "2019-12-31": "-5546.00000", "2018-12-31": "-11863.00000", "2017-12-31": "-14642.00000", "2016-12-31": "-16236.00000", "2015-12-31": "-18453.00000", "2014-12-31": "-15231.00000", "2013-12-31": "-11388.00000", "2012-12-31": "-7416.00000", "2011-12-31": "-1153.00000", "2010-12-31": "9211.00000", "2009-12-31": "14152.00000", "2008-12-31": "348.00000", "2007-12-31": "-8825.00000", "2006-12-31": "-12846.00000", "2005-12-31": "11818.00000"}, "Cash Flow From Investing Activities": {"2020-12-31": "-18615.00000", "2019-12-31": "-13721.00000", "2018-12-31": "-16261.00000", "2017-12-31": "-19360.00000", "2016-12-31": "-25302.00000", "2015-12-31": "-26162.00000", "2014-12-31": "-21124.00000", "2013-12-31": "-19731.00000", "2012-12-31": "-14290.00000", "2011-12-31": "-3041.00000", "2010-12-31": "6908.00000", "2009-12-31": "6619.00000", "2008-12-31": "-2939.00000", "2007-12-31": "-6457.00000", "2006-12-31": "-24864.00000", "2005-12-31": "5805.00000"}, "Net Long-Term Debt": {"2020-12-31": "5386.00000", "2019-12-31": "1107.00000", "2018-12-31": "5958.00000", "2017-12-31": "5031.00000", "2016-12-31": "7164.00000", "2015-12-31": "15502.00000", "2014-12-31": "11184.00000", "2013-12-31": "12590.00000", "2012-12-31": "3226.00000", "2011-12-31": "-7174.00000", "2010-12-31": "-16804.00000", "2009-12-31": "-15829.00000", "2008-12-31": "-4085.00000", "2007-12-31": "-6318.00000", "2006-12-31": "21657.00000", "2005-12-31": "-11521.00000"}, "Net Current Debt": {"2020-12-31": "-2291.00000", "2019-12-31": "-1384.00000", "2018-12-31": "-2819.00000", "2017-12-31": "1229.00000", "2016-12-31": "3864.00000", "2015-12-31": "1646.00000", "2014-12-31": "-3870.00000", "2013-12-31": "-2927.00000", "2012-12-31": "1208.00000", "2011-12-31": "2841.00000", "2010-12-31": "-1754.00000", "2009-12-31": "-5881.00000", "2008-12-31": "-5240.00000", "2007-12-31": "919.00000", "2006-12-31": "-5825.00000", "2005-12-31": "-8713.00000"}, "Debt Issuance/Retirement Net - Total": {"2020-12-31": "3095.00000", "2019-12-31": "-277.00000", "2018-12-31": "3139.00000", "2017-12-31": "6260.00000", "2016-12-31": "11028.00000", "2015-12-31": "17148.00000", "2014-12-31": "7314.00000", "2013-12-31": "9663.00000", "2012-12-31": "4434.00000", "2011-12-31": "-4333.00000", "2010-12-31": "-18558.00000", "2009-12-31": "-21710.00000", "2008-12-31": "-9325.00000", "2007-12-31": "-5399.00000", "2006-12-31": "15832.00000", "2005-12-31": "-20234.00000"}, "Net Common Equity Issued/Repurchased": {"2020-12-31": "", "2019-12-31": "-237.00000", "2018-12-31": "-164.00000", "2017-12-31": "-131.00000", "2016-12-31": "-145.00000", "2015-12-31": "-129.00000", "2014-12-31": "-1964.00000", "2013-12-31": "-213.00000", "2012-12-31": "-125.00000", "2011-12-31": "", "2010-12-31": "1339.00000", "2009-12-31": "2450.00000", "2008-12-31": "756.00000", "2007-12-31": "219.00000", "2006-12-31": "248.00000", "2005-12-31": "325.00000"}, "Net Total Equity Issued/Repurchased": {"2020-12-31": "", "2019-12-31": "-237.00000", "2018-12-31": "-164.00000", "2017-12-31": "-131.00000", "2016-12-31": "-145.00000", "2015-12-31": "-129.00000", "2014-12-31": "-1964.00000", "2013-12-31": "-213.00000", "2012-12-31": "-125.00000", "2011-12-31": "", "2010-12-31": "1339.00000", "2009-12-31": "2450.00000", "2008-12-31": "756.00000", "2007-12-31": "219.00000", "2006-12-31": "248.00000", "2005-12-31": "325.00000"}, "Total Common And Preferred Stock Dividends Paid": {"2020-12-31": "-596.00000", "2019-12-31": "-2389.00000", "2018-12-31": "-2905.00000", "2017-12-31": "-2584.00000", "2016-12-31": "-3376.00000", "2015-12-31": "-2380.00000", "2014-12-31": "-1952.00000", "2013-12-31": "-1574.00000", "2012-12-31": "-763.00000", "2011-12-31": "", "2010-12-31": "", "2009-12-31": "", "2008-12-31": "", "2007-12-31": "", "2006-12-31": "-468.00000", "2005-12-31": "-738.00000"}, "Financial Activities - Other": {"2020-12-31": "-184.00000", "2019-12-31": "-226.00000", "2018-12-31": "-192.00000", "2017-12-31": "-151.00000", "2016-12-31": "-107.00000", "2015-12-31": "-373.00000", "2014-12-31": "25.00000", "2013-12-31": "257.00000", "2012-12-31": "159.00000", "2011-12-31": "92.00000", "2010-12-31": "-7202.00000", "2009-12-31": "-3570.00000", "2008-12-31": "-603.00000", "2007-12-31": "-88.00000", "2006-12-31": "-339.00000", "2005-12-31": "-153.00000"}, "Cash Flow From Financial Activities": {"2020-12-31": "2315.00000", "2019-12-31": "-3129.00000", "2018-12-31": "-122.00000", "2017-12-31": "3394.00000", "2016-12-31": "7400.00000", "2015-12-31": "14266.00000", "2014-12-31": "3423.00000", "2013-12-31": "8133.00000", "2012-12-31": "3705.00000", "2011-12-31": "-4241.00000", "2010-12-31": "-24421.00000", "2009-12-31": "-22830.00000", "2008-12-31": "-9172.00000", "2007-12-31": "-5268.00000", "2006-12-31": "15273.00000", "2005-12-31": "-20800.00000"}, "Net Cash Flow": {"2020-12-31": "8194.00000", "2019-12-31": "834.00000", "2018-12-31": "-1731.00000", "2017-12-31": "2619.00000", "2016-12-31": "1683.00000", "2015-12-31": "3515.00000", "2014-12-31": "-3711.00000", "2013-12-31": "-1191.00000", "2012-12-31": "-1489.00000", "2011-12-31": "2343.00000", "2010-12-31": "-6089.00000", "2009-12-31": "-910.00000", "2008-12-31": "-13088.00000", "2007-12-31": "6389.00000", "2006-12-31": "484.00000", "2005-12-31": "4901.00000"}, "Stock-Based Compensation": {"2020-12-31": "199.00000", "2019-12-31": "228.00000", "2018-12-31": "191.00000", "2017-12-31": "246.00000", "2016-12-31": "210.00000", "2015-12-31": "199.00000", "2014-12-31": "180.00000", "2013-12-31": "159.00000", "2012-12-31": "140.00000", "2011-12-31": "171.00000", "2010-12-31": "34.00000", "2009-12-31": "29.00000", "2008-12-31": "35.00000", "2007-12-31": "75.00000", "2006-12-31": "77.00000", "2005-12-31": "116.00000"}, "Common Stock Dividends Paid": {"2020-12-31": "-596.00000", "2019-12-31": "-2389.00000", "2018-12-31": "-2905.00000", "2017-12-31": "-2584.00000", "2016-12-31": "-3376.00000", "2015-12-31": "-2380.00000", "2014-12-31": "-1952.00000", "2013-12-31": "-1574.00000", "2012-12-31": "-763.00000", "2011-12-31": "", "2010-12-31": "", "2009-12-31": "", "2008-12-31": "", "2007-12-31": "", "2006-12-31": "-468.00000", "2005-12-31": "-738.00000"}}, "cash flow statement, quarterly": {"Net Income/Loss": {"2020-12-31": -2791, "2020-09-30": 2390, "2020-06-30": 1118, "2020-03-31": "-1993.00000", "2019-12-31": -1672, "2019-09-30": 423, "2019-06-30": 150, "2019-03-31": "1183.00000", "2018-12-31": -112, "2018-09-30": 3807, "2018-06-30": 0, "2018-03-31": "0.00000", "2017-12-31": 7757, "2017-09-30": 0, "2017-06-30": 0, "2017-03-31": "0.00000", "2016-12-31": 4600, "2016-09-30": 0, "2016-06-30": 0, "2016-03-31": "0.00000", "2015-12-31": 7371, "2015-09-30": 0, "2015-06-30": 0, "2015-03-31": "0.00000", "2014-12-31": 1230, "2014-09-30": 0, "2014-06-30": 0, "2014-03-31": "0.00000", "2013-12-31": 11946, "2013-09-30": 0, "2013-06-30": 0, "2013-03-31": "0.00000", "2012-12-31": 5612, "2012-09-30": 0, "2012-06-30": 0, "2012-03-31": "0.00000", "2011-12-31": 20213, "2011-09-30": 0, "2011-06-30": 0, "2011-03-31": "0.00000", "2010-12-31": 6561, "2010-09-30": 0, "2010-06-30": 0, "2010-03-31": "0.00000", "2009-12-31": 2717, "2009-09-30": 0, "2009-06-30": 0, "2009-03-31": "0.00000", "2008-12-31": -14766, "2008-09-30": 0, "2008-06-30": 0, "2008-03-31": "0.00000", "2007-12-31": -2795, "2007-09-30": 0, "2007-06-30": 0, "2007-03-31": "0.00000", "2006-12-31": -12613, "2006-09-30": 0, "2006-06-30": 0, "2006-03-31": "0.00000", "2005-12-31": 1440, "2005-09-30": 0, "2005-06-30": 0, "2005-03-31": "0.00000"}, "Total Depreciation And Amortization - Cash Flow": {"2020-12-31": 1725, "2020-09-30": 1520, "2020-06-30": 2070, "2020-03-31": "2142.00000", "2019-12-31": 2071, "2019-09-30": 2018, "2019-06-30": 2259, "2019-03-31": "2142.00000", "2018-12-31": 2109, "2018-09-30": 6304, "2018-06-30": 0, "2018-03-31": "", "2017-12-31": 8572, "2017-09-30": 0, "2017-06-30": 0, "2017-03-31": "", "2016-12-31": 8717, "2016-09-30": 0, "2016-06-30": 0, "2016-03-31": "", "2015-12-31": 7966, "2015-09-30": 0, "2015-06-30": 0, "2015-03-31": "", "2014-12-31": 7423, "2014-09-30": 0, "2014-06-30": 0, "2014-03-31": "", "2013-12-31": 6544, "2013-09-30": 0, "2013-06-30": 0, "2013-03-31": "", "2012-12-31": 5300, "2012-09-30": 0, "2012-06-30": 0, "2012-03-31": "", "2011-12-31": 4256, "2011-09-30": 0, "2011-06-30": 0, "2011-03-31": "", "2010-12-31": 5584, "2010-09-30": 0, "2010-06-30": 0, "2010-03-31": "", "2009-12-31": 6580, "2009-09-30": 0, "2009-06-30": 0, "2009-03-31": "", "2008-12-31": 12255, "2008-09-30": 0, "2008-06-30": 0, "2008-03-31": "", "2007-12-31": 16247, "2007-09-30": 0, "2007-06-30": 0, "2007-03-31": "", "2006-12-31": 12719, "2006-09-30": 0, "2006-06-30": 0, "2006-03-31": "", "2005-12-31": 14065, "2005-09-30": 0, "2005-06-30": 0, "2005-03-31": ""}, "Other Non-Cash Items": {"2020-12-31": 1318, "2020-09-30": 107, "2020-06-30": -3697, "2020-03-31": "1604.00000", "2019-12-31": 1417, "2019-09-30": 818, "2019-06-30": 289, "2019-03-31": "296.00000", "2018-12-31": 1047, "2018-09-30": 544, "2018-06-30": 0, "2018-03-31": "", "2017-12-31": -284, "2017-09-30": 0, "2017-06-30": 0, "2017-03-31": "", "2016-12-31": 3539, "2016-09-30": 0, "2016-06-30": 0, "2016-03-31": "", "2015-12-31": -1506, "2015-09-30": 0, "2015-06-30": 0, "2015-03-31": "", "2014-12-31": 4424, "2014-09-30": 0, "2014-06-30": 0, "2014-03-31": "", "2013-12-31": -6222, "2013-09-30": 0, "2013-06-30": 0, "2013-03-31": "", "2012-12-31": 1669, "2012-09-30": 0, "2012-06-30": 0, "2012-03-31": "", "2011-12-31": -11353, "2011-09-30": 0, "2011-06-30": 0, "2011-03-31": "", "2010-12-31": 1562, "2010-09-30": 0, "2010-06-30": 0, "2010-03-31": "", "2009-12-31": 3244, "2009-09-30": 0, "2009-06-30": 0, "2009-03-31": "", "2008-12-31": 13308, "2008-09-30": 0, "2008-06-30": 0, "2008-03-31": "", "2007-12-31": -3595, "2007-09-30": 0, "2007-06-30": 0, "2007-03-31": "", "2006-12-31": 7904, "2006-09-30": 0, "2006-06-30": 0, "2006-03-31": "", "2005-12-31": 8336, "2005-09-30": 0, "2005-06-30": 0, "2005-03-31": ""}, "Total Non-Cash Items": {"2020-12-31": 3043, "2020-09-30": 1627, "2020-06-30": -1627, "2020-03-31": "3746.00000", "2019-12-31": 3488, "2019-09-30": 2836, "2019-06-30": 2548, "2019-03-31": "2438.00000", "2018-12-31": 3156, "2018-09-30": 6848, "2018-06-30": 0, "2018-03-31": "", "2017-12-31": 8288, "2017-09-30": 0, "2017-06-30": 0, "2017-03-31": "", "2016-12-31": 12256, "2016-09-30": 0, "2016-06-30": 0, "2016-03-31": "", "2015-12-31": 6460, "2015-09-30": 0, "2015-06-30": 0, "2015-03-31": "", "2014-12-31": 11847, "2014-09-30": 0, "2014-06-30": 0, "2014-03-31": "", "2013-12-31": 322, "2013-09-30": 0, "2013-06-30": 0, "2013-03-31": "", "2012-12-31": 6969, "2012-09-30": 0, "2012-06-30": 0, "2012-03-31": "", "2011-12-31": -7097, "2011-09-30": 0, "2011-06-30": 0, "2011-03-31": "", "2010-12-31": 7146, "2010-09-30": 0, "2010-06-30": 0, "2010-03-31": "", "2009-12-31": 9824, "2009-09-30": 0, "2009-06-30": 0, "2009-03-31": "", "2008-12-31": 25563, "2008-09-30": 0, "2008-06-30": 0, "2008-03-31": "", "2007-12-31": 12652, "2007-09-30": 0, "2007-06-30": 0, "2007-03-31": "", "2006-12-31": 20623, "2006-09-30": 0, "2006-06-30": 0, "2006-03-31": "", "2005-12-31": 22401, "2005-09-30": 0, "2005-06-30": 0, "2005-03-31": ""}, "Change In Accounts Receivable": {"2020-12-31": 961, "2020-09-30": 1088, "2020-06-30": 11033, "2020-03-31": "-1041.00000", "2019-12-31": -1031, "2019-09-30": 2016, "2019-06-30": 1803, "2019-03-31": "-2050.00000", "2018-12-31": -3267, "2018-09-30": -1380, "2018-06-30": 0, "2018-03-31": "", "2017-12-31": -3133, "2017-09-30": 0, "2017-06-30": 0, "2017-03-31": "", "2016-12-31": -2855, "2016-09-30": 0, "2016-06-30": 0, "2016-03-31": "", "2015-12-31": -3563, "2015-09-30": 0, "2015-06-30": 0, "2015-03-31": "", "2014-12-31": -2896, "2014-09-30": 0, "2014-06-30": 0, "2014-03-31": "", "2013-12-31": -1913, "2013-09-30": 0, "2013-06-30": 0, "2013-03-31": "", "2012-12-31": -2508, "2012-09-30": 0, "2012-06-30": 0, "2012-03-31": "", "2011-12-31": -1942, "2011-09-30": 0, "2011-06-30": 0, "2011-03-31": "", "2010-12-31": 695, "2010-09-30": 0, "2010-06-30": 0, "2010-03-31": "", "2009-12-31": 2612, "2009-09-30": 0, "2009-06-30": 0, "2009-03-31": "", "2008-12-31": 973, "2008-09-30": 0, "2008-06-30": 0, "2008-03-31": "", "2007-12-31": 45, "2007-09-30": 0, "2007-06-30": 0, "2007-03-31": "", "2006-12-31": 2279, "2006-09-30": 0, "2006-06-30": 0, "2006-03-31": "", "2005-12-31": -2810, "2005-09-30": 0, "2005-06-30": 0, "2005-03-31": ""}, "Change In Inventories": {"2020-12-31": 350, "2020-09-30": -268, "2020-06-30": 1243, "2020-03-31": "-1177.00000", "2019-12-31": 1996, "2019-09-30": -610, "2019-06-30": -97, "2019-03-31": "-1083.00000", "2018-12-31": 1532, "2018-09-30": -2360, "2018-06-30": 0, "2018-03-31": "", "2017-12-31": -970, "2017-09-30": 0, "2017-06-30": 0, "2017-03-31": "", "2016-12-31": -803, "2016-09-30": 0, "2016-06-30": 0, "2016-03-31": "", "2015-12-31": -1155, "2015-09-30": 0, "2015-06-30": 0, "2015-03-31": "", "2014-12-31": -936, "2014-09-30": 0, "2014-06-30": 0, "2014-03-31": "", "2013-12-31": -437, "2013-09-30": 0, "2013-06-30": 0, "2013-03-31": "", "2012-12-31": -1401, "2012-09-30": 0, "2012-06-30": 0, "2012-03-31": "", "2011-12-31": -367, "2011-09-30": 0, "2011-06-30": 0, "2011-03-31": "", "2010-12-31": -903, "2010-09-30": 0, "2010-06-30": 0, "2010-03-31": "", "2009-12-31": 2201, "2009-09-30": 0, "2009-06-30": 0, "2009-03-31": "", "2008-12-31": -137, "2008-09-30": 0, "2008-06-30": 0, "2008-03-31": "", "2007-12-31": 371, "2007-09-30": 0, "2007-06-30": 0, "2007-03-31": "", "2006-12-31": -695, "2006-09-30": 0, "2006-06-30": 0, "2006-03-31": "", "2005-12-31": -94, "2005-09-30": 0, "2005-06-30": 0, "2005-03-31": ""}, "Change In Accounts Payable": {"2020-12-31": 2951, "2020-09-30": 6343, "2020-06-30": -2679, "2020-03-31": "194.00000", "2019-12-31": 34, "2019-09-30": 297, "2019-06-30": 1985, "2019-03-31": "2944.00000", "2018-12-31": -5, "2018-09-30": 6786, "2018-06-30": 0, "2018-03-31": "", "2017-12-31": 6089, "2017-09-30": 0, "2017-06-30": 0, "2017-03-31": "", "2016-12-31": 6595, "2016-09-30": 0, "2016-06-30": 0, "2016-03-31": "", "2015-12-31": 7758, "2015-09-30": 0, "2015-06-30": 0, "2015-03-31": "", "2014-12-31": 5729, "2014-09-30": 0, "2014-06-30": 0, "2014-03-31": "", "2013-12-31": 1232, "2013-09-30": 0, "2013-06-30": 0, "2013-03-31": "", "2012-12-31": 599, "2012-09-30": 0, "2012-06-30": 0, "2012-03-31": "", "2011-12-31": -1599, "2011-09-30": 0, "2011-06-30": 0, "2011-03-31": "", "2010-12-31": -836, "2010-09-30": 0, "2010-06-30": 0, "2010-03-31": "", "2009-12-31": -2832, "2009-09-30": 0, "2009-06-30": 0, "2009-03-31": "", "2008-12-31": -12299, "2008-09-30": 0, "2008-06-30": 0, "2008-03-31": "", "2007-12-31": 1348, "2007-09-30": 0, "2007-06-30": 0, "2007-03-31": "", "2006-12-31": 6534, "2006-09-30": 0, "2006-06-30": 0, "2006-03-31": "", "2005-12-31": -37, "2005-09-30": 0, "2005-06-30": 0, "2005-03-31": ""}, "Change In Assets/Liabilities": {"2020-12-31": 25, "2020-09-30": -92, "2020-06-30": 27, "2020-03-31": "-202.00000", "2019-12-31": 85, "2019-09-30": -230, "2019-06-30": 74, "2019-03-31": "112.00000", "2018-12-31": 53, "2018-09-30": -36, "2018-06-30": 0, "2018-03-31": "", "2017-12-31": 65, "2017-09-30": 0, "2017-06-30": 0, "2017-03-31": "", "2016-12-31": 57, "2016-09-30": 0, "2016-06-30": 0, "2016-03-31": "", "2015-12-31": -645, "2015-09-30": 0, "2015-06-30": 0, "2015-03-31": "", "2014-12-31": -467, "2014-09-30": 0, "2014-06-30": 0, "2014-03-31": "", "2013-12-31": -706, "2013-09-30": 0, "2013-06-30": 0, "2013-03-31": "", "2012-12-31": -226, "2012-09-30": 0, "2012-06-30": 0, "2012-03-31": "", "2011-12-31": 576, "2011-09-30": 0, "2011-06-30": 0, "2011-03-31": "", "2010-12-31": -1186, "2010-09-30": 0, "2010-06-30": 0, "2010-03-31": "", "2009-12-31": 955, "2009-09-30": 0, "2009-06-30": 0, "2009-03-31": "", "2008-12-31": 403, "2008-09-30": 0, "2008-06-30": 0, "2008-03-31": "", "2007-12-31": 5453, "2007-09-30": 0, "2007-06-30": 0, "2007-03-31": "", "2006-12-31": -6506, "2006-09-30": 0, "2006-06-30": 0, "2006-03-31": "", "2005-12-31": -508, "2005-09-30": 0, "2005-06-30": 0, "2005-03-31": ""}, "Total Change In Assets/Liabilities": {"2020-12-31": 4287, "2020-09-30": 7071, "2020-06-30": 9624, "2020-03-31": "-2226.00000", "2019-12-31": 1084, "2019-09-30": 1473, "2019-06-30": 3765, "2019-03-31": "-77.00000", "2018-12-31": -1687, "2018-09-30": 3010, "2018-06-30": 0, "2018-03-31": "", "2017-12-31": 2051, "2017-09-30": 0, "2017-06-30": 0, "2017-03-31": "", "2016-12-31": 2994, "2016-09-30": 0, "2016-06-30": 0, "2016-03-31": "", "2015-12-31": 2395, "2015-09-30": 0, "2015-06-30": 0, "2015-03-31": "", "2014-12-31": 1430, "2014-09-30": 0, "2014-06-30": 0, "2014-03-31": "", "2013-12-31": -1824, "2013-09-30": 0, "2013-06-30": 0, "2013-03-31": "", "2012-12-31": -3536, "2012-09-30": 0, "2012-06-30": 0, "2012-03-31": "", "2011-12-31": -3332, "2011-09-30": 0, "2011-06-30": 0, "2011-03-31": "", "2010-12-31": -2230, "2010-09-30": 0, "2010-06-30": 0, "2010-03-31": "", "2009-12-31": 2936, "2009-09-30": 0, "2009-06-30": 0, "2009-03-31": "", "2008-12-31": -11060, "2008-09-30": 0, "2008-06-30": 0, "2008-03-31": "", "2007-12-31": 7217, "2007-09-30": 0, "2007-06-30": 0, "2007-03-31": "", "2006-12-31": 1612, "2006-09-30": 0, "2006-06-30": 0, "2006-03-31": "", "2005-12-31": -3449, "2005-09-30": 0, "2005-06-30": 0, "2005-03-31": ""}, "Cash Flow From Operating Activities": {"2020-12-31": 4539, "2020-09-30": 11088, "2020-06-30": 9115, "2020-03-31": "-473.00000", "2019-12-31": 2900, "2019-09-30": 4732, "2019-06-30": 6463, "2019-03-31": "3544.00000", "2018-12-31": 1357, "2018-09-30": 5179, "2018-06-30": 4972, "2018-03-31": "3514.00000", "2017-12-31": 3147, "2017-09-30": 4998, "2017-06-30": 5615, "2017-03-31": "4336.00000", "2016-12-31": 2798, "2016-09-30": 5161, "2016-06-30": 7742, "2016-03-31": "4149.00000", "2015-12-31": 2148, "2015-09-30": 6455, "2015-06-30": 5210, "2015-03-31": "2413.00000", "2014-12-31": 2168, "2014-09-30": 5369, "2014-06-30": 4750, "2014-03-31": "2220.00000", "2013-12-31": 315, "2013-09-30": 3840, "2013-06-30": 6078, "2013-03-31": "211.00000", "2012-12-31": -361, "2012-09-30": 3427, "2012-06-30": 3904, "2012-03-31": "2075.00000", "2011-12-31": -235, "2011-09-30": 3793, "2011-06-30": 3729, "2011-03-31": "2497.00000", "2010-12-31": 1239, "2010-09-30": 3781, "2010-06-30": 3774, "2010-03-31": "2683.00000", "2009-12-31": 396, "2009-09-30": 5714, "2009-06-30": 5351, "2009-03-31": "4016.00000", "2008-12-31": -3532, "2008-09-30": 1108, "2008-06-30": 1134, "2008-03-31": "1027.00000", "2007-12-31": 3832, "2007-09-30": 8015, "2007-06-30": 4248, "2007-03-31": "979.00000", "2006-12-31": -7357, "2006-09-30": 7266, "2006-06-30": 9730, "2006-03-31": "-17.00000", "2005-12-31": 1110, "2005-09-30": 4700, "2005-06-30": 9417, "2005-03-31": "5165.00000"}, "Net Change In Property, Plant, And Equipment": {"2020-12-31": -1531, "2020-09-30": -1256, "2020-06-30": -1175, "2020-03-31": "-1780.00000", "2019-12-31": -2274, "2019-09-30": -1805, "2019-06-30": -1920, "2019-03-31": "-1633.00000", "2018-12-31": -2116, "2018-09-30": -1981, "2018-06-30": -1909, "2018-03-31": "-1779.00000", "2017-12-31": -2113, "2017-09-30": -1672, "2017-06-30": -1558, "2017-03-31": "-1706.00000", "2016-12-31": -2080, "2016-09-30": -1706, "2016-06-30": -1695, "2016-03-31": "-1511.00000", "2015-12-31": -1838, "2015-09-30": -1825, "2015-06-30": -1733, "2015-03-31": "-1800.00000", "2014-12-31": -2154, "2014-09-30": -1881, "2014-06-30": -1912, "2014-03-31": "-1516.00000", "2013-12-31": -1938, "2013-09-30": -1582, "2013-06-30": -1594, "2013-03-31": "-1483.00000", "2012-12-31": -1885, "2012-09-30": -1319, "2012-06-30": -1191, "2012-03-31": "-1093.00000", "2011-12-31": -1158, "2011-09-30": -1113, "2011-06-30": -1093, "2011-03-31": "-929.00000", "2010-12-31": -1146, "2010-09-30": -919, "2010-06-30": -959, "2010-03-31": "-1068.00000", "2009-12-31": -1069, "2009-09-30": -944, "2009-06-30": -977, "2009-03-31": "-1069.00000", "2008-12-31": -1617, "2008-09-30": -1747, "2008-06-30": -1638, "2008-03-31": "-1490.00000", "2007-12-31": -1807, "2007-09-30": -1578, "2007-06-30": -1341, "2007-03-31": "-1296.00000", "2006-12-31": -1606, "2006-09-30": -1839, "2006-06-30": -1565, "2006-03-31": "-1838.00000", "2005-12-31": -2054, "2005-09-30": -1890, "2005-06-30": -2011, "2005-03-31": "-1561.00000"}, "Net Change In Intangible Assets": {"2020-12-31": 0, "2020-09-30": 0, "2020-06-30": 0, "2020-03-31": "", "2019-12-31": 0, "2019-09-30": 0, "2019-06-30": 0, "2019-03-31": "", "2018-12-31": 0, "2018-09-30": 0, "2018-06-30": 0, "2018-03-31": "", "2017-12-31": 0, "2017-09-30": 0, "2017-06-30": 0, "2017-03-31": "", "2016-12-31": 0, "2016-09-30": 0, "2016-06-30": 0, "2016-03-31": "", "2015-12-31": 0, "2015-09-30": 0, "2015-06-30": 0, "2015-03-31": "", "2014-12-31": 0, "2014-09-30": 0, "2014-06-30": 0, "2014-03-31": "", "2013-12-31": 0, "2013-09-30": 0, "2013-06-30": 0, "2013-03-31": "", "2012-12-31": 0, "2012-09-30": 0, "2012-06-30": 0, "2012-03-31": "", "2011-12-31": 0, "2011-09-30": 0, "2011-06-30": 0, "2011-03-31": "", "2010-12-31": 0, "2010-09-30": 0, "2010-06-30": 0, "2010-03-31": "", "2009-12-31": 0, "2009-09-30": 0, "2009-06-30": 0, "2009-03-31": "", "2008-12-31": 0, "2008-09-30": 0, "2008-06-30": 0, "2008-03-31": "", "2007-12-31": 0, "2007-09-30": 0, "2007-06-30": 0, "2007-03-31": "", "2006-12-31": 0, "2006-09-30": 0, "2006-06-30": 0, "2006-03-31": "", "2005-12-31": 0, "2005-09-30": 0, "2005-06-30": 0, "2005-03-31": ""}, "Net Acquisitions/Divestitures": {"2020-12-31": 0, "2020-09-30": 27113, "2020-06-30": -27113, "2020-03-31": "1340.00000", "2019-12-31": 0, "2019-09-30": 26202, "2019-06-30": -26202, "2019-03-31": "", "2018-12-31": 0, "2018-09-30": 0, "2018-06-30": 0, "2018-03-31": "", "2017-12-31": 0, "2017-09-30": 0, "2017-06-30": 13467, "2017-03-31": "-13467.00000", "2016-12-31": 0, "2016-09-30": 0, "2016-06-30": 0, "2016-03-31": "", "2015-12-31": 0, "2015-09-30": 0, "2015-06-30": 0, "2015-03-31": "", "2014-12-31": 0, "2014-09-30": 0, "2014-06-30": 0, "2014-03-31": "", "2013-12-31": 0, "2013-09-30": 0, "2013-06-30": 0, "2013-03-31": "", "2012-12-31": -65, "2012-09-30": 1, "2012-06-30": 59, "2012-03-31": "5.00000", "2011-12-31": 183, "2011-09-30": 6, "2011-06-30": 144, "2011-03-31": "", "2010-12-31": 0, "2010-09-30": 862, "2010-06-30": 0, "2010-03-31": "", "2009-12-31": 2, "2009-09-30": 209, "2009-06-30": 5, "2009-03-31": "166.00000", "2008-12-31": 558, "2008-09-30": 143, "2008-06-30": 5168, "2008-03-31": "44.00000", "2007-12-31": 0, "2007-09-30": 235, "2007-06-30": 885, "2007-03-31": "33.00000", "2006-12-31": 2, "2006-09-30": 40, "2006-06-30": -36, "2006-03-31": "46.00000", "2005-12-31": 4027, "2005-09-30": -146, "2005-06-30": 731, "2005-03-31": "39.00000"}, "Net Change In Short-term Investments": {"2020-12-31": 0, "2020-09-30": 0, "2020-06-30": 0, "2020-03-31": "", "2019-12-31": 0, "2019-09-30": 0, "2019-06-30": 0, "2019-03-31": "", "2018-12-31": 0, "2018-09-30": 0, "2018-06-30": 0, "2018-03-31": "", "2017-12-31": 0, "2017-09-30": 0, "2017-06-30": 0, "2017-03-31": "", "2016-12-31": 0, "2016-09-30": 0, "2016-06-30": 0, "2016-03-31": "", "2015-12-31": 0, "2015-09-30": 0, "2015-06-30": 0, "2015-03-31": "", "2014-12-31": 0, "2014-09-30": 0, "2014-06-30": 0, "2014-03-31": "", "2013-12-31": 0, "2013-09-30": 0, "2013-06-30": 0, "2013-03-31": "", "2012-12-31": 0, "2012-09-30": 0, "2012-06-30": 0, "2012-03-31": "", "2011-12-31": 0, "2011-09-30": 0, "2011-06-30": 0, "2011-03-31": "", "2010-12-31": 0, "2010-09-30": 0, "2010-06-30": 0, "2010-03-31": "", "2009-12-31": 0, "2009-09-30": 0, "2009-06-30": 0, "2009-03-31": "", "2008-12-31": 0, "2008-09-30": 0, "2008-06-30": 0, "2008-03-31": "", "2007-12-31": 0, "2007-09-30": 0, "2007-06-30": 0, "2007-03-31": "", "2006-12-31": 0, "2006-09-30": 0, "2006-06-30": 0, "2006-03-31": "", "2005-12-31": 0, "2005-09-30": 0, "2005-06-30": 0, "2005-03-31": ""}, "Net Change In Long-Term Investments": {"2020-12-31": -4230, "2020-09-30": 5821, "2020-06-30": -5574, "2020-03-31": "-3246.00000", "2019-12-31": -708, "2019-09-30": -705, "2019-06-30": 352, "2019-03-31": "518.00000", "2018-12-31": 593, "2018-09-30": 1763, "2018-06-30": 2858, "2018-03-31": "-1827.00000", "2017-12-31": -72, "2017-09-30": 2428, "2017-06-30": -698, "2017-03-31": "673.00000", "2016-12-31": -2047, "2016-09-30": 1239, "2016-06-30": 1286, "2016-03-31": "-2552.00000", "2015-12-31": -3894, "2015-09-30": 1441, "2015-06-30": 2324, "2015-03-31": "-384.00000", "2014-12-31": 205, "2014-09-30": 3436, "2014-06-30": -560, "2014-03-31": "-1511.00000", "2013-12-31": 804, "2013-09-30": 496, "2013-06-30": -2854, "2013-03-31": "-192.00000", "2012-12-31": 1727, "2012-09-30": -1187, "2012-06-30": 186, "2012-03-31": "-2112.00000", "2011-12-31": -2003, "2011-09-30": -844, "2011-06-30": -2366, "2011-03-31": "7285.00000", "2010-12-31": 5396, "2010-09-30": -4448, "2010-06-30": 333, "2010-03-31": "-354.00000", "2009-12-31": 647, "2009-09-30": -5210, "2009-06-30": 3638, "2009-03-31": "-2931.00000", "2008-12-31": -679, "2008-09-30": 2596, "2008-06-30": -4621, "2008-03-31": "-4.00000", "2007-12-31": 1517, "2007-09-30": -1648, "2007-06-30": 2829, "2007-03-31": "4539.00000", "2006-12-31": -2947, "2006-09-30": -2352, "2006-06-30": 2311, "2006-03-31": "-2234.00000", "2005-12-31": 2755, "2005-09-30": -5254, "2005-06-30": -658, "2005-03-31": "9.00000"}, "Net Change In Investments - Total": {"2020-12-31": -4230, "2020-09-30": 5821, "2020-06-30": -5574, "2020-03-31": "-3246.00000", "2019-12-31": -708, "2019-09-30": -705, "2019-06-30": 352, "2019-03-31": "518.00000", "2018-12-31": 593, "2018-09-30": 1763, "2018-06-30": 2858, "2018-03-31": "-1827.00000", "2017-12-31": -72, "2017-09-30": 2428, "2017-06-30": -698, "2017-03-31": "673.00000", "2016-12-31": -2047, "2016-09-30": 1239, "2016-06-30": 1286, "2016-03-31": "-2552.00000", "2015-12-31": -3894, "2015-09-30": 1441, "2015-06-30": 2324, "2015-03-31": "-384.00000", "2014-12-31": 205, "2014-09-30": 3436, "2014-06-30": -560, "2014-03-31": "-1511.00000", "2013-12-31": 804, "2013-09-30": 496, "2013-06-30": -2854, "2013-03-31": "-192.00000", "2012-12-31": 1727, "2012-09-30": -1187, "2012-06-30": 186, "2012-03-31": "-2112.00000", "2011-12-31": -2003, "2011-09-30": -844, "2011-06-30": -2366, "2011-03-31": "7285.00000", "2010-12-31": 5396, "2010-09-30": -4448, "2010-06-30": 333, "2010-03-31": "-354.00000", "2009-12-31": 647, "2009-09-30": -5210, "2009-06-30": 3638, "2009-03-31": "-2931.00000", "2008-12-31": -679, "2008-09-30": 2596, "2008-06-30": -4621, "2008-03-31": "-4.00000", "2007-12-31": 1517, "2007-09-30": -1648, "2007-06-30": 2829, "2007-03-31": "4539.00000", "2006-12-31": -2947, "2006-09-30": -2352, "2006-06-30": 2311, "2006-03-31": "-2234.00000", "2005-12-31": 2755, "2005-09-30": -5254, "2005-06-30": -658, "2005-03-31": "9.00000"}, "Investing Activities - Other": {"2020-12-31": 16, "2020-09-30": -30333, "2020-06-30": 22761, "2020-03-31": "572.00000", "2019-12-31": -2368, "2019-09-30": -28239, "2019-06-30": 25280, "2019-03-31": "-219.00000", "2018-12-31": -2143, "2018-09-30": -3355, "2018-06-30": -3427, "2018-03-31": "-2938.00000", "2017-12-31": -4650, "2017-09-30": -4419, "2017-06-30": -16421, "2017-03-31": "10848.00000", "2016-12-31": -3117, "2016-09-30": -5482, "2016-06-30": -4725, "2016-03-31": "-2912.00000", "2015-12-31": -3766, "2015-09-30": -7330, "2015-06-30": -4581, "2015-03-31": "-2776.00000", "2014-12-31": -3581, "2014-09-30": -5464, "2014-06-30": -3551, "2014-03-31": "-2635.00000", "2013-12-31": -3277, "2013-09-30": -3171, "2013-06-30": -2764, "2013-03-31": "-2176.00000", "2012-12-31": -1444, "2012-09-30": -2569, "2012-06-30": -2092, "2012-03-31": "-1311.00000", "2011-12-31": -1054, "2011-09-30": 119, "2011-06-30": -756, "2011-03-31": "538.00000", "2010-12-31": 2038, "2010-09-30": 2281, "2010-06-30": 2303, "2010-03-31": "2589.00000", "2009-12-31": 4167, "2009-09-30": 3121, "2009-06-30": 2365, "2009-03-31": "4499.00000", "2008-12-31": 2828, "2008-09-30": -1016, "2008-06-30": -1149, "2008-03-31": "-315.00000", "2007-12-31": -2113, "2007-09-30": -2903, "2007-06-30": -3128, "2007-03-31": "-681.00000", "2006-12-31": -998, "2006-09-30": -7186, "2006-06-30": -4880, "2006-03-31": "218.00000", "2005-12-31": 2162, "2005-09-30": 3877, "2005-06-30": 42, "2005-03-31": "5737.00000"}, "Cash Flow From Investing Activities": {"2020-12-31": -5745, "2020-09-30": 1345, "2020-06-30": -11101, "2020-03-31": "-3114.00000", "2019-12-31": -5350, "2019-09-30": -4547, "2019-06-30": -2490, "2019-03-31": "-1334.00000", "2018-12-31": -3666, "2018-09-30": -3573, "2018-06-30": -2478, "2018-03-31": "-6544.00000", "2017-12-31": -6835, "2017-09-30": -3663, "2017-06-30": -5210, "2017-03-31": "-3652.00000", "2016-12-31": -7244, "2016-09-30": -5949, "2016-06-30": -5134, "2016-03-31": "-6975.00000", "2015-12-31": -9498, "2015-09-30": -7714, "2015-06-30": -3990, "2015-03-31": "-4960.00000", "2014-12-31": -5530, "2014-09-30": -3909, "2014-06-30": -6023, "2014-03-31": "-5662.00000", "2013-12-31": -4411, "2013-09-30": -4257, "2013-06-30": -7212, "2013-03-31": "-3851.00000", "2012-12-31": -1667, "2012-09-30": -5074, "2012-06-30": -3038, "2012-03-31": "-4511.00000", "2011-12-31": -4032, "2011-09-30": -1832, "2011-06-30": -4071, "2011-03-31": "6894.00000", "2010-12-31": 6288, "2010-09-30": -2224, "2010-06-30": 1677, "2010-03-31": "1167.00000", "2009-12-31": 3747, "2009-09-30": -2824, "2009-06-30": 5031, "2009-03-31": "665.00000", "2008-12-31": 1090, "2008-09-30": -24, "2008-06-30": -2240, "2008-03-31": "-1765.00000", "2007-12-31": -2403, "2007-09-30": -5894, "2007-06-30": -755, "2007-03-31": "2595.00000", "2006-12-31": -5549, "2006-09-30": -11337, "2006-06-30": -4170, "2006-03-31": "-3808.00000", "2005-12-31": 6890, "2005-09-30": -3413, "2005-06-30": -1896, "2005-03-31": "4224.00000"}, "Net Long-Term Debt": {"2020-12-31": 1702, "2020-09-30": -17274, "2020-06-30": 7215, "2020-03-31": "13743.00000", "2019-12-31": 249, "2019-09-30": 392, "2019-06-30": -1668, "2019-03-31": "2134.00000", "2018-12-31": 2682, "2018-09-30": 440, "2018-06-30": -1757, "2018-03-31": "4593.00000", "2017-12-31": 5852, "2017-09-30": -1336, "2017-06-30": -827, "2017-03-31": "1342.00000", "2016-12-31": 5227, "2016-09-30": -2533, "2016-06-30": -1722, "2016-03-31": "6192.00000", "2015-12-31": 6992, "2015-09-30": 3385, "2015-06-30": 187, "2015-03-31": "4938.00000", "2014-12-31": 2581, "2014-09-30": 1773, "2014-06-30": 3344, "2014-03-31": "3486.00000", "2013-12-31": 3932, "2013-09-30": 1073, "2013-06-30": 3891, "2013-03-31": "3694.00000", "2012-12-31": 995, "2012-09-30": -827, "2012-06-30": 904, "2012-03-31": "2154.00000", "2011-12-31": 3671, "2011-09-30": -3066, "2011-06-30": -3848, "2011-03-31": "-3931.00000", "2010-12-31": -2907, "2010-09-30": -2543, "2010-06-30": -11675, "2010-03-31": "321.00000", "2009-12-31": -5472, "2009-09-30": -1729, "2009-06-30": -7683, "2009-03-31": "-945.00000", "2008-12-31": 1118, "2008-09-30": -2533, "2008-06-30": -2713, "2008-03-31": "43.00000", "2007-12-31": 2121, "2007-09-30": -5836, "2007-06-30": 2875, "2007-03-31": "-5478.00000", "2006-12-31": 21894, "2006-09-30": 2296, "2006-06-30": 1906, "2006-03-31": "-4439.00000", "2005-12-31": -682, "2005-09-30": 165, "2005-06-30": -2214, "2005-03-31": "-8790.00000"}, "Net Current Debt": {"2020-12-31": 524, "2020-09-30": -2026, "2020-06-30": -167, "2020-03-31": "-622.00000", "2019-12-31": -290, "2019-09-30": -1165, "2019-06-30": -349, "2019-03-31": "420.00000", "2018-12-31": -1551, "2018-09-30": 467, "2018-06-30": -826, "2018-03-31": "-909.00000", "2017-12-31": -670, "2017-09-30": 1827, "2017-06-30": -586, "2017-03-31": "658.00000", "2016-12-31": 2664, "2016-09-30": 266, "2016-06-30": 1055, "2016-03-31": "-121.00000", "2015-12-31": 802, "2015-09-30": 668, "2015-06-30": -312, "2015-03-31": "488.00000", "2014-12-31": -1078, "2014-09-30": 396, "2014-06-30": -2165, "2014-03-31": "-1023.00000", "2013-12-31": 300, "2013-09-30": 961, "2013-06-30": -2760, "2013-03-31": "-1428.00000", "2012-12-31": 3319, "2012-09-30": 902, "2012-06-30": -1362, "2012-03-31": "-1651.00000", "2011-12-31": 1289, "2011-09-30": 890, "2011-06-30": 101, "2011-03-31": "561.00000", "2010-12-31": -846, "2010-09-30": -208, "2010-06-30": 342, "2010-03-31": "-1042.00000", "2009-12-31": -295, "2009-09-30": 11, "2009-06-30": -1728, "2009-03-31": "-3869.00000", "2008-12-31": -818, "2008-09-30": -3373, "2008-06-30": -371, "2008-03-31": "-678.00000", "2007-12-31": 3477, "2007-09-30": -1162, "2007-06-30": -1785, "2007-03-31": "389.00000", "2006-12-31": -5549, "2006-09-30": -556, "2006-06-30": -735, "2006-03-31": "1015.00000", "2005-12-31": -2479, "2005-09-30": -7068, "2005-06-30": 1244, "2005-03-31": "-410.00000"}, "Debt Issuance/Retirement Net - Total": {"2020-12-31": 2226, "2020-09-30": -19300, "2020-06-30": 7048, "2020-03-31": "13121.00000", "2019-12-31": -41, "2019-09-30": -773, "2019-06-30": -2017, "2019-03-31": "2554.00000", "2018-12-31": 1131, "2018-09-30": 907, "2018-06-30": -2583, "2018-03-31": "3684.00000", "2017-12-31": 5182, "2017-09-30": 491, "2017-06-30": -1413, "2017-03-31": "2000.00000", "2016-12-31": 7891, "2016-09-30": -2267, "2016-06-30": -667, "2016-03-31": "6071.00000", "2015-12-31": 7794, "2015-09-30": 4053, "2015-06-30": -125, "2015-03-31": "5426.00000", "2014-12-31": 1503, "2014-09-30": 2169, "2014-06-30": 1179, "2014-03-31": "2463.00000", "2013-12-31": 4232, "2013-09-30": 2034, "2013-06-30": 1131, "2013-03-31": "2266.00000", "2012-12-31": 4314, "2012-09-30": 75, "2012-06-30": -458, "2012-03-31": "503.00000", "2011-12-31": 4960, "2011-09-30": -2176, "2011-06-30": -3747, "2011-03-31": "-3370.00000", "2010-12-31": -3753, "2010-09-30": -2751, "2010-06-30": -11333, "2010-03-31": "-721.00000", "2009-12-31": -5767, "2009-09-30": -1718, "2009-06-30": -9411, "2009-03-31": "-4814.00000", "2008-12-31": 300, "2008-09-30": -5906, "2008-06-30": -3084, "2008-03-31": "-635.00000", "2007-12-31": 5598, "2007-09-30": -6998, "2007-06-30": 1090, "2007-03-31": "-5089.00000", "2006-12-31": 16345, "2006-09-30": 1740, "2006-06-30": 1171, "2006-03-31": "-3424.00000", "2005-12-31": -3161, "2005-09-30": -6903, "2005-06-30": -970, "2005-03-31": "-9200.00000"}, "Net Common Equity Issued/Repurchased": {"2020-12-31": 0, "2020-09-30": 0, "2020-06-30": 0, "2020-03-31": "", "2019-12-31": 0, "2019-09-30": -237, "2019-06-30": 0, "2019-03-31": "", "2018-12-31": 0, "2018-09-30": -75, "2018-06-30": 0, "2018-03-31": "-89.00000", "2017-12-31": 0, "2017-09-30": 0, "2017-06-30": -131, "2017-03-31": "", "2016-12-31": 0, "2016-09-30": 0, "2016-06-30": 0, "2016-03-31": "-145.00000", "2015-12-31": 0, "2015-09-30": -38, "2015-06-30": -91, "2015-03-31": "", "2014-12-31": 0, "2014-09-30": -1102, "2014-06-30": -862, "2014-03-31": "", "2013-12-31": -49, "2013-09-30": -77, "2013-06-30": -77, "2013-03-31": "-10.00000", "2012-12-31": -33, "2012-09-30": -33, "2012-06-30": -32, "2012-03-31": "-27.00000", "2011-12-31": 0, "2011-09-30": 0, "2011-06-30": 0, "2011-03-31": "", "2010-12-31": 109, "2010-09-30": 388, "2010-06-30": 312, "2010-03-31": "530.00000", "2009-12-31": 180, "2009-09-30": 619, "2009-06-30": 1651, "2009-03-31": "", "2008-12-31": 93, "2008-09-30": 519, "2008-06-30": 81, "2008-03-31": "63.00000", "2007-12-31": 98, "2007-09-30": 101, "2007-06-30": 24, "2007-03-31": "-4.00000", "2006-12-31": 32, "2006-09-30": 79, "2006-06-30": 95, "2006-03-31": "42.00000", "2005-12-31": 75, "2005-09-30": 66, "2005-06-30": 198, "2005-03-31": "-14.00000"}, "Net Total Equity Issued/Repurchased": {"2020-12-31": 0, "2020-09-30": 0, "2020-06-30": 0, "2020-03-31": "", "2019-12-31": 0, "2019-09-30": -237, "2019-06-30": 0, "2019-03-31": "", "2018-12-31": 0, "2018-09-30": -75, "2018-06-30": 0, "2018-03-31": "-89.00000", "2017-12-31": 0, "2017-09-30": 0, "2017-06-30": -131, "2017-03-31": "", "2016-12-31": 0, "2016-09-30": 0, "2016-06-30": 0, "2016-03-31": "-145.00000", "2015-12-31": 0, "2015-09-30": -38, "2015-06-30": -91, "2015-03-31": "", "2014-12-31": 0, "2014-09-30": -1102, "2014-06-30": -862, "2014-03-31": "", "2013-12-31": -49, "2013-09-30": -77, "2013-06-30": -77, "2013-03-31": "-10.00000", "2012-12-31": -33, "2012-09-30": -33, "2012-06-30": -32, "2012-03-31": "-27.00000", "2011-12-31": 0, "2011-09-30": 0, "2011-06-30": 0, "2011-03-31": "", "2010-12-31": 109, "2010-09-30": 388, "2010-06-30": 312, "2010-03-31": "530.00000", "2009-12-31": 180, "2009-09-30": 619, "2009-06-30": 1651, "2009-03-31": "", "2008-12-31": 93, "2008-09-30": 519, "2008-06-30": 81, "2008-03-31": "63.00000", "2007-12-31": 98, "2007-09-30": 101, "2007-06-30": 24, "2007-03-31": "-4.00000", "2006-12-31": 32, "2006-09-30": 79, "2006-06-30": 95, "2006-03-31": "42.00000", "2005-12-31": 75, "2005-09-30": 66, "2005-06-30": 198, "2005-03-31": "-14.00000"}, "Total Common And Preferred Stock Dividends Paid": {"2020-12-31": 0, "2020-09-30": 0, "2020-06-30": 0, "2020-03-31": "-596.00000", "2019-12-31": -595, "2019-09-30": -598, "2019-06-30": -599, "2019-03-31": "-597.00000", "2018-12-31": -597, "2018-09-30": -597, "2018-06-30": -598, "2018-03-31": "-1113.00000", "2017-12-31": -596, "2017-09-30": -596, "2017-06-30": -597, "2017-03-31": "-795.00000", "2016-12-31": -596, "2016-09-30": -596, "2016-06-30": -596, "2016-03-31": "-1588.00000", "2015-12-31": -595, "2015-09-30": -595, "2015-06-30": -597, "2015-03-31": "-593.00000", "2014-12-31": -482, "2014-09-30": -483, "2014-06-30": -494, "2014-03-31": "-493.00000", "2013-12-31": -395, "2013-09-30": -394, "2013-06-30": -393, "2013-03-31": "-392.00000", "2012-12-31": -191, "2012-09-30": -191, "2012-06-30": -191, "2012-03-31": "-190.00000", "2011-12-31": 0, "2011-09-30": 0, "2011-06-30": 0, "2011-03-31": "", "2010-12-31": 0, "2010-09-30": 0, "2010-06-30": 0, "2010-03-31": "", "2009-12-31": 0, "2009-09-30": 0, "2009-06-30": 0, "2009-03-31": "", "2008-12-31": 0, "2008-09-30": 0, "2008-06-30": 0, "2008-03-31": "", "2007-12-31": 0, "2007-09-30": 0, "2007-06-30": 0, "2007-03-31": "", "2006-12-31": 0, "2006-09-30": -94, "2006-06-30": -188, "2006-03-31": "-186.00000", "2005-12-31": -186, "2005-09-30": -185, "2005-06-30": -184, "2005-03-31": "-183.00000"}, "Financial Activities - Other": {"2020-12-31": 58, "2020-09-30": -60, "2020-06-30": -111, "2020-03-31": "-71.00000", "2019-12-31": -53, "2019-09-30": -24, "2019-06-30": -65, "2019-03-31": "-84.00000", "2018-12-31": -8, "2018-09-30": -91, "2018-06-30": -25, "2018-03-31": "-68.00000", "2017-12-31": -27, "2017-09-30": -22, "2017-06-30": -17, "2017-03-31": "-85.00000", "2016-12-31": -5, "2016-09-30": -15, "2016-06-30": -28, "2016-03-31": "-59.00000", "2015-12-31": -70, "2015-09-30": -24, "2015-06-30": -30, "2015-03-31": "-249.00000", "2014-12-31": -11, "2014-09-30": 27, "2014-06-30": -9, "2014-03-31": "18.00000", "2013-12-31": 3, "2013-09-30": 104, "2013-06-30": 47, "2013-03-31": "103.00000", "2012-12-31": -3, "2012-09-30": 114, "2012-06-30": -36, "2012-03-31": "84.00000", "2011-12-31": 13, "2011-09-30": -33, "2011-06-30": 24, "2011-03-31": "88.00000", "2010-12-31": -7207, "2010-09-30": -34, "2010-06-30": -40, "2010-03-31": "79.00000", "2009-12-31": -2790, "2009-09-30": -223, "2009-06-30": -470, "2009-03-31": "-87.00000", "2008-12-31": -72, "2008-09-30": -264, "2008-06-30": -138, "2008-03-31": "-129.00000", "2007-12-31": -239, "2007-09-30": 212, "2007-06-30": -10, "2007-03-31": "-51.00000", "2006-12-31": -305, "2006-09-30": -123, "2006-06-30": -37, "2006-03-31": "126.00000", "2005-12-31": -125, "2005-09-30": -22, "2005-06-30": 15, "2005-03-31": "-21.00000"}, "Cash Flow From Financial Activities": {"2020-12-31": 2284, "2020-09-30": -19360, "2020-06-30": 6937, "2020-03-31": "12454.00000", "2019-12-31": -689, "2019-09-30": -1632, "2019-06-30": -2681, "2019-03-31": "1873.00000", "2018-12-31": 526, "2018-09-30": 144, "2018-06-30": -3206, "2018-03-31": "2414.00000", "2017-12-31": 4559, "2017-09-30": -127, "2017-06-30": -2158, "2017-03-31": "1120.00000", "2016-12-31": 7290, "2016-09-30": -2878, "2016-06-30": -1291, "2016-03-31": "4279.00000", "2015-12-31": 7129, "2015-09-30": 3396, "2015-06-30": -843, "2015-03-31": "4584.00000", "2014-12-31": 1010, "2014-09-30": 611, "2014-06-30": -186, "2014-03-31": "1988.00000", "2013-12-31": 3791, "2013-09-30": 1667, "2013-06-30": 708, "2013-03-31": "1967.00000", "2012-12-31": 4087, "2012-09-30": -35, "2012-06-30": -717, "2012-03-31": "370.00000", "2011-12-31": 4973, "2011-09-30": -2209, "2011-06-30": -3723, "2011-03-31": "-3282.00000", "2010-12-31": -10851, "2010-09-30": -2397, "2010-06-30": -11061, "2010-03-31": "-112.00000", "2009-12-31": -8377, "2009-09-30": -1322, "2009-06-30": -8230, "2009-03-31": "-4901.00000", "2008-12-31": 321, "2008-09-30": -5651, "2008-06-30": -3141, "2008-03-31": "-701.00000", "2007-12-31": 5457, "2007-09-30": -6685, "2007-06-30": 1104, "2007-03-31": "-5144.00000", "2006-12-31": 16072, "2006-09-30": 1602, "2006-06-30": 1041, "2006-03-31": "-3442.00000", "2005-12-31": -3397, "2005-09-30": -7044, "2005-06-30": -941, "2005-03-31": "-9418.00000"}, "Net Cash Flow": {"2020-12-31": 1463, "2020-09-30": -6709, "2020-06-30": 5021, "2020-03-31": "8419.00000", "2019-12-31": -2940, "2019-09-30": -1625, "2019-06-30": 1287, "2019-03-31": "4112.00000", "2018-12-31": -1848, "2018-09-30": 1734, "2018-06-30": -1116, "2018-03-31": "-501.00000", "2017-12-31": 918, "2017-09-30": 1383, "2017-06-30": -1587, "2017-03-31": "1905.00000", "2016-12-31": 2615, "2016-09-30": -3723, "2016-06-30": 1146, "2016-03-31": "1645.00000", "2015-12-31": -414, "2015-09-30": 1789, "2015-06-30": 529, "2015-03-31": "1611.00000", "2014-12-31": -2563, "2014-09-30": 1747, "2014-06-30": -1410, "2014-03-31": "-1485.00000", "2013-12-31": -284, "2013-09-30": 1390, "2013-06-30": -458, "2013-03-31": "-1839.00000", "2012-12-31": 2120, "2012-09-30": -1562, "2012-06-30": -143, "2012-03-31": "-1904.00000", "2011-12-31": 619, "2011-09-30": -952, "2011-06-30": -3837, "2011-03-31": "6513.00000", "2010-12-31": -3187, "2010-09-30": -330, "2010-06-30": -6034, "2010-03-31": "3462.00000", "2009-12-31": -4283, "2009-09-30": 1775, "2009-06-30": 2758, "2009-03-31": "-1160.00000", "2008-12-31": -2699, "2008-09-30": -5172, "2008-06-30": -3685, "2008-03-31": "-1532.00000", "2007-12-31": 7846, "2007-09-30": -4571, "2007-06-30": 5130, "2007-03-31": "-2016.00000", "2006-12-31": 3383, "2006-09-30": -2474, "2006-06-30": 6806, "2006-03-31": "-7231.00000", "2005-12-31": 4468, "2005-09-30": -5612, "2005-06-30": 6160, "2005-03-31": "-115.00000"}, "Stock-Based Compensation": {"2020-12-31": 29, "2020-09-30": 63, "2020-06-30": 69, "2020-03-31": "38.00000", "2019-12-31": -10, "2019-09-30": 69, "2019-06-30": 84, "2019-03-31": "85.00000", "2018-12-31": -8, "2018-09-30": 199, "2018-06-30": 0, "2018-03-31": "", "2017-12-31": 246, "2017-09-30": 0, "2017-06-30": 0, "2017-03-31": "", "2016-12-31": 210, "2016-09-30": 0, "2016-06-30": 0, "2016-03-31": "", "2015-12-31": 199, "2015-09-30": 0, "2015-06-30": 0, "2015-03-31": "", "2014-12-31": 180, "2014-09-30": 0, "2014-06-30": 0, "2014-03-31": "", "2013-12-31": 159, "2013-09-30": 0, "2013-06-30": 0, "2013-03-31": "", "2012-12-31": 140, "2012-09-30": 0, "2012-06-30": 0, "2012-03-31": "", "2011-12-31": 171, "2011-09-30": 0, "2011-06-30": 0, "2011-03-31": "", "2010-12-31": 34, "2010-09-30": 0, "2010-06-30": 0, "2010-03-31": "", "2009-12-31": 29, "2009-09-30": 0, "2009-06-30": 0, "2009-03-31": "", "2008-12-31": 35, "2008-09-30": 0, "2008-06-30": 0, "2008-03-31": "", "2007-12-31": 75, "2007-09-30": 0, "2007-06-30": 0, "2007-03-31": "", "2006-12-31": 77, "2006-09-30": 0, "2006-06-30": 0, "2006-03-31": "", "2005-12-31": 116, "2005-09-30": 0, "2005-06-30": 0, "2005-03-31": ""}, "Common Stock Dividends Paid": {"2020-12-31": 0, "2020-09-30": 0, "2020-06-30": 0, "2020-03-31": "-596.00000", "2019-12-31": -595, "2019-09-30": -598, "2019-06-30": -599, "2019-03-31": "-597.00000", "2018-12-31": -597, "2018-09-30": -597, "2018-06-30": -598, "2018-03-31": "-1113.00000", "2017-12-31": -596, "2017-09-30": -596, "2017-06-30": -597, "2017-03-31": "-795.00000", "2016-12-31": -596, "2016-09-30": -596, "2016-06-30": -596, "2016-03-31": "-1588.00000", "2015-12-31": -595, "2015-09-30": -595, "2015-06-30": -597, "2015-03-31": "-593.00000", "2014-12-31": -482, "2014-09-30": -483, "2014-06-30": -494, "2014-03-31": "-493.00000", "2013-12-31": -395, "2013-09-30": -394, "2013-06-30": -393, "2013-03-31": "-392.00000", "2012-12-31": -191, "2012-09-30": -191, "2012-06-30": -191, "2012-03-31": "-190.00000", "2011-12-31": 0, "2011-09-30": 0, "2011-06-30": 0, "2011-03-31": "", "2010-12-31": 0, "2010-09-30": 0, "2010-06-30": 0, "2010-03-31": "", "2009-12-31": 0, "2009-09-30": 0, "2009-06-30": 0, "2009-03-31": "", "2008-12-31": 0, "2008-09-30": 0, "2008-06-30": 0, "2008-03-31": "", "2007-12-31": 0, "2007-09-30": 0, "2007-06-30": 0, "2007-03-31": "", "2006-12-31": 0, "2006-09-30": -94, "2006-06-30": -188, "2006-03-31": "-186.00000", "2005-12-31": -186, "2005-09-30": -185, "2005-06-30": -184, "2005-03-31": "-183.00000"}}, "financial ratios": {"Current Ratio": {"2020-12-31": "1.20120", "2019-12-31": "1.16220", "2018-12-31": "1.19960", "2017-12-31": "1.23470", "2016-12-31": "1.20140", "2015-12-31": "1.24600", "2014-12-31": "6.58040", "2013-12-31": "6.73720", "2012-12-31": "6.48300", "2011-12-31": "2.14500", "2010-12-31": "1.99210", "2009-12-31": "2.15750", "2008-12-31": "2.04640", "2007-12-31": "1.86440", "2006-12-31": "1.77320", "2005-12-31": "1.74370"}, "Long-term Debt / Capital": {"2020-12-31": "0.78170", "2019-12-31": "0.75310", "2018-12-31": "0.73690", "2017-12-31": "0.74250", "2016-12-31": "0.76170", "2015-12-31": "0.75820", "2014-12-31": "0.82970", "2013-12-31": "0.81440", "2012-12-31": "0.86790", "2011-12-31": "0.86840", "2010-12-31": "1.00620", "2009-12-31": "1.06280", "2008-12-31": "1.10520", "2007-12-31": "0.96770", "2006-12-31": "1.02060", "2005-12-31": "0.91940"}, "Debt/Equity Ratio": {"2020-12-31": "5.24760", "2019-12-31": "4.67370", "2018-12-31": "4.28770", "2017-12-31": "4.33320", "2016-12-31": "4.89840", "2015-12-31": "4.63600", "2014-12-31": "4.87110", "2013-12-31": "4.38660", "2012-12-31": "6.57060", "2011-12-31": "6.60130", "2010-12-31": "-161.97510", "2009-12-31": "-16.91530", "2008-12-31": "-10.50300", "2007-12-31": "29.99060", "2006-12-31": "-49.59080", "2005-12-31": "11.40290"}, "Gross Margin": {"2020-12-31": "11.31950", "2019-12-31": "13.60300", "2018-12-31": "15.01140", "2017-12-31": "16.23650", "2016-12-31": "16.86760", "2015-12-31": "16.79080", "2014-12-31": "13.22350", "2013-12-31": "18.19190", "2012-12-31": "15.36400", "2011-12-31": "16.21920", "2010-12-31": "19.00140", "2009-12-31": "14.97810", "2008-12-31": "11.81470", "2007-12-31": "16.40660", "2006-12-31": "6.99650", "2005-12-31": "18.04790"}, "Operating Margin": {"2020-12-31": "-3.46690", "2019-12-31": "0.36820", "2018-12-31": "1.99770", "2017-12-31": "3.11340", "2016-12-31": "3.81160", "2015-12-31": "9.59430", "2014-12-31": "5.00430", "2013-12-31": "10.66520", "2012-12-31": "6.67420", "2011-12-31": "8.21950", "2010-12-31": "9.93380", "2009-12-31": "2.88780", "2008-12-31": "-4.16130", "2007-12-31": "2.19730", "2006-12-31": "-5.11670", "2005-12-31": "3.87030"}, "EBIT Margin": {"2020-12-31": "-3.46690", "2019-12-31": "0.36820", "2018-12-31": "1.99770", "2017-12-31": "3.11340", "2016-12-31": "3.81160", "2015-12-31": "9.59430", "2014-12-31": "5.00430", "2013-12-31": "10.66520", "2012-12-31": "6.67420", "2011-12-31": "8.21950", "2010-12-31": "9.93380", "2009-12-31": "2.88780", "2008-12-31": "-4.16130", "2007-12-31": "2.19730", "2006-12-31": "-5.11670", "2005-12-31": "3.87030"}, "EBITDA Margin": {"2020-12-31": "2.39810", "2019-12-31": "5.81400", "2018-12-31": "7.24470", "2017-12-31": "8.58100", "2016-12-31": "9.55400", "2015-12-31": "14.92060", "2014-12-31": "10.15640", "2013-12-31": "15.11940", "2012-12-31": "10.64250", "2011-12-31": "11.35800", "2010-12-31": "14.26400", "2009-12-31": "8.54640", "2008-12-31": "4.37370", "2007-12-31": "11.72230", "2006-12-31": "2.82950", "2005-12-31": "11.82400"}, "Pre-Tax Profit Margin": {"2020-12-31": "-0.87770", "2019-12-31": "-0.41050", "2018-12-31": "2.70990", "2017-12-31": "5.20420", "2016-12-31": "4.46900", "2015-12-31": "6.85490", "2014-12-31": "0.85650", "2013-12-31": "9.78170", "2012-12-31": "5.71880", "2011-12-31": "6.40170", "2010-12-31": "5.54380", "2009-12-31": "2.23510", "2008-12-31": "-10.37370", "2007-12-31": "-2.26120", "2006-12-31": "-9.41740", "2005-12-31": "0.59600"}, "Net Profit Margin": {"2020-12-31": "-1.00590", "2019-12-31": "0.03010", "2018-12-31": "2.29330", "2017-12-31": "4.93120", "2016-12-31": "3.02310", "2015-12-31": "4.92990", "2014-12-31": "0.85440", "2013-12-31": "8.13590", "2012-12-31": "4.20260", "2011-12-31": "14.90580", "2010-12-31": "5.08790", "2009-12-31": "2.33650", "2008-12-31": "-10.28390", "2007-12-31": "-1.63860", "2006-12-31": "-7.87990", "2005-12-31": "0.81430"}, "Asset Turnover": {"2020-12-31": "0.47570", "2019-12-31": "0.60300", "2018-12-31": "0.62500", "2017-12-31": "0.60650", "2016-12-31": "0.63790", "2015-12-31": "0.66490", "2014-12-31": "0.69060", "2013-12-31": "0.72670", "2012-12-31": "0.70510", "2011-12-31": "0.76030", "2010-12-31": "0.78300", "2009-12-31": "0.60550", "2008-12-31": "0.65770", "2007-12-31": "0.61080", "2006-12-31": "0.57330", "2005-12-31": "0.65630"}, "Inventory Turnover Ratio": {"2020-12-31": "10.43230", "2019-12-31": "12.48780", "2018-12-31": "12.14520", "2017-12-31": "11.75030", "2016-12-31": "14.18240", "2015-12-31": "14.95930", "2014-12-31": "15.88630", "2013-12-31": "15.59290", "2012-12-31": "15.35440", "2011-12-31": "19.25280", "2010-12-31": "17.65270", "2009-12-31": "19.61240", "2008-12-31": "18.11960", "2007-12-31": "14.08820", "2006-12-31": "14.86130", "2005-12-31": "14.10960"}, "Receiveable Turnover": {"2020-12-31": "12.72330", "2019-12-31": "16.87780", "2018-12-31": "14.32230", "2017-12-31": "14.79160", "2016-12-31": "13.67320", "2015-12-31": "13.54450", "2014-12-31": "12.30590", "2013-12-31": "14.94880", "2012-12-31": "12.27790", "2011-12-31": "15.83250", "2010-12-31": "15.38650", "2009-12-31": "16.16390", "2008-12-31": "25.30560", "2007-12-31": "20.77610", "2006-12-31": "22.64960", "2005-12-31": "20.71640"}, "Days Sales In Receivables": {"2020-12-31": "28.68750", "2019-12-31": "21.62610", "2018-12-31": "25.48480", "2017-12-31": "24.67620", "2016-12-31": "26.69450", "2015-12-31": "26.94830", "2014-12-31": "29.66070", "2013-12-31": "24.41660", "2012-12-31": "29.72820", "2011-12-31": "23.05390", "2010-12-31": "23.72210", "2009-12-31": "22.58120", "2008-12-31": "14.42370", "2007-12-31": "17.56820", "2006-12-31": "16.11510", "2005-12-31": "17.61890"}, "ROE - Return On Equity": {"2020-12-31": "-4.14140", "2019-12-31": "0.25280", "2018-12-31": "10.27360", "2017-12-31": "21.78570", "2016-12-31": "15.76040", "2015-12-31": "25.72150", "2014-12-31": "5.02760", "2013-12-31": "45.69130", "2012-12-31": "35.09910", "2011-12-31": "134.17820", "2010-12-31": "-1021.34000", "2009-12-31": "-34.84970", "2008-12-31": "102.10640", "2007-12-31": "-44.84720", "2006-12-31": "364.47330", "2005-12-31": "12.11870"}, "Return On Tangible Equity": {"2020-12-31": "-4.14140", "2019-12-31": "0.25280", "2018-12-31": "10.27360", "2017-12-31": "21.78570", "2016-12-31": "15.76040", "2015-12-31": "25.72150", "2014-12-31": "5.02760", "2013-12-31": "45.69130", "2012-12-31": "35.09910", "2011-12-31": "135.07450", "2010-12-31": "-881.31730", "2009-12-31": "-34.12610", "2008-12-31": "100.40610", "2007-12-31": "-70.91880", "2006-12-31": "178.47650", "2005-12-31": "21.72870"}, "ROA - Return On Assets": {"2020-12-31": "-0.47740", "2019-12-31": "0.03250", "2018-12-31": "1.44030", "2017-12-31": "3.00080", "2016-12-31": "1.93320", "2015-12-31": "3.27710", "2014-12-31": "0.58960", "2013-12-31": "5.90860", "2012-12-31": "2.96290", "2011-12-31": "11.33850", "2010-12-31": "3.98150", "2009-12-31": "1.41220", "2008-12-31": "-6.79480", "2007-12-31": "-0.90380", "2006-12-31": "-4.52330", "2005-12-31": "0.60450"}, "ROI - Return On Investment": {"2020-12-31": "-0.90400", "2019-12-31": "0.06240", "2018-12-31": "2.70330", "2017-12-31": "5.61000", "2016-12-31": "3.75550", "2015-12-31": "6.21840", "2014-12-31": "0.85630", "2013-12-31": "8.48240", "2012-12-31": "4.63620", "2011-12-31": "17.65200", "2010-12-31": "6.34470", "2009-12-31": "2.18970", "2008-12-31": "-10.74470", "2007-12-31": "-1.44710", "2006-12-31": "-7.50090", "2005-12-31": "0.97710"}, "Book Value Per Share": {"2020-12-31": "7.52220", "2019-12-31": "8.11280", "2018-12-31": "8.81090", "2017-12-31": "8.74630", "2016-12-31": "7.19250", "2015-12-31": "7.08100", "2014-12-31": "6.18430", "2013-12-31": "6.62910", "2012-12-31": "4.07670", "2011-12-31": "3.81930", "2010-12-31": "-0.16890", "2009-12-31": "-2.31060", "2008-12-31": "-6.06300", "2007-12-31": "2.55010", "2006-12-31": "-1.83040", "2005-12-31": "7.21140"}, "Operating Cash Flow Per Share": {"2020-12-31": 1.7032, "2019-12-31": 0.6479, "2018-12-31": -0.7689, "2017-12-31": -0.4374, "2016-12-31": 0.9092, "2015-12-31": 0.3893, "2014-12-31": 1.1098, "2013-12-31": 0.3026, "2012-12-31": -0.1272, "2011-12-31": -0.367, "2010-12-31": -1.926, "2009-12-31": 4.7888, "2008-12-31": -8.7478, "2007-12-31": 3.5057, "2006-12-31": -4.425, "2005-12-31": 9.5513}, "Free Cash Flow Per Share": {"2020-12-31": 2.1639, "2019-12-31": 0.6891, "2018-12-31": -0.9529, "2017-12-31": -0.4522, "2016-12-31": 0.9589, "2015-12-31": 0.4767, "2014-12-31": 0.8384, "2013-12-31": 0.0554, "2012-12-31": -0.4498, "2011-12-31": -0.4319, "2010-12-31": -1.6799, "2009-12-31": 6.4207, "2008-12-31": -8.5607, "2007-12-31": 4.1096, "2006-12-31": -4.553, "2005-12-31": 6.0309}}, "financial ratios, quarterly": {"Current Ratio": {"2020-12-31": "1.20120", "2020-09-30": "1.19970", "2020-06-30": "1.33770", "2020-03-31": "1.31520", "2019-12-31": "1.16220", "2019-09-30": "1.16820", "2019-06-30": "1.20360", "2019-03-31": "1.22130", "2018-12-31": "1.19960", "2018-09-30": "1.21210", "2018-06-30": "1.21260", "2018-03-31": "1.23410", "2017-12-31": "1.23470", "2017-09-30": "1.19480", "2017-06-30": "1.20400", "2017-03-31": "1.24010", "2016-12-31": "1.20140", "2016-09-30": "1.16060", "2016-06-30": "1.23890", "2016-03-31": "7.01230", "2015-12-31": "1.24600", "2015-09-30": "6.25050", "2015-06-30": "6.23640", "2015-03-31": "6.02660", "2014-12-31": "6.58040", "2014-09-30": "6.34760", "2014-06-30": "6.25120", "2014-03-31": "6.09050", "2013-12-31": "6.73720", "2013-09-30": "1.90730", "2013-06-30": "1.88260", "2013-03-31": "1.87870", "2012-12-31": "6.48300", "2012-09-30": "1.91070", "2012-06-30": "1.90280", "2012-03-31": "1.90920", "2011-12-31": "2.14500", "2011-09-30": "1.94200", "2011-06-30": "1.96460", "2011-03-31": "1.96510", "2010-12-31": "1.99210", "2010-09-30": "2.12530", "2010-06-30": "2.09070", "2010-03-31": "2.26710", "2009-12-31": "2.15750", "2009-09-30": "2.01110", "2009-06-30": "1.93030", "2009-03-31": "2.04170", "2008-12-31": "2.04640", "2008-09-30": "1.94820", "2008-06-30": "1.85120", "2008-03-31": "1.87030", "2007-12-31": "1.86440", "2007-09-30": "1.71280", "2007-06-30": "1.74120", "2007-03-31": "1.72260", "2006-12-31": "1.77320", "2006-09-30": "1.67140", "2006-06-30": "1.65070", "2006-03-31": "1.64640", "2005-12-31": "1.74370", "2005-09-30": "1.54830", "2005-06-30": "1.58670", "2005-03-31": "2.78770"}, "Long-term Debt / Capital": {"2020-12-31": "0.78170", "2020-09-30": "0.76220", "2020-06-30": "0.79530", "2020-03-31": "0.79390", "2019-12-31": "0.75310", "2019-09-30": "0.73770", "2019-06-30": "0.74070", "2019-03-31": "0.73800", "2018-12-31": "0.73690", "2018-09-30": "0.73710", "2018-06-30": "0.73650", "2018-03-31": "0.74300", "2017-12-31": "0.74250", "2017-09-30": "0.74650", "2017-06-30": "0.74700", "2017-03-31": "0.75940", "2016-12-31": "0.76170", "2016-09-30": "0.74060", "2016-06-30": "0.75320", "2016-03-31": "0.82640", "2015-12-31": "0.75820", "2015-09-30": "0.82140", "2015-06-30": "0.82420", "2015-03-31": "0.83100", "2014-12-31": "0.82970", "2014-09-30": "0.82000", "2014-06-30": "0.81580", "2014-03-31": "0.81360", "2013-12-31": "0.81440", "2013-09-30": "0.84360", "2013-06-30": "0.84870", "2013-03-31": "0.85890", "2012-12-31": "0.86790", "2012-09-30": "0.84190", "2012-06-30": "0.85400", "2012-03-31": "0.85790", "2011-12-31": "0.86840", "2011-09-30": "0.94040", "2011-06-30": "0.94850", "2011-03-31": "0.97630", "2010-12-31": "1.00620", "2010-09-30": "1.01510", "2010-06-30": "1.03110", "2010-03-31": "1.04360", "2009-12-31": "1.06280", "2009-09-30": "1.05830", "2009-06-30": "1.07620", "2009-03-31": "1.12760", "2008-12-31": "1.10520", "2008-09-30": "1.01280", "2008-06-30": "1.01020", "2008-03-31": "0.95970", "2007-12-31": "0.96770", "2007-09-30": "0.99290", "2007-06-30": "1.01160", "2007-03-31": "1.02270", "2006-12-31": "1.02060", "2006-09-30": "0.94400", "2006-06-30": "0.91300", "2006-03-31": "0.92610", "2005-12-31": "0.91940", "2005-09-30": "0.91020", "2005-06-30": "0.91770", "2005-03-31": "0.91140"}, "Debt/Equity Ratio": {"2020-12-31": "5.24760", "2020-09-30": "4.74280", "2020-06-30": "5.67910", "2020-03-31": "5.63430", "2019-12-31": "4.67370", "2019-09-30": "4.35500", "2019-06-30": "4.31880", "2019-03-31": "4.31360", "2018-12-31": "4.28770", "2018-09-30": "4.18990", "2018-06-30": "4.19100", "2018-03-31": "4.34550", "2017-12-31": "4.33320", "2017-09-30": "4.48280", "2017-06-30": "4.52570", "2017-03-31": "4.76410", "2016-12-31": "4.89840", "2016-09-30": "4.35650", "2016-06-30": "4.49100", "2016-03-31": "4.76000", "2015-12-31": "4.63600", "2015-09-30": "4.59990", "2015-06-30": "4.68700", "2015-03-31": "4.91620", "2014-12-31": "4.87110", "2014-09-30": "4.55540", "2014-06-30": "4.42820", "2014-03-31": "4.36470", "2013-12-31": "4.38660", "2013-09-30": "5.39360", "2013-06-30": "5.61110", "2013-03-31": "6.08660", "2012-12-31": "6.57060", "2012-09-30": "5.32690", "2012-06-30": "5.84910", "2012-03-31": "6.03540", "2011-12-31": "6.60130", "2011-09-30": "15.78680", "2011-06-30": "18.42060", "2011-03-31": "41.23250", "2010-12-31": "-161.97510", "2010-09-30": "-67.06380", "2010-06-30": "-33.15020", "2010-03-31": "-23.92960", "2009-12-31": "-16.91530", "2009-09-30": "-18.15920", "2009-06-30": "-14.12890", "2009-03-31": "-8.83570", "2008-12-31": "-10.50300", "2008-09-30": "-78.83010", "2008-06-30": "-98.64830", "2008-03-31": "23.79480", "2007-12-31": "29.99060", "2007-09-30": "140.33790", "2007-06-30": "-87.37720", "2007-03-31": "-45.06170", "2006-12-31": "-49.59080", "2006-09-30": "16.85150", "2006-06-30": "10.49850", "2006-03-31": "12.54080", "2005-12-31": "11.40290", "2005-09-30": "10.13360", "2005-06-30": "11.15550", "2005-03-31": "10.29110"}, "Gross Margin": {"2020-12-31": "8.00230", "2020-09-30": "16.74090", "2020-06-30": "7.42860", "2020-03-31": "11.06640", "2019-12-31": "12.34550", "2019-09-30": "12.72780", "2019-06-30": "13.37350", "2019-03-31": "15.86440", "2018-12-31": "14.44980", "2018-09-30": "16.18970", "2018-06-30": "14.71220", "2018-03-31": "14.79060", "2017-12-31": "15.29790", "2017-09-30": "16.94330", "2017-06-30": "16.33750", "2017-03-31": "16.46660", "2016-12-31": "15.95180", "2016-09-30": "14.67600", "2016-06-30": "17.63450", "2016-03-31": "19.09170", "2015-12-31": "14.44930", "2015-09-30": "18.17060", "2015-06-30": "18.61630", "2015-03-31": "16.01180", "2014-12-31": "9.22780", "2014-09-30": "13.52520", "2014-06-30": "16.47640", "2014-03-31": "13.53270", "2013-12-31": "26.45460", "2013-09-30": "16.05870", "2013-06-30": "14.23670", "2013-03-31": "15.83210", "2012-12-31": "11.60340", "2012-09-30": "17.16400", "2012-06-30": "16.08200", "2012-03-31": "16.98570", "2011-12-31": "11.65200", "2011-09-30": "16.43110", "2011-06-30": "17.65980", "2011-03-31": "19.13990", "2010-12-31": "15.96460", "2010-09-30": "18.93420", "2010-06-30": "20.64330", "2010-03-31": "20.36050", "2009-12-31": "15.85990", "2009-09-30": "18.02000", "2009-06-30": "12.92060", "2009-03-31": "12.20580", "2008-12-31": "4.64580", "2008-09-30": "21.24680", "2008-06-30": "2.69570", "2008-03-31": "18.10030", "2007-12-31": "8.98530", "2007-09-30": "19.08560", "2007-06-30": "18.21800", "2007-03-31": "19.27450", "2006-12-31": "4.40410", "2006-09-30": "-1.23200", "2006-06-30": "13.72320", "2006-03-31": "10.13510", "2005-12-31": "16.00090", "2005-09-30": "17.37600", "2005-06-30": "17.58780", "2005-03-31": "21.22030"}, "Operating Margin": {"2020-12-31": "-6.79240", "2020-09-30": "6.26920", "2020-06-30": "-14.24290", "2020-03-31": "-4.53960", "2019-12-31": "-1.15070", "2019-09-30": "-0.70560", "2019-06-30": "0.23160", "2019-03-31": "2.97950", "2018-12-31": "1.51220", "2018-09-30": "2.29380", "2018-06-30": "1.50570", "2018-03-31": "2.67170", "2017-12-31": "2.09800", "2017-09-30": "2.73790", "2017-06-30": "3.89430", "2017-03-31": "3.73980", "2016-12-31": "-14.28570", "2016-09-30": "7.28380", "2016-06-30": "10.58380", "2016-03-31": "11.95980", "2015-12-31": "8.74760", "2015-09-30": "11.91540", "2015-06-30": "11.78920", "2015-03-31": "5.57520", "2014-12-31": "5.62310", "2014-09-30": "3.33620", "2014-06-30": "6.90710", "2014-03-31": "4.02500", "2013-12-31": "22.84270", "2013-09-30": "6.88750", "2013-06-30": "5.65090", "2013-03-31": "6.95670", "2012-12-31": "3.73910", "2012-09-30": "7.91990", "2012-06-30": "7.16930", "2012-03-31": "8.16460", "2011-12-31": "4.65250", "2011-09-30": "7.75860", "2011-06-30": "9.41820", "2011-03-31": "11.04670", "2010-12-31": "6.64860", "2010-09-30": "10.17630", "2010-06-30": "12.07120", "2010-03-31": "10.70460", "2009-12-31": "6.36290", "2009-09-30": "7.68040", "2009-06-30": "-0.24240", "2009-03-31": "-4.57970", "2008-12-31": "-12.20300", "2008-09-30": "5.57870", "2008-06-30": "-16.53200", "2008-03-31": "5.53910", "2007-12-31": "-10.05520", "2007-09-30": "6.67510", "2007-06-30": "6.75150", "2007-03-31": "5.27150", "2006-12-31": "-9.21770", "2006-09-30": "-13.59480", "2006-06-30": "2.56460", "2006-03-31": "-1.24050", "2005-12-31": "2.01970", "2005-09-30": "2.15750", "2005-06-30": "3.87220", "2005-03-31": "7.31790"}, "EBIT Margin": {"2020-12-31": "-6.79240", "2020-09-30": "6.26920", "2020-06-30": "-14.24290", "2020-03-31": "-4.53960", "2019-12-31": "-1.15070", "2019-09-30": "-0.70560", "2019-06-30": "0.23160", "2019-03-31": "2.97950", "2018-12-31": "1.51220", "2018-09-30": "2.29380", "2018-06-30": "1.50570", "2018-03-31": "2.67170", "2017-12-31": "2.09800", "2017-09-30": "2.73790", "2017-06-30": "3.89430", "2017-03-31": "3.73980", "2016-12-31": "-14.28570", "2016-09-30": "7.28380", "2016-06-30": "10.58380", "2016-03-31": "11.95980", "2015-12-31": "8.74760", "2015-09-30": "11.91540", "2015-06-30": "11.78920", "2015-03-31": "5.57520", "2014-12-31": "5.62310", "2014-09-30": "3.33620", "2014-06-30": "6.90710", "2014-03-31": "4.02500", "2013-12-31": "22.84270", "2013-09-30": "6.88750", "2013-06-30": "5.65090", "2013-03-31": "6.95670", "2012-12-31": "3.73910", "2012-09-30": "7.91990", "2012-06-30": "7.16930", "2012-03-31": "8.16460", "2011-12-31": "4.65250", "2011-09-30": "7.75860", "2011-06-30": "9.41820", "2011-03-31": "11.04670", "2010-12-31": "6.64860", "2010-09-30": "10.17630", "2010-06-30": "12.07120", "2010-03-31": "10.70460", "2009-12-31": "6.36290", "2009-09-30": "7.68040", "2009-06-30": "-0.24240", "2009-03-31": "-4.57970", "2008-12-31": "-12.20300", "2008-09-30": "5.57870", "2008-06-30": "-16.53200", "2008-03-31": "5.53910", "2007-12-31": "-10.05520", "2007-09-30": "6.67510", "2007-06-30": "6.75150", "2007-03-31": "5.27150", "2006-12-31": "-9.21770", "2006-09-30": "-13.59480", "2006-06-30": "2.56460", "2006-03-31": "-1.24050", "2005-12-31": "2.01970", "2005-09-30": "2.15750", "2005-06-30": "3.87220", "2005-03-31": "7.31790"}, "EBITDA Margin": {"2020-12-31": "", "2020-09-30": "", "2020-06-30": "", "2020-03-31": "", "2019-12-31": "", "2019-09-30": "", "2019-06-30": "", "2019-03-31": "", "2018-12-31": "", "2018-09-30": "", "2018-06-30": "", "2018-03-31": "", "2017-12-31": "", "2017-09-30": "", "2017-06-30": "", "2017-03-31": "", "2016-12-31": "", "2016-09-30": "", "2016-06-30": "", "2016-03-31": "", "2015-12-31": "", "2015-09-30": "", "2015-06-30": "", "2015-03-31": "", "2014-12-31": "", "2014-09-30": "", "2014-06-30": "", "2014-03-31": "", "2013-12-31": "", "2013-09-30": "", "2013-06-30": "", "2013-03-31": "", "2012-12-31": "", "2012-09-30": "", "2012-06-30": "", "2012-03-31": "", "2011-12-31": "", "2011-09-30": "", "2011-06-30": "", "2011-03-31": "", "2010-12-31": "", "2010-09-30": "", "2010-06-30": "", "2010-03-31": "", "2009-12-31": "", "2009-09-30": "", "2009-06-30": "", "2009-03-31": "", "2008-12-31": "", "2008-09-30": "", "2008-06-30": "", "2008-03-31": "", "2007-12-31": "", "2007-09-30": "", "2007-06-30": "", "2007-03-31": "", "2006-12-31": "", "2006-09-30": "", "2006-06-30": "", "2006-03-31": "", "2005-12-31": "", "2005-09-30": "", "2005-06-30": "", "2005-03-31": ""}, "Pre-Tax Profit Margin": {"2020-12-31": "-10.59750", "2020-09-30": "7.34910", "2020-06-30": "5.59600", "2020-03-31": "-3.33920", "2019-12-31": "-6.13370", "2019-09-30": "-0.05140", "2019-06-30": "0.52760", "2019-03-31": "3.99090", "2018-12-31": "-0.04070", "2018-09-30": "2.90450", "2018-06-30": "3.46610", "2018-03-31": "4.57350", "2017-12-31": "4.52980", "2017-09-30": "4.85580", "2017-06-30": "5.68590", "2017-03-31": "5.75030", "2016-12-31": "-2.92080", "2016-09-30": "3.85890", "2016-06-30": "7.28120", "2016-03-31": "9.67970", "2015-12-31": "4.71040", "2015-09-30": "8.62780", "2015-06-30": "8.81840", "2015-03-31": "5.24780", "2014-12-31": "-8.82070", "2014-09-30": "2.92380", "2014-06-30": "5.66140", "2014-03-31": "3.50930", "2013-12-31": "22.19320", "2013-09-30": "5.84490", "2013-06-30": "4.79660", "2013-03-31": "5.95530", "2012-12-31": "4.92290", "2012-09-30": "6.98120", "2012-06-30": "4.80260", "2012-03-31": "6.28140", "2011-12-31": "4.28400", "2011-09-30": "5.58600", "2011-06-30": "7.33530", "2011-03-31": "8.38320", "2010-12-31": "0.86350", "2010-09-30": "6.31250", "2010-06-30": "8.11870", "2010-03-31": "6.76360", "2009-12-31": "2.60840", "2009-09-30": "3.67340", "2009-06-30": "8.35880", "2009-03-31": "-6.81430", "2008-12-31": "-20.21940", "2008-09-30": "-1.80500", "2008-06-30": "-22.04030", "2008-03-31": "0.66060", "2007-12-31": "-10.84340", "2007-09-30": "-0.37980", "2007-06-30": "2.09300", "2007-03-31": "-0.10700", "2006-12-31": "-14.12800", "2006-09-30": "-17.15600", "2006-06-30": "-1.59510", "2006-03-31": "-5.75650", "2005-12-31": "-0.81040", "2005-09-30": "-2.08100", "2005-06-30": "1.62970", "2005-03-31": "3.43190"}, "Net Profit Margin": {"2020-12-31": "-7.75480", "2020-09-30": "6.35980", "2020-06-30": "5.76640", "2020-03-31": "-5.80710", "2019-12-31": "-4.21000", "2019-09-30": "1.14900", "2019-06-30": "0.38090", "2019-03-31": "2.84070", "2018-12-31": "-0.27760", "2018-09-30": "2.63100", "2018-06-30": "2.73900", "2018-03-31": "4.13740", "2017-12-31": "6.09790", "2017-09-30": "4.31260", "2017-06-30": "5.13640", "2017-03-31": "4.06680", "2016-12-31": "-2.04380", "2016-09-30": "2.66250", "2016-06-30": "4.98920", "2016-03-31": "6.50090", "2015-12-31": "4.64090", "2015-09-30": "5.74660", "2015-06-30": "5.79660", "2015-03-31": "3.40120", "2014-12-31": "-5.30810", "2014-09-30": "2.39120", "2014-06-30": "3.50430", "2014-03-31": "2.75670", "2013-12-31": "20.85970", "2013-09-30": "3.55560", "2013-06-30": "3.25130", "2013-03-31": "4.51910", "2012-12-31": "4.32680", "2012-09-30": "5.06960", "2012-06-30": "3.13150", "2012-03-31": "4.30270", "2011-12-31": "40.14210", "2011-09-30": "4.98990", "2011-06-30": "6.74980", "2011-03-31": "7.70370", "2010-12-31": "0.58590", "2010-09-30": "5.64350", "2010-06-30": "7.41150", "2010-03-31": "6.60520", "2009-12-31": "2.54520", "2009-09-30": "3.29350", "2009-06-30": "8.43340", "2009-03-31": "-5.85080", "2008-12-31": "-21.78250", "2008-09-30": "-0.50720", "2008-06-30": "-21.15960", "2008-03-31": "0.16170", "2007-12-31": "-6.82420", "2007-09-30": "-0.92510", "2007-06-30": "1.69520", "2007-03-31": "-0.65570", "2006-12-31": "-13.95680", "2006-09-30": "-14.14750", "2006-06-30": "-0.75700", "2006-03-31": "-3.48870", "2005-12-31": "-0.30450", "2005-09-30": "-1.42190", "2005-06-30": "2.12360", "2005-03-31": "2.68520"}, "Asset Turnover": {"2020-12-31": "0.13450", "2020-09-30": "0.14430", "2020-06-30": "0.07190", "2020-03-31": "0.12990", "2019-12-31": "0.15360", "2019-09-30": "0.14330", "2019-06-30": "0.14820", "2019-03-31": "0.15320", "2018-12-31": "0.16290", "2018-09-30": "0.14540", "2018-06-30": "0.15080", "2018-03-31": "0.15700", "2017-12-31": "0.15990", "2017-09-30": "0.14510", "2017-06-30": "0.16100", "2017-03-31": "0.16040", "2016-12-31": "0.16240", "2016-09-30": "0.15300", "2016-06-30": "0.16470", "2016-03-31": "0.15900", "2015-12-31": "0.17900", "2015-09-30": "0.17380", "2015-06-30": "0.17250", "2015-03-31": "0.15960", "2014-12-31": "0.17190", "2014-09-30": "0.16720", "2014-06-30": "0.17730", "2014-03-31": "0.17320", "2013-12-31": "0.18580", "2013-09-30": "0.17790", "2013-06-30": "0.19330", "2013-03-31": "0.18470", "2012-12-31": "0.18860", "2012-09-30": "0.17420", "2012-06-30": "0.18320", "2012-03-31": "0.17820", "2011-12-31": "0.19020", "2011-09-30": "0.20310", "2011-06-30": "0.21140", "2011-03-31": "0.19780", "2010-12-31": "0.19690", "2010-09-30": "0.16880", "2010-06-30": "0.19510", "2010-03-31": "0.16440", "2009-12-31": "0.18130", "2009-09-30": "0.14900", "2009-06-30": "0.13390", "2009-03-31": "0.12010", "2008-12-31": "0.12570", "2008-09-30": "0.13110", "2008-06-30": "0.15490", "2008-03-31": "0.15300", "2007-12-31": "0.15130", "2007-09-30": "0.14870", "2007-06-30": "0.15840", "2007-03-31": "0.15800", "2006-12-31": "0.14440", "2006-09-30": "0.13870", "2006-06-30": "0.15120", "2006-03-31": "0.15160", "2005-12-31": "0.17310", "2005-09-30": "0.15100", "2005-06-30": "0.16090", "2005-03-31": "0.16090"}, "Inventory Turnover Ratio": {"2020-12-31": "3.06020", "2020-09-30": "2.95030", "2020-06-30": "1.75460", "2020-03-31": "2.69820", "2019-12-31": "3.22750", "2019-09-30": "2.59270", "2019-06-30": "2.70620", "2019-03-31": "2.75210", "2018-12-31": "3.18660", "2018-09-30": "2.46430", "2018-06-30": "2.64180", "2018-03-31": "2.89010", "2017-12-31": "3.13210", "2017-09-30": "2.68800", "2017-06-30": "3.00600", "2017-03-31": "3.10390", "2016-12-31": "3.65120", "2016-09-30": "3.00110", "2016-06-30": "3.30880", "2016-03-31": "3.12350", "2015-12-31": "4.13930", "2015-09-30": "3.28700", "2015-06-30": "3.21320", "2015-03-31": "2.99110", "2014-12-31": "4.13720", "2014-09-30": "3.24840", "2014-06-30": "3.33660", "2014-03-31": "3.49570", "2013-12-31": "3.58470", "2013-09-30": "3.41290", "2013-06-30": "3.97020", "2013-03-31": "3.56230", "2012-12-31": "4.29030", "2012-09-30": "3.24680", "2012-06-30": "3.82360", "2012-03-31": "3.83080", "2011-12-31": "5.07800", "2011-09-30": "3.82930", "2011-06-30": "4.15760", "2011-03-31": "3.61150", "2010-12-31": "4.60550", "2010-09-30": "3.53510", "2010-06-30": "4.58000", "2010-03-31": "3.99540", "2009-12-31": "5.81040", "2009-09-30": "3.78310", "2009-06-30": "3.53570", "2009-03-31": "3.25670", "2008-12-31": "3.74480", "2008-09-30": "2.07510", "2008-06-30": "3.07950", "2008-03-31": "3.02500", "2007-12-31": "3.79910", "2007-09-30": "2.57940", "2007-06-30": "2.86840", "2007-03-31": "2.77170", "2006-12-31": "3.84630", "2006-09-30": "3.13010", "2006-06-30": "2.98210", "2006-03-31": "3.06430", "2005-12-31": "3.81440", "2005-09-30": "2.86400", "2005-06-30": "3.17860", "2005-03-31": "3.09680"}, "Receiveable Turnover": {"2020-12-31": "3.59770", "2020-09-30": "3.70780", "2020-06-30": "2.12700", "2020-03-31": "5.18040", "2019-12-31": "4.29960", "2019-09-30": "3.48270", "2019-06-30": "3.55110", "2019-03-31": "3.35740", "2018-12-31": "3.73320", "2018-09-30": "0.74120", "2018-06-30": "0.75790", "2018-03-31": "0.76740", "2017-12-31": "3.89900", "2017-09-30": "3.54690", "2017-06-30": "3.92290", "2017-03-31": "3.66360", "2016-12-31": "3.48170", "2016-09-30": "3.58390", "2016-06-30": "3.68060", "2016-03-31": "3.35210", "2015-12-31": "3.64530", "2015-09-30": "2.85230", "2015-06-30": "2.94200", "2015-03-31": "2.60670", "2014-12-31": "3.06370", "2014-09-30": "3.13380", "2014-06-30": "2.91070", "2014-03-31": "2.96790", "2013-12-31": "3.82280", "2013-09-30": "3.05950", "2013-06-30": "3.34040", "2013-03-31": "3.13150", "2012-12-31": "3.28470", "2012-09-30": "2.99640", "2012-06-30": "3.26880", "2012-03-31": "3.27590", "2011-12-31": "3.96000", "2011-09-30": "3.65730", "2011-06-30": "3.75030", "2011-03-31": "3.67970", "2010-12-31": "3.86920", "2010-09-30": "3.57230", "2010-06-30": "4.39160", "2010-03-31": "4.55830", "2009-12-31": "4.83890", "2009-09-30": "4.14910", "2009-06-30": "4.03580", "2009-03-31": "4.52500", "2008-12-31": "4.83680", "2008-09-30": "4.21650", "2008-06-30": "4.58520", "2008-03-31": "5.35200", "2007-12-31": "5.14580", "2007-09-30": "3.66470", "2007-06-30": "3.88260", "2007-03-31": "4.00900", "2006-12-31": "5.70300", "2006-09-30": "4.63460", "2006-06-30": "4.55490", "2006-03-31": "4.62250", "2005-12-31": "5.46400", "2005-09-30": "7.68980", "2005-06-30": "6.82940", "2005-03-31": "6.91210"}, "Days Sales In Receivables": {"2020-12-31": "25.01590", "2020-09-30": "24.27300", "2020-06-30": "42.31220", "2020-03-31": "17.37330", "2019-12-31": "20.93240", "2019-09-30": "25.84190", "2019-06-30": "25.34400", "2019-03-31": "26.80680", "2018-12-31": "24.10810", "2018-09-30": "121.42570", "2018-06-30": "118.75280", "2018-03-31": "117.28590", "2017-12-31": "23.08260", "2017-09-30": "25.37460", "2017-06-30": "22.94210", "2017-03-31": "24.56570", "2016-12-31": "25.84930", "2016-09-30": "25.11230", "2016-06-30": "24.45280", "2016-03-31": "26.84870", "2015-12-31": "24.68960", "2015-09-30": "31.55330", "2015-06-30": "30.59170", "2015-03-31": "34.52660", "2014-12-31": "29.37610", "2014-09-30": "28.71910", "2014-06-30": "30.92060", "2014-03-31": "30.32450", "2013-12-31": "23.54330", "2013-09-30": "29.41640", "2013-06-30": "26.94330", "2013-03-31": "28.74020", "2012-12-31": "27.39970", "2012-09-30": "30.03640", "2012-06-30": "27.53300", "2012-03-31": "27.47300", "2011-12-31": "22.72750", "2011-09-30": "24.60860", "2011-06-30": "23.99780", "2011-03-31": "24.45820", "2010-12-31": "23.26050", "2010-09-30": "25.19390", "2010-06-30": "20.49360", "2010-03-31": "19.74430", "2009-12-31": "18.59930", "2009-09-30": "21.69130", "2009-06-30": "22.30030", "2009-03-31": "19.88930", "2008-12-31": "18.60740", "2008-09-30": "21.34470", "2008-06-30": "19.62820", "2008-03-31": "16.81630", "2007-12-31": "17.49000", "2007-09-30": "24.55840", "2007-06-30": "23.18050", "2007-03-31": "22.44930", "2006-12-31": "15.78120", "2006-09-30": "19.41930", "2006-06-30": "19.75880", "2006-03-31": "19.47000", "2005-12-31": "16.47140", "2005-09-30": "11.70380", "2005-06-30": "13.17840", "2005-03-31": "13.02070"}, "ROE - Return On Equity": {"2020-12-31": "-9.05850", "2020-09-30": "7.20730", "2020-06-30": "3.62340", "2020-03-31": "-6.71090", "2019-12-31": "-5.03160", "2019-09-30": "1.19540", "2019-06-30": "0.41510", "2019-03-31": "3.24700", "2018-12-31": "-0.31140", "2018-09-30": "2.71170", "2018-06-30": "2.93130", "2018-03-31": "4.78920", "2017-12-31": "7.08870", "2017-09-30": "4.74700", "2017-06-30": "6.36970", "2017-03-31": "5.21850", "2016-12-31": "-2.69980", "2016-09-30": "3.05090", "2016-06-30": "6.32980", "2016-03-31": "8.28800", "2015-12-31": "6.50450", "2015-09-30": "7.97550", "2015-06-30": "8.19960", "2015-03-31": "4.62080", "2014-12-31": "-7.79480", "2014-09-30": "3.18360", "2014-06-30": "4.90540", "2014-03-31": "3.68930", "2013-12-31": "29.93690", "2013-09-30": "6.20670", "2013-06-30": "6.41970", "2013-03-31": "9.13940", "2012-12-31": "9.65040", "2012-09-30": "8.64660", "2012-06-30": "6.07760", "2012-03-31": "8.39640", "2011-12-31": "90.33240", "2011-09-30": "27.41450", "2011-06-30": "44.85980", "2011-03-31": "103.69170", "2010-12-31": "-29.28350", "2010-09-30": "-97.01150", "2010-06-30": "-73.31260", "2010-03-31": "-38.34840", "2009-12-31": "-11.28250", "2009-09-30": "-13.93400", "2009-06-30": "-23.95410", "2009-03-31": "8.70910", "2008-12-31": "43.35380", "2008-09-30": "5.53040", "2008-06-30": "511.94300", "2008-03-31": "2.68600", "2007-12-31": "-45.78890", "2007-09-30": "-32.67410", "2007-06-30": "-36.89620", "2007-03-31": "7.68190", "2006-12-31": "162.45310", "2006-09-30": "-57.31750", "2006-06-30": "-2.20950", "2006-03-31": "-11.82670", "2005-12-31": "0.68440", "2005-09-30": "-4.16820", "2005-06-30": "6.63940", "2005-03-31": "7.51120"}, "Return On Tangible Equity": {"2020-12-31": "-9.05850", "2020-09-30": "7.20730", "2020-06-30": "3.62340", "2020-03-31": "-6.71090", "2019-12-31": "-5.03160", "2019-09-30": "1.19540", "2019-06-30": "0.41510", "2019-03-31": "3.24700", "2018-12-31": "-0.31140", "2018-09-30": "2.71170", "2018-06-30": "2.93130", "2018-03-31": "4.78920", "2017-12-31": "7.08870", "2017-09-30": "4.74700", "2017-06-30": "6.36970", "2017-03-31": "5.21850", "2016-12-31": "-2.69980", "2016-09-30": "3.05090", "2016-06-30": "6.32980", "2016-03-31": "8.28800", "2015-12-31": "6.50450", "2015-09-30": "7.97550", "2015-06-30": "8.19960", "2015-03-31": "4.62080", "2014-12-31": "-7.79480", "2014-09-30": "3.18360", "2014-06-30": "4.90540", "2014-03-31": "3.68930", "2013-12-31": "29.93690", "2013-09-30": "6.23290", "2013-06-30": "6.44720", "2013-03-31": "9.18310", "2012-12-31": "9.65040", "2012-09-30": "8.68760", "2012-06-30": "6.11160", "2012-03-31": "8.44560", "2011-12-31": "90.93580", "2011-09-30": "27.87720", "2011-06-30": "45.74040", "2011-03-31": "107.98480", "2010-12-31": "-25.26880", "2010-09-30": "-90.60650", "2010-06-30": "-69.71000", "2010-03-31": "-37.04030", "2009-12-31": "-11.04820", "2009-09-30": "-13.51570", "2009-06-30": "-23.37100", "2009-03-31": "8.59080", "2008-12-31": "42.63180", "2008-09-30": "2.89930", "2008-06-30": "231.17790", "2008-03-31": "3.78440", "2007-12-31": "-72.40800", "2007-09-30": "7.13750", "2007-06-30": "-8.66100", "2007-03-31": "2.84490", "2006-12-31": "79.55060", "2006-09-30": "-189.80850", "2006-06-30": "-3.92610", "2006-03-31": "-23.84140", "2005-12-31": "1.22720", "2005-09-30": "-7.36580", "2005-06-30": "12.53320", "2005-03-31": "13.59280"}, "ROA - Return On Assets": {"2020-12-31": "-1.04430", "2020-09-30": "0.91940", "2020-06-30": "0.41500", "2020-03-31": "-0.75450", "2019-12-31": "-0.64670", "2019-09-30": "0.16390", "2019-06-30": "0.05720", "2019-03-31": "0.44930", "2018-12-31": "-0.04370", "2018-09-30": "0.38340", "2018-06-30": "0.41420", "2018-03-31": "0.65300", "2017-12-31": "0.97640", "2017-09-30": "0.62840", "2017-06-30": "0.83040", "2017-03-31": "0.65510", "2016-12-31": "-0.33120", "2016-09-30": "0.40900", "2016-06-30": "0.82280", "2016-03-31": "1.03460", "2015-12-31": "0.82870", "2015-09-30": "0.99890", "2015-06-30": "1.00030", "2015-03-31": "0.54340", "2014-12-31": "-0.91410", "2014-09-30": "0.39890", "2014-06-30": "0.62340", "2014-03-31": "0.47760", "2013-12-31": "3.87130", "2013-09-30": "0.63310", "2013-06-30": "0.62890", "2013-03-31": "0.83520", "2012-12-31": "0.81470", "2012-09-30": "0.88420", "2012-06-30": "0.57270", "2012-03-31": "0.76780", "2011-12-31": "7.63340", "2011-09-30": "1.01510", "2011-06-30": "1.42780", "2011-03-31": "1.52700", "2010-12-31": "0.11420", "2010-09-30": "0.95330", "2010-06-30": "1.44420", "2010-03-31": "1.08610", "2009-12-31": "0.45720", "2009-09-30": "0.49880", "2009-06-30": "1.12690", "2009-03-31": "-0.70640", "2008-12-31": "-2.88500", "2008-09-30": "-0.04540", "2008-06-30": "-3.24770", "2008-03-31": "0.06750", "2007-12-31": "-0.92280", "2007-09-30": "-0.13760", "2007-06-30": "0.25710", "2007-03-31": "-0.10470", "2006-12-31": "-2.01610", "2006-09-30": "-1.96360", "2006-06-30": "-0.11660", "2006-03-31": "-0.52960", "2005-12-31": "0.03410", "2005-09-30": "-0.21730", "2005-06-30": "0.34060", "2005-03-31": "0.41950"}, "ROI - Return On Investment": {"2020-12-31": "-1.97730", "2020-09-30": "1.71400", "2020-06-30": "0.74170", "2020-03-31": "-1.38300", "2019-12-31": "-1.24230", "2019-09-30": "0.31360", "2019-06-30": "0.10760", "2019-03-31": "0.85080", "2018-12-31": "-0.08190", "2018-09-30": "0.71290", "2018-06-30": "0.77220", "2018-03-31": "1.23070", "2017-12-31": "1.82540", "2017-09-30": "1.20350", "2017-06-30": "1.61180", "2017-03-31": "1.25550", "2016-12-31": "-0.64330", "2016-09-30": "0.79130", "2016-06-30": "1.56250", "2016-03-31": "1.43890", "2015-12-31": "1.57250", "2015-09-30": "1.42420", "2015-06-30": "1.44180", "2015-03-31": "0.78100", "2014-12-31": "-1.32770", "2014-09-30": "0.57310", "2014-06-30": "0.90370", "2014-03-31": "0.68770", "2013-12-31": "5.55760", "2013-09-30": "0.97080", "2013-06-30": "0.97100", "2013-03-31": "1.28970", "2012-12-31": "1.27470", "2012-09-30": "1.36660", "2012-06-30": "0.88740", "2012-03-31": "1.19340", "2011-12-31": "11.88380", "2011-09-30": "1.63310", "2011-06-30": "2.30990", "2011-03-31": "2.45530", "2010-12-31": "0.18190", "2010-09-30": "1.46850", "2010-06-30": "2.28030", "2010-03-31": "1.67240", "2009-12-31": "0.70890", "2009-09-30": "0.81200", "2009-06-30": "1.82450", "2009-03-31": "-1.11150", "2008-12-31": "-4.56210", "2008-09-30": "-0.07110", "2008-06-30": "-5.24270", "2008-03-31": "0.10830", "2007-12-31": "-1.47750", "2007-09-30": "-0.23120", "2007-06-30": "0.42720", "2007-03-31": "-0.17430", "2006-12-31": "-3.34330", "2006-09-30": "-3.21080", "2006-06-30": "-0.19220", "2006-03-31": "-0.87340", "2005-12-31": "0.05520", "2005-09-30": "-0.37440", "2005-06-30": "0.54620", "2005-03-31": "0.66520"}, "Book Value Per Share": {"2020-12-31": "7.52220", "2020-09-30": "8.09590", "2020-06-30": "7.53300", "2020-03-31": "7.25400", "2019-12-31": "8.11280", "2019-09-30": "8.66900", "2019-06-30": "8.85250", "2019-03-31": "8.92550", "2018-12-31": "8.81090", "2018-09-30": "8.99730", "2018-06-30": "8.96040", "2018-03-31": "8.95450", "2017-12-31": "8.74630", "2017-09-30": "8.19890", "2017-06-30": "7.95220", "2017-03-31": "7.55640", "2016-12-31": "7.19250", "2016-09-30": "7.78330", "2016-06-30": "7.70000", "2016-03-31": "7.32290", "2015-12-31": "7.08100", "2015-09-30": "6.92470", "2015-06-30": "6.64190", "2015-03-31": "6.28120", "2014-12-31": "6.18430", "2014-09-30": "6.79790", "2014-06-30": "6.91080", "2014-03-31": "6.77970", "2013-12-31": "6.62910", "2013-09-30": "5.19900", "2013-06-30": "4.87870", "2013-03-31": "4.48690", "2012-12-31": "4.07670", "2012-09-30": "4.95310", "2012-06-30": "4.47800", "2012-03-31": "4.36210", "2011-12-31": "3.81930", "2011-09-30": "1.58580", "2011-06-30": "1.40790", "2011-03-31": "0.64900", "2010-12-31": "-0.16890", "2010-09-30": "-0.50100", "2010-06-30": "-1.02970", "2010-03-31": "-1.59580", "2009-12-31": "-2.31060", "2009-09-30": "-2.19840", "2009-06-30": "-2.92390", "2009-03-31": "-6.80590", "2008-12-31": "-6.06300", "2008-09-30": "-0.83260", "2008-06-30": "-0.74440", "2008-03-31": "3.17170", "2007-12-31": "2.55010", "2007-09-30": "0.55120", "2007-06-30": "-0.92670", "2007-03-31": "-1.97340", "2006-12-31": "-1.83040", "2006-09-30": "4.85070", "2006-06-30": "7.77190", "2006-03-31": "6.42270", "2005-12-31": "7.21140", "2005-09-30": "7.52800", "2005-06-30": "7.66490", "2005-03-31": "8.51170"}, "Operating Cash Flow Per Share": {"2020-12-31": 1.1822, "2020-09-30": 2.7615, "2020-06-30": 2.2842, "2020-03-31": "-0.11940", "2019-12-31": 0.727, "2019-09-30": 1.1847, "2019-06-30": 1.6069, "2019-03-31": "0.88670", "2018-12-31": 0.3411, "2018-09-30": 1.2943, "2018-06-30": 1.2428, "2018-03-31": "0.87920", "2017-12-31": 0.7853, "2017-09-30": 1.2508, "2017-06-30": 1.4059, "2017-03-31": "1.08430", "2016-12-31": 0.7007, "2016-09-30": 1.288, "2016-06-30": 1.9367, "2016-03-31": "1.03830", "2015-12-31": 0.5341, "2015-09-30": 1.618, "2015-06-30": 1.2993, "2015-03-31": "0.60310", "2014-12-31": 0.5881, "2014-09-30": 1.3721, "2014-06-30": 1.1627, "2014-03-31": "0.54230", "2013-12-31": 0.0825, "2013-09-30": 0.933, "2013-06-30": 1.4881, "2013-03-31": "0.05180", "2012-12-31": -0.1153, "2012-09-30": 0.8786, "2012-06-30": 0.9778, "2012-03-31": "0.51170", "2011-12-31": -0.1055, "2011-09-30": 0.9677, "2011-06-30": 0.9325, "2011-03-31": "0.58530", "2010-12-31": 0.2942, "2010-09-30": 1.0521, "2010-06-30": 0.8135, "2010-03-31": "0.58720", "2009-12-31": 0.4687, "2009-09-30": 1.4098, "2009-06-30": 1.1191, "2009-03-31": "1.67540", "2008-12-31": -1.5502, "2008-09-30": 0.4684, "2008-06-30": 0.5009, "2008-03-31": "0.46510", "2007-12-31": 2.0209, "2007-09-30": 4.6936, "2007-06-30": 1.4001, "2007-03-31": "0.51740", "2006-12-31": -3.8955, "2006-09-30": 3.8415, "2006-06-30": 5.1894, "2006-03-31": "-0.00910", "2005-12-31": -0.8658, "2005-09-30": 3.5679, "2005-06-30": 4.4152, "2005-03-31": "2.43400"}, "Free Cash Flow Per Share": {"2020-12-31": 0.7883, "2020-09-30": 2.4503, "2020-06-30": 1.9931, "2020-03-31": "-0.56850", "2019-12-31": 0.1581, "2019-09-30": 0.7329, "2019-06-30": 1.1302, "2019-03-31": "0.47810", "2018-12-31": -0.1888, "2018-09-30": 0.7992, "2018-06-30": 0.7657, "2018-03-31": "0.43410", "2017-12-31": 0.2573, "2017-09-30": 0.8324, "2017-06-30": 1.0157, "2017-03-31": "0.65770", "2016-12-31": 0.1803, "2016-09-30": 0.8621, "2016-06-30": 1.5127, "2016-03-31": "0.66020", "2015-12-31": 0.0759, "2015-09-30": 1.1598, "2015-06-30": 0.8675, "2015-03-31": "0.15320", "2014-12-31": 0.0266, "2014-09-30": 0.8867, "2014-06-30": 0.6944, "2014-03-31": "0.17200", "2013-12-31": -0.3941, "2013-09-30": 0.5489, "2013-06-30": 1.0989, "2013-03-31": "-0.31240", "2012-12-31": -0.5751, "2012-09-30": 0.5405, "2012-06-30": 0.6783, "2012-03-31": "0.24220", "2011-12-31": -0.3721, "2011-09-30": 0.6829, "2011-06-30": 0.6573, "2011-03-31": "0.36760", "2010-12-31": 0.0206, "2010-09-30": 0.786, "2010-06-30": 0.6075, "2010-03-31": "0.35350", "2009-12-31": 0.0767, "2009-09-30": 1.1867, "2009-06-30": 0.9546, "2009-03-31": "1.22950", "2008-12-31": -2.2685, "2008-09-30": -0.2724, "2008-06-30": -0.2226, "2008-03-31": "-0.20970", "2007-12-31": 1.0808, "2007-09-30": 3.5566, "2007-06-30": 1.1176, "2007-03-31": "-0.16750", "2006-12-31": -4.7586, "2006-09-30": 2.8712, "2006-06-30": 4.361, "2006-03-31": "-0.99570", "2005-12-31": -1.4353, "2005-09-30": 2.2948, "2005-06-30": 3.473, "2005-03-31": "1.69840"}}, "revenue": {"Ford Motor Annual Revenue (Millions of US $)": {"2020": "$127,144", "2019": "$155,900", "2018": "$160,338", "2017": "$156,776", "2016": "$151,800", "2015": "$149,558", "2014": "$144,077", "2013": "$146,917", "2012": "$133,559", "2011": "$135,605", "2010": "$128,954", "2009": "$116,283", "2008": "$143,584", "2007": "$170,572", "2006": "$160,065", "2005": "$176,835"}, "Ford Motor Quarterly Revenue (Millions of US $)": {"2020-12-31": "$35,952", "2020-09-30": "$37,501", "2020-06-30": "$19,371", "2020-03-31": "$34,320", "2019-12-31": "$39,715", "2019-09-30": "$36,990", "2019-06-30": "$38,853", "2019-03-31": "$40,342", "2018-12-31": "$41,793", "2018-09-30": "$37,666", "2018-06-30": "$38,920", "2018-03-31": "$41,959", "2017-12-31": "$41,326", "2017-09-30": "$36,451", "2017-06-30": "$39,853", "2017-03-31": "$39,146", "2016-12-31": "$38,654", "2016-09-30": "$35,943", "2016-06-30": "$39,485", "2016-03-31": "$37,718", "2015-12-31": "$40,251", "2015-09-30": "$38,144", "2015-06-30": "$37,263", "2015-03-31": "$33,900", "2014-12-31": "$35,870", "2014-09-30": "$34,920", "2014-06-30": "$37,411", "2014-03-31": "$35,876", "2013-12-31": "$37,570", "2013-09-30": "$35,775", "2013-06-30": "$37,923", "2013-03-31": "$35,649", "2012-12-31": "$35,731", "2012-09-30": "$32,172", "2012-06-30": "$33,211", "2012-03-31": "$32,445", "2011-12-31": "$33,917", "2011-09-30": "$33,047", "2011-06-30": "$35,527", "2011-03-31": "$33,114", "2010-12-31": "$32,428", "2010-09-30": "$29,893", "2010-06-30": "$35,067", "2010-03-31": "$31,566", "2009-12-31": "$34,811", "2009-09-30": "$30,272", "2009-06-30": "$26,810", "2009-03-31": "$24,390", "2008-12-31": "$27,444", "2008-09-30": "$31,746", "2008-06-30": "$41,102", "2008-03-31": "$43,292", "2007-12-31": "$42,247", "2007-09-30": "$41,078", "2007-06-30": "$44,242", "2007-03-31": "$43,005", "2006-12-31": "$40,303", "2006-09-30": "$37,095", "2006-06-30": "$41,878", "2006-03-31": "$40,789", "2005-12-31": "$46,641", "2005-09-30": "$40,510", "2005-06-30": "$44,548", "2005-03-31": "$45,136"}}, "gross-profit": {"Ford Motor Annual Gross Profit (Millions of US $)": {"2020": "$14,392", "2019": "$21,207", "2018": "$24,069", "2017": "$25,455", "2016": "$25,605", "2015": "$25,112", "2014": "$19,052", "2013": "$26,727", "2012": "$20,520", "2011": "$21,994", "2010": "$24,503", "2009": "$17,417", "2008": "$16,964", "2007": "$27,985", "2006": "$11,199", "2005": "$31,915"}, "Ford Motor Quarterly Gross Profit (Millions of US $)": {"2020-12-31": "$2,877", "2020-09-30": "$6,278", "2020-06-30": "$1,439", "2020-03-31": "$3,798", "2019-12-31": "$4,903", "2019-09-30": "$4,708", "2019-06-30": "$5,196", "2019-03-31": "$6,400", "2018-12-31": "$6,039", "2018-09-30": "$6,098", "2018-06-30": "$5,726", "2018-03-31": "$6,206", "2017-12-31": "$6,322", "2017-09-30": "$6,176", "2017-06-30": "$6,511", "2017-03-31": "$6,446", "2016-12-31": "$6,166", "2016-09-30": "$5,275", "2016-06-30": "$6,963", "2016-03-31": "$7,201", "2015-12-31": "$5,816", "2015-09-30": "$6,931", "2015-06-30": "$6,937", "2015-03-31": "$5,428", "2014-12-31": "$3,310", "2014-09-30": "$4,723", "2014-06-30": "$6,164", "2014-03-31": "$4,855", "2013-12-31": "$9,939", "2013-09-30": "$5,745", "2013-06-30": "$5,399", "2013-03-31": "$5,644", "2012-12-31": "$4,146", "2012-09-30": "$5,522", "2012-06-30": "$5,341", "2012-03-31": "$5,511", "2011-12-31": "$3,952", "2011-09-30": "$5,430", "2011-06-30": "$6,274", "2011-03-31": "$6,338", "2010-12-31": "$5,177", "2010-09-30": "$5,660", "2010-06-30": "$7,239", "2010-03-31": "$6,427", "2009-12-31": "$5,521", "2009-09-30": "$5,455", "2009-06-30": "$3,464", "2009-03-31": "$2,977", "2008-12-31": "$1,275", "2008-09-30": "$6,745", "2008-06-30": "$1,108", "2008-03-31": "$7,836", "2007-12-31": "$3,796", "2007-09-30": "$7,840", "2007-06-30": "$8,060", "2007-03-31": "$8,289", "2006-12-31": "$1,775", "2006-09-30": "$-457", "2006-06-30": "$5,747", "2006-03-31": "$4,134", "2005-12-31": "$7,463", "2005-09-30": "$7,039", "2005-06-30": "$7,835", "2005-03-31": "$9,578"}}, "operating-income": {"Ford Motor Annual Operating Income (Millions of US $)": {"2020": "$-4,408", "2019": "$574", "2018": "$3,203", "2017": "$4,881", "2016": "$5,786", "2015": "$14,349", "2014": "$7,210", "2013": "$15,669", "2012": "$8,914", "2011": "$11,146", "2010": "$12,810", "2009": "$3,358", "2008": "$-5,975", "2007": "$3,748", "2006": "$-8,190", "2005": "$6,844"}, "Ford Motor Quarterly Operating Income (Millions of US $)": {"2020-12-31": "$-2,442", "2020-09-30": "$2,351", "2020-06-30": "$-2,759", "2020-03-31": "$-1,558", "2019-12-31": "$-457", "2019-09-30": "$-261", "2019-06-30": "$90", "2019-03-31": "$1,202", "2018-12-31": "$632", "2018-09-30": "$864", "2018-06-30": "$586", "2018-03-31": "$1,121", "2017-12-31": "$867", "2017-09-30": "$998", "2017-06-30": "$1,552", "2017-03-31": "$1,464", "2016-12-31": "$-5,522", "2016-09-30": "$2,618", "2016-06-30": "$4,179", "2016-03-31": "$4,511", "2015-12-31": "$3,521", "2015-09-30": "$4,545", "2015-06-30": "$4,393", "2015-03-31": "$1,890", "2014-12-31": "$2,017", "2014-09-30": "$1,165", "2014-06-30": "$2,584", "2014-03-31": "$1,444", "2013-12-31": "$8,582", "2013-09-30": "$2,464", "2013-06-30": "$2,143", "2013-03-31": "$2,480", "2012-12-31": "$1,336", "2012-09-30": "$2,548", "2012-06-30": "$2,381", "2012-03-31": "$2,649", "2011-12-31": "$1,578", "2011-09-30": "$2,564", "2011-06-30": "$3,346", "2011-03-31": "$3,658", "2010-12-31": "$2,156", "2010-09-30": "$3,042", "2010-06-30": "$4,233", "2010-03-31": "$3,379", "2009-12-31": "$2,215", "2009-09-30": "$2,325", "2009-06-30": "$-65", "2009-03-31": "$-1,117", "2008-12-31": "$-3,349", "2008-09-30": "$1,771", "2008-06-30": "$-6,795", "2008-03-31": "$2,398", "2007-12-31": "$-4,248", "2007-09-30": "$2,742", "2007-06-30": "$2,987", "2007-03-31": "$2,267", "2006-12-31": "$-3,715", "2006-09-30": "$-5,043", "2006-06-30": "$1,074", "2006-03-31": "$-506", "2005-12-31": "$942", "2005-09-30": "$874", "2005-06-30": "$1,725", "2005-03-31": "$3,303"}}, "ebitda": {"Ford Motor Annual EBITDA (Millions of US $)": {"2020": "$3,049", "2019": "$9,064", "2018": "$11,616", "2017": "$13,453", "2016": "$14,503", "2015": "$22,315", "2014": "$14,633", "2013": "$22,213", "2012": "$14,214", "2011": "$15,402", "2010": "$18,394", "2009": "$9,938", "2008": "$6,280", "2007": "$19,995", "2006": "$4,529", "2005": "$20,909"}, "Ford Motor Quarterly EBITDA (Millions of US $)": {"2020-12-31": "$-717", "2020-09-30": "$3,871", "2020-06-30": "$-689", "2020-03-31": "$584", "2019-12-31": "$1,614", "2019-09-30": "$1,757", "2019-06-30": "$2,349", "2019-03-31": "$3,344", "2018-12-31": "$2,741", "2018-09-30": "$864", "2018-06-30": "$586", "2018-03-31": "$1,121", "2017-12-31": "$867", "2017-09-30": "$998", "2017-06-30": "$1,552", "2017-03-31": "$1,464", "2016-12-31": "$-5,522", "2016-09-30": "$2,618", "2016-06-30": "$4,179", "2016-03-31": "$4,511", "2015-12-31": "$3,521", "2015-09-30": "$4,545", "2015-06-30": "$4,393", "2015-03-31": "$1,890", "2014-12-31": "$2,017", "2014-09-30": "$1,165", "2014-06-30": "$2,584", "2014-03-31": "$1,444", "2013-12-31": "$8,582", "2013-09-30": "$2,464", "2013-06-30": "$2,143", "2013-03-31": "$2,480", "2012-12-31": "$1,336", "2012-09-30": "$2,548", "2012-06-30": "$2,381", "2012-03-31": "$2,649", "2011-12-31": "$1,578", "2011-09-30": "$2,564", "2011-06-30": "$3,346", "2011-03-31": "$3,658", "2010-12-31": "$2,156", "2010-09-30": "$3,042", "2010-06-30": "$4,233", "2010-03-31": "$3,379", "2009-12-31": "$2,215", "2009-09-30": "$2,325", "2009-06-30": "$-65", "2009-03-31": "$-1,117", "2008-12-31": "$-3,349", "2008-09-30": "$1,771", "2008-06-30": "$-6,795", "2008-03-31": "$2,398", "2007-12-31": "$-4,248", "2007-09-30": "$2,742", "2007-06-30": "$2,987", "2007-03-31": "$2,267", "2006-12-31": "$-3,715", "2006-09-30": "$-5,043", "2006-06-30": "$1,074", "2006-03-31": "$-506", "2005-12-31": "$942", "2005-09-30": "$874", "2005-06-30": "$1,725", "2005-03-31": "$3,303"}}, "net-income": {"Ford Motor Annual Net Income (Millions of US $)": {"2020": "$-1,279", "2019": "$47", "2018": "$3,677", "2017": "$7,731", "2016": "$4,589", "2015": "$7,373", "2014": "$1,231", "2013": "$11,953", "2012": "$5,613", "2011": "$20,213", "2010": "$6,561", "2009": "$2,717", "2008": "$-14,766", "2007": "$-2,795", "2006": "$-12,613", "2005": "$1,440"}, "Ford Motor Quarterly Net Income (Millions of US $)": {"2020-12-31": "$-2,788", "2020-09-30": "$2,385", "2020-06-30": "$1,117", "2020-03-31": "$-1,993", "2019-12-31": "$-1,672", "2019-09-30": "$425", "2019-06-30": "$148", "2019-03-31": "$1,146", "2018-12-31": "$-116", "2018-09-30": "$991", "2018-06-30": "$1,066", "2018-03-31": "$1,736", "2017-12-31": "$2,520", "2017-09-30": "$1,572", "2017-06-30": "$2,047", "2017-03-31": "$1,592", "2016-12-31": "$-790", "2016-09-30": "$957", "2016-06-30": "$1,970", "2016-03-31": "$2,452", "2015-12-31": "$1,868", "2015-09-30": "$2,192", "2015-06-30": "$2,160", "2015-03-31": "$1,153", "2014-12-31": "$-1,904", "2014-09-30": "$835", "2014-06-30": "$1,311", "2014-03-31": "$989", "2013-12-31": "$7,837", "2013-09-30": "$1,272", "2013-06-30": "$1,233", "2013-03-31": "$1,611", "2012-12-31": "$1,546", "2012-09-30": "$1,631", "2012-06-30": "$1,040", "2012-03-31": "$1,396", "2011-12-31": "$13,615", "2011-09-30": "$1,649", "2011-06-30": "$2,398", "2011-03-31": "$2,551", "2010-12-31": "$190", "2010-09-30": "$1,687", "2010-06-30": "$2,599", "2010-03-31": "$2,085", "2009-12-31": "$886", "2009-09-30": "$997", "2009-06-30": "$2,261", "2009-03-31": "$-1,427", "2008-12-31": "$-5,978", "2008-09-30": "$-161", "2008-06-30": "$-8,697", "2008-03-31": "$70", "2007-12-31": "$-2,883", "2007-09-30": "$-380", "2007-06-30": "$750", "2007-03-31": "$-282", "2006-12-31": "$-5,625", "2006-09-30": "$-5,248", "2006-06-30": "$-317", "2006-03-31": "$-1,423", "2005-12-31": "$-142", "2005-09-30": "$-576", "2005-06-30": "$946", "2005-03-31": "$1,212"}}, "eps-earnings-per-share-diluted": {"Ford Motor Annual EPS": {"2020": "$-0.32", "2019": "$0.01", "2018": "$0.92", "2017": "$1.93", "2016": "$1.15", "2015": "$1.84", "2014": "$0.31", "2013": "$2.94", "2012": "$1.41", "2011": "$4.94", "2010": "$1.66", "2009": "$0.86", "2008": "$-6.50", "2007": "$-1.41", "2006": "$-6.72", "2005": "$0.77"}, "Ford Motor Quarterly EPS": {"2020-12-31": "$-0.70", "2020-09-30": "$0.60", "2020-06-30": "$0.28", "2020-03-31": "$-0.50", "2019-12-31": "$-0.43", "2019-09-30": "$0.11", "2019-06-30": "$0.04", "2019-03-31": "$0.29", "2018-12-31": "$-0.03", "2018-09-30": "$0.25", "2018-06-30": "$0.27", "2018-03-31": "$0.43", "2017-12-31": "$0.63", "2017-09-30": "$0.39", "2017-06-30": "$0.51", "2017-03-31": "$0.40", "2016-12-31": "$-0.19", "2016-09-30": "$0.24", "2016-06-30": "$0.49", "2016-03-31": "$0.61", "2015-12-31": "$0.46", "2015-09-30": "$0.55", "2015-06-30": "$0.54", "2015-03-31": "$0.29", "2014-12-31": "$-0.46", "2014-09-30": "$0.21", "2014-06-30": "$0.32", "2014-03-31": "$0.24", "2013-12-31": "$1.93", "2013-09-30": "$0.31", "2013-06-30": "$0.30", "2013-03-31": "$0.40", "2012-12-31": "$0.39", "2012-09-30": "$0.41", "2012-06-30": "$0.26", "2012-03-31": "$0.35", "2011-12-31": "$3.33", "2011-09-30": "$0.41", "2011-06-30": "$0.59", "2011-03-31": "$0.61", "2010-12-31": "$0.12", "2010-09-30": "$0.43", "2010-06-30": "$0.61", "2010-03-31": "$0.50", "2009-12-31": "$0.48", "2009-09-30": "$0.29", "2009-06-30": "$0.69", "2009-03-31": "$-0.60", "2008-12-31": "$-2.57", "2008-09-30": "$-0.07", "2008-06-30": "$-3.89", "2008-03-31": "$0.03", "2007-12-31": "$-1.38", "2007-09-30": "$-0.19", "2007-06-30": "$0.31", "2007-03-31": "$-0.15", "2006-12-31": "$-3.00", "2006-09-30": "$-2.79", "2006-06-30": "$-0.17", "2006-03-31": "$-0.76", "2005-12-31": "$0.01", "2005-09-30": "$-0.31", "2005-06-30": "$0.47", "2005-03-31": "$0.60"}}, "shares-outstanding": {"Ford Motor Annual Shares Outstanding (Millions of Shares)": {"2020": "3,973", "2019": "4,004", "2018": "3,998", "2017": "3,998", "2016": "3,999", "2015": "4,002", "2014": "3,958", "2013": "4,087", "2012": "4,015", "2011": "4,111", "2010": "4,178", "2009": "3,312", "2008": "2,272", "2007": "1,978", "2006": "1,877", "2005": "2,135"}, "Ford Motor Quarterly Shares Outstanding (Millions of Shares)": {"2020-12-31": "3,973", "2020-09-30": "4,005", "2020-06-30": "3,992", "2020-03-31": "3,963", "2019-12-31": "4,004", "2019-09-30": "4,007", "2019-06-30": "4,013", "2019-03-31": "3,997", "2018-12-31": "3,998", "2018-09-30": "4,000", "2018-06-30": "3,999", "2018-03-31": "3,997", "2017-12-31": "3,998", "2017-09-30": "3,996", "2017-06-30": "3,996", "2017-03-31": "3,999", "2016-12-31": "3,999", "2016-09-30": "4,000", "2016-06-30": "3,997", "2016-03-31": "3,996", "2015-12-31": "4,002", "2015-09-30": "3,999", "2015-06-30": "4,007", "2015-03-31": "4,001", "2014-12-31": "3,958", "2014-09-30": "4,010", "2014-06-30": "4,088", "2014-03-31": "4,094", "2013-12-31": "4,087", "2013-09-30": "4,096", "2013-06-30": "4,084", "2013-03-31": "4,072", "2012-12-31": "4,015", "2012-09-30": "3,972", "2012-06-30": "4,014", "2012-03-31": "4,055", "2011-12-31": "4,111", "2011-09-30": "4,031", "2011-06-30": "4,102", "2011-03-31": "4,266", "2010-12-31": "4,178", "2010-09-30": "4,174", "2010-06-30": "4,610", "2010-03-31": "4,569", "2009-12-31": "3,312", "2009-09-30": "3,587", "2009-06-30": "3,352", "2009-03-31": "2,397", "2008-12-31": "2,272", "2008-09-30": "2,279", "2008-06-30": "2,237", "2008-03-31": "2,208", "2007-12-31": "1,978", "2007-09-30": "2,003", "2007-06-30": "2,726", "2007-03-31": "1,892", "2006-12-31": "1,877", "2006-09-30": "1,882", "2006-06-30": "1,875", "2006-03-31": "1,863", "2005-12-31": "2,135", "2005-09-30": "1,851", "2005-06-30": "2,129", "2005-03-31": "2,122"}}, "total-assets": {"Ford Motor Annual Total Assets (Millions of US $)": {"2020": "$267,261", "2019": "$258,537", "2018": "$256,540", "2017": "$258,496", "2016": "$237,951", "2015": "$224,925", "2014": "$208,615", "2013": "$202,179", "2012": "$189,406", "2011": "$178,348", "2010": "$164,687", "2009": "$192,040", "2008": "$218,298", "2007": "$279,264", "2006": "$279,196", "2005": "$269,459"}, "Ford Motor Quarterly Total Assets (Millions of US $)": {"2020-12-31": "$267,261", "2020-09-30": "$259,943", "2020-06-30": "$269,366", "2020-03-31": "$264,150", "2019-12-31": "$258,537", "2019-09-30": "$258,157", "2019-06-30": "$262,184", "2019-03-31": "$263,281", "2018-12-31": "$256,540", "2018-09-30": "$258,966", "2018-06-30": "$258,079", "2018-03-31": "$267,230", "2017-12-31": "$258,496", "2017-09-30": "$251,273", "2017-06-30": "$247,469", "2017-03-31": "$244,094", "2016-12-31": "$237,951", "2016-09-30": "$234,963", "2016-06-30": "$239,678", "2016-03-31": "$237,288", "2015-12-31": "$224,925", "2015-09-30": "$219,431", "2015-06-30": "$216,045", "2015-03-31": "$212,374", "2014-12-31": "$208,615", "2014-09-30": "$208,835", "2014-06-30": "$210,945", "2014-03-31": "$207,082", "2013-12-31": "$202,179", "2013-09-30": "$201,071", "2013-06-30": "$196,210", "2013-03-31": "$193,010", "2012-12-31": "$189,406", "2012-09-30": "$184,680", "2012-06-30": "$181,236", "2012-03-31": "$182,075", "2011-12-31": "$178,348", "2011-09-30": "$162,740", "2011-06-30": "$168,086", "2011-03-31": "$167,391", "2010-12-31": "$164,687", "2010-09-30": "$177,078", "2010-06-30": "$179,750", "2010-03-31": "$191,968", "2009-12-31": "$192,040", "2009-09-30": "$203,106", "2009-06-30": "$200,190", "2009-03-31": "$203,134", "2008-12-31": "$218,298", "2008-09-30": "$242,065", "2008-06-30": "$265,297", "2008-03-31": "$282,913", "2007-12-31": "$279,264", "2007-09-30": "$276,163", "2007-06-30": "$279,218", "2007-03-31": "$272,210", "2006-12-31": "$279,196", "2006-09-30": "$267,465", "2006-06-30": "$276,948", "2006-03-31": "$269,076", "2005-12-31": "$269,459", "2005-09-30": "$268,295", "2005-06-30": "$276,834", "2005-03-31": "$280,588"}}, "cash-on-hand": {"Ford Motor Annual Cash on Hand (Millions of US $)": {"2020": "$49,961", "2019": "$34,651", "2018": "$33,951", "2017": "$38,927", "2016": "$38,827", "2015": "$35,176", "2014": "$31,150", "2013": "$36,568", "2012": "$35,943", "2011": "$35,766", "2010": "$35,570", "2009": "$42,281", "2008": "$39,460", "2007": "$50,798", "2006": "$55,624", "2005": "$42,539"}, "Ford Motor Quarterly Cash on Hand (Millions of US $)": {"2020-12-31": "$49,961", "2020-09-30": "$44,831", "2020-06-30": "$57,130", "2020-03-31": "$46,370", "2019-12-31": "$34,651", "2019-09-30": "$37,331", "2019-06-30": "$38,048", "2019-03-31": "$37,730", "2018-12-31": "$33,951", "2018-09-30": "$36,342", "2018-06-30": "$36,476", "2018-03-31": "$40,071", "2017-12-31": "$38,927", "2017-09-30": "$38,081", "2017-06-30": "$39,109", "2017-03-31": "$39,989", "2016-12-31": "$38,827", "2016-09-30": "$34,165", "2016-06-30": "$39,297", "2016-03-31": "$39,473", "2015-12-31": "$35,176", "2015-09-30": "$31,847", "2015-06-30": "$31,302", "2015-03-31": "$33,100", "2014-12-31": "$31,150", "2014-09-30": "$33,963", "2014-06-30": "$35,669", "2014-03-31": "$36,529", "2013-12-31": "$36,568", "2013-09-30": "$37,642", "2013-06-30": "$36,706", "2013-03-31": "$34,341", "2012-12-31": "$35,943", "2012-09-30": "$35,535", "2012-06-30": "$35,600", "2012-03-31": "$36,027", "2011-12-31": "$35,766", "2011-09-30": "$33,192", "2011-06-30": "$33,521", "2011-03-31": "$34,866", "2010-12-31": "$35,570", "2010-09-30": "$44,148", "2010-06-30": "$39,726", "2010-03-31": "$46,239", "2009-12-31": "$42,281", "2009-09-30": "$48,366", "2009-06-30": "$41,134", "2009-03-31": "$41,456", "2008-12-31": "$39,460", "2008-09-30": "$41,801", "2008-06-30": "$49,938", "2008-03-31": "$49,090", "2007-12-31": "$50,798", "2007-09-30": "$46,972", "2007-06-30": "$53,194", "2007-03-31": "$50,020", "2006-12-31": "$55,624", "2006-09-30": "$40,627", "2006-06-30": "$40,618", "2006-03-31": "$39,071", "2005-12-31": "$42,539", "2005-09-30": "$37,393", "2005-06-30": "$39,481", "2005-03-31": "$34,323"}}, "long-term-debt": {"Ford Motor Annual Long Term Debt (Millions of US $)": {"2020": "$110,341", "2019": "$101,361", "2018": "$100,720", "2017": "$102,666", "2016": "$93,301", "2015": "$89,879", "2014": "$119,171", "2013": "$114,688", "2012": "$105,058", "2011": "$99,488", "2010": "$103,988", "2009": "$131,635", "2008": "$152,577", "2007": "$168,787", "2006": "$171,832", "2005": "$153,278"}, "Ford Motor Quarterly Long Term Debt (Millions of US $)": {"2020-12-31": "$110,341", "2020-09-30": "$106,280", "2020-06-30": "$119,886", "2020-03-31": "$114,414", "2019-12-31": "$101,361", "2019-09-30": "$99,507", "2019-06-30": "$103,213", "2019-03-31": "$102,612", "2018-12-31": "$100,720", "2018-09-30": "$102,668", "2018-06-30": "$101,959", "2018-03-31": "$105,351", "2017-12-31": "$102,666", "2017-09-30": "$97,938", "2017-06-30": "$95,236", "2017-03-31": "$96,720", "2016-12-31": "$93,301", "2016-09-30": "$89,951", "2016-06-30": "$95,053", "2016-03-31": "$140,995", "2015-12-31": "$89,879", "2015-09-30": "$126,425", "2015-06-30": "$123,526", "2015-03-31": "$122,776", "2014-12-31": "$119,171", "2014-09-30": "$119,193", "2014-06-30": "$118,707", "2014-03-31": "$117,004", "2013-12-31": "$114,688", "2013-09-30": "$110,622", "2013-06-30": "$107,857", "2013-03-31": "$107,356", "2012-12-31": "$105,058", "2012-09-30": "$100,604", "2012-06-30": "$99,897", "2012-03-31": "$100,490", "2011-12-31": "$99,488", "2011-09-30": "$95,131", "2011-06-30": "$98,550", "2011-03-31": "$101,638", "2010-12-31": "$103,988", "2010-09-30": "$116,691", "2010-06-30": "$117,385", "2010-03-31": "$130,105", "2009-12-31": "$131,635", "2009-09-30": "$132,017", "2009-06-30": "$133,066", "2009-03-31": "$145,586", "2008-12-31": "$152,577", "2008-09-30": "$156,793", "2008-06-30": "$166,025", "2008-03-31": "$169,205", "2007-12-31": "$168,787", "2007-09-30": "$163,213", "2007-06-30": "$170,036", "2007-03-31": "$167,179", "2006-12-31": "$171,832", "2006-09-30": "$154,410", "2006-06-30": "$153,478", "2006-03-31": "$151,104", "2005-12-31": "$153,278", "2005-09-30": "$141,738", "2005-06-30": "$158,441", "2005-03-31": "$161,262"}}, "total-liabilities": {"Ford Motor Annual Total Liabilities (Millions of US $)": {"2020": "$236,450", "2019": "$225,307", "2018": "$220,574", "2017": "$222,890", "2016": "$208,764", "2015": "$196,268", "2014": "$184,150", "2013": "$176,034", "2012": "$173,417", "2011": "$163,277", "2010": "$165,329", "2009": "$199,822", "2008": "$232,825", "2007": "$273,636", "2006": "$282,661", "2005": "$256,017"}, "Ford Motor Quarterly Total Liabilities (Millions of US $)": {"2020-12-31": "$236,450", "2020-09-30": "$226,782", "2020-06-30": "$238,511", "2020-03-31": "$234,452", "2019-12-31": "$225,307", "2019-09-30": "$222,770", "2019-06-30": "$226,048", "2019-03-31": "$226,847", "2018-12-31": "$220,574", "2018-09-30": "$222,347", "2018-06-30": "$221,610", "2018-03-31": "$230,794", "2017-12-31": "$222,890", "2017-09-30": "$218,010", "2017-06-30": "$215,207", "2017-03-31": "$213,453", "2016-12-31": "$208,764", "2016-09-30": "$203,464", "2016-06-30": "$208,524", "2016-03-31": "$207,667", "2015-12-31": "$196,268", "2015-09-30": "$191,947", "2015-06-30": "$189,690", "2015-03-31": "$187,400", "2014-12-31": "$184,150", "2014-09-30": "$182,670", "2014-06-30": "$184,138", "2014-03-31": "$180,275", "2013-12-31": "$176,034", "2013-09-30": "$180,561", "2013-06-30": "$176,988", "2013-03-31": "$175,372", "2012-12-31": "$173,417", "2012-09-30": "$165,794", "2012-06-30": "$164,157", "2012-03-31": "$165,425", "2011-12-31": "$163,277", "2011-09-30": "$156,714", "2011-06-30": "$162,736", "2011-03-31": "$164,926", "2010-12-31": "$165,329", "2010-09-30": "$178,818", "2010-06-30": "$183,291", "2010-03-31": "$197,405", "2009-12-31": "$199,822", "2009-09-30": "$210,376", "2009-06-30": "$209,608", "2009-03-31": "$219,611", "2008-12-31": "$232,825", "2008-09-30": "$244,054", "2008-06-30": "$266,980", "2008-03-31": "$275,802", "2007-12-31": "$273,636", "2007-09-30": "$275,000", "2007-06-30": "$281,164", "2007-03-31": "$275,920", "2006-12-31": "$282,661", "2006-09-30": "$258,302", "2006-06-30": "$262,329", "2006-03-31": "$257,027", "2005-12-31": "$256,017", "2005-09-30": "$254,308", "2005-06-30": "$262,631", "2005-03-31": "$264,918"}}, "total-share-holder-equity": {"Ford Motor Annual Share Holder Equity (Millions of US $)": {"2020": "$30,811", "2019": "$33,230", "2018": "$35,966", "2017": "$35,606", "2016": "$29,187", "2015": "$28,657", "2014": "$24,465", "2013": "$26,145", "2012": "$15,989", "2011": "$15,071", "2010": "$-642", "2009": "$-7,782", "2008": "$-14,527", "2007": "$5,628", "2006": "$-3,465", "2005": "$13,442"}, "Ford Motor Quarterly Share Holder Equity (Millions of US $)": {"2020-12-31": "$30,811", "2020-09-30": "$33,161", "2020-06-30": "$30,855", "2020-03-31": "$29,698", "2019-12-31": "$33,230", "2019-09-30": "$35,387", "2019-06-30": "$36,136", "2019-03-31": "$36,434", "2018-12-31": "$35,966", "2018-09-30": "$36,619", "2018-06-30": "$36,469", "2018-03-31": "$36,436", "2017-12-31": "$35,606", "2017-09-30": "$33,263", "2017-06-30": "$32,262", "2017-03-31": "$30,641", "2016-12-31": "$29,187", "2016-09-30": "$31,499", "2016-06-30": "$31,154", "2016-03-31": "$29,621", "2015-12-31": "$28,657", "2015-09-30": "$27,484", "2015-06-30": "$26,355", "2015-03-31": "$24,974", "2014-12-31": "$24,465", "2014-09-30": "$26,165", "2014-06-30": "$26,807", "2014-03-31": "$26,807", "2013-12-31": "$26,145", "2013-09-30": "$20,510", "2013-06-30": "$19,222", "2013-03-31": "$17,638", "2012-12-31": "$15,989", "2012-09-30": "$18,886", "2012-06-30": "$17,079", "2012-03-31": "$16,650", "2011-12-31": "$15,071", "2011-09-30": "$6,026", "2011-06-30": "$5,350", "2011-03-31": "$2,465", "2010-12-31": "$-642", "2010-09-30": "$-1,740", "2010-06-30": "$-3,541", "2010-03-31": "$-5,437", "2009-12-31": "$-7,782", "2009-09-30": "$-7,270", "2009-06-30": "$-9,418", "2009-03-31": "$-16,477", "2008-12-31": "$-14,527", "2008-09-30": "$-1,989", "2008-06-30": "$-1,683", "2008-03-31": "$7,111", "2007-12-31": "$5,628", "2007-09-30": "$1,163", "2007-06-30": "$-1,946", "2007-03-31": "$-3,710", "2006-12-31": "$-3,465", "2006-09-30": "$9,163", "2006-06-30": "$14,619", "2006-03-31": "$12,049", "2005-12-31": "$13,442", "2005-09-30": "$13,987", "2005-06-30": "$14,203", "2005-03-31": "$15,670"}}, "profit-margins": {"current": "-1.01%"}, "gross margin": {"2020-12-31": "11.32%", "2020-09-30": "12.54%", "2020-06-30": "11.39%", "2020-03-31": "12.41%", "2019-12-31": "13.60%", "2019-09-30": "14.14%", "2019-06-30": "14.96%", "2019-03-31": "15.29%", "2018-12-31": "15.01%", "2018-09-30": "15.23%", "2018-06-30": "15.40%", "2018-03-31": "15.80%", "2017-12-31": "16.24%", "2017-09-30": "16.42%", "2017-06-30": "15.88%", "2017-03-31": "16.22%", "2016-12-31": "16.87%", "2016-09-30": "16.46%", "2016-06-30": "17.30%", "2016-03-31": "17.53%", "2015-12-31": "16.79%", "2015-09-30": "15.57%", "2015-06-30": "14.37%", "2015-03-31": "13.81%", "2014-12-31": "13.22%", "2014-09-30": "17.62%", "2014-06-30": "18.21%", "2014-03-31": "17.63%", "2013-12-31": "18.19%", "2013-09-30": "14.43%", "2013-06-30": "14.64%", "2013-03-31": "15.10%", "2012-12-31": "15.36%", "2012-09-30": "15.43%", "2012-06-30": "15.26%", "2012-03-31": "15.69%", "2011-12-31": "16.22%", "2011-09-30": "17.31%", "2011-06-30": "17.91%", "2011-03-31": "18.71%", "2010-12-31": "19.00%", "2010-09-30": "18.92%", "2010-06-30": "18.71%", "2010-03-31": "16.90%", "2009-12-31": "14.98%", "2009-09-30": "12.09%", "2009-06-30": "13.10%", "2009-03-31": "9.71%", "2008-12-31": "11.81%", "2008-09-30": "12.30%", "2008-06-30": "12.27%", "2008-03-31": "16.11%", "2007-12-31": "16.41%", "2007-09-30": "15.40%", "2007-06-30": "10.73%", "2007-03-31": "9.46%", "2006-12-31": "7.00%", "2006-09-30": "10.15%", "2006-06-30": "14.36%", "2006-03-31": "15.35%", "2005-12-31": "18.05%"}, "operating margin": {"2020-12-31": "-3.47%", "2020-09-30": "-1.85%", "2020-06-30": "-3.86%", "2020-03-31": "-1.46%", "2019-12-31": "0.37%", "2019-09-30": "1.05%", "2019-06-30": "1.76%", "2019-03-31": "2.07%", "2018-12-31": "2.00%", "2018-09-30": "2.15%", "2018-06-30": "2.25%", "2018-03-31": "2.84%", "2017-12-31": "3.11%", "2017-09-30": "-0.98%", "2017-06-30": "0.07%", "2017-03-31": "1.79%", "2016-12-31": "3.81%", "2016-09-30": "9.67%", "2016-06-30": "10.77%", "2016-03-31": "11.06%", "2015-12-31": "9.59%", "2015-09-30": "8.85%", "2015-06-30": "6.67%", "2015-03-31": "5.39%", "2014-12-31": "5.00%", "2014-09-30": "9.45%", "2014-06-30": "10.28%", "2014-03-31": "9.94%", "2013-12-31": "10.67%", "2013-09-30": "5.81%", "2013-06-30": "6.01%", "2013-03-31": "6.39%", "2012-12-31": "6.67%", "2012-09-30": "6.95%", "2012-06-30": "6.92%", "2012-03-31": "7.51%", "2011-12-31": "8.22%", "2011-09-30": "8.74%", "2011-06-30": "9.32%", "2011-03-31": "10.03%", "2010-12-31": "9.93%", "2010-09-30": "9.80%", "2010-06-30": "9.23%", "2010-03-31": "6.36%", "2009-12-31": "2.89%", "2009-09-30": "-2.03%", "2009-06-30": "-2.50%", "2009-03-31": "-7.61%", "2008-12-31": "-4.16%", "2008-09-30": "-4.34%", "2008-06-30": "-3.52%", "2008-03-31": "2.27%", "2007-12-31": "2.20%", "2007-09-30": "2.54%", "2007-06-30": "-2.13%", "2007-03-31": "-3.34%", "2006-12-31": "-5.12%", "2006-09-30": "-2.12%", "2006-06-30": "1.40%", "2006-03-31": "1.76%", "2005-12-31": "3.87%"}, "ebitda margin": {"2020-12-31": "2.40%", "2020-09-30": "4.11%", "2020-06-30": "2.50%", "2020-03-31": "4.21%", "2019-12-31": "5.81%", "2019-09-30": "6.45%", "2019-06-30": "5.86%", "2019-03-31": "4.75%", "2018-12-31": "3.31%", "2018-09-30": "2.15%", "2018-06-30": "2.25%", "2018-03-31": "2.84%", "2017-12-31": "3.11%", "2017-09-30": "-0.98%", "2017-06-30": "0.07%", "2017-03-31": "1.79%", "2016-12-31": "3.81%", "2016-09-30": "9.67%", "2016-06-30": "10.77%", "2016-03-31": "11.06%", "2015-12-31": "9.59%", "2015-09-30": "8.85%", "2015-06-30": "6.67%", "2015-03-31": "5.39%", "2014-12-31": "5.00%", "2014-09-30": "9.45%", "2014-06-30": "10.28%", "2014-03-31": "9.94%", "2013-12-31": "10.67%", "2013-09-30": "5.81%", "2013-06-30": "6.01%", "2013-03-31": "6.39%", "2012-12-31": "6.67%", "2012-09-30": "6.95%", "2012-06-30": "6.92%", "2012-03-31": "7.51%", "2011-12-31": "8.22%", "2011-09-30": "8.74%", "2011-06-30": "9.32%", "2011-03-31": "10.03%", "2010-12-31": "9.93%", "2010-09-30": "9.80%", "2010-06-30": "9.23%", "2010-03-31": "6.36%", "2009-12-31": "2.89%", "2009-09-30": "-2.03%", "2009-06-30": "-2.50%", "2009-03-31": "-7.61%", "2008-12-31": "-4.16%", "2008-09-30": "-4.34%", "2008-06-30": "-3.52%", "2008-03-31": "2.27%", "2007-12-31": "2.20%", "2007-09-30": "2.54%", "2007-06-30": "-2.13%", "2007-03-31": "-3.34%", "2006-12-31": "-5.12%", "2006-09-30": "-2.12%", "2006-06-30": "1.40%", "2006-03-31": "1.76%", "2005-12-31": "3.87%"}, "pre tax profit margin": {"2020-12-31": "-0.88%", "2020-09-30": "0.20%", "2020-06-30": "-1.93%", "2020-03-31": "-2.27%", "2019-12-31": "-0.41%", "2019-09-30": "1.13%", "2019-06-30": "1.82%", "2019-03-31": "2.54%", "2018-12-31": "2.71%", "2018-09-30": "3.90%", "2018-06-30": "4.36%", "2018-03-31": "4.90%", "2017-12-31": "5.20%", "2017-09-30": "3.35%", "2017-06-30": "3.11%", "2017-03-31": "3.51%", "2016-12-31": "4.47%", "2016-09-30": "6.39%", "2016-06-30": "7.53%", "2016-03-31": "7.90%", "2015-12-31": "6.85%", "2015-09-30": "3.58%", "2015-06-30": "2.06%", "2015-03-31": "1.23%", "2014-12-31": "0.86%", "2014-09-30": "8.74%", "2014-06-30": "9.42%", "2014-03-31": "9.18%", "2013-12-31": "9.78%", "2013-09-30": "5.37%", "2013-06-30": "5.62%", "2013-03-31": "5.65%", "2012-12-31": "5.72%", "2012-09-30": "5.57%", "2012-06-30": "5.23%", "2012-03-31": "5.89%", "2011-12-31": "6.40%", "2011-09-30": "5.60%", "2011-06-30": "5.76%", "2011-03-31": "5.97%", "2010-12-31": "5.54%", "2010-09-30": "5.92%", "2010-06-30": "5.32%", "2010-03-31": "5.18%", "2009-12-31": "2.24%", "2009-09-30": "-3.54%", "2009-06-30": "-5.02%", "2009-03-31": "-13.51%", "2008-12-31": "-10.37%", "2008-09-30": "-8.79%", "2008-06-30": "-8.06%", "2008-03-31": "-2.06%", "2007-12-31": "-2.26%", "2007-09-30": "-2.95%", "2007-06-30": "-6.79%", "2007-03-31": "-7.87%", "2006-12-31": "-9.42%", "2006-09-30": "-5.86%", "2006-06-30": "-2.50%", "2006-03-31": "-1.65%", "2005-12-31": "0.60%"}, "net profit margin": {"2020-12-31": "-1.01%", "2020-09-30": "-0.12%", "2020-06-30": "-1.63%", "2020-03-31": "-2.06%", "2019-12-31": "0.03%", "2019-09-30": "1.01%", "2019-06-30": "1.37%", "2019-03-31": "1.94%", "2018-12-31": "2.29%", "2018-09-30": "3.95%", "2018-06-30": "4.35%", "2018-03-31": "4.93%", "2017-12-31": "4.93%", "2017-09-30": "2.87%", "2017-06-30": "2.48%", "2017-03-31": "2.43%", "2016-12-31": "3.02%", "2016-09-30": "4.72%", "2016-06-30": "5.45%", "2016-03-31": "5.65%", "2015-12-31": "4.93%", "2015-09-30": "2.48%", "2015-06-30": "1.58%", "2015-03-31": "0.98%", "2014-12-31": "0.85%", "2014-09-30": "7.53%", "2014-06-30": "7.78%", "2014-03-31": "7.70%", "2013-12-31": "8.14%", "2013-09-30": "3.90%", "2013-06-30": "4.26%", "2013-03-31": "4.26%", "2012-12-31": "4.20%", "2012-09-30": "13.42%", "2012-06-30": "13.35%", "2012-03-31": "14.12%", "2011-12-31": "14.91%", "2011-09-30": "5.06%", "2011-06-30": "5.21%", "2011-03-31": "5.38%", "2010-12-31": "5.09%", "2010-09-30": "5.53%", "2010-06-30": "4.99%", "2010-03-31": "5.05%", "2009-12-31": "2.34%", "2009-09-30": "-3.81%", "2009-06-30": "-4.81%", "2009-03-31": "-13.04%", "2008-12-31": "-10.28%", "2008-09-30": "-7.37%", "2008-06-30": "-7.09%", "2008-03-31": "-1.43%", "2007-12-31": "-1.64%", "2007-09-30": "-3.28%", "2007-06-30": "-6.32%", "2007-03-31": "-7.07%", "2006-12-31": "-7.88%", "2006-09-30": "-4.28%", "2006-06-30": "-1.45%", "2006-03-31": "-0.69%", "2005-12-31": "0.81%"}, "pe ratio": {"current": "29.10", "2021-02-11": "30.13", "2020-12-31": "23.13", "2020-09-30": "0.00", "2020-06-30": "0.00", "2020-03-31": "0.00", "2019-12-31": "457.26", "2019-09-30": "21.61", "2019-06-30": "17.73", "2019-03-31": "10.56", "2018-12-31": "7.67", "2018-09-30": "5.41", "2018-06-30": "5.85", "2018-03-31": "5.06", "2017-12-31": "5.65", "2017-09-30": "9.24", "2017-06-30": "9.88", "2017-03-31": "10.36", "2016-12-31": "8.66", "2016-09-30": "5.36", "2016-06-30": "4.88", "2016-03-31": "5.23", "2015-12-31": "6.50", "2015-09-30": "8.59", "2015-06-30": "12.17", "2015-03-31": "15.50", "2014-12-31": "14.54", "2014-09-30": "7.10", "2014-06-30": "7.71", "2014-03-31": "7.01", "2013-12-31": "6.25", "2013-09-30": "8.43", "2013-06-30": "7.18", "2013-03-31": "6.22", "2012-12-31": "6.29", "2012-09-30": "1.53", "2012-06-30": "1.48", "2012-03-31": "1.79", "2011-12-31": "1.46", "2011-09-30": "3.95", "2011-06-30": "5.56", "2011-03-31": "5.94", "2010-12-31": "7.16", "2010-09-30": "4.63", "2010-06-30": "4.14", "2010-03-31": "4.92", "2009-12-31": "10.76", "2009-09-30": "0.00", "2009-06-30": "0.00", "2009-03-31": "0.00", "2008-12-31": "0.00", "2008-09-30": "0.00", "2008-06-30": "0.00", "2008-03-31": "0.00", "2007-12-31": "0.00", "2007-09-30": "0.00", "2007-06-30": "0.00", "2007-03-31": "0.00", "2006-12-31": "0.00"}, "price sales": {"2021-02-11": "0.36", "2020-12-31": "0.28", "2020-09-30": "0.20", "2020-06-30": "0.19", "2020-03-31": "0.13", "2019-12-31": "0.23", "2019-09-30": "0.22", "2019-06-30": "0.25", "2019-03-31": "0.21", "2018-12-31": "0.18", "2018-09-30": "0.21", "2018-06-30": "0.25", "2018-03-31": "0.24", "2017-12-31": "0.27", "2017-09-30": "0.26", "2017-06-30": "0.24", "2017-03-31": "0.25", "2016-12-31": "0.26", "2016-09-30": "0.25", "2016-06-30": "0.26", "2016-03-31": "0.28", "2015-12-31": "0.29", "2015-09-30": "0.28", "2015-06-30": "0.32", "2015-03-31": "0.34", "2014-12-31": "0.32", "2014-09-30": "0.30", "2014-06-30": "0.35", "2014-03-31": "0.31", "2013-12-31": "0.30", "2013-09-30": "0.33", "2013-06-30": "0.31", "2013-03-31": "0.27", "2012-12-31": "0.27", "2012-09-30": "0.21", "2012-06-30": "0.20", "2012-03-31": "0.26", "2011-12-31": "0.22", "2011-09-30": "0.20", "2011-06-30": "0.30", "2011-03-31": "0.33", "2010-12-31": "0.39", "2010-09-30": "0.26", "2010-06-30": "0.20", "2010-03-31": "0.25", "2009-12-31": "0.18", "2009-09-30": "0.13", "2009-06-30": "0.09", "2009-03-31": "0.03", "2008-12-31": "0.02", "2008-09-30": "0.05", "2008-06-30": "0.04", "2008-03-31": "0.05", "2007-12-31": "0.06", "2007-09-30": "0.07", "2007-06-30": "0.08", "2007-03-31": "0.06", "2006-12-31": "0.06"}, "price book": {"current": "1.54", "2021-02-11": "1.52", "2020-12-31": "1.17", "2020-09-30": "0.82", "2020-06-30": "0.81", "2020-03-31": "0.67", "2019-12-31": "1.13", "2019-09-30": "1.02", "2019-06-30": "1.10", "2019-03-31": "0.92", "2018-12-31": "0.80", "2018-09-30": "0.93", "2018-06-30": "1.10", "2018-03-31": "1.09", "2017-12-31": "1.23", "2017-09-30": "1.24", "2017-06-30": "1.18", "2017-03-31": "1.27", "2016-12-31": "1.37", "2016-09-30": "1.25", "2016-06-30": "1.30", "2016-03-31": "1.45", "2015-12-31": "1.51", "2015-09-30": "1.48", "2015-06-30": "1.69", "2015-03-31": "1.90", "2014-12-31": "1.83", "2014-09-30": "1.58", "2014-06-30": "1.80", "2014-03-31": "1.64", "2013-12-31": "1.65", "2013-09-30": "2.29", "2013-06-30": "2.22", "2013-03-31": "2.04", "2012-12-31": "2.19", "2012-09-30": "1.37", "2012-06-30": "1.46", "2012-03-31": "1.95", "2011-12-31": "1.91", "2011-09-30": "4.13", "2011-06-30": "6.64", "2011-03-31": "15.57", "2010-12-31": "-67.37", "2010-09-30": "-16.56", "2010-06-30": "-6.63", "2010-03-31": "-5.34", "2009-12-31": "-2.93", "2009-09-30": "-2.22", "2009-06-30": "-1.41", "2009-03-31": "-0.26", "2008-12-31": "-0.26", "2008-09-30": "-4.23", "2008-06-30": "-4.38", "2008-03-31": "1.22", "2007-12-31": "1.79", "2007-09-30": "10.44", "2007-06-30": "-6.89", "2007-03-31": "-2.71", "2006-12-31": "-2.78", "2006-09-30": "1.13", "2006-06-30": "0.60", "2006-03-31": "0.82"}, "price fcf": {"2021-02-11": "", "2020-12-31": "$4.66", "2020-09-30": "$4.03", "2020-06-30": "$2.32", "2020-03-31": "$1.45", "2019-12-31": "$2.50", "2019-09-30": "$2.15", "2019-06-30": "$2.22", "2019-03-31": "$1.85", "2018-12-31": "$1.81", "2018-09-30": "$2.26", "2018-06-30": "$2.29", "2018-03-31": "$2.54", "2017-12-31": "$2.76", "2017-09-30": "$2.69", "2017-06-30": "$2.72", "2017-03-31": "$3.21", "2016-12-31": "$3.22", "2016-09-30": "$3.11", "2016-06-30": "$3.41", "2016-03-31": "$2.76", "2015-12-31": "$2.26", "2015-09-30": "$2.21", "2015-06-30": "$1.93", "2015-03-31": "$1.76", "2014-12-31": "$1.78", "2014-09-30": "$1.36", "2014-06-30": "$1.02", "2014-03-31": "$1.43", "2013-12-31": "$0.94", "2013-09-30": "$0.76", "2013-06-30": "$0.75", "2013-03-31": "$0.33", "2012-12-31": "$0.89", "2012-09-30": "$1.09", "2012-06-30": "$1.23", "2012-03-31": "$1.21", "2011-12-31": "$1.34", "2011-09-30": "$1.73", "2011-06-30": "$1.83", "2011-03-31": "$1.78", "2010-12-31": "$1.77", "2010-09-30": "$1.82", "2010-06-30": "$2.22", "2010-03-31": "$2.57", "2009-12-31": "$3.45", "2009-09-30": "$1.10", "2009-06-30": "$-0.36", "2009-03-31": "$-1.53", "2008-12-31": "$-2.97", "2008-09-30": "$0.38", "2008-06-30": "$4.21", "2008-03-31": "$5.55", "2007-12-31": "$5.59", "2007-09-30": "$-0.25", "2007-06-30": "$-0.94", "2007-03-31": "$2.31", "2006-12-31": "$1.48"}, "net worth": {"value": "$47.46B"}, "current ratio": {"current": "1.20", "2020-12-31": "1.20", "2020-09-30": "1.20", "2020-06-30": "1.34", "2020-03-31": "1.32", "2019-12-31": "1.16", "2019-09-30": "1.17", "2019-06-30": "1.20", "2019-03-31": "1.22", "2018-12-31": "1.20", "2018-09-30": "1.21", "2018-06-30": "1.21", "2018-03-31": "1.23", "2017-12-31": "1.24", "2017-09-30": "1.20", "2017-06-30": "1.20", "2017-03-31": "1.24", "2016-12-31": "1.20", "2016-09-30": "1.16", "2016-06-30": "1.24", "2016-03-31": "7.01", "2015-12-31": "1.25", "2015-09-30": "6.25", "2015-06-30": "6.24", "2015-03-31": "6.03", "2014-12-31": "6.58", "2014-09-30": "6.35", "2014-06-30": "6.25", "2014-03-31": "6.09", "2013-12-31": "6.74", "2013-09-30": "1.91", "2013-06-30": "1.88", "2013-03-31": "1.88", "2012-12-31": "6.48", "2012-09-30": "1.91", "2012-06-30": "1.90", "2012-03-31": "1.91", "2011-12-31": "2.15", "2011-09-30": "1.94", "2011-06-30": "1.97", "2011-03-31": "1.97", "2010-12-31": "1.99", "2010-09-30": "2.13", "2010-06-30": "2.09", "2010-03-31": "2.27", "2009-12-31": "2.16", "2009-09-30": "2.01", "2009-06-30": "1.93", "2009-03-31": "2.04", "2008-12-31": "2.05", "2008-09-30": "1.95", "2008-06-30": "1.85", "2008-03-31": "1.87", "2007-12-31": "1.86", "2007-09-30": "1.71", "2007-06-30": "1.74", "2007-03-31": "1.72", "2006-12-31": "1.77", "2006-09-30": "1.67", "2006-06-30": "1.65", "2006-03-31": "1.65", "2005-12-31": "1.74", "2005-09-30": "1.55", "2005-06-30": "1.59", "2005-03-31": "2.79"}, "quick ratio": {"2020-12-31": "1.09", "2020-09-30": "1.09", "2020-06-30": "1.23", "2020-03-31": "1.20", "2019-12-31": "1.05", "2019-09-30": "1.04", "2019-06-30": "1.08", "2019-03-31": "1.10", "2018-12-31": "1.08", "2018-09-30": "1.08", "2018-06-30": "1.08", "2018-03-31": "1.11", "2017-12-31": "1.12", "2017-09-30": "1.08", "2017-06-30": "1.09", "2017-03-31": "1.13", "2016-12-31": "1.10", "2016-09-30": "1.05", "2016-06-30": "1.13", "2016-03-31": "6.57", "2015-12-31": "1.15", "2015-09-30": "5.83", "2015-06-30": "5.80", "2015-03-31": "5.60", "2014-12-31": "6.19", "2014-09-30": "5.91", "2014-06-30": "5.83", "2014-03-31": "5.69", "2013-12-31": "6.34", "2013-09-30": "1.78", "2013-06-30": "1.76", "2013-03-31": "1.75", "2012-12-31": "6.10", "2012-09-30": "1.78", "2012-06-30": "1.79", "2012-03-31": "1.80", "2011-12-31": "2.05", "2011-09-30": "1.82", "2011-06-30": "1.85", "2011-03-31": "1.85", "2010-12-31": "1.89", "2010-09-30": "2.01", "2010-06-30": "1.99", "2010-03-31": "2.16", "2009-12-31": "2.07", "2009-09-30": "1.92", "2009-06-30": "1.84", "2009-03-31": "1.94", "2008-12-31": "1.95", "2008-09-30": "1.80", "2008-06-30": "1.72", "2008-03-31": "1.75", "2007-12-31": "1.76", "2007-09-30": "1.59", "2007-06-30": "1.62", "2007-03-31": "1.60", "2006-12-31": "1.67", "2006-09-30": "1.55", "2006-06-30": "1.53", "2006-03-31": "1.53", "2005-12-31": "1.64", "2005-09-30": "1.43", "2005-06-30": "1.47", "2005-03-31": "2.58"}, "debt equity ratio": {"current": "3.58", "2020-12-31": "7.67", "2020-09-30": "6.84", "2020-06-30": "7.73", "2020-03-31": "7.90", "2019-12-31": "6.78", "2019-09-30": "6.30", "2019-06-30": "6.26", "2019-03-31": "6.23", "2018-12-31": "6.13", "2018-09-30": "6.07", "2018-06-30": "6.08", "2018-03-31": "6.33", "2017-12-31": "6.26", "2017-09-30": "6.55", "2017-06-30": "6.67", "2017-03-31": "6.97", "2016-12-31": "7.15", "2016-09-30": "6.46", "2016-06-30": "6.69", "2016-03-31": "7.01", "2015-12-31": "6.85", "2015-09-30": "6.98", "2015-06-30": "7.20", "2015-03-31": "7.50", "2014-12-31": "7.53", "2014-09-30": "6.98", "2014-06-30": "6.87", "2014-03-31": "6.73", "2013-12-31": "6.73", "2013-09-30": "8.80", "2013-06-30": "9.21", "2013-03-31": "9.94", "2012-12-31": "10.85", "2012-09-30": "8.78", "2012-06-30": "9.61", "2012-03-31": "9.94", "2011-12-31": "10.83", "2011-09-30": "26.01", "2011-06-30": "30.42", "2011-03-31": "66.91", "2010-12-31": "-257.52", "2010-09-30": "-102.77", "2010-06-30": "-51.76", "2010-03-31": "-36.31", "2009-12-31": "-25.68", "2009-09-30": "-28.94", "2009-06-30": "-22.26", "2009-03-31": "-13.33", "2008-12-31": "-16.03", "2008-09-30": "-122.70", "2008-06-30": "-158.63", "2008-03-31": "38.79", "2007-12-31": "48.62", "2007-09-30": "236.46", "2007-06-30": "-144.48", "2007-03-31": "-74.37", "2006-12-31": "-81.58", "2006-09-30": "28.19", "2006-06-30": "17.94", "2006-03-31": "21.33", "2005-12-31": "19.05", "2005-09-30": "18.18", "2005-06-30": "18.49", "2005-03-31": "16.91"}, "return on equity": {"2020-12-31": "-4.11%", "2020-09-30": "-0.51%", "2020-06-30": "-6.57%", "2020-03-31": "-9.20%", "2019-12-31": "0.13%", "2019-09-30": "4.46%", "2019-06-30": "5.98%", "2019-03-31": "8.49%", "2018-12-31": "10.11%", "2018-09-30": "17.40%", "2018-06-30": "19.45%", "2018-03-31": "22.90%", "2017-12-31": "23.47%", "2017-09-30": "14.11%", "2017-06-30": "12.32%", "2017-03-31": "12.18%", "2016-12-31": "15.11%", "2016-09-30": "23.97%", "2016-06-30": "29.02%", "2016-03-31": "30.94%", "2015-12-31": "27.44%", "2015-09-30": "13.95%", "2015-06-30": "8.80%", "2015-03-31": "5.45%", "2014-12-31": "4.72%", "2014-09-30": "41.43%", "2014-06-30": "45.51%", "2014-03-31": "48.90%", "2013-12-31": "57.25%", "2013-09-30": "30.87%", "2013-06-30": "33.57%", "2013-03-31": "33.50%", "2012-12-31": "32.73%", "2012-09-30": "104.49%", "2012-06-30": "129.14%", "2012-03-31": "176.88%", "2011-12-31": "279.65%", "2011-09-30": "205.71%", "2011-06-30": "502.56%", "2011-03-31": "-812.84%", "2010-12-31": "-231.02%", "2010-09-30": "-156.91%", "2010-06-30": "-109.31%", "2010-03-31": "-83.31%", "2009-12-31": "-26.54%", "2009-09-30": "34.78%", "2009-06-30": "50.03%", "2009-03-31": "187.60%", "2008-12-31": "532.68%", "2008-09-30": "-514.88%", "2008-06-30": "-389.23%", "2008-03-31": "-81.73%", "2007-12-31": "-985.02%", "2007-09-30": "278.31%", "2007-06-30": "-99095.24%", "2007-03-31": "-276.32%", "2006-12-31": "-155.88%", "2006-09-30": "-57.88%", "2006-06-30": "-18.17%", "2006-03-31": "-8.90%", "2005-12-31": "10.05%"}, "return on assets": {"2020-12-31": "-0.48%", "2020-09-30": "-0.06%", "2020-06-30": "-0.81%", "2020-03-31": "-1.19%", "2019-12-31": "0.02%", "2019-09-30": "0.62%", "2019-06-30": "0.83%", "2019-03-31": "1.19%", "2018-12-31": "1.41%", "2018-09-30": "2.42%", "2018-06-30": "2.66%", "2018-03-31": "3.07%", "2017-12-31": "3.09%", "2017-09-30": "1.80%", "2017-06-30": "1.58%", "2017-03-31": "1.56%", "2016-12-31": "1.93%", "2016-09-30": "3.09%", "2016-06-30": "3.68%", "2016-03-31": "3.86%", "2015-12-31": "3.38%", "2015-09-30": "1.68%", "2015-06-30": "1.06%", "2015-03-31": "0.66%", "2014-12-31": "0.59%", "2014-09-30": "5.29%", "2014-06-30": "5.56%", "2014-03-31": "5.62%", "2013-12-31": "6.03%", "2013-09-30": "2.90%", "2013-06-30": "3.16%", "2013-03-31": "3.12%", "2012-12-31": "3.04%", "2012-09-30": "9.74%", "2012-06-30": "10.05%", "2012-03-31": "11.03%", "2011-12-31": "11.95%", "2011-09-30": "4.10%", "2011-06-30": "4.03%", "2011-03-31": "4.08%", "2010-12-31": "3.68%", "2010-09-30": "3.92%", "2010-06-30": "3.43%", "2010-03-31": "3.16%", "2009-12-31": "1.36%", "2009-09-30": "-2.01%", "2009-06-30": "-2.46%", "2009-03-31": "-7.00%", "2008-12-31": "-5.86%", "2008-09-30": "-4.36%", "2008-06-30": "-4.31%", "2008-03-31": "-0.87%", "2007-12-31": "-1.01%", "2007-09-30": "-2.00%", "2007-06-30": "-3.79%", "2007-03-31": "-4.19%", "2006-12-31": "-4.62%", "2006-09-30": "-2.63%", "2006-06-30": "-0.91%", "2006-03-31": "-0.44%", "2005-12-31": "0.53%"}, "return on investments": {"2020-12-31": "-3.06%", "2020-09-30": "-1.70%", "2020-06-30": "-3.57%", "2020-03-31": "-1.58%", "2019-12-31": "0.42%", "2019-09-30": "1.21%", "2019-06-30": "2.01%", "2019-03-31": "2.37%", "2018-12-31": "2.30%", "2018-09-30": "2.47%", "2018-06-30": "2.60%", "2018-03-31": "3.37%", "2017-12-31": "3.72%", "2017-09-30": "-1.19%", "2017-06-30": "0.09%", "2017-03-31": "2.20%", "2016-12-31": "4.28%", "2016-09-30": "11.05%", "2016-06-30": "11.77%", "2016-03-31": "11.45%", "2015-12-31": "10.07%", "2015-09-30": "8.63%", "2015-06-30": "6.45%", "2015-03-31": "5.26%", "2014-12-31": "4.99%", "2014-09-30": "9.57%", "2014-06-30": "10.74%", "2014-03-31": "10.78%", "2013-12-31": "11.96%", "2013-09-30": "6.68%", "2013-06-30": "6.91%", "2013-03-31": "7.25%", "2012-12-31": "7.51%", "2012-09-30": "7.82%", "2012-06-30": "8.16%", "2012-03-31": "9.28%", "2011-12-31": "10.52%", "2011-09-30": "11.37%", "2011-06-30": "11.45%", "2011-03-31": "12.00%", "2010-12-31": "11.22%", "2010-09-30": "10.78%", "2010-06-30": "9.98%", "2010-03-31": "6.32%", "2009-12-31": "2.68%", "2009-09-30": "-1.71%", "2009-06-30": "-2.02%", "2009-03-31": "-6.47%", "2008-12-31": "-3.77%", "2008-09-30": "-4.10%", "2008-06-30": "-3.48%", "2008-03-31": "2.27%", "2007-12-31": "2.24%", "2007-09-30": "2.58%", "2007-06-30": "-2.11%", "2007-03-31": "-3.27%", "2006-12-31": "-4.94%", "2006-09-30": "-2.14%", "2006-06-30": "1.46%", "2006-03-31": "1.84%", "2005-12-31": "4.07%"}, "return on tangible equity": {"2020-12-31": "-4.11%", "2020-09-30": "-0.51%", "2020-06-30": "-6.57%", "2020-03-31": "-9.20%", "2019-12-31": "0.13%", "2019-09-30": "4.46%", "2019-06-30": "5.98%", "2019-03-31": "8.49%", "2018-12-31": "10.11%", "2018-09-30": "17.40%", "2018-06-30": "19.45%", "2018-03-31": "22.90%", "2017-12-31": "23.47%", "2017-09-30": "14.11%", "2017-06-30": "12.32%", "2017-03-31": "12.18%", "2016-12-31": "15.11%", "2016-09-30": "23.97%", "2016-06-30": "29.02%", "2016-03-31": "30.94%", "2015-12-31": "27.44%", "2015-09-30": "13.95%", "2015-06-30": "8.80%", "2015-03-31": "5.45%", "2014-12-31": "4.72%", "2014-09-30": "41.43%", "2014-06-30": "45.55%", "2014-03-31": "48.99%", "2013-12-31": "57.42%", "2013-09-30": "30.98%", "2013-06-30": "33.69%", "2013-03-31": "33.63%", "2012-12-31": "32.86%", "2012-09-30": "105.09%", "2012-06-30": "130.07%", "2012-03-31": "178.54%", "2011-12-31": "283.58%", "2011-09-30": "212.19%", "2011-06-30": "545.32%", "2011-03-31": "-709.08%", "2010-12-31": "-219.43%", "2010-09-30": "-151.48%", "2010-06-30": "-105.94%", "2010-03-31": "-81.10%", "2009-12-31": "-26.00%", "2009-09-30": "34.11%", "2009-06-30": "47.24%", "2009-03-31": "166.81%", "2008-12-31": "342.46%", "2008-09-30": "-4302.67%", "2008-06-30": "10687.64%", "2008-03-31": "195.13%", "2007-12-31": "55.70%", "2007-09-30": "72.12%", "2007-06-30": "184.02%", "2007-03-31": "752.26%", "2006-12-31": "-509.87%", "2006-09-30": "-116.56%", "2006-06-30": "-33.20%", "2006-03-31": "-16.53%", "2005-12-31": "18.23%"}, "dividend yield history": {"last payout": "$0.00", "last yield": "0.00%"}}