{"ticker": "FB", "price": {"title": "Facebook Historical Annual Stock Price Data", "value": 268.1, "historical": {"2020": {"Average Stock Price": "234.5509", "Year Open": "209.7800", "Year High": "303.9100", "Year Low": "146.0100", "Year Close": "273.1600", "Annual % Change": "33.09%"}, "2019": {"Average Stock Price": "181.6375", "Year Open": "135.6800", "Year High": "208.1000", "Year Low": "131.7400", "Year Close": "205.2500", "Annual % Change": "56.57%"}, "2018": {"Average Stock Price": "171.5109", "Year Open": "181.4200", "Year High": "217.5000", "Year Low": "124.0600", "Year Close": "131.0900", "Annual % Change": "-25.71%"}, "2017": {"Average Stock Price": "156.5762", "Year Open": "116.8600", "Year High": "183.0300", "Year Low": "116.8600", "Year Close": "176.4600", "Annual % Change": "53.38%"}, "2016": {"Average Stock Price": "117.0351", "Year Open": "102.2200", "Year High": "133.2800", "Year Low": "94.1600", "Year Close": "115.0500", "Annual % Change": "9.93%"}, "2015": {"Average Stock Price": "88.7719", "Year Open": "78.4500", "Year High": "109.0100", "Year Low": "74.0500", "Year Close": "104.6600", "Annual % Change": "34.15%"}, "2014": {"Average Stock Price": "68.7622", "Year Open": "54.7100", "Year High": "81.4500", "Year Low": "53.5300", "Year Close": "78.0200", "Annual % Change": "42.77%"}, "2013": {"Average Stock Price": "35.4808", "Year Open": "28.0000", "Year High": "57.9600", "Year Low": "22.8990", "Year Close": "54.6490", "Annual % Change": "105.30%"}, "2012": {"Average Stock Price": "24.6729", "Year Open": "38.2318", "Year High": "38.2318", "Year Low": "17.7290", "Year Close": "26.6197", "Annual % Change": "0.00%"}}}, "market cap": {"value": "$763.46B"}, "income statement": {"Revenue": {"2020-12-31": "85965.00000", "2019-12-31": "70697.00000", "2018-12-31": "55838.00000", "2017-12-31": "40653.00000", "2016-12-31": "27638.00000", "2015-12-31": "17928.00000", "2014-12-31": "12466.00000", "2013-12-31": "7872.00000", "2012-12-31": "5089.00000", "2011-12-31": "3711.00000", "2010-12-31": "1974.00000", "2009-12-31": "777.00000", "2008-12-31": "272.00000", "2007-12-31": "153.00000"}, "Cost Of Goods Sold": {"2020-12-31": "16692.00000", "2019-12-31": "12770.00000", "2018-12-31": "9355.00000", "2017-12-31": "5454.00000", "2016-12-31": "3789.00000", "2015-12-31": "2867.00000", "2014-12-31": "2153.00000", "2013-12-31": "1875.00000", "2012-12-31": "1364.00000", "2011-12-31": "860.00000", "2010-12-31": "493.00000", "2009-12-31": "223.00000", "2008-12-31": "124.00000", "2007-12-31": "41.00000"}, "Gross Profit": {"2020-12-31": "69273.00000", "2019-12-31": "57927.00000", "2018-12-31": "46483.00000", "2017-12-31": "35199.00000", "2016-12-31": "23849.00000", "2015-12-31": "15061.00000", "2014-12-31": "10313.00000", "2013-12-31": "5997.00000", "2012-12-31": "3725.00000", "2011-12-31": "2851.00000", "2010-12-31": "1481.00000", "2009-12-31": "554.00000", "2008-12-31": "148.00000", "2007-12-31": "112.00000"}, "Research And Development Expenses": {"2020-12-31": "18447.00000", "2019-12-31": "13600.00000", "2018-12-31": "10273.00000", "2017-12-31": "7754.00000", "2016-12-31": "5919.00000", "2015-12-31": "4816.00000", "2014-12-31": "2666.00000", "2013-12-31": "1415.00000", "2012-12-31": "1399.00000", "2011-12-31": "388.00000", "2010-12-31": "144.00000", "2009-12-31": "87.00000", "2008-12-31": "47.00000", "2007-12-31": "81.00000"}, "SG&A Expenses": {"2020-12-31": "18155.00000", "2019-12-31": "20341.00000", "2018-12-31": "11297.00000", "2017-12-31": "7242.00000", "2016-12-31": "5503.00000", "2015-12-31": "4020.00000", "2014-12-31": "2653.00000", "2013-12-31": "1778.00000", "2012-12-31": "1788.00000", "2011-12-31": "707.00000", "2010-12-31": "305.00000", "2009-12-31": "205.00000", "2008-12-31": "156.00000", "2007-12-31": "155.00000"}, "Other Operating Income Or Expenses": {"2020-12-31": "", "2019-12-31": "", "2018-12-31": "", "2017-12-31": "", "2016-12-31": "", "2015-12-31": "", "2014-12-31": "", "2013-12-31": "", "2012-12-31": "", "2011-12-31": "", "2010-12-31": "", "2009-12-31": "", "2008-12-31": "", "2007-12-31": ""}, "Operating Expenses": {"2020-12-31": "53294.00000", "2019-12-31": "46711.00000", "2018-12-31": "30925.00000", "2017-12-31": "20450.00000", "2016-12-31": "15211.00000", "2015-12-31": "11703.00000", "2014-12-31": "7472.00000", "2013-12-31": "5068.00000", "2012-12-31": "4551.00000", "2011-12-31": "1955.00000", "2010-12-31": "942.00000", "2009-12-31": "515.00000", "2008-12-31": "327.00000", "2007-12-31": "277.00000"}, "Operating Income": {"2020-12-31": "32671.00000", "2019-12-31": "23986.00000", "2018-12-31": "24913.00000", "2017-12-31": "20203.00000", "2016-12-31": "12427.00000", "2015-12-31": "6225.00000", "2014-12-31": "4994.00000", "2013-12-31": "2804.00000", "2012-12-31": "538.00000", "2011-12-31": "1756.00000", "2010-12-31": "1032.00000", "2009-12-31": "262.00000", "2008-12-31": "-55.00000", "2007-12-31": "-124.00000"}, "Total Non-Operating Income/Expense": {"2020-12-31": "509.00000", "2019-12-31": "826.00000", "2018-12-31": "448.00000", "2017-12-31": "391.00000", "2016-12-31": "91.00000", "2015-12-31": "-31.00000", "2014-12-31": "-84.00000", "2013-12-31": "-50.00000", "2012-12-31": "-44.00000", "2011-12-31": "-61.00000", "2010-12-31": "-24.00000", "2009-12-31": "-8.00000", "2008-12-31": "-1.00000", "2007-12-31": "-11.00000"}, "Pre-Tax Income": {"2020-12-31": "33180.00000", "2019-12-31": "24812.00000", "2018-12-31": "25361.00000", "2017-12-31": "20594.00000", "2016-12-31": "12518.00000", "2015-12-31": "6194.00000", "2014-12-31": "4910.00000", "2013-12-31": "2754.00000", "2012-12-31": "494.00000", "2011-12-31": "1695.00000", "2010-12-31": "1008.00000", "2009-12-31": "254.00000", "2008-12-31": "-56.00000", "2007-12-31": "-135.00000"}, "Income Taxes": {"2020-12-31": "4034.00000", "2019-12-31": "6327.00000", "2018-12-31": "3249.00000", "2017-12-31": "4660.00000", "2016-12-31": "2301.00000", "2015-12-31": "2506.00000", "2014-12-31": "1970.00000", "2013-12-31": "1254.00000", "2012-12-31": "441.00000", "2011-12-31": "695.00000", "2010-12-31": "402.00000", "2009-12-31": "25.00000", "2008-12-31": "", "2007-12-31": "3.00000"}, "Income After Taxes": {"2020-12-31": "29146.00000", "2019-12-31": "18485.00000", "2018-12-31": "22112.00000", "2017-12-31": "15934.00000", "2016-12-31": "10217.00000", "2015-12-31": "3688.00000", "2014-12-31": "2940.00000", "2013-12-31": "1500.00000", "2012-12-31": "53.00000", "2011-12-31": "1000.00000", "2010-12-31": "606.00000", "2009-12-31": "229.00000", "2008-12-31": "-56.00000", "2007-12-31": "-138.00000"}, "Other Income": {"2020-12-31": "", "2019-12-31": "", "2018-12-31": "", "2017-12-31": "", "2016-12-31": "", "2015-12-31": "", "2014-12-31": "", "2013-12-31": "", "2012-12-31": "", "2011-12-31": "", "2010-12-31": "", "2009-12-31": "", "2008-12-31": "", "2007-12-31": ""}, "Income From Continuous Operations": {"2020-12-31": "29146.00000", "2019-12-31": "18485.00000", "2018-12-31": "22112.00000", "2017-12-31": "15934.00000", "2016-12-31": "10217.00000", "2015-12-31": "3688.00000", "2014-12-31": "2940.00000", "2013-12-31": "1500.00000", "2012-12-31": "53.00000", "2011-12-31": "1000.00000", "2010-12-31": "606.00000", "2009-12-31": "229.00000", "2008-12-31": "-56.00000", "2007-12-31": "-138.00000"}, "Income From Discontinued Operations": {"2020-12-31": "", "2019-12-31": "", "2018-12-31": "", "2017-12-31": "", "2016-12-31": "", "2015-12-31": "", "2014-12-31": "", "2013-12-31": "", "2012-12-31": "", "2011-12-31": "", "2010-12-31": "", "2009-12-31": "", "2008-12-31": "", "2007-12-31": ""}, "Net Income": {"2020-12-31": "29146.00000", "2019-12-31": "18485.00000", "2018-12-31": "22111.00000", "2017-12-31": "15920.00000", "2016-12-31": "10188.00000", "2015-12-31": "3669.00000", "2014-12-31": "2925.00000", "2013-12-31": "1491.00000", "2012-12-31": "32.00000", "2011-12-31": "668.00000", "2010-12-31": "372.00000", "2009-12-31": "122.00000", "2008-12-31": "-56.00000", "2007-12-31": "-138.00000"}, "EBITDA": {"2020-12-31": "39533.00000", "2019-12-31": "29727.00000", "2018-12-31": "29228.00000", "2017-12-31": "23228.00000", "2016-12-31": "14769.00000", "2015-12-31": "8170.00000", "2014-12-31": "6237.00000", "2013-12-31": "3815.00000", "2012-12-31": "1187.00000", "2011-12-31": "2079.00000", "2010-12-31": "1171.00000", "2009-12-31": "340.00000", "2008-12-31": "-55.00000", "2007-12-31": "-124.00000"}, "EBIT": {"2020-12-31": "32671.00000", "2019-12-31": "23986.00000", "2018-12-31": "24913.00000", "2017-12-31": "20203.00000", "2016-12-31": "12427.00000", "2015-12-31": "6225.00000", "2014-12-31": "4994.00000", "2013-12-31": "2804.00000", "2012-12-31": "538.00000", "2011-12-31": "1756.00000", "2010-12-31": "1032.00000", "2009-12-31": "262.00000", "2008-12-31": "-55.00000", "2007-12-31": "-124.00000"}, "Basic Shares Outstanding": {"2020-12-31": "2851.00000", "2019-12-31": "2854.00000", "2018-12-31": "2890.00000", "2017-12-31": "2901.00000", "2016-12-31": "2863.00000", "2015-12-31": "2803.00000", "2014-12-31": "2614.00000", "2013-12-31": "2420.00000", "2012-12-31": "2006.00000", "2011-12-31": "1294.00000", "2010-12-31": "1107.00000", "2009-12-31": "1020.00000", "2008-12-31": "933.00000", "2007-12-31": "862.50000"}, "Shares Outstanding": {"2020-12-31": "2888.00000", "2019-12-31": "2876.00000", "2018-12-31": "2921.00000", "2017-12-31": "2956.00000", "2016-12-31": "2925.00000", "2015-12-31": "2853.00000", "2014-12-31": "2664.00000", "2013-12-31": "2517.00000", "2012-12-31": "2166.00000", "2011-12-31": "1508.00000", "2010-12-31": "1414.00000", "2009-12-31": "2732.00000", "2008-12-31": "933.00000", "2007-12-31": "862.50000"}, "Basic EPS": {"2020-12-31": "10.22000", "2019-12-31": "6.48000", "2018-12-31": "7.65000", "2017-12-31": "5.49000", "2016-12-31": "3.56000", "2015-12-31": "1.31000", "2014-12-31": "1.12000", "2013-12-31": "0.62000", "2012-12-31": "0.02000", "2011-12-31": "0.52000", "2010-12-31": "0.34000", "2009-12-31": "0.12000", "2008-12-31": "-0.06000", "2007-12-31": "-0.16000"}, "EPS - Earnings Per Share": {"2020-12-31": "10.09000", "2019-12-31": "6.43000", "2018-12-31": "7.57000", "2017-12-31": "5.39000", "2016-12-31": "3.49000", "2015-12-31": "1.29000", "2014-12-31": "1.10000", "2013-12-31": "0.60000", "2012-12-31": "0.01000", "2011-12-31": "0.46000", "2010-12-31": "0.28000", "2009-12-31": "0.10000", "2008-12-31": "-0.06000", "2007-12-31": "-0.16000"}}, "income statement, quarterly": {"Revenue": {"2020-12-31": "28071.00000", "2020-09-30": "21470.00000", "2020-06-30": "18687.00000", "2020-03-31": "17737.00000", "2019-12-31": "21082.00000", "2019-09-30": "17652.00000", "2019-06-30": "16886.00000", "2019-03-31": "15077.00000", "2018-12-31": "16914.00000", "2018-09-30": "13727.00000", "2018-06-30": "13231.00000", "2018-03-31": "11966.00000", "2017-12-31": "12972.00000", "2017-09-30": "10328.00000", "2017-06-30": "9321.00000", "2017-03-31": "8032.00000", "2016-12-31": "8809.00000", "2016-09-30": "7011.00000", "2016-06-30": "6436.00000", "2016-03-31": "5382.00000", "2015-12-31": "5842.00000", "2015-09-30": "4501.00000", "2015-06-30": "4042.00000", "2015-03-31": "3543.00000", "2014-12-31": "3851.00000", "2014-09-30": "3203.00000", "2014-06-30": "2910.00000", "2014-03-31": "2502.00000", "2013-12-31": "2585.00000", "2013-09-30": "2016.00000", "2013-06-30": "1813.00000", "2013-03-31": "1458.00000", "2012-12-31": "1585.00000", "2012-09-30": "1262.00000", "2012-06-30": "1184.00000", "2012-03-31": "1058.00000", "2011-12-31": "1131.00000", "2011-09-30": "954.00000", "2011-06-30": "895.00000", "2011-03-31": "731.00000", "2010-12-31": "731.00000", "2010-09-30": "467.00000", "2010-06-30": "431.00000", "2010-03-31": "345.00000", "2009-12-31": "", "2008-12-31": ""}, "Cost Of Goods Sold": {"2020-12-31": "5210.00000", "2020-09-30": "4194.00000", "2020-06-30": "3829.00000", "2020-03-31": "3459.00000", "2019-12-31": "3492.00000", "2019-09-30": "3155.00000", "2019-06-30": "3307.00000", "2019-03-31": "2816.00000", "2018-12-31": "2796.00000", "2018-09-30": "2418.00000", "2018-06-30": "2214.00000", "2018-03-31": "1927.00000", "2017-12-31": "1610.00000", "2017-09-30": "1448.00000", "2017-06-30": "1237.00000", "2017-03-31": "1159.00000", "2016-12-31": "1047.00000", "2016-09-30": "987.00000", "2016-06-30": "917.00000", "2016-03-31": "838.00000", "2015-12-31": "825.00000", "2015-09-30": "720.00000", "2015-06-30": "668.00000", "2015-03-31": "654.00000", "2014-12-31": "653.00000", "2014-09-30": "565.00000", "2014-06-30": "473.00000", "2014-03-31": "462.00000", "2013-12-31": "490.00000", "2013-09-30": "507.00000", "2013-06-30": "465.00000", "2013-03-31": "413.00000", "2012-12-31": "398.00000", "2012-09-30": "322.00000", "2012-06-30": "367.00000", "2012-03-31": "277.00000", "2011-12-31": "247.00000", "2011-09-30": "236.00000", "2011-06-30": "210.00000", "2011-03-31": "167.00000", "2010-12-31": "150.00000", "2010-09-30": "131.00000", "2010-06-30": "111.00000", "2010-03-31": "100.00000", "2009-12-31": "", "2008-12-31": ""}, "Gross Profit": {"2020-12-31": "22861.00000", "2020-09-30": "17276.00000", "2020-06-30": "14858.00000", "2020-03-31": "14278.00000", "2019-12-31": "17590.00000", "2019-09-30": "14497.00000", "2019-06-30": "13579.00000", "2019-03-31": "12261.00000", "2018-12-31": "14118.00000", "2018-09-30": "11309.00000", "2018-06-30": "11017.00000", "2018-03-31": "10039.00000", "2017-12-31": "11362.00000", "2017-09-30": "8880.00000", "2017-06-30": "8084.00000", "2017-03-31": "6873.00000", "2016-12-31": "7762.00000", "2016-09-30": "6024.00000", "2016-06-30": "5519.00000", "2016-03-31": "4544.00000", "2015-12-31": "5017.00000", "2015-09-30": "3781.00000", "2015-06-30": "3374.00000", "2015-03-31": "2889.00000", "2014-12-31": "3198.00000", "2014-09-30": "2638.00000", "2014-06-30": "2437.00000", "2014-03-31": "2040.00000", "2013-12-31": "2095.00000", "2013-09-30": "1509.00000", "2013-06-30": "1348.00000", "2013-03-31": "1045.00000", "2012-12-31": "1187.00000", "2012-09-30": "940.00000", "2012-06-30": "817.00000", "2012-03-31": "781.00000", "2011-12-31": "884.00000", "2011-09-30": "718.00000", "2011-06-30": "685.00000", "2011-03-31": "564.00000", "2010-12-31": "581.00000", "2010-09-30": "336.00000", "2010-06-30": "320.00000", "2010-03-31": "245.00000", "2009-12-31": "", "2008-12-31": ""}, "Research And Development Expenses": {"2020-12-31": "5207.00000", "2020-09-30": "4763.00000", "2020-06-30": "4462.00000", "2020-03-31": "4015.00000", "2019-12-31": "3877.00000", "2019-09-30": "3548.00000", "2019-06-30": "3315.00000", "2019-03-31": "2860.00000", "2018-12-31": "2855.00000", "2018-09-30": "2657.00000", "2018-06-30": "2523.00000", "2018-03-31": "2238.00000", "2017-12-31": "1949.00000", "2017-09-30": "2052.00000", "2017-06-30": "1919.00000", "2017-03-31": "1834.00000", "2016-12-31": "1563.00000", "2016-09-30": "1542.00000", "2016-06-30": "1471.00000", "2016-03-31": "1343.00000", "2015-12-31": "1313.00000", "2015-09-30": "1271.00000", "2015-06-30": "1170.00000", "2015-03-31": "1062.00000", "2014-12-31": "1111.00000", "2014-09-30": "608.00000", "2014-06-30": "492.00000", "2014-03-31": "455.00000", "2013-12-31": "409.00000", "2013-09-30": "369.00000", "2013-06-30": "344.00000", "2013-03-31": "293.00000", "2012-12-31": "297.00000", "2012-09-30": "244.00000", "2012-06-30": "705.00000", "2012-03-31": "153.00000", "2011-12-31": "124.00000", "2011-09-30": "108.00000", "2011-06-30": "99.00000", "2011-03-31": "57.00000", "2010-12-31": "45.00000", "2010-09-30": "41.00000", "2010-06-30": "32.00000", "2010-03-31": "25.00000", "2009-12-31": "", "2008-12-31": ""}, "SG&A Expenses": {"2020-12-31": "4879.00000", "2020-09-30": "4473.00000", "2020-06-30": "4433.00000", "2020-03-31": "4370.00000", "2019-12-31": "4855.00000", "2019-09-30": "3764.00000", "2019-06-30": "5638.00000", "2019-03-31": "6084.00000", "2018-12-31": "3443.00000", "2018-09-30": "2871.00000", "2018-06-30": "2631.00000", "2018-03-31": "2352.00000", "2017-12-31": "2060.00000", "2017-09-30": "1706.00000", "2017-06-30": "1764.00000", "2017-03-31": "1712.00000", "2016-12-31": "1633.00000", "2016-09-30": "1365.00000", "2016-06-30": "1314.00000", "2016-03-31": "1191.00000", "2015-12-31": "1144.00000", "2015-09-30": "1051.00000", "2015-06-30": "931.00000", "2015-03-31": "894.00000", "2014-12-31": "955.00000", "2014-09-30": "633.00000", "2014-06-30": "555.00000", "2014-03-31": "510.00000", "2013-12-31": "553.00000", "2013-09-30": "404.00000", "2013-06-30": "442.00000", "2013-03-31": "379.00000", "2012-12-31": "367.00000", "2012-09-30": "319.00000", "2012-06-30": "855.00000", "2012-03-31": "247.00000", "2011-12-31": "212.00000", "2011-09-30": "196.00000", "2011-06-30": "179.00000", "2011-03-31": "119.00000", "2010-12-31": "99.00000", "2010-09-30": "79.00000", "2010-06-30": "70.00000", "2010-03-31": "58.00000", "2009-12-31": "", "2008-12-31": ""}, "Other Operating Income Or Expenses": {"2020-12-31": "", "2020-09-30": "", "2020-06-30": "", "2020-03-31": "", "2019-12-31": "", "2019-09-30": "", "2019-06-30": "", "2019-03-31": "", "2018-12-31": "", "2018-09-30": "", "2018-06-30": "", "2018-03-31": "", "2017-12-31": "", "2017-09-30": "", "2017-06-30": "", "2017-03-31": "", "2016-12-31": "", "2016-09-30": "", "2016-06-30": "", "2016-03-31": "", "2015-12-31": "", "2015-09-30": "", "2015-06-30": "", "2015-03-31": "", "2014-12-31": "", "2014-09-30": "", "2014-06-30": "", "2014-03-31": "", "2013-12-31": "", "2013-09-30": "", "2013-06-30": "", "2013-03-31": "", "2012-12-31": "", "2012-09-30": "", "2012-06-30": "", "2012-03-31": "", "2011-12-31": "", "2011-09-30": "", "2011-06-30": "", "2011-03-31": "", "2010-12-31": "", "2010-09-30": "", "2010-06-30": "", "2010-03-31": "", "2009-12-31": "", "2008-12-31": ""}, "Operating Expenses": {"2020-12-31": "15296.00000", "2020-09-30": "13430.00000", "2020-06-30": "12724.00000", "2020-03-31": "11844.00000", "2019-12-31": "12224.00000", "2019-09-30": "10467.00000", "2019-06-30": "12260.00000", "2019-03-31": "11760.00000", "2018-12-31": "9094.00000", "2018-09-30": "7946.00000", "2018-06-30": "7368.00000", "2018-03-31": "6517.00000", "2017-12-31": "5619.00000", "2017-09-30": "5206.00000", "2017-06-30": "4920.00000", "2017-03-31": "4705.00000", "2016-12-31": "4243.00000", "2016-09-30": "3894.00000", "2016-06-30": "3702.00000", "2016-03-31": "3372.00000", "2015-12-31": "3282.00000", "2015-09-30": "3042.00000", "2015-06-30": "2769.00000", "2015-03-31": "2610.00000", "2014-12-31": "2719.00000", "2014-09-30": "1806.00000", "2014-06-30": "1520.00000", "2014-03-31": "1427.00000", "2013-12-31": "1452.00000", "2013-09-30": "1280.00000", "2013-06-30": "1251.00000", "2013-03-31": "1085.00000", "2012-12-31": "1062.00000", "2012-09-30": "885.00000", "2012-06-30": "1927.00000", "2012-03-31": "677.00000", "2011-12-31": "583.00000", "2011-09-30": "540.00000", "2011-06-30": "488.00000", "2011-03-31": "343.00000", "2010-12-31": "294.00000", "2010-09-30": "251.00000", "2010-06-30": "213.00000", "2010-03-31": "183.00000", "2009-12-31": "", "2008-12-31": ""}, "Operating Income": {"2020-12-31": "12775.00000", "2020-09-30": "8040.00000", "2020-06-30": "5963.00000", "2020-03-31": "5893.00000", "2019-12-31": "8858.00000", "2019-09-30": "7185.00000", "2019-06-30": "4626.00000", "2019-03-31": "3317.00000", "2018-12-31": "7820.00000", "2018-09-30": "5781.00000", "2018-06-30": "5863.00000", "2018-03-31": "5449.00000", "2017-12-31": "7353.00000", "2017-09-30": "5122.00000", "2017-06-30": "4401.00000", "2017-03-31": "3327.00000", "2016-12-31": "4566.00000", "2016-09-30": "3117.00000", "2016-06-30": "2734.00000", "2016-03-31": "2010.00000", "2015-12-31": "2560.00000", "2015-09-30": "1459.00000", "2015-06-30": "1273.00000", "2015-03-31": "933.00000", "2014-12-31": "1132.00000", "2014-09-30": "1397.00000", "2014-06-30": "1390.00000", "2014-03-31": "1075.00000", "2013-12-31": "1133.00000", "2013-09-30": "736.00000", "2013-06-30": "562.00000", "2013-03-31": "373.00000", "2012-12-31": "523.00000", "2012-09-30": "377.00000", "2012-06-30": "-743.00000", "2012-03-31": "381.00000", "2011-12-31": "548.00000", "2011-09-30": "414.00000", "2011-06-30": "407.00000", "2011-03-31": "388.00000", "2010-12-31": "437.00000", "2010-09-30": "216.00000", "2010-06-30": "218.00000", "2010-03-31": "162.00000", "2009-12-31": "", "2008-12-31": ""}, "Total Non-Operating Income/Expense": {"2020-12-31": "280.00000", "2020-09-30": "93.00000", "2020-06-30": "168.00000", "2020-03-31": "-32.00000", "2019-12-31": "311.00000", "2019-09-30": "144.00000", "2019-06-30": "206.00000", "2019-03-31": "165.00000", "2018-12-31": "151.00000", "2018-09-30": "131.00000", "2018-06-30": "5.00000", "2018-03-31": "161.00000", "2017-12-31": "109.00000", "2017-09-30": "114.00000", "2017-06-30": "87.00000", "2017-03-31": "81.00000", "2016-12-31": "-32.00000", "2016-09-30": "47.00000", "2016-06-30": "20.00000", "2016-03-31": "56.00000", "2015-12-31": "-3.00000", "2015-09-30": "-27.00000", "2015-06-30": "", "2015-03-31": "-1.00000", "2014-12-31": "-19.00000", "2014-09-30": "-61.00000", "2014-06-30": "-4.00000", "2014-03-31": "", "2013-12-31": "-3.00000", "2013-09-30": "-10.00000", "2013-06-30": "-17.00000", "2013-03-31": "-20.00000", "2012-12-31": "-18.00000", "2012-09-30": "-5.00000", "2012-06-30": "-22.00000", "2012-03-31": "1.00000", "2011-12-31": "-28.00000", "2011-09-30": "-35.00000", "2011-06-30": "-8.00000", "2011-03-31": "10.00000", "2010-12-31": "", "2010-09-30": "", "2010-06-30": "", "2010-03-31": "", "2009-12-31": "", "2008-12-31": ""}, "Pre-Tax Income": {"2020-12-31": "13055.00000", "2020-09-30": "8133.00000", "2020-06-30": "6131.00000", "2020-03-31": "5861.00000", "2019-12-31": "9169.00000", "2019-09-30": "7329.00000", "2019-06-30": "4832.00000", "2019-03-31": "3482.00000", "2018-12-31": "7971.00000", "2018-09-30": "5912.00000", "2018-06-30": "5868.00000", "2018-03-31": "5610.00000", "2017-12-31": "7462.00000", "2017-09-30": "5236.00000", "2017-06-30": "4488.00000", "2017-03-31": "3408.00000", "2016-12-31": "4534.00000", "2016-09-30": "3164.00000", "2016-06-30": "2754.00000", "2016-03-31": "2066.00000", "2015-12-31": "2557.00000", "2015-09-30": "1432.00000", "2015-06-30": "1273.00000", "2015-03-31": "932.00000", "2014-12-31": "1113.00000", "2014-09-30": "1336.00000", "2014-06-30": "1386.00000", "2014-03-31": "1075.00000", "2013-12-31": "1130.00000", "2013-09-30": "726.00000", "2013-06-30": "545.00000", "2013-03-31": "353.00000", "2012-12-31": "505.00000", "2012-09-30": "372.00000", "2012-06-30": "-765.00000", "2012-03-31": "382.00000", "2011-12-31": "520.00000", "2011-09-30": "379.00000", "2011-06-30": "399.00000", "2011-03-31": "398.00000", "2010-12-31": "437.00000", "2010-09-30": "216.00000", "2010-06-30": "218.00000", "2010-03-31": "162.00000", "2009-12-31": "", "2008-12-31": ""}, "Income Taxes": {"2020-12-31": "1835.00000", "2020-09-30": "287.00000", "2020-06-30": "953.00000", "2020-03-31": "959.00000", "2019-12-31": "1820.00000", "2019-09-30": "1238.00000", "2019-06-30": "2216.00000", "2019-03-31": "1053.00000", "2018-12-31": "1090.00000", "2018-09-30": "775.00000", "2018-06-30": "762.00000", "2018-03-31": "622.00000", "2017-12-31": "3193.00000", "2017-09-30": "529.00000", "2017-06-30": "594.00000", "2017-03-31": "344.00000", "2016-12-31": "965.00000", "2016-09-30": "537.00000", "2016-06-30": "471.00000", "2016-03-31": "328.00000", "2015-12-31": "996.00000", "2015-09-30": "536.00000", "2015-06-30": "554.00000", "2015-03-31": "420.00000", "2014-12-31": "412.00000", "2014-09-30": "530.00000", "2014-06-30": "595.00000", "2014-03-31": "433.00000", "2013-12-31": "607.00000", "2013-09-30": "301.00000", "2013-06-30": "212.00000", "2013-03-31": "134.00000", "2012-12-31": "441.00000", "2012-09-30": "431.00000", "2012-06-30": "-608.00000", "2012-03-31": "177.00000", "2011-12-31": "218.00000", "2011-09-30": "152.00000", "2011-06-30": "159.00000", "2011-03-31": "165.00000", "2010-12-31": "186.00000", "2010-09-30": "85.00000", "2010-06-30": "89.00000", "2010-03-31": "67.00000", "2009-12-31": "", "2008-12-31": ""}, "Income After Taxes": {"2020-12-31": "11220.00000", "2020-09-30": "7846.00000", "2020-06-30": "5178.00000", "2020-03-31": "4902.00000", "2019-12-31": "7349.00000", "2019-09-30": "6091.00000", "2019-06-30": "2616.00000", "2019-03-31": "2429.00000", "2018-12-31": "6881.00000", "2018-09-30": "5137.00000", "2018-06-30": "5106.00000", "2018-03-31": "4988.00000", "2017-12-31": "4269.00000", "2017-09-30": "4707.00000", "2017-06-30": "3894.00000", "2017-03-31": "3064.00000", "2016-12-31": "3569.00000", "2016-09-30": "2627.00000", "2016-06-30": "2283.00000", "2016-03-31": "1738.00000", "2015-12-31": "1561.00000", "2015-09-30": "896.00000", "2015-06-30": "719.00000", "2015-03-31": "512.00000", "2014-12-31": "701.00000", "2014-09-30": "806.00000", "2014-06-30": "791.00000", "2014-03-31": "642.00000", "2013-12-31": "523.00000", "2013-09-30": "425.00000", "2013-06-30": "333.00000", "2013-03-31": "219.00000", "2012-12-31": "64.00000", "2012-09-30": "-59.00000", "2012-06-30": "-157.00000", "2012-03-31": "205.00000", "2011-12-31": "302.00000", "2011-09-30": "227.00000", "2011-06-30": "240.00000", "2011-03-31": "233.00000", "2010-12-31": "251.00000", "2010-09-30": "131.00000", "2010-06-30": "129.00000", "2010-03-31": "95.00000", "2009-12-31": "", "2008-12-31": ""}, "Other Income": {"2020-12-31": "", "2020-09-30": "", "2020-06-30": "", "2020-03-31": "", "2019-12-31": "", "2019-09-30": "", "2019-06-30": "", "2019-03-31": "", "2018-12-31": "", "2018-09-30": "", "2018-06-30": "", "2018-03-31": "", "2017-12-31": "", "2017-09-30": "", "2017-06-30": "", "2017-03-31": "", "2016-12-31": "", "2016-09-30": "", "2016-06-30": "", "2016-03-31": "", "2015-12-31": "", "2015-09-30": "", "2015-06-30": "", "2015-03-31": "", "2014-12-31": "", "2014-09-30": "", "2014-06-30": "", "2014-03-31": "", "2013-12-31": "", "2013-09-30": "", "2013-06-30": "", "2013-03-31": "", "2012-12-31": "", "2012-09-30": "", "2012-06-30": "", "2012-03-31": "", "2011-12-31": "", "2011-09-30": "", "2011-06-30": "", "2011-03-31": "", "2010-12-31": "", "2010-09-30": "", "2010-06-30": "", "2010-03-31": "", "2009-12-31": "", "2008-12-31": ""}, "Income From Continuous Operations": {"2020-12-31": "11220.00000", "2020-09-30": "7846.00000", "2020-06-30": "5178.00000", "2020-03-31": "4902.00000", "2019-12-31": "7349.00000", "2019-09-30": "6091.00000", "2019-06-30": "2616.00000", "2019-03-31": "2429.00000", "2018-12-31": "6881.00000", "2018-09-30": "5137.00000", "2018-06-30": "5106.00000", "2018-03-31": "4988.00000", "2017-12-31": "4269.00000", "2017-09-30": "4707.00000", "2017-06-30": "3894.00000", "2017-03-31": "3064.00000", "2016-12-31": "3569.00000", "2016-09-30": "2627.00000", "2016-06-30": "2283.00000", "2016-03-31": "1738.00000", "2015-12-31": "1561.00000", "2015-09-30": "896.00000", "2015-06-30": "719.00000", "2015-03-31": "512.00000", "2014-12-31": "701.00000", "2014-09-30": "806.00000", "2014-06-30": "791.00000", "2014-03-31": "642.00000", "2013-12-31": "523.00000", "2013-09-30": "425.00000", "2013-06-30": "333.00000", "2013-03-31": "219.00000", "2012-12-31": "64.00000", "2012-09-30": "-59.00000", "2012-06-30": "-157.00000", "2012-03-31": "205.00000", "2011-12-31": "302.00000", "2011-09-30": "227.00000", "2011-06-30": "240.00000", "2011-03-31": "233.00000", "2010-12-31": "251.00000", "2010-09-30": "131.00000", "2010-06-30": "129.00000", "2010-03-31": "95.00000", "2009-12-31": "", "2008-12-31": ""}, "Income From Discontinued Operations": {"2020-12-31": "", "2020-09-30": "", "2020-06-30": "", "2020-03-31": "", "2019-12-31": "", "2019-09-30": "", "2019-06-30": "", "2019-03-31": "", "2018-12-31": "", "2018-09-30": "", "2018-06-30": "", "2018-03-31": "", "2017-12-31": "", "2017-09-30": "", "2017-06-30": "", "2017-03-31": "", "2016-12-31": "", "2016-09-30": "", "2016-06-30": "", "2016-03-31": "", "2015-12-31": "", "2015-09-30": "", "2015-06-30": "", "2015-03-31": "", "2014-12-31": "", "2014-09-30": "", "2014-06-30": "", "2014-03-31": "", "2013-12-31": "", "2013-09-30": "", "2013-06-30": "", "2013-03-31": "", "2012-12-31": "", "2012-09-30": "", "2012-06-30": "", "2012-03-31": "", "2011-12-31": "", "2011-09-30": "", "2011-06-30": "", "2011-03-31": "", "2010-12-31": "", "2010-09-30": "", "2010-06-30": "", "2010-03-31": "", "2009-12-31": "", "2008-12-31": ""}, "Net Income": {"2020-12-31": "11220.00000", "2020-09-30": "7846.00000", "2020-06-30": "5178.00000", "2020-03-31": "4902.00000", "2019-12-31": "7349.00000", "2019-09-30": "6091.00000", "2019-06-30": "2616.00000", "2019-03-31": "2429.00000", "2018-12-31": "6881.00000", "2018-09-30": "5137.00000", "2018-06-30": "5106.00000", "2018-03-31": "4987.00000", "2017-12-31": "4267.00000", "2017-09-30": "4704.00000", "2017-06-30": "3890.00000", "2017-03-31": "3059.00000", "2016-12-31": "3560.00000", "2016-09-30": "2620.00000", "2016-06-30": "2276.00000", "2016-03-31": "1732.00000", "2015-12-31": "1554.00000", "2015-09-30": "891.00000", "2015-06-30": "715.00000", "2015-03-31": "509.00000", "2014-12-31": "696.00000", "2014-09-30": "802.00000", "2014-06-30": "788.00000", "2014-03-31": "639.00000", "2013-12-31": "521.00000", "2013-09-30": "422.00000", "2013-06-30": "331.00000", "2013-03-31": "217.00000", "2012-12-31": "64.00000", "2012-09-30": "-59.00000", "2012-06-30": "-157.00000", "2012-03-31": "137.00000", "2011-12-31": "205.00000", "2011-09-30": "150.00000", "2011-06-30": "159.00000", "2011-03-31": "153.00000", "2010-12-31": "251.00000", "2010-09-30": "131.00000", "2010-06-30": "129.00000", "2010-03-31": "95.00000", "2009-12-31": "", "2008-12-31": ""}, "EBITDA": {"2020-12-31": "14638.00000", "2020-09-30": "9738.00000", "2020-06-30": "7667.00000", "2020-03-31": "7490.00000", "2019-12-31": "10326.00000", "2019-09-30": "8601.00000", "2019-06-30": "6128.00000", "2019-03-31": "4672.00000", "2018-12-31": "9045.00000", "2018-09-30": "6888.00000", "2018-06-30": "6897.00000", "2018-03-31": "6398.00000", "2017-12-31": "8206.00000", "2017-09-30": "5894.00000", "2017-06-30": "5130.00000", "2017-03-31": "3998.00000", "2016-12-31": "5180.00000", "2016-09-30": "3708.00000", "2016-06-30": "3319.00000", "2016-03-31": "2562.00000", "2015-12-31": "3103.00000", "2015-09-30": "1945.00000", "2015-06-30": "1732.00000", "2015-03-31": "1390.00000", "2014-12-31": "1565.00000", "2014-09-30": "1686.00000", "2014-06-30": "1647.00000", "2014-03-31": "1339.00000", "2013-12-31": "1407.00000", "2013-09-30": "1010.00000", "2013-06-30": "792.00000", "2013-03-31": "606.00000", "2012-12-31": "747.00000", "2012-09-30": "553.00000", "2012-06-30": "-604.00000", "2012-03-31": "491.00000", "2011-12-31": "651.00000", "2011-09-30": "511.00000", "2011-06-30": "479.00000", "2011-03-31": "439.00000", "2010-12-31": "576.00000", "2010-09-30": "216.00000", "2010-06-30": "218.00000", "2010-03-31": "162.00000", "2009-12-31": "", "2008-12-31": ""}, "EBIT": {"2020-12-31": "12775.00000", "2020-09-30": "8040.00000", "2020-06-30": "5963.00000", "2020-03-31": "5893.00000", "2019-12-31": "8858.00000", "2019-09-30": "7185.00000", "2019-06-30": "4626.00000", "2019-03-31": "3317.00000", "2018-12-31": "7820.00000", "2018-09-30": "5781.00000", "2018-06-30": "5863.00000", "2018-03-31": "5449.00000", "2017-12-31": "7353.00000", "2017-09-30": "5122.00000", "2017-06-30": "4401.00000", "2017-03-31": "3327.00000", "2016-12-31": "4566.00000", "2016-09-30": "3117.00000", "2016-06-30": "2734.00000", "2016-03-31": "2010.00000", "2015-12-31": "2560.00000", "2015-09-30": "1459.00000", "2015-06-30": "1273.00000", "2015-03-31": "933.00000", "2014-12-31": "1132.00000", "2014-09-30": "1397.00000", "2014-06-30": "1390.00000", "2014-03-31": "1075.00000", "2013-12-31": "1133.00000", "2013-09-30": "736.00000", "2013-06-30": "562.00000", "2013-03-31": "373.00000", "2012-12-31": "523.00000", "2012-09-30": "377.00000", "2012-06-30": "-743.00000", "2012-03-31": "381.00000", "2011-12-31": "548.00000", "2011-09-30": "414.00000", "2011-06-30": "407.00000", "2011-03-31": "388.00000", "2010-12-31": "437.00000", "2010-09-30": "216.00000", "2010-06-30": "218.00000", "2010-03-31": "162.00000", "2009-12-31": "", "2008-12-31": ""}, "Basic Shares Outstanding": {"2020-12-31": "2851.00000", "2020-09-30": "2850.00000", "2020-06-30": "2850.00000", "2020-03-31": "2851.00000", "2019-12-31": "2854.00000", "2019-09-30": "2854.00000", "2019-06-30": "2855.00000", "2019-03-31": "2856.00000", "2018-12-31": "2890.00000", "2018-09-30": "2885.00000", "2018-06-30": "2895.00000", "2018-03-31": "2906.00000", "2017-12-31": "2901.00000", "2017-09-30": "2904.00000", "2017-06-30": "2900.00000", "2017-03-31": "2891.00000", "2016-12-31": "2863.00000", "2016-09-30": "2871.00000", "2016-06-30": "2856.00000", "2016-03-31": "2843.00000", "2015-12-31": "2803.00000", "2015-09-30": "2808.00000", "2015-06-30": "2796.00000", "2015-03-31": "2784.00000", "2014-12-31": "2614.00000", "2014-09-30": "2587.00000", "2014-06-30": "2560.00000", "2014-03-31": "2545.00000", "2013-12-31": "2420.00000", "2013-09-30": "2430.00000", "2013-06-30": "2407.00000", "2013-03-31": "2386.00000", "2012-12-31": "2368.00000", "2012-09-30": "2420.00000", "2012-06-30": "1879.00000", "2012-03-31": "1347.00000", "2011-12-31": "1325.00000", "2011-09-30": "1316.00000", "2011-06-30": "1292.00000", "2011-03-31": "1240.00000", "2010-12-31": "", "2010-09-30": "", "2010-06-30": "", "2010-03-31": "", "2009-12-31": "", "2008-12-31": ""}, "Shares Outstanding": {"2020-12-31": "2888.00000", "2020-09-30": "2891.00000", "2020-06-30": "2879.00000", "2020-03-31": "2868.00000", "2019-12-31": "2876.00000", "2019-09-30": "2874.00000", "2019-06-30": "2875.00000", "2019-03-31": "2869.00000", "2018-12-31": "2921.00000", "2018-09-30": "2913.00000", "2018-06-30": "2930.00000", "2018-03-31": "2945.00000", "2017-12-31": "2956.00000", "2017-09-30": "2956.00000", "2017-06-30": "2951.00000", "2017-03-31": "2944.00000", "2016-12-31": "2925.00000", "2016-09-30": "2931.00000", "2016-06-30": "2921.00000", "2016-03-31": "2905.00000", "2015-12-31": "2853.00000", "2015-09-30": "2863.00000", "2015-06-30": "2850.00000", "2015-03-31": "2836.00000", "2014-12-31": "2664.00000", "2014-09-30": "2644.00000", "2014-06-30": "2615.00000", "2014-03-31": "2609.00000", "2013-12-31": "2517.00000", "2013-09-30": "2528.00000", "2013-06-30": "2502.00000", "2013-03-31": "2499.00000", "2012-12-31": "2506.00000", "2012-09-30": "2420.00000", "2012-06-30": "1879.00000", "2012-03-31": "1527.00000", "2011-12-31": "1519.00000", "2011-09-30": "1520.00000", "2011-06-30": "1510.00000", "2011-03-31": "2878.00000", "2010-12-31": "", "2010-09-30": "", "2010-06-30": "", "2010-03-31": "", "2009-12-31": "", "2008-12-31": ""}, "Basic EPS": {"2020-12-31": "3.93000", "2020-09-30": "2.75000", "2020-06-30": "1.82000", "2020-03-31": "1.72000", "2019-12-31": "2.58000", "2019-09-30": "2.13000", "2019-06-30": "0.92000", "2019-03-31": "0.85000", "2018-12-31": "2.39000", "2018-09-30": "1.78000", "2018-06-30": "1.76000", "2018-03-31": "1.72000", "2017-12-31": "1.47000", "2017-09-30": "1.62000", "2017-06-30": "1.34000", "2017-03-31": "1.06000", "2016-12-31": "1.24000", "2016-09-30": "0.91000", "2016-06-30": "0.80000", "2016-03-31": "0.61000", "2015-12-31": "0.55000", "2015-09-30": "0.32000", "2015-06-30": "0.26000", "2015-03-31": "0.18000", "2014-12-31": "0.25000", "2014-09-30": "0.31000", "2014-06-30": "0.31000", "2014-03-31": "0.25000", "2013-12-31": "0.22000", "2013-09-30": "0.17000", "2013-06-30": "0.14000", "2013-03-31": "0.09000", "2012-12-31": "0.03000", "2012-09-30": "-0.02000", "2012-06-30": "-0.08000", "2012-03-31": "0.10000", "2011-12-31": "0.15000", "2011-09-30": "0.11000", "2011-06-30": "0.12000", "2011-03-31": "0.12000", "2010-12-31": "", "2010-09-30": "", "2010-06-30": "", "2010-03-31": "", "2009-12-31": "", "2008-12-31": ""}, "EPS - Earnings Per Share": {"2020-12-31": "3.87000", "2020-09-30": "2.71000", "2020-06-30": "1.80000", "2020-03-31": "1.71000", "2019-12-31": "2.55000", "2019-09-30": "2.12000", "2019-06-30": "0.91000", "2019-03-31": "0.85000", "2018-12-31": "2.38000", "2018-09-30": "1.76000", "2018-06-30": "1.74000", "2018-03-31": "1.69000", "2017-12-31": "1.44000", "2017-09-30": "1.59000", "2017-06-30": "1.32000", "2017-03-31": "1.04000", "2016-12-31": "1.21000", "2016-09-30": "0.90000", "2016-06-30": "0.78000", "2016-03-31": "0.60000", "2015-12-31": "0.55000", "2015-09-30": "0.31000", "2015-06-30": "0.25000", "2015-03-31": "0.18000", "2014-12-31": "0.25000", "2014-09-30": "0.30000", "2014-06-30": "0.30000", "2014-03-31": "0.25000", "2013-12-31": "0.21000", "2013-09-30": "0.17000", "2013-06-30": "0.13000", "2013-03-31": "0.09000", "2012-12-31": "0.03000", "2012-09-30": "-0.02000", "2012-06-30": "-0.08000", "2012-03-31": "0.09000", "2011-12-31": "0.14000", "2011-09-30": "0.10000", "2011-06-30": "0.11000", "2011-03-31": "0.11000", "2010-12-31": "0.00000", "2010-09-30": "0.00000", "2010-06-30": "0.00000", "2010-03-31": "0.00000", "2009-12-31": "0.00000", "2008-12-31": "0.00000"}}, "balance sheet": {"Cash On Hand": {"2020-12-31": "61954.00000", "2019-12-31": "54855.00000", "2018-12-31": "41114.00000", "2017-12-31": "41711.00000", "2016-12-31": "29449.00000", "2015-12-31": "18434.00000", "2014-12-31": "11199.00000", "2013-12-31": "11449.00000", "2012-12-31": "9626.00000", "2011-12-31": "3908.00000", "2010-12-31": "1785.00000", "2009-12-31": "", "2008-12-31": "", "2007-12-31": ""}, "Receivables": {"2020-12-31": "11335.00000", "2019-12-31": "9518.00000", "2018-12-31": "7587.00000", "2017-12-31": "5832.00000", "2016-12-31": "3993.00000", "2015-12-31": "2559.00000", "2014-12-31": "1678.00000", "2013-12-31": "1109.00000", "2012-12-31": "1170.00000", "2011-12-31": "547.00000", "2010-12-31": "373.00000", "2009-12-31": "", "2008-12-31": "", "2007-12-31": ""}, "Inventory": {"2020-12-31": "", "2019-12-31": "", "2018-12-31": "", "2017-12-31": "", "2016-12-31": "", "2015-12-31": "", "2014-12-31": "", "2013-12-31": "", "2012-12-31": "", "2011-12-31": "", "2010-12-31": "", "2009-12-31": "", "2008-12-31": "", "2007-12-31": ""}, "Pre-Paid Expenses": {"2020-12-31": "2381.00000", "2019-12-31": "1852.00000", "2018-12-31": "1779.00000", "2017-12-31": "1020.00000", "2016-12-31": "959.00000", "2015-12-31": "659.00000", "2014-12-31": "513.00000", "2013-12-31": "512.00000", "2012-12-31": "471.00000", "2011-12-31": "149.00000", "2010-12-31": "88.00000", "2009-12-31": "", "2008-12-31": "", "2007-12-31": ""}, "Other Current Assets": {"2020-12-31": "", "2019-12-31": "", "2018-12-31": "", "2017-12-31": "", "2016-12-31": "", "2015-12-31": "", "2014-12-31": "", "2013-12-31": "", "2012-12-31": "", "2011-12-31": "", "2010-12-31": "", "2009-12-31": "", "2008-12-31": "", "2007-12-31": ""}, "Total Current Assets": {"2020-12-31": "75670.00000", "2019-12-31": "66225.00000", "2018-12-31": "50480.00000", "2017-12-31": "48563.00000", "2016-12-31": "34401.00000", "2015-12-31": "21652.00000", "2014-12-31": "13390.00000", "2013-12-31": "13070.00000", "2012-12-31": "11267.00000", "2011-12-31": "4604.00000", "2010-12-31": "2246.00000", "2009-12-31": "", "2008-12-31": "", "2007-12-31": ""}, "Property, Plant, And Equipment": {"2020-12-31": "45633.00000", "2019-12-31": "35323.00000", "2018-12-31": "24683.00000", "2017-12-31": "13721.00000", "2016-12-31": "8591.00000", "2015-12-31": "5687.00000", "2014-12-31": "3967.00000", "2013-12-31": "2882.00000", "2012-12-31": "2391.00000", "2011-12-31": "1475.00000", "2010-12-31": "574.00000", "2009-12-31": "", "2008-12-31": "", "2007-12-31": ""}, "Long-Term Investments": {"2020-12-31": "6234.00000", "2019-12-31": "86.00000", "2018-12-31": "", "2017-12-31": "", "2016-12-31": "", "2015-12-31": "", "2014-12-31": "", "2013-12-31": "", "2012-12-31": "", "2011-12-31": "", "2010-12-31": "", "2009-12-31": "", "2008-12-31": "", "2007-12-31": ""}, "Goodwill And Intangible Assets": {"2020-12-31": "19673.00000", "2019-12-31": "19609.00000", "2018-12-31": "19595.00000", "2017-12-31": "20105.00000", "2016-12-31": "20657.00000", "2015-12-31": "21272.00000", "2014-12-31": "21910.00000", "2013-12-31": "1722.00000", "2012-12-31": "1388.00000", "2011-12-31": "162.00000", "2010-12-31": "96.00000", "2009-12-31": "", "2008-12-31": "0.00000", "2007-12-31": ""}, "Other Long-Term Assets": {"2020-12-31": "2758.00000", "2019-12-31": "2673.00000", "2018-12-31": "2576.00000", "2017-12-31": "2135.00000", "2016-12-31": "1312.00000", "2015-12-31": "796.00000", "2014-12-31": "699.00000", "2013-12-31": "221.00000", "2012-12-31": "57.00000", "2011-12-31": "90.00000", "2010-12-31": "74.00000", "2009-12-31": "", "2008-12-31": "", "2007-12-31": ""}, "Total Long-Term Assets": {"2020-12-31": "83646.00000", "2019-12-31": "67151.00000", "2018-12-31": "46854.00000", "2017-12-31": "35961.00000", "2016-12-31": "30560.00000", "2015-12-31": "27755.00000", "2014-12-31": "26576.00000", "2013-12-31": "4825.00000", "2012-12-31": "3836.00000", "2011-12-31": "1727.00000", "2010-12-31": "744.00000", "2009-12-31": "", "2008-12-31": "", "2007-12-31": ""}, "Total Assets": {"2020-12-31": "159316.00000", "2019-12-31": "133376.00000", "2018-12-31": "97334.00000", "2017-12-31": "84524.00000", "2016-12-31": "64961.00000", "2015-12-31": "49407.00000", "2014-12-31": "39966.00000", "2013-12-31": "17895.00000", "2012-12-31": "15103.00000", "2011-12-31": "6331.00000", "2010-12-31": "2990.00000", "2009-12-31": "0.00000", "2008-12-31": "0.00000", "2007-12-31": "0.00000"}, "Total Current Liabilities": {"2020-12-31": "14981.00000", "2019-12-31": "15053.00000", "2018-12-31": "7017.00000", "2017-12-31": "3760.00000", "2016-12-31": "2875.00000", "2015-12-31": "1925.00000", "2014-12-31": "1424.00000", "2013-12-31": "1100.00000", "2012-12-31": "1052.00000", "2011-12-31": "899.00000", "2010-12-31": "389.00000", "2009-12-31": "", "2008-12-31": "", "2007-12-31": ""}, "Long Term Debt": {"2020-12-31": "", "2019-12-31": "", "2018-12-31": "", "2017-12-31": "", "2016-12-31": "", "2015-12-31": "107.00000", "2014-12-31": "119.00000", "2013-12-31": "237.00000", "2012-12-31": "1991.00000", "2011-12-31": "398.00000", "2010-12-31": "367.00000", "2009-12-31": "", "2008-12-31": "", "2007-12-31": ""}, "Other Non-Current Liabilities": {"2020-12-31": "6414.00000", "2019-12-31": "7745.00000", "2018-12-31": "6190.00000", "2017-12-31": "6417.00000", "2016-12-31": "2892.00000", "2015-12-31": "3157.00000", "2014-12-31": "2327.00000", "2013-12-31": "1088.00000", "2012-12-31": "305.00000", "2011-12-31": "135.00000", "2010-12-31": "72.00000", "2009-12-31": "", "2008-12-31": "", "2007-12-31": ""}, "Total Long Term Liabilities": {"2020-12-31": "16045.00000", "2019-12-31": "17269.00000", "2018-12-31": "6190.00000", "2017-12-31": "6417.00000", "2016-12-31": "2892.00000", "2015-12-31": "3264.00000", "2014-12-31": "2446.00000", "2013-12-31": "1325.00000", "2012-12-31": "2296.00000", "2011-12-31": "533.00000", "2010-12-31": "439.00000", "2009-12-31": "", "2008-12-31": "", "2007-12-31": ""}, "Total Liabilities": {"2020-12-31": "31026.00000", "2019-12-31": "32322.00000", "2018-12-31": "13207.00000", "2017-12-31": "10177.00000", "2016-12-31": "5767.00000", "2015-12-31": "5189.00000", "2014-12-31": "3870.00000", "2013-12-31": "2425.00000", "2012-12-31": "3348.00000", "2011-12-31": "1432.00000", "2010-12-31": "828.00000", "2009-12-31": "", "2008-12-31": "0.00000", "2007-12-31": ""}, "Common Stock Net": {"2020-12-31": "", "2019-12-31": "", "2018-12-31": "", "2017-12-31": "", "2016-12-31": "", "2015-12-31": "", "2014-12-31": "", "2013-12-31": "", "2012-12-31": "", "2011-12-31": "", "2010-12-31": "0.00000", "2009-12-31": "", "2008-12-31": "0.00000", "2007-12-31": ""}, "Retained Earnings (Accumulated Deficit)": {"2020-12-31": "77345.00000", "2019-12-31": "55692.00000", "2018-12-31": "41981.00000", "2017-12-31": "33990.00000", "2016-12-31": "21670.00000", "2015-12-31": "9787.00000", "2014-12-31": "6099.00000", "2013-12-31": "3159.00000", "2012-12-31": "1659.00000", "2011-12-31": "1606.00000", "2010-12-31": "606.00000", "2009-12-31": "", "2008-12-31": "", "2007-12-31": ""}, "Comprehensive Income": {"2020-12-31": "927.00000", "2019-12-31": "-489.00000", "2018-12-31": "-760.00000", "2017-12-31": "-227.00000", "2016-12-31": "-703.00000", "2015-12-31": "-455.00000", "2014-12-31": "-228.00000", "2013-12-31": "14.00000", "2012-12-31": "2.00000", "2011-12-31": "-6.00000", "2010-12-31": "-6.00000", "2009-12-31": "", "2008-12-31": "", "2007-12-31": ""}, "Other Share Holders Equity": {"2020-12-31": "", "2019-12-31": "", "2018-12-31": "", "2017-12-31": "", "2016-12-31": "", "2015-12-31": "", "2014-12-31": "", "2013-12-31": "", "2012-12-31": "", "2011-12-31": "", "2010-12-31": "", "2009-12-31": "", "2008-12-31": "0.00000", "2007-12-31": ""}, "Share Holder Equity": {"2020-12-31": "128290.00000", "2019-12-31": "101054.00000", "2018-12-31": "84127.00000", "2017-12-31": "74347.00000", "2016-12-31": "59194.00000", "2015-12-31": "44218.00000", "2014-12-31": "36096.00000", "2013-12-31": "15470.00000", "2012-12-31": "11755.00000", "2011-12-31": "4899.00000", "2010-12-31": "2162.00000", "2009-12-31": "", "2008-12-31": "0.00000", "2007-12-31": ""}, "Total Liabilities And Share Holders Equity": {"2020-12-31": "159316.00000", "2019-12-31": "133376.00000", "2018-12-31": "97334.00000", "2017-12-31": "84524.00000", "2016-12-31": "64961.00000", "2015-12-31": "49407.00000", "2014-12-31": "39966.00000", "2013-12-31": "17895.00000", "2012-12-31": "15103.00000", "2011-12-31": "6331.00000", "2010-12-31": "2990.00000", "2009-12-31": "", "2008-12-31": "0.00000", "2007-12-31": ""}}, "balance sheet, quarterly": {"Cash On Hand": {"2020-12-31": "61954.00000", "2020-09-30": "55620.00000", "2020-06-30": "58240.00000", "2020-03-31": "60289.00000", "2019-12-31": "54855.00000", "2019-09-30": "52269.00000", "2019-06-30": "48596.00000", "2019-03-31": "45243.00000", "2018-12-31": "41114.00000", "2018-09-30": "41206.00000", "2018-06-30": "42309.00000", "2018-03-31": "43956.00000", "2017-12-31": "41711.00000", "2017-09-30": "38289.00000", "2017-06-30": "35452.00000", "2017-03-31": "32306.00000", "2016-12-31": "29449.00000", "2016-09-30": "26140.00000", "2016-06-30": "23293.00000", "2016-03-31": "20621.00000", "2015-12-31": "18434.00000", "2015-09-30": "15834.00000", "2015-06-30": "14125.00000", "2015-03-31": "12413.00000", "2014-12-31": "11199.00000", "2014-09-30": "14250.00000", "2014-06-30": "13956.00000", "2014-03-31": "12629.00000", "2013-12-31": "11449.00000", "2013-09-30": "9328.00000", "2013-06-30": "10252.00000", "2013-03-31": "9472.00000", "2012-12-31": "9626.00000", "2012-09-30": "10452.00000", "2012-06-30": "10188.00000", "2012-03-31": "3910.00000", "2011-12-31": "3908.00000", "2011-09-30": "", "2011-06-30": "", "2011-03-31": "", "2010-12-31": "1785.00000", "2010-09-30": "", "2010-06-30": "", "2010-03-31": "", "2009-12-31": "", "2008-12-31": ""}, "Receivables": {"2020-12-31": "11335.00000", "2020-09-30": "8024.00000", "2020-06-30": "7483.00000", "2020-03-31": "7289.00000", "2019-12-31": "9518.00000", "2019-09-30": "7673.00000", "2019-06-30": "7513.00000", "2019-03-31": "6475.00000", "2018-12-31": "7587.00000", "2018-09-30": "6058.00000", "2018-06-30": "5590.00000", "2018-03-31": "5115.00000", "2017-12-31": "5832.00000", "2017-09-30": "4424.00000", "2017-06-30": "3897.00000", "2017-03-31": "3415.00000", "2016-12-31": "3993.00000", "2016-09-30": "3070.00000", "2016-06-30": "2801.00000", "2016-03-31": "2348.00000", "2015-12-31": "2559.00000", "2015-09-30": "2010.00000", "2015-06-30": "1815.00000", "2015-03-31": "1508.00000", "2014-12-31": "1678.00000", "2014-09-30": "1363.00000", "2014-06-30": "1190.00000", "2014-03-31": "1006.00000", "2013-12-31": "1109.00000", "2013-09-30": "879.00000", "2013-06-30": "782.00000", "2013-03-31": "1085.00000", "2012-12-31": "1170.00000", "2012-09-30": "1202.00000", "2012-06-30": "1145.00000", "2012-03-31": "482.00000", "2011-12-31": "547.00000", "2011-09-30": "", "2011-06-30": "", "2011-03-31": "", "2010-12-31": "373.00000", "2010-09-30": "", "2010-06-30": "", "2010-03-31": "", "2009-12-31": "", "2008-12-31": ""}, "Inventory": {"2020-12-31": "", "2020-09-30": "", "2020-06-30": "", "2020-03-31": "", "2019-12-31": "", "2019-09-30": "", "2019-06-30": "", "2019-03-31": "", "2018-12-31": "", "2018-09-30": "", "2018-06-30": "", "2018-03-31": "", "2017-12-31": "", "2017-09-30": "", "2017-06-30": "", "2017-03-31": "", "2016-12-31": "", "2016-09-30": "", "2016-06-30": "", "2016-03-31": "", "2015-12-31": "", "2015-09-30": "", "2015-06-30": "", "2015-03-31": "", "2014-12-31": "", "2014-09-30": "", "2014-06-30": "", "2014-03-31": "", "2013-12-31": "", "2013-09-30": "", "2013-06-30": "", "2013-03-31": "", "2012-12-31": "", "2012-09-30": "", "2012-06-30": "", "2012-03-31": "", "2011-12-31": "", "2011-09-30": "", "2011-06-30": "", "2011-03-31": "", "2010-12-31": "", "2010-09-30": "", "2010-06-30": "", "2010-03-31": "", "2009-12-31": "", "2008-12-31": ""}, "Pre-Paid Expenses": {"2020-12-31": "2381.00000", "2020-09-30": "2155.00000", "2020-06-30": "2407.00000", "2020-03-31": "1771.00000", "2019-12-31": "1852.00000", "2019-09-30": "2137.00000", "2019-06-30": "1852.00000", "2019-03-31": "1582.00000", "2018-12-31": "1779.00000", "2018-09-30": "1883.00000", "2018-06-30": "1934.00000", "2018-03-31": "1341.00000", "2017-12-31": "1020.00000", "2017-09-30": "1490.00000", "2017-06-30": "1455.00000", "2017-03-31": "1209.00000", "2016-12-31": "959.00000", "2016-09-30": "1118.00000", "2016-06-30": "916.00000", "2016-03-31": "843.00000", "2015-12-31": "659.00000", "2015-09-30": "1295.00000", "2015-06-30": "1011.00000", "2015-03-31": "1083.00000", "2014-12-31": "513.00000", "2014-09-30": "502.00000", "2014-06-30": "411.00000", "2014-03-31": "425.00000", "2013-12-31": "512.00000", "2013-09-30": "342.00000", "2013-06-30": "387.00000", "2013-03-31": "485.00000", "2012-12-31": "471.00000", "2012-09-30": "631.00000", "2012-06-30": "634.00000", "2012-03-31": "302.00000", "2011-12-31": "149.00000", "2011-09-30": "", "2011-06-30": "", "2011-03-31": "", "2010-12-31": "88.00000", "2010-09-30": "", "2010-06-30": "", "2010-03-31": "", "2009-12-31": "", "2008-12-31": ""}, "Other Current Assets": {"2020-12-31": "", "2020-09-30": "", "2020-06-30": "", "2020-03-31": "", "2019-12-31": "", "2019-09-30": "", "2019-06-30": "", "2019-03-31": "", "2018-12-31": "", "2018-09-30": "", "2018-06-30": "", "2018-03-31": "", "2017-12-31": "", "2017-09-30": "", "2017-06-30": "", "2017-03-31": "", "2016-12-31": "", "2016-09-30": "", "2016-06-30": "", "2016-03-31": "", "2015-12-31": "", "2015-09-30": "", "2015-06-30": "", "2015-03-31": "", "2014-12-31": "", "2014-09-30": "", "2014-06-30": "", "2014-03-31": "", "2013-12-31": "", "2013-09-30": "", "2013-06-30": "", "2013-03-31": "", "2012-12-31": "", "2012-09-30": "", "2012-06-30": "", "2012-03-31": "", "2011-12-31": "", "2011-09-30": "", "2011-06-30": "", "2011-03-31": "", "2010-12-31": "", "2010-09-30": "", "2010-06-30": "", "2010-03-31": "", "2009-12-31": "", "2008-12-31": ""}, "Total Current Assets": {"2020-12-31": "75670.00000", "2020-09-30": "65799.00000", "2020-06-30": "68130.00000", "2020-03-31": "69349.00000", "2019-12-31": "66225.00000", "2019-09-30": "62079.00000", "2019-06-30": "57961.00000", "2019-03-31": "53300.00000", "2018-12-31": "50480.00000", "2018-09-30": "49147.00000", "2018-06-30": "49833.00000", "2018-03-31": "50412.00000", "2017-12-31": "48563.00000", "2017-09-30": "44203.00000", "2017-06-30": "40804.00000", "2017-03-31": "36930.00000", "2016-12-31": "34401.00000", "2016-09-30": "30328.00000", "2016-06-30": "27010.00000", "2016-03-31": "23812.00000", "2015-12-31": "21652.00000", "2015-09-30": "19139.00000", "2015-06-30": "16951.00000", "2015-03-31": "15004.00000", "2014-12-31": "13390.00000", "2014-09-30": "16115.00000", "2014-06-30": "15557.00000", "2014-03-31": "14060.00000", "2013-12-31": "13070.00000", "2013-09-30": "10549.00000", "2013-06-30": "11421.00000", "2013-03-31": "11042.00000", "2012-12-31": "11267.00000", "2012-09-30": "12285.00000", "2012-06-30": "11967.00000", "2012-03-31": "4694.00000", "2011-12-31": "4604.00000", "2011-09-30": "", "2011-06-30": "", "2011-03-31": "", "2010-12-31": "2246.00000", "2010-09-30": "", "2010-06-30": "", "2010-03-31": "", "2009-12-31": "", "2008-12-31": ""}, "Property, Plant, And Equipment": {"2020-12-31": "45633.00000", "2020-09-30": "42291.00000", "2020-06-30": "39006.00000", "2020-03-31": "37127.00000", "2019-12-31": "35323.00000", "2019-09-30": "32284.00000", "2019-06-30": "29999.00000", "2019-03-31": "27345.00000", "2018-12-31": "24683.00000", "2018-09-30": "21112.00000", "2018-06-30": "18357.00000", "2018-03-31": "16211.00000", "2017-12-31": "13721.00000", "2017-09-30": "12158.00000", "2017-06-30": "10628.00000", "2017-03-31": "9462.00000", "2016-12-31": "8591.00000", "2016-09-30": "7899.00000", "2016-06-30": "7104.00000", "2016-03-31": "6467.00000", "2015-12-31": "5687.00000", "2015-09-30": "5335.00000", "2015-06-30": "4955.00000", "2015-03-31": "4619.00000", "2014-12-31": "3967.00000", "2014-09-30": "3703.00000", "2014-06-30": "3334.00000", "2014-03-31": "3074.00000", "2013-12-31": "2882.00000", "2013-09-30": "2685.00000", "2013-06-30": "2577.00000", "2013-03-31": "2533.00000", "2012-12-31": "2391.00000", "2012-09-30": "2289.00000", "2012-06-30": "2105.00000", "2012-03-31": "1855.00000", "2011-12-31": "1475.00000", "2011-09-30": "", "2011-06-30": "", "2011-03-31": "", "2010-12-31": "820.00000", "2010-09-30": "", "2010-06-30": "", "2010-03-31": "", "2009-12-31": "", "2008-12-31": ""}, "Long-Term Investments": {"2020-12-31": "6234.00000", "2020-09-30": "6164.00000", "2020-06-30": "", "2020-03-31": "", "2019-12-31": "86.00000", "2019-09-30": "", "2019-06-30": "", "2019-03-31": "", "2018-12-31": "", "2018-09-30": "", "2018-06-30": "", "2018-03-31": "", "2017-12-31": "", "2017-09-30": "", "2017-06-30": "", "2017-03-31": "", "2016-12-31": "", "2016-09-30": "", "2016-06-30": "", "2016-03-31": "", "2015-12-31": "", "2015-09-30": "", "2015-06-30": "", "2015-03-31": "", "2014-12-31": "", "2014-09-30": "", "2014-06-30": "", "2014-03-31": "", "2013-12-31": "", "2013-09-30": "", "2013-06-30": "", "2013-03-31": "", "2012-12-31": "", "2012-09-30": "", "2012-06-30": "", "2012-03-31": "", "2011-12-31": "", "2011-09-30": "", "2011-06-30": "", "2011-03-31": "", "2010-12-31": "", "2010-09-30": "", "2010-06-30": "", "2010-03-31": "", "2009-12-31": "", "2008-12-31": ""}, "Goodwill And Intangible Assets": {"2020-12-31": "19673.00000", "2020-09-30": "19775.00000", "2020-06-30": "19888.00000", "2020-03-31": "19649.00000", "2019-12-31": "19609.00000", "2019-09-30": "19191.00000", "2019-06-30": "19328.00000", "2019-03-31": "19483.00000", "2018-12-31": "19595.00000", "2018-09-30": "19755.00000", "2018-06-30": "19836.00000", "2018-03-31": "20003.00000", "2017-12-31": "20105.00000", "2017-09-30": "20263.00000", "2017-06-30": "20315.00000", "2017-03-31": "20486.00000", "2016-12-31": "20657.00000", "2016-09-30": "20787.00000", "2016-06-30": "20922.00000", "2016-03-31": "21096.00000", "2015-12-31": "21272.00000", "2015-09-30": "21461.00000", "2015-06-30": "21630.00000", "2015-03-31": "21779.00000", "2014-12-31": "21910.00000", "2014-09-30": "3929.00000", "2014-06-30": "1672.00000", "2014-03-31": "1682.00000", "2013-12-31": "1722.00000", "2013-09-30": "1609.00000", "2013-06-30": "1631.00000", "2013-03-31": "1501.00000", "2012-12-31": "1388.00000", "2012-09-30": "1423.00000", "2012-06-30": "809.00000", "2012-03-31": "189.00000", "2011-12-31": "162.00000", "2011-09-30": "", "2011-06-30": "", "2011-03-31": "", "2010-12-31": "", "2010-09-30": "0.00000", "2010-06-30": "0.00000", "2010-03-31": "0.00000", "2009-12-31": "0.00000", "2008-12-31": "0.00000"}, "Other Long-Term Assets": {"2020-12-31": "2758.00000", "2020-09-30": "2969.00000", "2020-06-30": "3238.00000", "2020-03-31": "2887.00000", "2019-12-31": "2673.00000", "2019-09-30": "2461.00000", "2019-06-30": "2446.00000", "2019-03-31": "2602.00000", "2018-12-31": "2576.00000", "2018-09-30": "2438.00000", "2018-06-30": "2265.00000", "2018-03-31": "2319.00000", "2017-12-31": "2135.00000", "2017-09-30": "2374.00000", "2017-06-30": "2096.00000", "2017-03-31": "1836.00000", "2016-12-31": "1312.00000", "2016-09-30": "660.00000", "2016-06-30": "703.00000", "2016-03-31": "700.00000", "2015-12-31": "796.00000", "2015-09-30": "534.00000", "2015-06-30": "594.00000", "2015-03-31": "605.00000", "2014-12-31": "699.00000", "2014-09-30": "441.00000", "2014-06-30": "206.00000", "2014-03-31": "212.00000", "2013-12-31": "221.00000", "2013-09-30": "90.00000", "2013-06-30": "95.00000", "2013-03-31": "87.00000", "2012-12-31": "57.00000", "2012-09-30": "41.00000", "2012-06-30": "47.00000", "2012-03-31": "121.00000", "2011-12-31": "90.00000", "2011-09-30": "", "2011-06-30": "", "2011-03-31": "", "2010-12-31": "", "2010-09-30": "", "2010-06-30": "", "2010-03-31": "", "2009-12-31": "", "2008-12-31": ""}, "Total Long-Term Assets": {"2020-12-31": "83646.00000", "2020-09-30": "80638.00000", "2020-06-30": "71561.00000", "2020-03-31": "69022.00000", "2019-12-31": "67151.00000", "2019-09-30": "62339.00000", "2019-06-30": "59045.00000", "2019-03-31": "56177.00000", "2018-12-31": "46854.00000", "2018-09-30": "43305.00000", "2018-06-30": "40458.00000", "2018-03-31": "38533.00000", "2017-12-31": "35961.00000", "2017-09-30": "34795.00000", "2017-06-30": "33039.00000", "2017-03-31": "31784.00000", "2016-12-31": "30560.00000", "2016-09-30": "29346.00000", "2016-06-30": "28729.00000", "2016-03-31": "28263.00000", "2015-12-31": "27755.00000", "2015-09-30": "27330.00000", "2015-06-30": "27179.00000", "2015-03-31": "27003.00000", "2014-12-31": "26576.00000", "2014-09-30": "8073.00000", "2014-06-30": "5212.00000", "2014-03-31": "4968.00000", "2013-12-31": "4825.00000", "2013-09-30": "4384.00000", "2013-06-30": "4303.00000", "2013-03-31": "4121.00000", "2012-12-31": "3836.00000", "2012-09-30": "3753.00000", "2012-06-30": "2961.00000", "2012-03-31": "2165.00000", "2011-12-31": "1727.00000", "2011-09-30": "", "2011-06-30": "", "2011-03-31": "", "2010-12-31": "820.00000", "2010-09-30": "", "2010-06-30": "", "2010-03-31": "", "2009-12-31": "", "2008-12-31": ""}, "Total Assets": {"2020-12-31": "159316.00000", "2020-09-30": "146437.00000", "2020-06-30": "139691.00000", "2020-03-31": "138371.00000", "2019-12-31": "133376.00000", "2019-09-30": "124418.00000", "2019-06-30": "117006.00000", "2019-03-31": "109477.00000", "2018-12-31": "97334.00000", "2018-09-30": "92452.00000", "2018-06-30": "90291.00000", "2018-03-31": "88945.00000", "2017-12-31": "84524.00000", "2017-09-30": "78998.00000", "2017-06-30": "73843.00000", "2017-03-31": "68714.00000", "2016-12-31": "64961.00000", "2016-09-30": "59674.00000", "2016-06-30": "55739.00000", "2016-03-31": "52075.00000", "2015-12-31": "49407.00000", "2015-09-30": "46469.00000", "2015-06-30": "44130.00000", "2015-03-31": "42007.00000", "2014-12-31": "39966.00000", "2014-09-30": "24188.00000", "2014-06-30": "20769.00000", "2014-03-31": "19028.00000", "2013-12-31": "17895.00000", "2013-09-30": "14933.00000", "2013-06-30": "15724.00000", "2013-03-31": "15163.00000", "2012-12-31": "15103.00000", "2012-09-30": "16038.00000", "2012-06-30": "14928.00000", "2012-03-31": "6859.00000", "2011-12-31": "6331.00000", "2011-09-30": "0.00000", "2011-06-30": "0.00000", "2011-03-31": "0.00000", "2010-12-31": "2990.00000", "2010-09-30": "0.00000", "2010-06-30": "0.00000", "2010-03-31": "0.00000", "2009-12-31": "0.00000", "2008-12-31": "0.00000"}, "Total Current Liabilities": {"2020-12-31": "14981.00000", "2020-09-30": "11944.00000", "2020-06-30": "11308.00000", "2020-03-31": "15069.00000", "2019-12-31": "15053.00000", "2019-09-30": "13328.00000", "2019-06-30": "12979.00000", "2019-03-31": "9908.00000", "2018-12-31": "7017.00000", "2018-09-30": "5462.00000", "2018-06-30": "4670.00000", "2018-03-31": "5086.00000", "2017-12-31": "3760.00000", "2017-09-30": "3305.00000", "2017-06-30": "3315.00000", "2017-03-31": "2928.00000", "2016-12-31": "2875.00000", "2016-09-30": "2595.00000", "2016-06-30": "2211.00000", "2016-03-31": "1809.00000", "2015-12-31": "1925.00000", "2015-09-30": "1792.00000", "2015-06-30": "1881.00000", "2015-03-31": "1746.00000", "2014-12-31": "1424.00000", "2014-09-30": "1234.00000", "2014-06-30": "1214.00000", "2014-03-31": "1037.00000", "2013-12-31": "1100.00000", "2013-09-30": "984.00000", "2013-06-30": "1080.00000", "2013-03-31": "1063.00000", "2012-12-31": "1052.00000", "2012-09-30": "1080.00000", "2012-06-30": "1034.00000", "2012-03-31": "1039.00000", "2011-12-31": "899.00000", "2011-09-30": "", "2011-06-30": "", "2011-03-31": "", "2010-12-31": "389.00000", "2010-09-30": "", "2010-06-30": "", "2010-03-31": "", "2009-12-31": "", "2008-12-31": ""}, "Long Term Debt": {"2020-12-31": "", "2020-09-30": "", "2020-06-30": "", "2020-03-31": "", "2019-12-31": "", "2019-09-30": "", "2019-06-30": "", "2019-03-31": "6565.00000", "2018-12-31": "", "2018-09-30": "", "2018-06-30": "", "2018-03-31": "", "2017-12-31": "", "2017-09-30": "", "2017-06-30": "", "2017-03-31": "", "2016-12-31": "", "2016-09-30": "", "2016-06-30": "", "2016-03-31": "", "2015-12-31": "107.00000", "2015-09-30": "109.00000", "2015-06-30": "110.00000", "2015-03-31": "113.00000", "2014-12-31": "119.00000", "2014-09-30": "129.00000", "2014-06-30": "153.00000", "2014-03-31": "191.00000", "2013-12-31": "237.00000", "2013-09-30": "287.00000", "2013-06-30": "1851.00000", "2013-03-31": "1920.00000", "2012-12-31": "1991.00000", "2012-09-30": "530.00000", "2012-06-30": "394.00000", "2012-03-31": "404.00000", "2011-12-31": "398.00000", "2011-09-30": "", "2011-06-30": "", "2011-03-31": "", "2010-12-31": "250.00000", "2010-09-30": "", "2010-06-30": "", "2010-03-31": "", "2009-12-31": "", "2008-12-31": ""}, "Other Non-Current Liabilities": {"2020-12-31": "6414.00000", "2020-09-30": "7121.00000", "2020-06-30": "8303.00000", "2020-03-31": "8489.00000", "2019-12-31": "7745.00000", "2019-09-30": "8735.00000", "2019-06-30": "8143.00000", "2019-03-31": "6488.00000", "2018-12-31": "6190.00000", "2018-09-30": "6648.00000", "2018-06-30": "6239.00000", "2018-03-31": "6239.00000", "2017-12-31": "6417.00000", "2017-09-30": "4485.00000", "2017-06-30": "4047.00000", "2017-03-31": "3598.00000", "2016-12-31": "2892.00000", "2016-09-30": "2964.00000", "2016-06-30": "3145.00000", "2016-03-31": "3116.00000", "2015-12-31": "3157.00000", "2015-09-30": "3148.00000", "2015-06-30": "2687.00000", "2015-03-31": "2647.00000", "2014-12-31": "2327.00000", "2014-09-30": "1587.00000", "2014-06-30": "1056.00000", "2014-03-31": "1063.00000", "2013-12-31": "1088.00000", "2013-09-30": "614.00000", "2013-06-30": "444.00000", "2013-03-31": "356.00000", "2012-12-31": "305.00000", "2012-09-30": "254.00000", "2012-06-30": "191.00000", "2012-03-31": "144.00000", "2011-12-31": "135.00000", "2011-09-30": "", "2011-06-30": "", "2011-03-31": "", "2010-12-31": "", "2010-09-30": "", "2010-06-30": "", "2010-03-31": "", "2009-12-31": "", "2008-12-31": ""}, "Total Long Term Liabilities": {"2020-12-31": "16045.00000", "2020-09-30": "16762.00000", "2020-06-30": "17936.00000", "2020-03-31": "17998.00000", "2019-12-31": "17269.00000", "2019-09-30": "17091.00000", "2019-06-30": "15265.00000", "2019-03-31": "13053.00000", "2018-12-31": "6190.00000", "2018-09-30": "6648.00000", "2018-06-30": "6239.00000", "2018-03-31": "6239.00000", "2017-12-31": "6417.00000", "2017-09-30": "4485.00000", "2017-06-30": "4047.00000", "2017-03-31": "3598.00000", "2016-12-31": "2892.00000", "2016-09-30": "2964.00000", "2016-06-30": "3145.00000", "2016-03-31": "3116.00000", "2015-12-31": "3264.00000", "2015-09-30": "3257.00000", "2015-06-30": "2797.00000", "2015-03-31": "2760.00000", "2014-12-31": "2446.00000", "2014-09-30": "1716.00000", "2014-06-30": "1209.00000", "2014-03-31": "1254.00000", "2013-12-31": "1325.00000", "2013-09-30": "901.00000", "2013-06-30": "2295.00000", "2013-03-31": "2276.00000", "2012-12-31": "2296.00000", "2012-09-30": "784.00000", "2012-06-30": "585.00000", "2012-03-31": "548.00000", "2011-12-31": "533.00000", "2011-09-30": "", "2011-06-30": "", "2011-03-31": "", "2010-12-31": "250.00000", "2010-09-30": "", "2010-06-30": "", "2010-03-31": "", "2009-12-31": "", "2008-12-31": ""}, "Total Liabilities": {"2020-12-31": "31026.00000", "2020-09-30": "28706.00000", "2020-06-30": "29244.00000", "2020-03-31": "33067.00000", "2019-12-31": "32322.00000", "2019-09-30": "30419.00000", "2019-06-30": "28244.00000", "2019-03-31": "22961.00000", "2018-12-31": "13207.00000", "2018-09-30": "12110.00000", "2018-06-30": "10909.00000", "2018-03-31": "11325.00000", "2017-12-31": "10177.00000", "2017-09-30": "7790.00000", "2017-06-30": "7362.00000", "2017-03-31": "6526.00000", "2016-12-31": "5767.00000", "2016-09-30": "5559.00000", "2016-06-30": "5356.00000", "2016-03-31": "4925.00000", "2015-12-31": "5189.00000", "2015-09-30": "5049.00000", "2015-06-30": "4678.00000", "2015-03-31": "4506.00000", "2014-12-31": "3870.00000", "2014-09-30": "2950.00000", "2014-06-30": "2423.00000", "2014-03-31": "2291.00000", "2013-12-31": "2425.00000", "2013-09-30": "1885.00000", "2013-06-30": "3375.00000", "2013-03-31": "3339.00000", "2012-12-31": "3348.00000", "2012-09-30": "1864.00000", "2012-06-30": "1619.00000", "2012-03-31": "1587.00000", "2011-12-31": "1432.00000", "2011-09-30": "", "2011-06-30": "", "2011-03-31": "", "2010-12-31": "828.00000", "2010-09-30": "0.00000", "2010-06-30": "0.00000", "2010-03-31": "0.00000", "2009-12-31": "0.00000", "2008-12-31": "0.00000"}, "Common Stock Net": {"2020-12-31": "", "2020-09-30": "", "2020-06-30": "", "2020-03-31": "", "2019-12-31": "", "2019-09-30": "", "2019-06-30": "", "2019-03-31": "", "2018-12-31": "", "2018-09-30": "", "2018-06-30": "", "2018-03-31": "", "2017-12-31": "", "2017-09-30": "", "2017-06-30": "", "2017-03-31": "", "2016-12-31": "", "2016-09-30": "", "2016-06-30": "", "2016-03-31": "", "2015-12-31": "", "2015-09-30": "", "2015-06-30": "", "2015-03-31": "", "2014-12-31": "", "2014-09-30": "", "2014-06-30": "", "2014-03-31": "", "2013-12-31": "", "2013-09-30": "", "2013-06-30": "", "2013-03-31": "", "2012-12-31": "", "2012-09-30": "0.00000", "2012-06-30": "0.00000", "2012-03-31": "", "2011-12-31": "", "2011-09-30": "", "2011-06-30": "", "2011-03-31": "", "2010-12-31": "0.00000", "2010-09-30": "0.00000", "2010-06-30": "0.00000", "2010-03-31": "0.00000", "2009-12-31": "0.00000", "2008-12-31": "0.00000"}, "Retained Earnings (Accumulated Deficit)": {"2020-12-31": "77345.00000", "2020-09-30": "68513.00000", "2020-06-30": "62784.00000", "2020-03-31": "59160.00000", "2019-12-31": "55692.00000", "2019-09-30": "49789.00000", "2019-06-30": "44968.00000", "2019-03-31": "43764.00000", "2018-12-31": "41981.00000", "2018-09-30": "38767.00000", "2018-06-30": "38237.00000", "2018-03-31": "36780.00000", "2017-12-31": "33990.00000", "2017-09-30": "31209.00000", "2017-06-30": "27560.00000", "2017-03-31": "24175.00000", "2016-12-31": "21670.00000", "2016-09-30": "15731.00000", "2016-06-30": "13352.00000", "2016-03-31": "11297.00000", "2015-12-31": "9787.00000", "2015-09-30": "8226.00000", "2015-06-30": "7330.00000", "2015-03-31": "6611.00000", "2014-12-31": "6099.00000", "2014-09-30": "5398.00000", "2014-06-30": "4592.00000", "2014-03-31": "3801.00000", "2013-12-31": "3159.00000", "2013-09-30": "2636.00000", "2013-06-30": "2211.00000", "2013-03-31": "1878.00000", "2012-12-31": "1659.00000", "2012-09-30": "1595.00000", "2012-06-30": "1654.00000", "2012-03-31": "1811.00000", "2011-12-31": "1606.00000", "2011-09-30": "", "2011-06-30": "", "2011-03-31": "", "2010-12-31": "606.00000", "2010-09-30": "", "2010-06-30": "", "2010-03-31": "", "2009-12-31": "", "2008-12-31": ""}, "Comprehensive Income": {"2020-12-31": "927.00000", "2020-09-30": "308.00000", "2020-06-30": "-142.00000", "2020-03-31": "-544.00000", "2019-12-31": "-489.00000", "2019-09-30": "-849.00000", "2019-06-30": "-483.00000", "2019-03-31": "-781.00000", "2018-12-31": "-760.00000", "2018-09-30": "-777.00000", "2018-06-30": "-687.00000", "2018-03-31": "-294.00000", "2017-12-31": "-227.00000", "2017-09-30": "-200.00000", "2017-06-30": "-370.00000", "2017-03-31": "-626.00000", "2016-12-31": "-703.00000", "2016-09-30": "-372.00000", "2016-06-30": "-374.00000", "2016-03-31": "-276.00000", "2015-12-31": "-455.00000", "2015-09-30": "-380.00000", "2015-06-30": "-357.00000", "2015-03-31": "-447.00000", "2014-12-31": "-228.00000", "2014-09-30": "-109.00000", "2014-06-30": "-5.00000", "2014-03-31": "15.00000", "2013-12-31": "14.00000", "2013-09-30": "13.00000", "2013-06-30": "-29.00000", "2013-03-31": "-15.00000", "2012-12-31": "2.00000", "2012-09-30": "-6.00000", "2012-06-30": "-29.00000", "2012-03-31": "-7.00000", "2011-12-31": "-6.00000", "2011-09-30": "", "2011-06-30": "", "2011-03-31": "", "2010-12-31": "-6.00000", "2010-09-30": "", "2010-06-30": "", "2010-03-31": "", "2009-12-31": "", "2008-12-31": ""}, "Other Share Holders Equity": {"2020-12-31": "", "2020-09-30": "", "2020-06-30": "", "2020-03-31": "", "2019-12-31": "", "2019-09-30": "", "2019-06-30": "", "2019-03-31": "", "2018-12-31": "", "2018-09-30": "", "2018-06-30": "", "2018-03-31": "", "2017-12-31": "", "2017-09-30": "", "2017-06-30": "", "2017-03-31": "", "2016-12-31": "", "2016-09-30": "", "2016-06-30": "", "2016-03-31": "", "2015-12-31": "", "2015-09-30": "", "2015-06-30": "", "2015-03-31": "", "2014-12-31": "", "2014-09-30": "", "2014-06-30": "", "2014-03-31": "", "2013-12-31": "", "2013-09-30": "", "2013-06-30": "", "2013-03-31": "", "2012-12-31": "", "2012-09-30": "", "2012-06-30": "", "2012-03-31": "", "2011-12-31": "", "2011-09-30": "", "2011-06-30": "", "2011-03-31": "", "2010-12-31": "0.00000", "2010-09-30": "0.00000", "2010-06-30": "0.00000", "2010-03-31": "0.00000", "2009-12-31": "0.00000", "2008-12-31": "0.00000"}, "Share Holder Equity": {"2020-12-31": "128290.00000", "2020-09-30": "117731.00000", "2020-06-30": "110447.00000", "2020-03-31": "105304.00000", "2019-12-31": "101054.00000", "2019-09-30": "93999.00000", "2019-06-30": "88762.00000", "2019-03-31": "86516.00000", "2018-12-31": "84127.00000", "2018-09-30": "80342.00000", "2018-06-30": "79382.00000", "2018-03-31": "77620.00000", "2017-12-31": "74347.00000", "2017-09-30": "71208.00000", "2017-06-30": "66481.00000", "2017-03-31": "62188.00000", "2016-12-31": "59194.00000", "2016-09-30": "54115.00000", "2016-06-30": "50383.00000", "2016-03-31": "47150.00000", "2015-12-31": "44218.00000", "2015-09-30": "41420.00000", "2015-06-30": "39452.00000", "2015-03-31": "37501.00000", "2014-12-31": "36096.00000", "2014-09-30": "21238.00000", "2014-06-30": "18346.00000", "2014-03-31": "16737.00000", "2013-12-31": "15470.00000", "2013-09-30": "13048.00000", "2013-06-30": "12349.00000", "2013-03-31": "11824.00000", "2012-12-31": "11755.00000", "2012-09-30": "14174.00000", "2012-06-30": "13309.00000", "2012-03-31": "5272.00000", "2011-12-31": "4899.00000", "2011-09-30": "", "2011-06-30": "", "2011-03-31": "", "2010-12-31": "2162.00000", "2010-09-30": "0.00000", "2010-06-30": "0.00000", "2010-03-31": "0.00000", "2009-12-31": "0.00000", "2008-12-31": "0.00000"}, "Total Liabilities And Share Holders Equity": {"2020-12-31": "159316.00000", "2020-09-30": "146437.00000", "2020-06-30": "139691.00000", "2020-03-31": "138371.00000", "2019-12-31": "133376.00000", "2019-09-30": "124418.00000", "2019-06-30": "117006.00000", "2019-03-31": "109477.00000", "2018-12-31": "97334.00000", "2018-09-30": "92452.00000", "2018-06-30": "90291.00000", "2018-03-31": "88945.00000", "2017-12-31": "84524.00000", "2017-09-30": "78998.00000", "2017-06-30": "73843.00000", "2017-03-31": "68714.00000", "2016-12-31": "64961.00000", "2016-09-30": "59674.00000", "2016-06-30": "55739.00000", "2016-03-31": "52075.00000", "2015-12-31": "49407.00000", "2015-09-30": "46469.00000", "2015-06-30": "44130.00000", "2015-03-31": "42007.00000", "2014-12-31": "39966.00000", "2014-09-30": "24188.00000", "2014-06-30": "20769.00000", "2014-03-31": "19028.00000", "2013-12-31": "17895.00000", "2013-09-30": "14933.00000", "2013-06-30": "15724.00000", "2013-03-31": "15163.00000", "2012-12-31": "15103.00000", "2012-09-30": "16038.00000", "2012-06-30": "14928.00000", "2012-03-31": "6859.00000", "2011-12-31": "6331.00000", "2011-09-30": "", "2011-06-30": "", "2011-03-31": "", "2010-12-31": "", "2010-09-30": "0.00000", "2010-06-30": "0.00000", "2010-03-31": "0.00000", "2009-12-31": "0.00000", "2008-12-31": "0.00000"}}, "cash flow statement": {"Net Income/Loss": {"2020-12-31": "29146.00000", "2019-12-31": "18485.00000", "2018-12-31": "22112.00000", "2017-12-31": "15934.00000", "2016-12-31": "10217.00000", "2015-12-31": "3688.00000", "2014-12-31": "2940.00000", "2013-12-31": "1500.00000", "2012-12-31": "53.00000", "2011-12-31": "1000.00000", "2010-12-31": "606.00000", "2009-12-31": "229.00000", "2008-12-31": "0.00000", "2007-12-31": "0.00000"}, "Total Depreciation And Amortization - Cash Flow": {"2020-12-31": "6862.00000", "2019-12-31": "5741.00000", "2018-12-31": "4315.00000", "2017-12-31": "3025.00000", "2016-12-31": "2342.00000", "2015-12-31": "1945.00000", "2014-12-31": "1243.00000", "2013-12-31": "1011.00000", "2012-12-31": "649.00000", "2011-12-31": "323.00000", "2010-12-31": "139.00000", "2009-12-31": "78.00000", "2008-12-31": "0.00000", "2007-12-31": ""}, "Other Non-Cash Items": {"2020-12-31": "5462.00000", "2019-12-31": "4838.00000", "2018-12-31": "4374.00000", "2017-12-31": "3370.00000", "2016-12-31": "2791.00000", "2015-12-31": "3903.00000", "2014-12-31": "3405.00000", "2013-12-31": "1035.00000", "2012-12-31": "1409.00000", "2011-12-31": "191.00000", "2010-12-31": "46.00000", "2009-12-31": "27.00000", "2008-12-31": "", "2007-12-31": ""}, "Total Non-Cash Items": {"2020-12-31": "12324.00000", "2019-12-31": "10579.00000", "2018-12-31": "8689.00000", "2017-12-31": "6395.00000", "2016-12-31": "5133.00000", "2015-12-31": "5848.00000", "2014-12-31": "4648.00000", "2013-12-31": "2046.00000", "2012-12-31": "2058.00000", "2011-12-31": "514.00000", "2010-12-31": "185.00000", "2009-12-31": "105.00000", "2008-12-31": "", "2007-12-31": ""}, "Change In Accounts Receivable": {"2020-12-31": "-1512.00000", "2019-12-31": "-1961.00000", "2018-12-31": "-1892.00000", "2017-12-31": "-1609.00000", "2016-12-31": "-1489.00000", "2015-12-31": "-973.00000", "2014-12-31": "-610.00000", "2013-12-31": "-378.00000", "2012-12-31": "-170.00000", "2011-12-31": "-174.00000", "2010-12-31": "-209.00000", "2009-12-31": "-112.00000", "2008-12-31": "", "2007-12-31": ""}, "Change In Inventories": {"2020-12-31": "", "2019-12-31": "", "2018-12-31": "", "2017-12-31": "", "2016-12-31": "", "2015-12-31": "", "2014-12-31": "", "2013-12-31": "", "2012-12-31": "", "2011-12-31": "", "2010-12-31": "", "2009-12-31": "", "2008-12-31": "", "2007-12-31": ""}, "Change In Accounts Payable": {"2020-12-31": "-17.00000", "2019-12-31": "113.00000", "2018-12-31": "221.00000", "2017-12-31": "43.00000", "2016-12-31": "14.00000", "2015-12-31": "18.00000", "2014-12-31": "31.00000", "2013-12-31": "26.00000", "2012-12-31": "1.00000", "2011-12-31": "6.00000", "2010-12-31": "12.00000", "2009-12-31": "-7.00000", "2008-12-31": "", "2007-12-31": ""}, "Change In Assets/Liabilities": {"2020-12-31": "-140.00000", "2019-12-31": "1798.00000", "2018-12-31": "-1273.00000", "2017-12-31": "3144.00000", "2016-12-31": "1219.00000", "2015-12-31": "1226.00000", "2014-12-31": "-11.00000", "2013-12-31": "1066.00000", "2012-12-31": "-482.00000", "2011-12-31": "166.00000", "2010-12-31": "84.00000", "2009-12-31": "-87.00000", "2008-12-31": "", "2007-12-31": ""}, "Total Change In Assets/Liabilities": {"2020-12-31": "-2723.00000", "2019-12-31": "7250.00000", "2018-12-31": "-1527.00000", "2017-12-31": "1887.00000", "2016-12-31": "758.00000", "2015-12-31": "784.00000", "2014-12-31": "-262.00000", "2013-12-31": "676.00000", "2012-12-31": "-499.00000", "2011-12-31": "35.00000", "2010-12-31": "-93.00000", "2009-12-31": "-179.00000", "2008-12-31": "0.00000", "2007-12-31": ""}, "Cash Flow From Operating Activities": {"2020-12-31": "38747.00000", "2019-12-31": "36314.00000", "2018-12-31": "29274.00000", "2017-12-31": "24216.00000", "2016-12-31": "16108.00000", "2015-12-31": "10320.00000", "2014-12-31": "7326.00000", "2013-12-31": "4222.00000", "2012-12-31": "1612.00000", "2011-12-31": "1549.00000", "2010-12-31": "698.00000", "2009-12-31": "155.00000", "2008-12-31": "0.00000", "2007-12-31": ""}, "Net Change In Property, Plant, And Equipment": {"2020-12-31": "-15115.00000", "2019-12-31": "-15102.00000", "2018-12-31": "-13915.00000", "2017-12-31": "-6733.00000", "2016-12-31": "-4491.00000", "2015-12-31": "-2523.00000", "2014-12-31": "-1831.00000", "2013-12-31": "-1362.00000", "2012-12-31": "-1235.00000", "2011-12-31": "-606.00000", "2010-12-31": "-293.00000", "2009-12-31": "-33.00000", "2008-12-31": "0.00000", "2007-12-31": ""}, "Net Change In Intangible Assets": {"2020-12-31": "", "2019-12-31": "", "2018-12-31": "", "2017-12-31": "", "2016-12-31": "", "2015-12-31": "", "2014-12-31": "", "2013-12-31": "", "2012-12-31": "", "2011-12-31": "", "2010-12-31": "", "2009-12-31": "", "2008-12-31": "", "2007-12-31": ""}, "Net Acquisitions/Divestitures": {"2020-12-31": "-388.00000", "2019-12-31": "-508.00000", "2018-12-31": "-137.00000", "2017-12-31": "-122.00000", "2016-12-31": "-123.00000", "2015-12-31": "-313.00000", "2014-12-31": "-4975.00000", "2013-12-31": "-368.00000", "2012-12-31": "-911.00000", "2011-12-31": "-24.00000", "2010-12-31": "-22.00000", "2009-12-31": "3.00000", "2008-12-31": "0.00000", "2007-12-31": ""}, "Net Change In Short-term Investments": {"2020-12-31": "-8159.00000", "2019-12-31": "-4193.00000", "2018-12-31": "2474.00000", "2017-12-31": "-13250.00000", "2016-12-31": "-7186.00000", "2015-12-31": "-6700.00000", "2014-12-31": "1243.00000", "2013-12-31": "-882.00000", "2012-12-31": "-4874.00000", "2011-12-31": "-2396.00000", "2010-12-31": "0.00000", "2009-12-31": "", "2008-12-31": "", "2007-12-31": ""}, "Net Change In Long-Term Investments": {"2020-12-31": "-6361.00000", "2019-12-31": "-61.00000", "2018-12-31": "-25.00000", "2017-12-31": "", "2016-12-31": "", "2015-12-31": "", "2014-12-31": "", "2013-12-31": "", "2012-12-31": "", "2011-12-31": "-3.00000", "2010-12-31": "", "2009-12-31": "", "2008-12-31": "", "2007-12-31": ""}, "Net Change In Investments - Total": {"2020-12-31": "-14520.00000", "2019-12-31": "-4254.00000", "2018-12-31": "2449.00000", "2017-12-31": "-13250.00000", "2016-12-31": "-7186.00000", "2015-12-31": "-6700.00000", "2014-12-31": "1243.00000", "2013-12-31": "-882.00000", "2012-12-31": "-4874.00000", "2011-12-31": "-2399.00000", "2010-12-31": "", "2009-12-31": "", "2008-12-31": "0.00000", "2007-12-31": ""}, "Investing Activities - Other": {"2020-12-31": "-36.00000", "2019-12-31": "", "2018-12-31": "", "2017-12-31": "-13.00000", "2016-12-31": "8.00000", "2015-12-31": "102.00000", "2014-12-31": "-350.00000", "2013-12-31": "-12.00000", "2012-12-31": "-4.00000", "2011-12-31": "6.00000", "2010-12-31": "-9.00000", "2009-12-31": "-32.00000", "2008-12-31": "", "2007-12-31": ""}, "Cash Flow From Investing Activities": {"2020-12-31": "-30059.00000", "2019-12-31": "-19864.00000", "2018-12-31": "-11603.00000", "2017-12-31": "-20118.00000", "2016-12-31": "-11792.00000", "2015-12-31": "-9434.00000", "2014-12-31": "-5913.00000", "2013-12-31": "-2624.00000", "2012-12-31": "-7024.00000", "2011-12-31": "-3023.00000", "2010-12-31": "-324.00000", "2009-12-31": "-62.00000", "2008-12-31": "0.00000", "2007-12-31": ""}, "Net Long-Term Debt": {"2020-12-31": "-604.00000", "2019-12-31": "-552.00000", "2018-12-31": "", "2017-12-31": "", "2016-12-31": "-312.00000", "2015-12-31": "-119.00000", "2014-12-31": "-243.00000", "2013-12-31": "-1891.00000", "2012-12-31": "1130.00000", "2011-12-31": "-431.00000", "2010-12-31": "160.00000", "2009-12-31": "-48.00000", "2008-12-31": "", "2007-12-31": ""}, "Net Current Debt": {"2020-12-31": "", "2019-12-31": "", "2018-12-31": "", "2017-12-31": "", "2016-12-31": "", "2015-12-31": "", "2014-12-31": "", "2013-12-31": "", "2012-12-31": "", "2011-12-31": "", "2010-12-31": "", "2009-12-31": "", "2008-12-31": "0.00000", "2007-12-31": ""}, "Debt Issuance/Retirement Net - Total": {"2020-12-31": "-604.00000", "2019-12-31": "-552.00000", "2018-12-31": "", "2017-12-31": "", "2016-12-31": "-312.00000", "2015-12-31": "-119.00000", "2014-12-31": "-243.00000", "2013-12-31": "-1891.00000", "2012-12-31": "1130.00000", "2011-12-31": "-431.00000", "2010-12-31": "160.00000", "2009-12-31": "-48.00000", "2008-12-31": "0.00000", "2007-12-31": ""}, "Net Common Equity Issued/Repurchased": {"2020-12-31": "-6272.00000", "2019-12-31": "-4202.00000", "2018-12-31": "-12879.00000", "2017-12-31": "-1976.00000", "2016-12-31": "", "2015-12-31": "", "2014-12-31": "", "2013-12-31": "1504.00000", "2012-12-31": "6777.00000", "2011-12-31": "1026.00000", "2010-12-31": "506.00000", "2009-12-31": "9.00000", "2008-12-31": "", "2007-12-31": ""}, "Net Total Equity Issued/Repurchased": {"2020-12-31": "-6272.00000", "2019-12-31": "-4202.00000", "2018-12-31": "-12879.00000", "2017-12-31": "-1976.00000", "2016-12-31": "", "2015-12-31": "", "2014-12-31": "", "2013-12-31": "1504.00000", "2012-12-31": "6777.00000", "2011-12-31": "1026.00000", "2010-12-31": "506.00000", "2009-12-31": "209.00000", "2008-12-31": "0.00000", "2007-12-31": ""}, "Total Common And Preferred Stock Dividends Paid": {"2020-12-31": "", "2019-12-31": "", "2018-12-31": "", "2017-12-31": "", "2016-12-31": "", "2015-12-31": "", "2014-12-31": "", "2013-12-31": "", "2012-12-31": "", "2011-12-31": "", "2010-12-31": "", "2009-12-31": "", "2008-12-31": "0.00000", "2007-12-31": ""}, "Financial Activities - Other": {"2020-12-31": "-3416.00000", "2019-12-31": "-2545.00000", "2018-12-31": "-2693.00000", "2017-12-31": "-3259.00000", "2016-12-31": "2.00000", "2015-12-31": "-20.00000", "2014-12-31": "-55.00000", "2013-12-31": "-280.00000", "2012-12-31": "-1624.00000", "2011-12-31": "603.00000", "2010-12-31": "115.00000", "2009-12-31": "82.00000", "2008-12-31": "", "2007-12-31": ""}, "Cash Flow From Financial Activities": {"2020-12-31": "-10292.00000", "2019-12-31": "-7299.00000", "2018-12-31": "-15572.00000", "2017-12-31": "-5235.00000", "2016-12-31": "-310.00000", "2015-12-31": "-139.00000", "2014-12-31": "-298.00000", "2013-12-31": "-667.00000", "2012-12-31": "6283.00000", "2011-12-31": "1198.00000", "2010-12-31": "781.00000", "2009-12-31": "243.00000", "2008-12-31": "0.00000", "2007-12-31": ""}, "Net Cash Flow": {"2020-12-31": "-1325.00000", "2019-12-31": "9155.00000", "2018-12-31": "1920.00000", "2017-12-31": "-905.00000", "2016-12-31": "3943.00000", "2015-12-31": "592.00000", "2014-12-31": "992.00000", "2013-12-31": "939.00000", "2012-12-31": "872.00000", "2011-12-31": "-273.00000", "2010-12-31": "1152.00000", "2009-12-31": "336.00000", "2008-12-31": "0.00000", "2007-12-31": ""}, "Stock-Based Compensation": {"2020-12-31": "6536.00000", "2019-12-31": "4836.00000", "2018-12-31": "4152.00000", "2017-12-31": "3723.00000", "2016-12-31": "3218.00000", "2015-12-31": "2960.00000", "2014-12-31": "1786.00000", "2013-12-31": "906.00000", "2012-12-31": "1572.00000", "2011-12-31": "217.00000", "2010-12-31": "20.00000", "2009-12-31": "27.00000", "2008-12-31": "", "2007-12-31": ""}, "Common Stock Dividends Paid": {"2020-12-31": "", "2019-12-31": "", "2018-12-31": "", "2017-12-31": "", "2016-12-31": "", "2015-12-31": "", "2014-12-31": "", "2013-12-31": "", "2012-12-31": "", "2011-12-31": "", "2010-12-31": "", "2009-12-31": "", "2008-12-31": "", "2007-12-31": ""}}, "cash flow statement, quarterly": {"Net Income/Loss": {"2020-12-31": 11219, "2020-09-30": 7846, "2020-06-30": 5179, "2020-03-31": "4902.00000", "2019-12-31": 7349, "2019-09-30": 6091, "2019-06-30": 2616, "2019-03-31": "2429.00000", "2018-12-31": 6882, "2018-09-30": 5137, "2018-06-30": 5105, "2018-03-31": "4988.00000", "2017-12-31": 4269, "2017-09-30": 4706, "2017-06-30": 3895, "2017-03-31": "3064.00000", "2016-12-31": 3569, "2016-09-30": 2627, "2016-06-30": 2283, "2016-03-31": "1738.00000", "2015-12-31": 1561, "2015-09-30": 896, "2015-06-30": 719, "2015-03-31": "512.00000", "2014-12-31": 701, "2014-09-30": 806, "2014-06-30": 791, "2014-03-31": "642.00000", "2013-12-31": 523, "2013-09-30": 425, "2013-06-30": 333, "2013-03-31": "219.00000", "2012-12-31": 64, "2012-09-30": -59, "2012-06-30": -157, "2012-03-31": "205.00000", "2011-12-31": 302, "2011-09-30": 227, "2011-06-30": 238, "2011-03-31": "233.00000", "2010-12-31": 0, "2010-09-30": 0, "2010-06-30": 0, "2010-03-31": "0.00000", "2009-12-31": 229, "2008-12-31": 0}, "Total Depreciation And Amortization - Cash Flow": {"2020-12-31": 1863, "2020-09-30": 1698, "2020-06-30": 1704, "2020-03-31": "1597.00000", "2019-12-31": 1468, "2019-09-30": 1416, "2019-06-30": 1502, "2019-03-31": "1355.00000", "2018-12-31": 1225, "2018-09-30": 1107, "2018-06-30": 1034, "2018-03-31": "949.00000", "2017-12-31": 853, "2017-09-30": 772, "2017-06-30": 729, "2017-03-31": "671.00000", "2016-12-31": 614, "2016-09-30": 591, "2016-06-30": 585, "2016-03-31": "552.00000", "2015-12-31": 543, "2015-09-30": 486, "2015-06-30": 459, "2015-03-31": "457.00000", "2014-12-31": 433, "2014-09-30": 289, "2014-06-30": 257, "2014-03-31": "264.00000", "2013-12-31": 274, "2013-09-30": 274, "2013-06-30": 230, "2013-03-31": "233.00000", "2012-12-31": 224, "2012-09-30": 176, "2012-06-30": 139, "2012-03-31": "110.00000", "2011-12-31": 103, "2011-09-30": 97, "2011-06-30": 72, "2011-03-31": "51.00000", "2010-12-31": 0, "2010-09-30": 0, "2010-06-30": 0, "2010-03-31": "0.00000", "2009-12-31": 78, "2008-12-31": 0}, "Other Non-Cash Items": {"2020-12-31": 1470, "2020-09-30": 223, "2020-06-30": 1951, "2020-03-31": "1818.00000", "2019-12-31": 874, "2019-09-30": 1453, "2019-06-30": 1312, "2019-03-31": "1199.00000", "2018-12-31": 1092, "2018-09-30": 1069, "2018-06-30": 1297, "2018-03-31": "916.00000", "2017-12-31": 595, "2017-09-30": 922, "2017-06-30": 1065, "2017-03-31": "788.00000", "2016-12-31": 536, "2016-09-30": 851, "2016-06-30": 722, "2016-03-31": "682.00000", "2015-12-31": 2348, "2015-09-30": 380, "2015-06-30": 698, "2015-03-31": "477.00000", "2014-12-31": 2531, "2014-09-30": 351, "2014-06-30": 257, "2014-03-31": "266.00000", "2013-12-31": 242, "2013-09-30": 302, "2013-06-30": 314, "2013-03-31": "177.00000", "2012-12-31": 440, "2012-09-30": 127, "2012-06-30": 762, "2012-03-31": "80.00000", "2011-12-31": 73, "2011-09-30": 55, "2011-06-30": 55, "2011-03-31": "8.00000", "2010-12-31": 46, "2010-09-30": 0, "2010-06-30": 0, "2010-03-31": "", "2009-12-31": 0, "2008-12-31": 0}, "Total Non-Cash Items": {"2020-12-31": 3333, "2020-09-30": 1921, "2020-06-30": 3655, "2020-03-31": "3415.00000", "2019-12-31": 2342, "2019-09-30": 2869, "2019-06-30": 2814, "2019-03-31": "2554.00000", "2018-12-31": 2317, "2018-09-30": 2176, "2018-06-30": 2331, "2018-03-31": "1865.00000", "2017-12-31": 1448, "2017-09-30": 1694, "2017-06-30": 1794, "2017-03-31": "1459.00000", "2016-12-31": 1150, "2016-09-30": 1442, "2016-06-30": 1307, "2016-03-31": "1234.00000", "2015-12-31": 2891, "2015-09-30": 866, "2015-06-30": 1157, "2015-03-31": "934.00000", "2014-12-31": 2964, "2014-09-30": 640, "2014-06-30": 514, "2014-03-31": "530.00000", "2013-12-31": 516, "2013-09-30": 576, "2013-06-30": 544, "2013-03-31": "410.00000", "2012-12-31": 664, "2012-09-30": 303, "2012-06-30": 901, "2012-03-31": "190.00000", "2011-12-31": 176, "2011-09-30": 152, "2011-06-30": 127, "2011-03-31": "59.00000", "2010-12-31": 185, "2010-09-30": 0, "2010-06-30": 0, "2010-03-31": "", "2009-12-31": 78, "2008-12-31": 0}, "Change In Accounts Receivable": {"2020-12-31": -3059, "2020-09-30": -377, "2020-06-30": -122, "2020-03-31": "2046.00000", "2019-12-31": -1697, "2019-09-30": -328, "2019-06-30": -1006, "2019-03-31": "1070.00000", "2018-12-31": -1564, "2018-09-30": -489, "2018-06-30": -627, "2018-03-31": "788.00000", "2017-12-31": -1374, "2017-09-30": -458, "2017-06-30": -386, "2017-03-31": "609.00000", "2016-12-31": -1011, "2016-09-30": -253, "2016-06-30": -492, "2016-03-31": "267.00000", "2015-12-31": -568, "2015-09-30": -207, "2015-06-30": -282, "2015-03-31": "84.00000", "2014-12-31": -346, "2014-09-30": -182, "2014-06-30": -187, "2014-03-31": "105.00000", "2013-12-31": -233, "2013-09-30": -83, "2013-06-30": -116, "2013-03-31": "54.00000", "2012-12-31": -80, "2012-09-30": -50, "2012-06-30": -105, "2012-03-31": "65.00000", "2011-12-31": -102, "2011-09-30": -44, "2011-06-30": -55, "2011-03-31": "27.00000", "2010-12-31": -209, "2010-09-30": 0, "2010-06-30": 0, "2010-03-31": "", "2009-12-31": 0, "2008-12-31": 0}, "Change In Inventories": {"2020-12-31": 0, "2020-09-30": 0, "2020-06-30": 0, "2020-03-31": "", "2019-12-31": 0, "2019-09-30": 0, "2019-06-30": 0, "2019-03-31": "", "2018-12-31": 0, "2018-09-30": 0, "2018-06-30": 0, "2018-03-31": "", "2017-12-31": 0, "2017-09-30": 0, "2017-06-30": 0, "2017-03-31": "", "2016-12-31": 0, "2016-09-30": 0, "2016-06-30": 0, "2016-03-31": "", "2015-12-31": 0, "2015-09-30": 0, "2015-06-30": 0, "2015-03-31": "", "2014-12-31": 0, "2014-09-30": 0, "2014-06-30": 0, "2014-03-31": "", "2013-12-31": 0, "2013-09-30": 0, "2013-06-30": 0, "2013-03-31": "", "2012-12-31": 0, "2012-09-30": 0, "2012-06-30": 0, "2012-03-31": "", "2011-12-31": 0, "2011-09-30": 0, "2011-06-30": 0, "2011-03-31": "", "2010-12-31": 0, "2010-09-30": 0, "2010-06-30": 0, "2010-03-31": "", "2009-12-31": 0, "2008-12-31": 0}, "Change In Accounts Payable": {"2020-12-31": -56, "2020-09-30": 139, "2020-06-30": -56, "2020-03-31": "-44.00000", "2019-12-31": 111, "2019-09-30": 89, "2019-06-30": 9, "2019-03-31": "-96.00000", "2018-12-31": 133, "2018-09-30": 38, "2018-06-30": 49, "2018-03-31": "1.00000", "2017-12-31": 50, "2017-09-30": 31, "2017-06-30": -28, "2017-03-31": "-10.00000", "2016-12-31": 35, "2016-09-30": 18, "2016-06-30": -41, "2016-03-31": "2.00000", "2015-12-31": 11, "2015-09-30": -9, "2015-06-30": 31, "2015-03-31": "-15.00000", "2014-12-31": 19, "2014-09-30": -57, "2014-06-30": 79, "2014-03-31": "-10.00000", "2013-12-31": 43, "2013-09-30": -19, "2013-06-30": 1, "2013-03-31": "1.00000", "2012-12-31": -19, "2012-09-30": 28, "2012-06-30": -5, "2012-03-31": "-3.00000", "2011-12-31": -30, "2011-09-30": 29, "2011-06-30": 10, "2011-03-31": "-3.00000", "2010-12-31": 12, "2010-09-30": 0, "2010-06-30": 0, "2010-03-31": "", "2009-12-31": 0, "2008-12-31": 0}, "Change In Assets/Liabilities": {"2020-12-31": 384, "2020-09-30": 557, "2020-06-30": -783, "2020-03-31": "-298.00000", "2019-12-31": 117, "2019-09-30": 129, "2019-06-30": 1355, "2019-03-31": "197.00000", "2018-12-31": -523, "2018-09-30": 282, "2018-06-30": -543, "2018-03-31": "-489.00000", "2017-12-31": 3064, "2017-09-30": 216, "2017-06-30": -11, "2017-03-31": "-125.00000", "2016-12-31": 815, "2016-09-30": -26, "2016-06-30": 176, "2016-03-31": "254.00000", "2015-12-31": 431, "2015-09-30": 596, "2015-06-30": 148, "2015-03-31": "51.00000", "2014-12-31": -16, "2014-09-30": -82, "2014-06-30": 42, "2014-03-31": "45.00000", "2013-12-31": 315, "2013-09-30": 165, "2013-06-30": 518, "2013-03-31": "68.00000", "2012-12-31": -512, "2012-09-30": 59, "2012-06-30": -11, "2012-03-31": "-18.00000", "2011-12-31": 118, "2011-09-30": 189, "2011-06-30": -164, "2011-03-31": "23.00000", "2010-12-31": 84, "2010-09-30": 0, "2010-06-30": 0, "2010-03-31": "", "2009-12-31": 0, "2008-12-31": 0}, "Total Change In Assets/Liabilities": {"2020-12-31": -512, "2020-09-30": 62, "2020-06-30": -4957, "2020-03-31": "2684.00000", "2019-12-31": -608, "2019-09-30": 347, "2019-06-30": 3186, "2019-03-31": "4325.00000", "2018-12-31": -1581, "2018-09-30": 185, "2018-06-30": -1138, "2018-03-31": "1007.00000", "2017-12-31": 1954, "2017-09-30": -273, "2017-06-30": -329, "2017-03-31": "535.00000", "2016-12-31": 211, "2016-09-30": -33, "2016-06-30": 75, "2016-03-31": "505.00000", "2015-12-31": 96, "2015-09-30": 430, "2015-06-30": 4, "2015-03-31": "254.00000", "2014-12-31": -213, "2014-09-30": -198, "2014-06-30": 36, "2014-03-31": "113.00000", "2013-12-31": 192, "2013-09-30": -51, "2013-06-30": 445, "2013-03-31": "90.00000", "2012-12-31": -47, "2012-09-30": 6, "2012-06-30": -504, "2012-03-31": "46.00000", "2011-12-31": 32, "2011-09-30": 186, "2011-06-30": -236, "2011-03-31": "53.00000", "2010-12-31": 0, "2010-09-30": 0, "2010-06-30": 0, "2010-03-31": "0.00000", "2009-12-31": -179, "2008-12-31": 0}, "Cash Flow From Operating Activities": {"2020-12-31": 14040, "2020-09-30": 9829, "2020-06-30": 3877, "2020-03-31": "11001.00000", "2019-12-31": 9083, "2019-09-30": 9307, "2019-06-30": 8616, "2019-03-31": "9308.00000", "2018-12-31": 7618, "2018-09-30": 7498, "2018-06-30": 6298, "2018-03-31": "7860.00000", "2017-12-31": 7671, "2017-09-30": 6127, "2017-06-30": 5360, "2017-03-31": "5058.00000", "2016-12-31": 4930, "2016-09-30": 4036, "2016-06-30": 3665, "2016-03-31": "3477.00000", "2015-12-31": 4548, "2015-09-30": 2192, "2015-06-30": 1880, "2015-03-31": "1700.00000", "2014-12-31": 3452, "2014-09-30": 1248, "2014-06-30": 1341, "2014-03-31": "1285.00000", "2013-12-31": 1231, "2013-09-30": 950, "2013-06-30": 1322, "2013-03-31": "719.00000", "2012-12-31": 681, "2012-09-30": 250, "2012-06-30": 240, "2012-03-31": "441.00000", "2011-12-31": 510, "2011-09-30": 565, "2011-06-30": 129, "2011-03-31": "345.00000", "2010-12-31": 0, "2010-09-30": 0, "2010-06-30": 0, "2010-03-31": "0.00000", "2009-12-31": 155, "2008-12-31": 0}, "Net Change In Property, Plant, And Equipment": {"2020-12-31": -4613, "2020-09-30": -3689, "2020-06-30": -3255, "2020-03-31": "-3558.00000", "2019-12-31": -4100, "2019-09-30": -3532, "2019-06-30": -3633, "2019-03-31": "-3837.00000", "2018-12-31": -4301, "2018-09-30": -3342, "2018-06-30": -3460, "2018-03-31": "-2812.00000", "2017-12-31": -2263, "2017-09-30": -1755, "2017-06-30": -1444, "2017-03-31": "-1271.00000", "2016-12-31": -1269, "2016-09-30": -1095, "2016-06-30": -995, "2016-03-31": "-1132.00000", "2015-12-31": -692, "2015-09-30": -780, "2015-06-30": -549, "2015-03-31": "-502.00000", "2014-12-31": -517, "2014-09-30": -482, "2014-06-30": -469, "2014-03-31": "-363.00000", "2013-12-31": -483, "2013-09-30": -284, "2013-06-30": -268, "2013-03-31": "-327.00000", "2012-12-31": -198, "2012-09-30": -171, "2012-06-30": -413, "2012-03-31": "-453.00000", "2011-12-31": -185, "2011-09-30": -136, "2011-06-30": -132, "2011-03-31": "-153.00000", "2010-12-31": 0, "2010-09-30": 0, "2010-06-30": 0, "2010-03-31": "0.00000", "2009-12-31": -33, "2008-12-31": 0}, "Net Change In Intangible Assets": {"2020-12-31": 0, "2020-09-30": 0, "2020-06-30": 0, "2020-03-31": "", "2019-12-31": 0, "2019-09-30": 0, "2019-06-30": 0, "2019-03-31": "", "2018-12-31": 0, "2018-09-30": 0, "2018-06-30": 0, "2018-03-31": "", "2017-12-31": 0, "2017-09-30": 0, "2017-06-30": 0, "2017-03-31": "", "2016-12-31": 0, "2016-09-30": 0, "2016-06-30": 0, "2016-03-31": "", "2015-12-31": 0, "2015-09-30": 0, "2015-06-30": 0, "2015-03-31": "", "2014-12-31": 0, "2014-09-30": 0, "2014-06-30": 0, "2014-03-31": "", "2013-12-31": 0, "2013-09-30": 0, "2013-06-30": 0, "2013-03-31": "", "2012-12-31": 0, "2012-09-30": 0, "2012-06-30": 0, "2012-03-31": "", "2011-12-31": 0, "2011-09-30": 0, "2011-06-30": 0, "2011-03-31": "", "2010-12-31": 0, "2010-09-30": 0, "2010-06-30": 0, "2010-03-31": "", "2009-12-31": 0, "2008-12-31": 0}, "Net Acquisitions/Divestitures": {"2020-12-31": -4, "2020-09-30": -12, "2020-06-30": -339, "2020-03-31": "-33.00000", "2019-12-31": -445, "2019-09-30": -10, "2019-06-30": -3, "2019-03-31": "-50.00000", "2018-12-31": -137, "2018-09-30": 0, "2018-06-30": 0, "2018-03-31": "", "2017-12-31": -16, "2017-09-30": -98, "2017-06-30": -8, "2017-03-31": "", "2016-12-31": -42, "2016-09-30": -61, "2016-06-30": -19, "2016-03-31": "-1.00000", "2015-12-31": -4, "2015-09-30": -27, "2015-06-30": -25, "2015-03-31": "-257.00000", "2014-12-31": -4221, "2014-09-30": -735, "2014-06-30": -19, "2014-03-31": "", "2013-12-31": -131, "2013-09-30": -16, "2013-06-30": -122, "2013-03-31": "-99.00000", "2012-12-31": 0, "2012-09-30": -336, "2012-06-30": -550, "2012-03-31": "-25.00000", "2011-12-31": -19, "2011-09-30": -1, "2011-06-30": -3, "2011-03-31": "-1.00000", "2010-12-31": 0, "2010-09-30": 0, "2010-06-30": 0, "2010-03-31": "0.00000", "2009-12-31": 3, "2008-12-31": 0}, "Net Change In Short-term Investments": {"2020-12-31": -470, "2020-09-30": -6875, "2020-06-30": -338, "2020-03-31": "-476.00000", "2019-12-31": 509, "2019-09-30": -1508, "2019-06-30": -313, "2019-03-31": "-2881.00000", "2018-12-31": 637, "2018-09-30": -830, "2018-06-30": 1092, "2018-03-31": "1575.00000", "2017-12-31": -2717, "2017-09-30": -1892, "2017-06-30": -4010, "2017-03-31": "-4631.00000", "2016-12-31": -643, "2016-09-30": -1969, "2016-06-30": -3998, "2016-03-31": "-576.00000", "2015-12-31": -2055, "2015-09-30": -2526, "2015-06-30": -11, "2015-03-31": "-2108.00000", "2014-12-31": -1643, "2014-09-30": 4326, "2014-06-30": 68, "2014-03-31": "-1508.00000", "2013-12-31": -1905, "2013-09-30": 1034, "2013-06-30": -105, "2013-03-31": "94.00000", "2012-12-31": 732, "2012-09-30": 117, "2012-06-30": -5483, "2012-03-31": "-240.00000", "2011-12-31": 161, "2011-09-30": -665, "2011-06-30": -1892, "2011-03-31": "", "2010-12-31": 0, "2010-09-30": 0, "2010-06-30": 0, "2010-03-31": "", "2009-12-31": 0, "2008-12-31": 0}, "Net Change In Long-Term Investments": {"2020-12-31": -59, "2020-09-30": -6302, "2020-06-30": 0, "2020-03-31": "", "2019-12-31": 0, "2019-09-30": -61, "2019-06-30": 0, "2019-03-31": "", "2018-12-31": -25, "2018-09-30": 0, "2018-06-30": 0, "2018-03-31": "", "2017-12-31": 0, "2017-09-30": 0, "2017-06-30": 0, "2017-03-31": "", "2016-12-31": 0, "2016-09-30": 0, "2016-06-30": 0, "2016-03-31": "", "2015-12-31": 0, "2015-09-30": 0, "2015-06-30": 0, "2015-03-31": "", "2014-12-31": 0, "2014-09-30": 0, "2014-06-30": 0, "2014-03-31": "", "2013-12-31": 0, "2013-09-30": 0, "2013-06-30": 0, "2013-03-31": "", "2012-12-31": 3, "2012-09-30": 0, "2012-06-30": -2, "2012-03-31": "-1.00000", "2011-12-31": -1, "2011-09-30": -1, "2011-06-30": -1, "2011-03-31": "", "2010-12-31": 0, "2010-09-30": 0, "2010-06-30": 0, "2010-03-31": "", "2009-12-31": 0, "2008-12-31": 0}, "Net Change In Investments - Total": {"2020-12-31": -529, "2020-09-30": -13177, "2020-06-30": -338, "2020-03-31": "-476.00000", "2019-12-31": 509, "2019-09-30": -1569, "2019-06-30": -313, "2019-03-31": "-2881.00000", "2018-12-31": 612, "2018-09-30": -830, "2018-06-30": 1092, "2018-03-31": "1575.00000", "2017-12-31": -2717, "2017-09-30": -1892, "2017-06-30": -4010, "2017-03-31": "-4631.00000", "2016-12-31": -643, "2016-09-30": -1969, "2016-06-30": -3998, "2016-03-31": "-576.00000", "2015-12-31": -2055, "2015-09-30": -2526, "2015-06-30": -11, "2015-03-31": "-2108.00000", "2014-12-31": -1643, "2014-09-30": 4326, "2014-06-30": 68, "2014-03-31": "-1508.00000", "2013-12-31": -1905, "2013-09-30": 1034, "2013-06-30": -105, "2013-03-31": "94.00000", "2012-12-31": 735, "2012-09-30": 117, "2012-06-30": -5485, "2012-03-31": "-241.00000", "2011-12-31": 160, "2011-09-30": -666, "2011-06-30": -1893, "2011-03-31": "", "2010-12-31": 0, "2010-09-30": 0, "2010-06-30": 0, "2010-03-31": "0.00000", "2009-12-31": 0, "2008-12-31": 0}, "Investing Activities - Other": {"2020-12-31": -27, "2020-09-30": 279, "2020-06-30": -246, "2020-03-31": "-42.00000", "2019-12-31": 0, "2019-09-30": 61, "2019-06-30": -61, "2019-03-31": "", "2018-12-31": 141, "2018-09-30": -75, "2018-06-30": -16, "2018-03-31": "-50.00000", "2017-12-31": -7, "2017-09-30": 16, "2017-06-30": -4, "2017-03-31": "-18.00000", "2016-12-31": -74, "2016-09-30": 8, "2016-06-30": 41, "2016-03-31": "33.00000", "2015-12-31": 25, "2015-09-30": 33, "2015-06-30": 21, "2015-03-31": "23.00000", "2014-12-31": -235, "2014-09-30": -112, "2014-06-30": -2, "2014-03-31": "-1.00000", "2013-12-31": -15, "2013-09-30": 0, "2013-06-30": -3, "2013-03-31": "6.00000", "2012-12-31": -2, "2012-09-30": 1, "2012-06-30": -2, "2012-03-31": "-1.00000", "2011-12-31": 1, "2011-09-30": 8, "2011-06-30": -4, "2011-03-31": "1.00000", "2010-12-31": 0, "2010-09-30": 0, "2010-06-30": 0, "2010-03-31": "", "2009-12-31": -32, "2008-12-31": 0}, "Cash Flow From Investing Activities": {"2020-12-31": -5173, "2020-09-30": -16599, "2020-06-30": -4178, "2020-03-31": "-4109.00000", "2019-12-31": -4036, "2019-09-30": -5050, "2019-06-30": -4010, "2019-03-31": "-6768.00000", "2018-12-31": -3685, "2018-09-30": -4247, "2018-06-30": -2384, "2018-03-31": "-1287.00000", "2017-12-31": -5003, "2017-09-30": -3729, "2017-06-30": -5466, "2017-03-31": "-5920.00000", "2016-12-31": -2028, "2016-09-30": -3117, "2016-06-30": -4971, "2016-03-31": "-1676.00000", "2015-12-31": -2726, "2015-09-30": -3300, "2015-06-30": -564, "2015-03-31": "-2844.00000", "2014-12-31": -6616, "2014-09-30": 2997, "2014-06-30": -422, "2014-03-31": "-1872.00000", "2013-12-31": -2534, "2013-09-30": 734, "2013-06-30": -498, "2013-03-31": "-326.00000", "2012-12-31": 535, "2012-09-30": -389, "2012-06-30": -6450, "2012-03-31": "-720.00000", "2011-12-31": -43, "2011-09-30": -795, "2011-06-30": -2032, "2011-03-31": "-153.00000", "2010-12-31": 0, "2010-09-30": 0, "2010-06-30": 0, "2010-03-31": "0.00000", "2009-12-31": -62, "2008-12-31": 0}, "Net Long-Term Debt": {"2020-12-31": -206, "2020-09-30": -189, "2020-06-30": -109, "2020-03-31": "-100.00000", "2019-12-31": -141, "2019-09-30": -144, "2019-06-30": -142, "2019-03-31": "-125.00000", "2018-12-31": 0, "2018-09-30": 0, "2018-06-30": 0, "2018-03-31": "", "2017-12-31": 0, "2017-09-30": 0, "2017-06-30": 0, "2017-03-31": "", "2016-12-31": 0, "2016-09-30": 0, "2016-06-30": 0, "2016-03-31": "-312.00000", "2015-12-31": -12, "2015-09-30": -23, "2015-06-30": -37, "2015-03-31": "-47.00000", "2014-12-31": -44, "2014-09-30": -49, "2014-06-30": -66, "2014-03-31": "-84.00000", "2013-12-31": -100, "2013-09-30": -1591, "2013-06-30": -91, "2013-03-31": "-109.00000", "2012-12-31": 1361, "2012-09-30": -88, "2012-06-30": -72, "2012-03-31": "-71.00000", "2011-12-31": -53, "2011-09-30": -46, "2011-06-30": -53, "2011-03-31": "-279.00000", "2010-12-31": 160, "2010-09-30": 0, "2010-06-30": 0, "2010-03-31": "", "2009-12-31": 0, "2008-12-31": 0}, "Net Current Debt": {"2020-12-31": 0, "2020-09-30": 0, "2020-06-30": 0, "2020-03-31": "", "2019-12-31": 0, "2019-09-30": 0, "2019-06-30": 0, "2019-03-31": "", "2018-12-31": 0, "2018-09-30": 0, "2018-06-30": 0, "2018-03-31": "", "2017-12-31": 0, "2017-09-30": 0, "2017-06-30": 0, "2017-03-31": "", "2016-12-31": 0, "2016-09-30": 0, "2016-06-30": 0, "2016-03-31": "", "2015-12-31": 0, "2015-09-30": 0, "2015-06-30": 0, "2015-03-31": "", "2014-12-31": 0, "2014-09-30": 0, "2014-06-30": 0, "2014-03-31": "", "2013-12-31": 0, "2013-09-30": 0, "2013-06-30": 0, "2013-03-31": "", "2012-12-31": 0, "2012-09-30": 0, "2012-06-30": 0, "2012-03-31": "", "2011-12-31": 0, "2011-09-30": 0, "2011-06-30": 0, "2011-03-31": "", "2010-12-31": 0, "2010-09-30": 0, "2010-06-30": 0, "2010-03-31": "0.00000", "2009-12-31": 0, "2008-12-31": 0}, "Debt Issuance/Retirement Net - Total": {"2020-12-31": -206, "2020-09-30": -189, "2020-06-30": -109, "2020-03-31": "-100.00000", "2019-12-31": -141, "2019-09-30": -144, "2019-06-30": -142, "2019-03-31": "-125.00000", "2018-12-31": 0, "2018-09-30": 0, "2018-06-30": 0, "2018-03-31": "", "2017-12-31": 0, "2017-09-30": 0, "2017-06-30": 0, "2017-03-31": "", "2016-12-31": 0, "2016-09-30": 0, "2016-06-30": 0, "2016-03-31": "-312.00000", "2015-12-31": -12, "2015-09-30": -23, "2015-06-30": -37, "2015-03-31": "-47.00000", "2014-12-31": -44, "2014-09-30": -49, "2014-06-30": -66, "2014-03-31": "-84.00000", "2013-12-31": -100, "2013-09-30": -1591, "2013-06-30": -91, "2013-03-31": "-109.00000", "2012-12-31": 1361, "2012-09-30": -88, "2012-06-30": -72, "2012-03-31": "-71.00000", "2011-12-31": -53, "2011-09-30": -46, "2011-06-30": -53, "2011-03-31": "-279.00000", "2010-12-31": 0, "2010-09-30": 0, "2010-06-30": 0, "2010-03-31": "0.00000", "2009-12-31": 0, "2008-12-31": 0}, "Net Common Equity Issued/Repurchased": {"2020-12-31": -1929, "2020-09-30": -1725, "2020-06-30": -1368, "2020-03-31": "-1250.00000", "2019-12-31": -1296, "2019-09-30": -1148, "2019-06-30": -1145, "2019-03-31": "-613.00000", "2018-12-31": -3500, "2018-09-30": -4256, "2018-06-30": -3349, "2018-03-31": "-1774.00000", "2017-12-31": -958, "2017-09-30": -640, "2017-06-30": -150, "2017-03-31": "-228.00000", "2016-12-31": 0, "2016-09-30": 0, "2016-06-30": 0, "2016-03-31": "", "2015-12-31": 0, "2015-09-30": 0, "2015-06-30": 0, "2015-03-31": "", "2014-12-31": -7, "2014-09-30": 5, "2014-06-30": 1, "2014-03-31": "1.00000", "2013-12-31": 1484, "2013-09-30": 10, "2013-06-30": 2, "2013-03-31": "8.00000", "2012-12-31": 8, "2012-09-30": -1, "2012-06-30": 6765, "2012-03-31": "5.00000", "2011-12-31": 1, "2011-09-30": 3, "2011-06-30": 15, "2011-03-31": "1007.00000", "2010-12-31": 506, "2010-09-30": 0, "2010-06-30": 0, "2010-03-31": "", "2009-12-31": 0, "2008-12-31": 0}, "Net Total Equity Issued/Repurchased": {"2020-12-31": -1929, "2020-09-30": -1725, "2020-06-30": -1368, "2020-03-31": "-1250.00000", "2019-12-31": -1296, "2019-09-30": -1148, "2019-06-30": -1145, "2019-03-31": "-613.00000", "2018-12-31": -3500, "2018-09-30": -4256, "2018-06-30": -3349, "2018-03-31": "-1774.00000", "2017-12-31": -958, "2017-09-30": -640, "2017-06-30": -150, "2017-03-31": "-228.00000", "2016-12-31": 0, "2016-09-30": 0, "2016-06-30": 0, "2016-03-31": "", "2015-12-31": 0, "2015-09-30": 0, "2015-06-30": 0, "2015-03-31": "", "2014-12-31": -7, "2014-09-30": 5, "2014-06-30": 1, "2014-03-31": "1.00000", "2013-12-31": 1484, "2013-09-30": 10, "2013-06-30": 2, "2013-03-31": "8.00000", "2012-12-31": 8, "2012-09-30": -1, "2012-06-30": 6765, "2012-03-31": "5.00000", "2011-12-31": 1, "2011-09-30": 3, "2011-06-30": 15, "2011-03-31": "1007.00000", "2010-12-31": 0, "2010-09-30": 0, "2010-06-30": 0, "2010-03-31": "0.00000", "2009-12-31": 209, "2008-12-31": 0}, "Total Common And Preferred Stock Dividends Paid": {"2020-12-31": 0, "2020-09-30": 0, "2020-06-30": 0, "2020-03-31": "", "2019-12-31": 0, "2019-09-30": 0, "2019-06-30": 0, "2019-03-31": "", "2018-12-31": 0, "2018-09-30": 0, "2018-06-30": 0, "2018-03-31": "", "2017-12-31": 0, "2017-09-30": 0, "2017-06-30": 0, "2017-03-31": "", "2016-12-31": 0, "2016-09-30": 0, "2016-06-30": 0, "2016-03-31": "", "2015-12-31": 0, "2015-09-30": 0, "2015-06-30": 0, "2015-03-31": "", "2014-12-31": 0, "2014-09-30": 0, "2014-06-30": 0, "2014-03-31": "", "2013-12-31": 0, "2013-09-30": 0, "2013-06-30": 0, "2013-03-31": "", "2012-12-31": 0, "2012-09-30": 0, "2012-06-30": 0, "2012-03-31": "", "2011-12-31": 0, "2011-09-30": 0, "2011-06-30": 0, "2011-03-31": "", "2010-12-31": 0, "2010-09-30": 0, "2010-06-30": 0, "2010-03-31": "0.00000", "2009-12-31": 0, "2008-12-31": 0}, "Financial Activities - Other": {"2020-12-31": -1072, "2020-09-30": -997, "2020-06-30": -675, "2020-03-31": "-672.00000", "2019-12-31": -589, "2019-09-30": -727, "2019-06-30": -544, "2019-03-31": "-685.00000", "2018-12-31": -41, "2018-09-30": -901, "2018-06-30": -922, "2018-03-31": "-829.00000", "2017-12-31": -885, "2017-09-30": -891, "2017-06-30": -719, "2017-03-31": "-764.00000", "2016-12-31": 4, "2016-09-30": -8, "2016-06-30": 4, "2016-03-31": "2.00000", "2015-12-31": -1155, "2015-09-30": 338, "2015-06-30": 379, "2015-03-31": "418.00000", "2014-12-31": -1417, "2014-09-30": 482, "2014-06-30": 535, "2014-03-31": "345.00000", "2013-12-31": 141, "2013-09-30": -18, "2013-06-30": -60, "2013-03-31": "-343.00000", "2012-12-31": -2683, "2012-09-30": 596, "2012-06-30": 347, "2012-03-31": "116.00000", "2011-12-31": 183, "2011-09-30": 57, "2011-06-30": 293, "2011-03-31": "70.00000", "2010-12-31": 0, "2010-09-30": 0, "2010-06-30": 0, "2010-03-31": "", "2009-12-31": 82, "2008-12-31": 0}, "Cash Flow From Financial Activities": {"2020-12-31": -3207, "2020-09-30": -2911, "2020-06-30": -2152, "2020-03-31": "-2022.00000", "2019-12-31": -2026, "2019-09-30": -2019, "2019-06-30": -1831, "2019-03-31": "-1423.00000", "2018-12-31": -3541, "2018-09-30": -5157, "2018-06-30": -4271, "2018-03-31": "-2603.00000", "2017-12-31": -1843, "2017-09-30": -1531, "2017-06-30": -869, "2017-03-31": "-992.00000", "2016-12-31": 4, "2016-09-30": -8, "2016-06-30": 4, "2016-03-31": "-310.00000", "2015-12-31": -1167, "2015-09-30": 315, "2015-06-30": 342, "2015-03-31": "371.00000", "2014-12-31": -1468, "2014-09-30": 438, "2014-06-30": 470, "2014-03-31": "262.00000", "2013-12-31": 1525, "2013-09-30": -1599, "2013-06-30": -149, "2013-03-31": "-444.00000", "2012-12-31": -1314, "2012-09-30": 507, "2012-06-30": 7040, "2012-03-31": "50.00000", "2011-12-31": 131, "2011-09-30": 14, "2011-06-30": 255, "2011-03-31": "798.00000", "2010-12-31": 0, "2010-09-30": 0, "2010-06-30": 0, "2010-03-31": "0.00000", "2009-12-31": 243, "2008-12-31": 0}, "Net Cash Flow": {"2020-12-31": 5975, "2020-09-30": -9590, "2020-06-30": -2358, "2020-03-31": "4648.00000", "2019-12-31": 3199, "2019-09-30": 2082, "2019-06-30": 2801, "2019-03-31": "1073.00000", "2018-12-31": 380, "2018-09-30": -1924, "2018-06-30": -542, "2018-03-31": "4006.00000", "2017-12-31": 865, "2017-09-30": 937, "2017-06-30": -881, "2017-03-31": "-1826.00000", "2016-12-31": 2812, "2016-09-30": 930, "2016-06-30": -1348, "2016-03-31": "1549.00000", "2015-12-31": 599, "2015-09-30": -815, "2015-06-30": 1704, "2015-03-31": "-896.00000", "2014-12-31": -4684, "2014-09-30": 4615, "2014-06-30": 1386, "2014-03-31": "-325.00000", "2013-12-31": 223, "2013-09-30": 99, "2013-06-30": 676, "2013-03-31": "-59.00000", "2012-12-31": -94, "2012-09-30": 380, "2012-06-30": 816, "2012-03-31": "-230.00000", "2011-12-31": 606, "2011-09-30": -225, "2011-06-30": -1645, "2011-03-31": "991.00000", "2010-12-31": 0, "2010-09-30": 0, "2010-06-30": 0, "2010-03-31": "0.00000", "2009-12-31": 336, "2008-12-31": 0}, "Stock-Based Compensation": {"2020-12-31": 1784, "2020-09-30": 1722, "2020-06-30": 1695, "2020-03-31": "1335.00000", "2019-12-31": 1274, "2019-09-30": 1249, "2019-06-30": 1303, "2019-03-31": "1010.00000", "2018-12-31": 972, "2018-09-30": 1039, "2018-06-30": 1186, "2018-03-31": "955.00000", "2017-12-31": 814, "2017-09-30": 1010, "2017-06-30": 1032, "2017-03-31": "867.00000", "2016-12-31": 831, "2016-09-30": 824, "2016-06-30": 817, "2016-03-31": "746.00000", "2015-12-31": 746, "2015-09-30": 757, "2015-06-30": 763, "2015-03-31": "694.00000", "2014-12-31": 845, "2014-09-30": 353, "2014-06-30": 314, "2014-03-31": "274.00000", "2013-12-31": 273, "2013-09-30": 239, "2013-06-30": 224, "2013-03-31": "170.00000", "2012-12-31": 184, "2012-09-30": 179, "2012-06-30": 1106, "2012-03-31": "103.00000", "2011-12-31": 76, "2011-09-30": 70, "2011-06-30": 64, "2011-03-31": "7.00000", "2010-12-31": 20, "2010-09-30": 0, "2010-06-30": 0, "2010-03-31": "", "2009-12-31": 0, "2008-12-31": 0}, "Common Stock Dividends Paid": {"2020-12-31": 0, "2020-09-30": 0, "2020-06-30": 0, "2020-03-31": "", "2019-12-31": 0, "2019-09-30": 0, "2019-06-30": 0, "2019-03-31": "", "2018-12-31": 0, "2018-09-30": 0, "2018-06-30": 0, "2018-03-31": "", "2017-12-31": 0, "2017-09-30": 0, "2017-06-30": 0, "2017-03-31": "", "2016-12-31": 0, "2016-09-30": 0, "2016-06-30": 0, "2016-03-31": "", "2015-12-31": 0, "2015-09-30": 0, "2015-06-30": 0, "2015-03-31": "", "2014-12-31": 0, "2014-09-30": 0, "2014-06-30": 0, "2014-03-31": "", "2013-12-31": 0, "2013-09-30": 0, "2013-06-30": 0, "2013-03-31": "", "2012-12-31": 0, "2012-09-30": 0, "2012-06-30": 0, "2012-03-31": "", "2011-12-31": 0, "2011-09-30": 0, "2011-06-30": 0, "2011-03-31": "", "2010-12-31": 0, "2010-09-30": 0, "2010-06-30": 0, "2010-03-31": "", "2009-12-31": 0, "2008-12-31": 0}}, "financial ratios": {"Current Ratio": {"2020-12-31": "5.05110", "2019-12-31": "4.39950", "2018-12-31": "7.19400", "2017-12-31": "12.91570", "2016-12-31": "11.96560", "2015-12-31": "11.24780", "2014-12-31": "9.40310", "2013-12-31": "11.88180", "2012-12-31": "10.71010", "2011-12-31": "5.12120", "2010-12-31": "5.77380", "2009-12-31": "", "2008-12-31": "", "2007-12-31": ""}, "Long-term Debt / Capital": {"2020-12-31": "", "2019-12-31": "", "2018-12-31": "", "2017-12-31": "", "2016-12-31": "", "2015-12-31": "0.00240", "2014-12-31": "0.00330", "2013-12-31": "0.01510", "2012-12-31": "0.14480", "2011-12-31": "0.07510", "2010-12-31": "0.14510", "2009-12-31": "", "2008-12-31": "", "2007-12-31": ""}, "Debt/Equity Ratio": {"2020-12-31": "", "2019-12-31": "", "2018-12-31": "", "2017-12-31": "", "2016-12-31": "", "2015-12-31": "0.00260", "2014-12-31": "0.00650", "2013-12-31": "0.03080", "2012-12-31": "0.20040", "2011-12-31": "0.13820", "2010-12-31": "0.21880", "2009-12-31": "", "2008-12-31": "", "2007-12-31": ""}, "Gross Margin": {"2020-12-31": "80.58280", "2019-12-31": "81.93700", "2018-12-31": "83.24620", "2017-12-31": "86.58400", "2016-12-31": "86.29060", "2015-12-31": "84.00830", "2014-12-31": "82.72900", "2013-12-31": "76.18140", "2012-12-31": "73.19710", "2011-12-31": "76.82570", "2010-12-31": "75.02530", "2009-12-31": "71.29990", "2008-12-31": "54.41180", "2007-12-31": "73.20260"}, "Operating Margin": {"2020-12-31": "38.00500", "2019-12-31": "33.92790", "2018-12-31": "44.61660", "2017-12-31": "49.69620", "2016-12-31": "44.96350", "2015-12-31": "34.72220", "2014-12-31": "40.06100", "2013-12-31": "35.61990", "2012-12-31": "10.57180", "2011-12-31": "47.31880", "2010-12-31": "52.27960", "2009-12-31": "33.71940", "2008-12-31": "-20.22060", "2007-12-31": "-81.04580"}, "EBIT Margin": {"2020-12-31": "38.00500", "2019-12-31": "33.92790", "2018-12-31": "44.61660", "2017-12-31": "49.69620", "2016-12-31": "44.96350", "2015-12-31": "34.72220", "2014-12-31": "40.06100", "2013-12-31": "35.61990", "2012-12-31": "10.57180", "2011-12-31": "47.31880", "2010-12-31": "52.27960", "2009-12-31": "33.71940", "2008-12-31": "-20.22060", "2007-12-31": "-81.04580"}, "EBITDA Margin": {"2020-12-31": "45.98730", "2019-12-31": "42.04850", "2018-12-31": "52.34430", "2017-12-31": "57.13720", "2016-12-31": "53.43730", "2015-12-31": "45.57120", "2014-12-31": "50.03210", "2013-12-31": "48.46290", "2012-12-31": "23.32480", "2011-12-31": "56.02260", "2010-12-31": "59.32120", "2009-12-31": "43.75810", "2008-12-31": "-20.22060", "2007-12-31": "-81.04580"}, "Pre-Tax Profit Margin": {"2020-12-31": "38.59710", "2019-12-31": "35.09630", "2018-12-31": "45.41890", "2017-12-31": "50.65800", "2016-12-31": "45.29270", "2015-12-31": "34.54930", "2014-12-31": "39.38710", "2013-12-31": "34.98480", "2012-12-31": "9.70720", "2011-12-31": "45.67500", "2010-12-31": "51.06380", "2009-12-31": "32.68980", "2008-12-31": "-20.58820", "2007-12-31": "-88.23530"}, "Net Profit Margin": {"2020-12-31": "33.90450", "2019-12-31": "26.14680", "2018-12-31": "39.59850", "2017-12-31": "39.16070", "2016-12-31": "36.86230", "2015-12-31": "20.46520", "2014-12-31": "23.46380", "2013-12-31": "18.94060", "2012-12-31": "0.62880", "2011-12-31": "18.00050", "2010-12-31": "18.84500", "2009-12-31": "15.70140", "2008-12-31": "-20.58820", "2007-12-31": "-90.19610"}, "Asset Turnover": {"2020-12-31": "0.53960", "2019-12-31": "0.53010", "2018-12-31": "0.57370", "2017-12-31": "0.48100", "2016-12-31": "0.42550", "2015-12-31": "0.36290", "2014-12-31": "0.31190", "2013-12-31": "0.43990", "2012-12-31": "0.33700", "2011-12-31": "0.58620", "2010-12-31": "0.66020", "2009-12-31": "", "2008-12-31": "", "2007-12-31": ""}, "Inventory Turnover Ratio": {"2020-12-31": "", "2019-12-31": "", "2018-12-31": "", "2017-12-31": "", "2016-12-31": "", "2015-12-31": "", "2014-12-31": "", "2013-12-31": "", "2012-12-31": "", "2011-12-31": "", "2010-12-31": "", "2009-12-31": "", "2008-12-31": "", "2007-12-31": ""}, "Receiveable Turnover": {"2020-12-31": "7.58400", "2019-12-31": "7.42770", "2018-12-31": "7.35970", "2017-12-31": "6.97070", "2016-12-31": "6.92160", "2015-12-31": "7.00590", "2014-12-31": "7.42910", "2013-12-31": "7.09830", "2012-12-31": "4.34960", "2011-12-31": "6.78430", "2010-12-31": "5.29220", "2009-12-31": "", "2008-12-31": "", "2007-12-31": ""}, "Days Sales In Receivables": {"2020-12-31": "48.12740", "2019-12-31": "49.14030", "2018-12-31": "49.59450", "2017-12-31": "52.36220", "2016-12-31": "52.73340", "2015-12-31": "52.09920", "2014-12-31": "49.13120", "2013-12-31": "51.42090", "2012-12-31": "83.91630", "2011-12-31": "53.80090", "2010-12-31": "68.96910", "2009-12-31": "", "2008-12-31": "", "2007-12-31": ""}, "ROE - Return On Equity": {"2020-12-31": "22.71880", "2019-12-31": "18.29220", "2018-12-31": "26.28410", "2017-12-31": "21.43190", "2016-12-31": "17.26020", "2015-12-31": "8.34050", "2014-12-31": "8.14490", "2013-12-31": "9.69620", "2012-12-31": "0.45090", "2011-12-31": "23.34270", "2010-12-31": "39.17260", "2009-12-31": "", "2008-12-31": "", "2007-12-31": ""}, "Return On Tangible Equity": {"2020-12-31": "26.83370", "2019-12-31": "22.69630", "2018-12-31": "34.26520", "2017-12-31": "29.37580", "2016-12-31": "26.51220", "2015-12-31": "16.07250", "2014-12-31": "20.72470", "2013-12-31": "10.91070", "2012-12-31": "0.51120", "2011-12-31": "21.11040", "2010-12-31": "29.33200", "2009-12-31": "", "2008-12-31": "", "2007-12-31": ""}, "ROA - Return On Assets": {"2020-12-31": "18.29450", "2019-12-31": "13.85930", "2018-12-31": "22.71770", "2017-12-31": "18.85150", "2016-12-31": "15.72790", "2015-12-31": "7.46450", "2014-12-31": "7.35630", "2013-12-31": "8.38220", "2012-12-31": "0.35090", "2011-12-31": "15.79530", "2010-12-31": "20.26760", "2009-12-31": "", "2008-12-31": "", "2007-12-31": ""}, "ROI - Return On Investment": {"2020-12-31": "22.71880", "2019-12-31": "18.29220", "2018-12-31": "26.28410", "2017-12-31": "21.43190", "2016-12-31": "17.26020", "2015-12-31": "8.32040", "2014-12-31": "8.11820", "2013-12-31": "9.54990", "2012-12-31": "0.38560", "2011-12-31": "18.87860", "2010-12-31": "23.96200", "2009-12-31": "", "2008-12-31": "", "2007-12-31": ""}, "Book Value Per Share": {"2020-12-31": "45.02980", "2019-12-31": "35.43270", "2018-12-31": "29.47690", "2017-12-31": "25.58400", "2016-12-31": "20.46820", "2015-12-31": "15.60270", "2014-12-31": "12.99350", "2013-12-31": "6.10260", "2012-12-31": "4.98300", "2011-12-31": "3.69180", "2010-12-31": "1.76780", "2009-12-31": "", "2008-12-31": "", "2007-12-31": ""}, "Operating Cash Flow Per Share": {"2020-12-31": 0.79, "2019-12-31": 2.6047, "2018-12-31": 1.8297, "2017-12-31": 2.6852, "2016-12-31": 1.8898, "2015-12-31": 0.8672, "2014-12-31": 1.0726, "2013-12-31": 0.9332, "2012-12-31": -0.283, "2011-12-31": 0.5336, "2010-12-31": 0.4369, "2009-12-31": 0.0567, "2008-12-31": 0, "2007-12-31": 0}, "Free Cash Flow Per Share": {"2020-12-31": 0.8073, "2019-12-31": 2.1174, "2018-12-31": -0.6563, "2017-12-31": 1.9428, "2016-12-31": 1.2387, "2015-12-31": 0.6702, "2014-12-31": 0.9264, "2013-12-31": 0.9622, "2012-12-31": -0.4512, "2011-12-31": 0.3389, "2010-12-31": 0.2417, "2009-12-31": 0.0447, "2008-12-31": 0, "2007-12-31": 0}}, "financial ratios, quarterly": {"Current Ratio": {"2020-12-31": "5.05110", "2020-09-30": "5.50900", "2020-06-30": "6.02490", "2020-03-31": "4.60210", "2019-12-31": "4.39950", "2019-09-30": "4.65780", "2019-06-30": "4.46580", "2019-03-31": "5.37950", "2018-12-31": "7.19400", "2018-09-30": "8.99800", "2018-06-30": "10.67090", "2018-03-31": "9.91190", "2017-12-31": "12.91570", "2017-09-30": "13.37460", "2017-06-30": "12.30890", "2017-03-31": "12.61270", "2016-12-31": "11.96560", "2016-09-30": "11.68710", "2016-06-30": "12.21620", "2016-03-31": "13.16310", "2015-12-31": "11.24780", "2015-09-30": "10.68030", "2015-06-30": "9.01170", "2015-03-31": "8.59340", "2014-12-31": "9.40310", "2014-09-30": "13.05920", "2014-06-30": "12.81470", "2014-03-31": "13.55830", "2013-12-31": "11.88180", "2013-09-30": "10.72050", "2013-06-30": "10.57500", "2013-03-31": "10.38760", "2012-12-31": "10.71010", "2012-09-30": "11.37500", "2012-06-30": "11.57350", "2012-03-31": "4.51780", "2011-12-31": "5.12120", "2011-09-30": "", "2011-06-30": "", "2011-03-31": "", "2010-12-31": "5.77380", "2010-09-30": "", "2010-06-30": "", "2010-03-31": "", "2009-12-31": "", "2008-12-31": ""}, "Long-term Debt / Capital": {"2020-12-31": "", "2020-09-30": "", "2020-06-30": "", "2020-03-31": "", "2019-12-31": "", "2019-09-30": "", "2019-06-30": "", "2019-03-31": "0.07050", "2018-12-31": "", "2018-09-30": "", "2018-06-30": "", "2018-03-31": "", "2017-12-31": "", "2017-09-30": "", "2017-06-30": "", "2017-03-31": "", "2016-12-31": "", "2016-09-30": "", "2016-06-30": "", "2016-03-31": "", "2015-12-31": "0.00240", "2015-09-30": "0.00260", "2015-06-30": "0.00280", "2015-03-31": "0.00300", "2014-12-31": "0.00330", "2014-09-30": "0.00600", "2014-06-30": "0.00830", "2014-03-31": "0.01130", "2013-12-31": "0.01510", "2013-09-30": "0.02150", "2013-06-30": "0.13040", "2013-03-31": "0.13970", "2012-12-31": "0.14480", "2012-09-30": "0.03600", "2012-06-30": "0.02880", "2012-03-31": "0.07120", "2011-12-31": "0.07510", "2011-09-30": "", "2011-06-30": "", "2011-03-31": "", "2010-12-31": "0.10360", "2010-09-30": "", "2010-06-30": "", "2010-03-31": "", "2009-12-31": "", "2008-12-31": ""}, "Debt/Equity Ratio": {"2020-12-31": "", "2020-09-30": "", "2020-06-30": "", "2020-03-31": "", "2019-12-31": "", "2019-09-30": "", "2019-06-30": "", "2019-03-31": "0.07590", "2018-12-31": "", "2018-09-30": "", "2018-06-30": "", "2018-03-31": "", "2017-12-31": "", "2017-09-30": "", "2017-06-30": "", "2017-03-31": "", "2016-12-31": "", "2016-09-30": "", "2016-06-30": "", "2016-03-31": "", "2015-12-31": "0.00260", "2015-09-30": "0.00300", "2015-06-30": "0.00380", "2015-03-31": "0.00500", "2014-12-31": "0.00650", "2014-09-30": "0.01310", "2014-06-30": "0.01780", "2014-03-31": "0.02340", "2013-12-31": "0.03080", "2013-09-30": "0.04410", "2013-06-30": "0.17550", "2013-03-31": "0.19100", "2012-12-31": "0.20040", "2012-09-30": "0.06360", "2012-06-30": "0.05300", "2012-03-31": "0.13390", "2011-12-31": "0.13820", "2011-09-30": "", "2011-06-30": "", "2011-03-31": "", "2010-12-31": "0.11560", "2010-09-30": "", "2010-06-30": "", "2010-03-31": "", "2009-12-31": "", "2008-12-31": ""}, "Gross Margin": {"2020-12-31": "81.43990", "2020-09-30": "80.46580", "2020-06-30": "79.50980", "2020-03-31": "80.49840", "2019-12-31": "83.43610", "2019-09-30": "82.12670", "2019-06-30": "80.41570", "2019-03-31": "81.32260", "2018-12-31": "83.46930", "2018-09-30": "82.38510", "2018-06-30": "83.26660", "2018-03-31": "83.89600", "2017-12-31": "87.58870", "2017-09-30": "85.97990", "2017-06-30": "86.72890", "2017-03-31": "85.57020", "2016-12-31": "88.11440", "2016-09-30": "85.92210", "2016-06-30": "85.75200", "2016-03-31": "84.42960", "2015-12-31": "85.87810", "2015-09-30": "84.00360", "2015-06-30": "83.47350", "2015-03-31": "81.54110", "2014-12-31": "83.04340", "2014-09-30": "82.36030", "2014-06-30": "83.74570", "2014-03-31": "81.53480", "2013-12-31": "81.04450", "2013-09-30": "74.85120", "2013-06-30": "74.35190", "2013-03-31": "71.67350", "2012-12-31": "74.88960", "2012-09-30": "74.48500", "2012-06-30": "69.00340", "2012-03-31": "73.81850", "2011-12-31": "78.16090", "2011-09-30": "75.26210", "2011-06-30": "76.53630", "2011-03-31": "77.15460", "2010-12-31": "79.48020", "2010-09-30": "71.94860", "2010-06-30": "74.24590", "2010-03-31": "71.01450", "2009-12-31": "", "2008-12-31": ""}, "Operating Margin": {"2020-12-31": "45.50960", "2020-09-30": "37.44760", "2020-06-30": "31.90990", "2020-03-31": "33.22430", "2019-12-31": "42.01690", "2019-09-30": "40.70360", "2019-06-30": "27.39550", "2019-03-31": "22.00040", "2018-12-31": "46.23390", "2018-09-30": "42.11410", "2018-06-30": "44.31260", "2018-03-31": "45.53740", "2017-12-31": "56.68360", "2017-09-30": "49.59330", "2017-06-30": "47.21600", "2017-03-31": "41.42180", "2016-12-31": "51.83340", "2016-09-30": "44.45870", "2016-06-30": "42.47980", "2016-03-31": "37.34670", "2015-12-31": "43.82060", "2015-09-30": "32.41500", "2015-06-30": "31.49430", "2015-03-31": "26.33360", "2014-12-31": "29.39500", "2014-09-30": "43.61540", "2014-06-30": "47.76630", "2014-03-31": "42.96560", "2013-12-31": "43.82980", "2013-09-30": "36.50790", "2013-06-30": "30.99840", "2013-03-31": "25.58300", "2012-12-31": "32.99690", "2012-09-30": "29.87320", "2012-06-30": "-62.75340", "2012-03-31": "36.01130", "2011-12-31": "48.45270", "2011-09-30": "43.39620", "2011-06-30": "45.47490", "2011-03-31": "53.07800", "2010-12-31": "59.78110", "2010-09-30": "46.25270", "2010-06-30": "50.58010", "2010-03-31": "46.95650", "2009-12-31": "", "2008-12-31": ""}, "EBIT Margin": {"2020-12-31": "45.50960", "2020-09-30": "37.44760", "2020-06-30": "31.90990", "2020-03-31": "33.22430", "2019-12-31": "42.01690", "2019-09-30": "40.70360", "2019-06-30": "27.39550", "2019-03-31": "22.00040", "2018-12-31": "46.23390", "2018-09-30": "42.11410", "2018-06-30": "44.31260", "2018-03-31": "45.53740", "2017-12-31": "56.68360", "2017-09-30": "49.59330", "2017-06-30": "47.21600", "2017-03-31": "41.42180", "2016-12-31": "51.83340", "2016-09-30": "44.45870", "2016-06-30": "42.47980", "2016-03-31": "37.34670", "2015-12-31": "43.82060", "2015-09-30": "32.41500", "2015-06-30": "31.49430", "2015-03-31": "26.33360", "2014-12-31": "29.39500", "2014-09-30": "43.61540", "2014-06-30": "47.76630", "2014-03-31": "42.96560", "2013-12-31": "43.82980", "2013-09-30": "36.50790", "2013-06-30": "30.99840", "2013-03-31": "25.58300", "2012-12-31": "32.99690", "2012-09-30": "29.87320", "2012-06-30": "-62.75340", "2012-03-31": "36.01130", "2011-12-31": "48.45270", "2011-09-30": "43.39620", "2011-06-30": "45.47490", "2011-03-31": "53.07800", "2010-12-31": "59.78110", "2010-09-30": "46.25270", "2010-06-30": "50.58010", "2010-03-31": "46.95650", "2009-12-31": "", "2008-12-31": ""}, "EBITDA Margin": {"2020-12-31": "", "2020-09-30": "", "2020-06-30": "", "2020-03-31": "", "2019-12-31": "", "2019-09-30": "", "2019-06-30": "", "2019-03-31": "", "2018-12-31": "", "2018-09-30": "", "2018-06-30": "", "2018-03-31": "", "2017-12-31": "", "2017-09-30": "", "2017-06-30": "", "2017-03-31": "", "2016-12-31": "", "2016-09-30": "", "2016-06-30": "", "2016-03-31": "", "2015-12-31": "", "2015-09-30": "", "2015-06-30": "", "2015-03-31": "", "2014-12-31": "", "2014-09-30": "", "2014-06-30": "", "2014-03-31": "", "2013-12-31": "", "2013-09-30": "", "2013-06-30": "", "2013-03-31": "", "2012-12-31": "", "2012-09-30": "", "2012-06-30": "", "2012-03-31": "", "2011-12-31": "", "2011-09-30": "", "2011-06-30": "", "2011-03-31": "", "2010-12-31": "", "2010-09-30": "", "2010-06-30": "", "2010-03-31": "", "2009-12-31": "", "2008-12-31": ""}, "Pre-Tax Profit Margin": {"2020-12-31": "46.50710", "2020-09-30": "37.88080", "2020-06-30": "32.80890", "2020-03-31": "33.04390", "2019-12-31": "43.49210", "2019-09-30": "41.51940", "2019-06-30": "28.61540", "2019-03-31": "23.09480", "2018-12-31": "47.12660", "2018-09-30": "43.06840", "2018-06-30": "44.35040", "2018-03-31": "46.88280", "2017-12-31": "57.52390", "2017-09-30": "50.69710", "2017-06-30": "48.14930", "2017-03-31": "42.43030", "2016-12-31": "51.47010", "2016-09-30": "45.12910", "2016-06-30": "42.79060", "2016-03-31": "38.38720", "2015-12-31": "43.76930", "2015-09-30": "31.81520", "2015-06-30": "31.49430", "2015-03-31": "26.30540", "2014-12-31": "28.90160", "2014-09-30": "41.71090", "2014-06-30": "47.62890", "2014-03-31": "42.96560", "2013-12-31": "43.71370", "2013-09-30": "36.01190", "2013-06-30": "30.06070", "2013-03-31": "24.21130", "2012-12-31": "31.86120", "2012-09-30": "29.47700", "2012-06-30": "-64.61150", "2012-03-31": "36.10590", "2011-12-31": "45.97700", "2011-09-30": "39.72750", "2011-06-30": "44.58100", "2011-03-31": "54.44600", "2010-12-31": "59.78110", "2010-09-30": "46.25270", "2010-06-30": "50.58010", "2010-03-31": "46.95650", "2009-12-31": "", "2008-12-31": ""}, "Net Profit Margin": {"2020-12-31": "39.97010", "2020-09-30": "36.54400", "2020-06-30": "27.70910", "2020-03-31": "27.63710", "2019-12-31": "34.85910", "2019-09-30": "34.50600", "2019-06-30": "15.49210", "2019-03-31": "16.11060", "2018-12-31": "40.68230", "2018-09-30": "37.42260", "2018-06-30": "38.59120", "2018-03-31": "41.67640", "2017-12-31": "32.89390", "2017-09-30": "45.54610", "2017-06-30": "41.73370", "2017-03-31": "38.08520", "2016-12-31": "40.41320", "2016-09-30": "37.36990", "2016-06-30": "35.36360", "2016-03-31": "32.18140", "2015-12-31": "26.60050", "2015-09-30": "19.79560", "2015-06-30": "17.68930", "2015-03-31": "14.36640", "2014-12-31": "18.07320", "2014-09-30": "25.03900", "2014-06-30": "27.07900", "2014-03-31": "25.53960", "2013-12-31": "20.15470", "2013-09-30": "20.93250", "2013-06-30": "18.25700", "2013-03-31": "14.88340", "2012-12-31": "4.03790", "2012-09-30": "-4.67510", "2012-06-30": "-13.26010", "2012-03-31": "12.94900", "2011-12-31": "18.12560", "2011-09-30": "15.72330", "2011-06-30": "17.76540", "2011-03-31": "20.93020", "2010-12-31": "34.33650", "2010-09-30": "28.05140", "2010-06-30": "29.93040", "2010-03-31": "27.53620", "2009-12-31": "", "2008-12-31": ""}, "Asset Turnover": {"2020-12-31": "0.17620", "2020-09-30": "0.14660", "2020-06-30": "0.13380", "2020-03-31": "0.12820", "2019-12-31": "0.15810", "2019-09-30": "0.14190", "2019-06-30": "0.14430", "2019-03-31": "0.13770", "2018-12-31": "0.17380", "2018-09-30": "0.14850", "2018-06-30": "0.14650", "2018-03-31": "0.13450", "2017-12-31": "0.15350", "2017-09-30": "0.13070", "2017-06-30": "0.12620", "2017-03-31": "0.11690", "2016-12-31": "0.13560", "2016-09-30": "0.11750", "2016-06-30": "0.11550", "2016-03-31": "0.10340", "2015-12-31": "0.11820", "2015-09-30": "0.09690", "2015-06-30": "0.09160", "2015-03-31": "0.08430", "2014-12-31": "0.09640", "2014-09-30": "0.13240", "2014-06-30": "0.14010", "2014-03-31": "0.13150", "2013-12-31": "0.14450", "2013-09-30": "0.13500", "2013-06-30": "0.11530", "2013-03-31": "0.09620", "2012-12-31": "0.10490", "2012-09-30": "0.07870", "2012-06-30": "0.07930", "2012-03-31": "0.15420", "2011-12-31": "0.17860", "2011-09-30": "", "2011-06-30": "", "2011-03-31": "", "2010-12-31": "0.24450", "2010-09-30": "", "2010-06-30": "", "2010-03-31": "", "2009-12-31": "", "2008-12-31": ""}, "Inventory Turnover Ratio": {"2020-12-31": "", "2020-09-30": "", "2020-06-30": "", "2020-03-31": "", "2019-12-31": "", "2019-09-30": "", "2019-06-30": "", "2019-03-31": "", "2018-12-31": "", "2018-09-30": "", "2018-06-30": "", "2018-03-31": "", "2017-12-31": "", "2017-09-30": "", "2017-06-30": "", "2017-03-31": "", "2016-12-31": "", "2016-09-30": "", "2016-06-30": "", "2016-03-31": "", "2015-12-31": "", "2015-09-30": "", "2015-06-30": "", "2015-03-31": "", "2014-12-31": "", "2014-09-30": "", "2014-06-30": "", "2014-03-31": "", "2013-12-31": "", "2013-09-30": "", "2013-06-30": "", "2013-03-31": "", "2012-12-31": "", "2012-09-30": "", "2012-06-30": "", "2012-03-31": "", "2011-12-31": "", "2011-09-30": "", "2011-06-30": "", "2011-03-31": "", "2010-12-31": "", "2010-09-30": "", "2010-06-30": "", "2010-03-31": "", "2009-12-31": "", "2008-12-31": ""}, "Receiveable Turnover": {"2020-12-31": "2.47650", "2020-09-30": "2.67570", "2020-06-30": "2.49730", "2020-03-31": "2.43340", "2019-12-31": "2.21500", "2019-09-30": "2.30050", "2019-06-30": "2.24760", "2019-03-31": "2.32850", "2018-12-31": "2.22930", "2018-09-30": "2.26590", "2018-06-30": "2.36690", "2018-03-31": "2.33940", "2017-12-31": "2.22430", "2017-09-30": "2.33450", "2017-06-30": "2.39180", "2017-03-31": "2.35200", "2016-12-31": "2.20610", "2016-09-30": "2.28370", "2016-06-30": "2.29780", "2016-03-31": "2.29220", "2015-12-31": "2.28290", "2015-09-30": "2.23930", "2015-06-30": "2.22700", "2015-03-31": "2.34950", "2014-12-31": "2.29500", "2014-09-30": "2.35000", "2014-06-30": "2.44540", "2014-03-31": "2.48710", "2013-12-31": "2.33090", "2013-09-30": "2.29350", "2013-06-30": "2.31840", "2013-03-31": "1.34380", "2012-12-31": "1.35470", "2012-09-30": "1.04990", "2012-06-30": "1.03410", "2012-03-31": "2.19500", "2011-12-31": "2.06760", "2011-09-30": "", "2011-06-30": "", "2011-03-31": "", "2010-12-31": "1.95980", "2010-09-30": "", "2010-06-30": "", "2010-03-31": "", "2009-12-31": "", "2008-12-31": ""}, "Days Sales In Receivables": {"2020-12-31": "36.34180", "2020-09-30": "33.63580", "2020-06-30": "36.03950", "2020-03-31": "36.98540", "2019-12-31": "40.63280", "2019-09-30": "39.12140", "2019-06-30": "40.04320", "2019-03-31": "38.65160", "2018-12-31": "40.37070", "2018-09-30": "39.71880", "2018-06-30": "38.02430", "2018-03-31": "38.47150", "2017-12-31": "40.46250", "2017-09-30": "38.55150", "2017-06-30": "37.62790", "2017-03-31": "38.26570", "2016-12-31": "40.79580", "2016-09-30": "39.40950", "2016-06-30": "39.16870", "2016-03-31": "39.26420", "2015-12-31": "39.42310", "2015-09-30": "40.19110", "2015-06-30": "40.41320", "2015-03-31": "38.30650", "2014-12-31": "39.21580", "2014-09-30": "38.29850", "2014-06-30": "36.80410", "2014-03-31": "36.18710", "2013-12-31": "38.61120", "2013-09-30": "39.24110", "2013-06-30": "38.81960", "2013-03-31": "66.97530", "2012-12-31": "66.43530", "2012-09-30": "85.72110", "2012-06-30": "87.03550", "2012-03-31": "41.00190", "2011-12-31": "43.52790", "2011-09-30": "", "2011-06-30": "", "2011-03-31": "", "2010-12-31": "45.92340", "2010-09-30": "", "2010-06-30": "", "2010-03-31": "", "2009-12-31": "", "2008-12-31": ""}, "ROE - Return On Equity": {"2020-12-31": "8.74580", "2020-09-30": "6.66430", "2020-06-30": "4.68820", "2020-03-31": "4.65510", "2019-12-31": "7.27230", "2019-09-30": "6.47990", "2019-06-30": "2.94720", "2019-03-31": "2.80760", "2018-12-31": "8.17930", "2018-09-30": "6.39390", "2018-06-30": "6.43220", "2018-03-31": "6.42620", "2017-12-31": "5.74200", "2017-09-30": "6.61020", "2017-06-30": "5.85730", "2017-03-31": "4.92700", "2016-12-31": "6.02930", "2016-09-30": "4.85450", "2016-06-30": "4.53130", "2016-03-31": "3.68610", "2015-12-31": "3.53020", "2015-09-30": "2.16320", "2015-06-30": "1.82250", "2015-03-31": "1.36530", "2014-12-31": "1.94200", "2014-09-30": "3.79510", "2014-06-30": "4.31160", "2014-03-31": "3.83580", "2013-12-31": "3.38070", "2013-09-30": "3.25720", "2013-06-30": "2.69660", "2013-03-31": "1.85220", "2012-12-31": "0.54440", "2012-09-30": "-0.41630", "2012-06-30": "-1.17970", "2012-03-31": "4.40200", "2011-12-31": "7.04950", "2011-09-30": "", "2011-06-30": "", "2011-03-31": "", "2010-12-31": "41.41910", "2010-09-30": "", "2010-06-30": "", "2010-03-31": "", "2009-12-31": "", "2008-12-31": ""}, "Return On Tangible Equity": {"2020-12-31": "10.32990", "2020-09-30": "8.00970", "2020-06-30": "5.71780", "2020-03-31": "5.72300", "2019-12-31": "9.02330", "2019-09-30": "8.14220", "2019-06-30": "3.76760", "2019-03-31": "3.62360", "2018-12-31": "10.66290", "2018-09-30": "8.47870", "2018-06-30": "8.57490", "2018-03-31": "8.65720", "2017-12-31": "7.87030", "2017-09-30": "9.23940", "2017-06-30": "8.43480", "2017-03-31": "7.34740", "2016-12-31": "9.26120", "2016-09-30": "7.88230", "2016-06-30": "7.74920", "2016-03-31": "6.67080", "2015-12-31": "6.80290", "2015-09-30": "4.48920", "2015-06-30": "4.03430", "2015-03-31": "3.25660", "2014-12-31": "4.94150", "2014-09-30": "4.65650", "2014-06-30": "4.74390", "2014-03-31": "4.26440", "2013-12-31": "3.80420", "2013-09-30": "3.71540", "2013-06-30": "3.10690", "2013-03-31": "2.12150", "2012-12-31": "0.61730", "2012-09-30": "-0.46270", "2012-06-30": "-1.25600", "2012-03-31": "4.03310", "2011-12-31": "6.37530", "2011-09-30": "", "2011-06-30": "", "2011-03-31": "", "2010-12-31": "11.60960", "2010-09-30": "", "2010-06-30": "", "2010-03-31": "", "2009-12-31": "", "2008-12-31": ""}, "ROA - Return On Assets": {"2020-12-31": "7.04260", "2020-09-30": "5.35790", "2020-06-30": "3.70680", "2020-03-31": "3.54270", "2019-12-31": "5.51000", "2019-09-30": "4.89560", "2019-06-30": "2.23580", "2019-03-31": "2.21870", "2018-12-31": "7.06950", "2018-09-30": "5.55640", "2018-06-30": "5.65500", "2018-03-31": "5.60800", "2017-12-31": "5.05060", "2017-09-30": "5.95840", "2017-06-30": "5.27340", "2017-03-31": "4.45910", "2016-12-31": "5.49410", "2016-09-30": "4.40230", "2016-06-30": "4.09590", "2016-03-31": "3.33750", "2015-12-31": "3.15950", "2015-09-30": "1.92820", "2015-06-30": "1.62930", "2015-03-31": "1.21880", "2014-12-31": "1.75400", "2014-09-30": "3.33220", "2014-06-30": "3.80860", "2014-03-31": "3.37400", "2013-12-31": "2.92260", "2013-09-30": "2.84600", "2013-06-30": "2.11780", "2013-03-31": "1.44430", "2012-12-31": "0.42380", "2012-09-30": "-0.36790", "2012-06-30": "-1.05170", "2012-03-31": "2.98880", "2011-12-31": "4.77020", "2011-09-30": "", "2011-06-30": "", "2011-03-31": "", "2010-12-31": "8.39460", "2010-09-30": "", "2010-06-30": "", "2010-03-31": "", "2009-12-31": "", "2008-12-31": ""}, "ROI - Return On Investment": {"2020-12-31": "8.74580", "2020-09-30": "6.66430", "2020-06-30": "4.68820", "2020-03-31": "4.65510", "2019-12-31": "7.27230", "2019-09-30": "6.47990", "2019-06-30": "2.94720", "2019-03-31": "2.60960", "2018-12-31": "8.17930", "2018-09-30": "6.39390", "2018-06-30": "6.43220", "2018-03-31": "6.42620", "2017-12-31": "5.74200", "2017-09-30": "6.61020", "2017-06-30": "5.85730", "2017-03-31": "4.92700", "2016-12-31": "6.02930", "2016-09-30": "4.85450", "2016-06-30": "4.53130", "2016-03-31": "3.68610", "2015-12-31": "3.52170", "2015-09-30": "2.15750", "2015-06-30": "1.81740", "2015-03-31": "1.36120", "2014-12-31": "1.93570", "2014-09-30": "3.77220", "2014-06-30": "4.27590", "2014-03-31": "3.79250", "2013-12-31": "3.32970", "2013-09-30": "3.18710", "2013-06-30": "2.34510", "2013-03-31": "1.59340", "2012-12-31": "0.46560", "2012-09-30": "-0.40130", "2012-06-30": "-1.14570", "2012-03-31": "3.61170", "2011-12-31": "5.70130", "2011-09-30": "", "2011-06-30": "", "2011-03-31": "", "2010-12-31": "10.40630", "2010-09-30": "", "2010-06-30": "", "2010-03-31": "", "2009-12-31": "", "2008-12-31": ""}, "Book Value Per Share": {"2020-12-31": "45.02980", "2020-09-30": "41.30910", "2020-06-30": "38.75330", "2020-03-31": "36.93580", "2019-12-31": "35.43270", "2019-09-30": "32.93590", "2019-06-30": "31.10090", "2019-03-31": "30.29270", "2018-12-31": "29.47690", "2018-09-30": "27.96450", "2018-06-30": "27.45830", "2018-03-31": "26.74710", "2017-12-31": "25.58400", "2017-09-30": "24.52070", "2017-06-30": "22.92450", "2017-03-31": "21.45890", "2016-12-31": "20.46820", "2016-09-30": "18.82260", "2016-06-30": "17.60410", "2016-03-31": "16.54390", "2015-12-31": "15.60270", "2015-09-30": "14.71930", "2015-06-30": "14.09000", "2015-03-31": "13.44600", "2014-12-31": "12.99350", "2014-09-30": "8.18100", "2014-06-30": "7.15240", "2014-03-31": "6.55580", "2013-12-31": "6.10260", "2013-09-30": "5.34750", "2013-06-30": "5.11130", "2013-03-31": "4.93900", "2012-12-31": "4.98300", "2012-09-30": "6.54390", "2012-06-30": "6.21340", "2012-03-31": "2.46580", "2011-12-31": "3.69180", "2011-09-30": "", "2011-06-30": "", "2011-03-31": "", "2010-12-31": "1.76780", "2010-09-30": "", "2010-06-30": "", "2010-03-31": "", "2009-12-31": "", "2008-12-31": ""}, "Operating Cash Flow Per Share": {"2020-12-31": 4.8704, "2020-09-30": 3.3784, "2020-06-30": 1.332, "2020-03-31": "3.83580", "2019-12-31": 3.1517, "2019-09-30": 3.2405, "2019-06-30": 2.9901, "2019-03-31": "3.24430", "2018-12-31": 2.5876, "2018-09-30": 2.6022, "2018-06-30": 2.1632, "2018-03-31": "2.66890", "2017-12-31": 2.5951, "2017-09-30": 2.0668, "2017-06-30": 1.8122, "2017-03-31": "1.71810", "2016-12-31": 1.6933, "2016-09-30": 1.3686, "2016-06-30": 1.2482, "2016-03-31": "1.19690", "2015-12-31": 1.6011, "2015-09-30": 0.76, "2015-06-30": 0.6567, "2015-03-31": "0.59940", "2014-12-31": 1.2848, "2014-09-30": 0.461, "2014-06-30": 0.5117, "2014-03-31": "0.49250", "2013-12-31": 0.4943, "2013-09-30": 0.3674, "2013-06-30": 0.528, "2013-03-31": "0.28770", "2012-12-31": 0.2586, "2012-09-30": 0.0223, "2012-06-30": 0.0736, "2012-03-31": "0.28880", "2011-12-31": 0.3362, "2011-09-30": 0.3697, "2011-06-30": 0.194, "2011-03-31": "0.11990", "2010-12-31": 0, "2010-09-30": 0, "2010-06-30": 0, "2010-03-31": "", "2009-12-31": 0, "2008-12-31": 0}, "Free Cash Flow Per Share": {"2020-12-31": 3.2693, "2020-09-30": 2.1122, "2020-06-30": 0.2061, "2020-03-31": "2.59520", "2019-12-31": 1.7287, "2019-09-30": 2.0106, "2019-06-30": 1.7293, "2019-03-31": "1.90690", "2018-12-31": 1.1242, "2018-09-30": 1.4424, "2018-06-30": 0.9774, "2018-03-31": "1.71410", "2017-12-31": 1.8295, "2017-09-30": 1.4746, "2017-06-30": 1.324, "2017-03-31": "1.28630", "2016-12-31": 1.2572, "2016-09-30": 0.9975, "2016-06-30": 0.9097, "2016-03-31": "0.80720", "2015-12-31": 1.3564, "2015-09-30": 0.4891, "2015-06-30": 0.465, "2015-03-31": "0.42240", "2014-12-31": 1.0945, "2014-09-30": 0.2822, "2014-06-30": 0.3326, "2014-03-31": "0.35340", "2013-12-31": 0.3009, "2013-09-30": 0.2575, "2013-06-30": 0.421, "2013-03-31": "0.15690", "2012-12-31": 0.1942, "2012-09-30": 0.0547, "2012-06-30": -0.0906, "2012-03-31": "-0.00790", "2011-12-31": 0.2142, "2011-09-30": 0.2814, "2011-06-30": 0.0585, "2011-03-31": "0.06670", "2010-12-31": 0, "2010-09-30": 0, "2010-06-30": 0, "2010-03-31": "", "2009-12-31": 0, "2008-12-31": 0}}, "revenue": {"Facebook Annual Revenue (Millions of US $)": {"2020": "$85,965", "2019": "$70,697", "2018": "$55,838", "2017": "$40,653", "2016": "$27,638", "2015": "$17,928", "2014": "$12,466", "2013": "$7,872", "2012": "$5,089", "2011": "$3,711", "2010": "$1,974", "2009": "$777", "2008": "$272", "2007": "$153"}, "Facebook Quarterly Revenue (Millions of US $)": {"2020-12-31": "$28,071", "2020-09-30": "$21,470", "2020-06-30": "$18,687", "2020-03-31": "$17,737", "2019-12-31": "$21,082", "2019-09-30": "$17,652", "2019-06-30": "$16,886", "2019-03-31": "$15,077", "2018-12-31": "$16,914", "2018-09-30": "$13,727", "2018-06-30": "$13,231", "2018-03-31": "$11,966", "2017-12-31": "$12,972", "2017-09-30": "$10,328", "2017-06-30": "$9,321", "2017-03-31": "$8,032", "2016-12-31": "$8,809", "2016-09-30": "$7,011", "2016-06-30": "$6,436", "2016-03-31": "$5,382", "2015-12-31": "$5,842", "2015-09-30": "$4,501", "2015-06-30": "$4,042", "2015-03-31": "$3,543", "2014-12-31": "$3,851", "2014-09-30": "$3,203", "2014-06-30": "$2,910", "2014-03-31": "$2,502", "2013-12-31": "$2,585", "2013-09-30": "$2,016", "2013-06-30": "$1,813", "2013-03-31": "$1,458", "2012-12-31": "$1,585", "2012-09-30": "$1,262", "2012-06-30": "$1,184", "2012-03-31": "$1,058", "2011-12-31": "$1,131", "2011-09-30": "$954", "2011-06-30": "$895", "2011-03-31": "$731", "2010-12-31": "$731", "2010-09-30": "$467", "2010-06-30": "$431", "2010-03-31": "$345", "2009-12-31": "", "2008-12-31": ""}}, "gross-profit": {"Facebook Annual Gross Profit (Millions of US $)": {"2020": "$69,273", "2019": "$57,927", "2018": "$46,483", "2017": "$35,199", "2016": "$23,849", "2015": "$15,061", "2014": "$10,313", "2013": "$5,997", "2012": "$3,725", "2011": "$2,851", "2010": "$1,481", "2009": "$554", "2008": "$148", "2007": "$112"}, "Facebook Quarterly Gross Profit (Millions of US $)": {"2020-12-31": "$22,861", "2020-09-30": "$17,276", "2020-06-30": "$14,858", "2020-03-31": "$14,278", "2019-12-31": "$17,590", "2019-09-30": "$14,497", "2019-06-30": "$13,579", "2019-03-31": "$12,261", "2018-12-31": "$14,118", "2018-09-30": "$11,309", "2018-06-30": "$11,017", "2018-03-31": "$10,039", "2017-12-31": "$11,362", "2017-09-30": "$8,880", "2017-06-30": "$8,084", "2017-03-31": "$6,873", "2016-12-31": "$7,762", "2016-09-30": "$6,024", "2016-06-30": "$5,519", "2016-03-31": "$4,544", "2015-12-31": "$5,017", "2015-09-30": "$3,781", "2015-06-30": "$3,374", "2015-03-31": "$2,889", "2014-12-31": "$3,198", "2014-09-30": "$2,638", "2014-06-30": "$2,437", "2014-03-31": "$2,040", "2013-12-31": "$2,095", "2013-09-30": "$1,509", "2013-06-30": "$1,348", "2013-03-31": "$1,045", "2012-12-31": "$1,187", "2012-09-30": "$940", "2012-06-30": "$817", "2012-03-31": "$781", "2011-12-31": "$884", "2011-09-30": "$718", "2011-06-30": "$685", "2011-03-31": "$564", "2010-12-31": "$581", "2010-09-30": "$336", "2010-06-30": "$320", "2010-03-31": "$245", "2009-12-31": "", "2008-12-31": ""}}, "operating-income": {"Facebook Annual Operating Income (Millions of US $)": {"2020": "$32,671", "2019": "$23,986", "2018": "$24,913", "2017": "$20,203", "2016": "$12,427", "2015": "$6,225", "2014": "$4,994", "2013": "$2,804", "2012": "$538", "2011": "$1,756", "2010": "$1,032", "2009": "$262", "2008": "$-55", "2007": "$-124"}, "Facebook Quarterly Operating Income (Millions of US $)": {"2020-12-31": "$12,775", "2020-09-30": "$8,040", "2020-06-30": "$5,963", "2020-03-31": "$5,893", "2019-12-31": "$8,858", "2019-09-30": "$7,185", "2019-06-30": "$4,626", "2019-03-31": "$3,317", "2018-12-31": "$7,820", "2018-09-30": "$5,781", "2018-06-30": "$5,863", "2018-03-31": "$5,449", "2017-12-31": "$7,353", "2017-09-30": "$5,122", "2017-06-30": "$4,401", "2017-03-31": "$3,327", "2016-12-31": "$4,566", "2016-09-30": "$3,117", "2016-06-30": "$2,734", "2016-03-31": "$2,010", "2015-12-31": "$2,560", "2015-09-30": "$1,459", "2015-06-30": "$1,273", "2015-03-31": "$933", "2014-12-31": "$1,132", "2014-09-30": "$1,397", "2014-06-30": "$1,390", "2014-03-31": "$1,075", "2013-12-31": "$1,133", "2013-09-30": "$736", "2013-06-30": "$562", "2013-03-31": "$373", "2012-12-31": "$523", "2012-09-30": "$377", "2012-06-30": "$-743", "2012-03-31": "$381", "2011-12-31": "$548", "2011-09-30": "$414", "2011-06-30": "$407", "2011-03-31": "$388", "2010-12-31": "$437", "2010-09-30": "$216", "2010-06-30": "$218", "2010-03-31": "$162", "2009-12-31": "", "2008-12-31": ""}}, "ebitda": {"Facebook Annual EBITDA (Millions of US $)": {"2020": "$39,533", "2019": "$29,727", "2018": "$29,228", "2017": "$23,228", "2016": "$14,769", "2015": "$8,170", "2014": "$6,237", "2013": "$3,815", "2012": "$1,187", "2011": "$2,079", "2010": "$1,171", "2009": "$340", "2008": "$-55", "2007": "$-124"}, "Facebook Quarterly EBITDA (Millions of US $)": {"2020-12-31": "$14,638", "2020-09-30": "$9,738", "2020-06-30": "$7,667", "2020-03-31": "$7,490", "2019-12-31": "$10,326", "2019-09-30": "$8,601", "2019-06-30": "$6,128", "2019-03-31": "$4,672", "2018-12-31": "$9,045", "2018-09-30": "$6,888", "2018-06-30": "$6,897", "2018-03-31": "$6,398", "2017-12-31": "$8,206", "2017-09-30": "$5,894", "2017-06-30": "$5,130", "2017-03-31": "$3,998", "2016-12-31": "$5,180", "2016-09-30": "$3,708", "2016-06-30": "$3,319", "2016-03-31": "$2,562", "2015-12-31": "$3,103", "2015-09-30": "$1,945", "2015-06-30": "$1,732", "2015-03-31": "$1,390", "2014-12-31": "$1,565", "2014-09-30": "$1,686", "2014-06-30": "$1,647", "2014-03-31": "$1,339", "2013-12-31": "$1,407", "2013-09-30": "$1,010", "2013-06-30": "$792", "2013-03-31": "$606", "2012-12-31": "$747", "2012-09-30": "$553", "2012-06-30": "$-604", "2012-03-31": "$491", "2011-12-31": "$651", "2011-09-30": "$511", "2011-06-30": "$479", "2011-03-31": "$439", "2010-12-31": "$576", "2010-09-30": "$216", "2010-06-30": "$218", "2010-03-31": "$162", "2009-12-31": "", "2008-12-31": ""}}, "net-income": {"Facebook Annual Net Income (Millions of US $)": {"2020": "$29,146", "2019": "$18,485", "2018": "$22,111", "2017": "$15,920", "2016": "$10,188", "2015": "$3,669", "2014": "$2,925", "2013": "$1,491", "2012": "$32", "2011": "$668", "2010": "$372", "2009": "$122", "2008": "$-56", "2007": "$-138"}, "Facebook Quarterly Net Income (Millions of US $)": {"2020-12-31": "$11,220", "2020-09-30": "$7,846", "2020-06-30": "$5,178", "2020-03-31": "$4,902", "2019-12-31": "$7,349", "2019-09-30": "$6,091", "2019-06-30": "$2,616", "2019-03-31": "$2,429", "2018-12-31": "$6,881", "2018-09-30": "$5,137", "2018-06-30": "$5,106", "2018-03-31": "$4,987", "2017-12-31": "$4,267", "2017-09-30": "$4,704", "2017-06-30": "$3,890", "2017-03-31": "$3,059", "2016-12-31": "$3,560", "2016-09-30": "$2,620", "2016-06-30": "$2,276", "2016-03-31": "$1,732", "2015-12-31": "$1,554", "2015-09-30": "$891", "2015-06-30": "$715", "2015-03-31": "$509", "2014-12-31": "$696", "2014-09-30": "$802", "2014-06-30": "$788", "2014-03-31": "$639", "2013-12-31": "$521", "2013-09-30": "$422", "2013-06-30": "$331", "2013-03-31": "$217", "2012-12-31": "$64", "2012-09-30": "$-59", "2012-06-30": "$-157", "2012-03-31": "$137", "2011-12-31": "$205", "2011-09-30": "$150", "2011-06-30": "$159", "2011-03-31": "$153", "2010-12-31": "$251", "2010-09-30": "$131", "2010-06-30": "$129", "2010-03-31": "$95", "2009-12-31": "", "2008-12-31": ""}}, "eps-earnings-per-share-diluted": {"Facebook Annual EPS": {"2020": "$10.09", "2019": "$6.43", "2018": "$7.57", "2017": "$5.39", "2016": "$3.49", "2015": "$1.29", "2014": "$1.10", "2013": "$0.60", "2012": "$0.01", "2011": "$0.46", "2010": "$0.28", "2009": "$0.10", "2008": "$-0.06", "2007": "$-0.16"}, "Facebook Quarterly EPS": {"2020-12-31": "$3.87", "2020-09-30": "$2.71", "2020-06-30": "$1.80", "2020-03-31": "$1.71", "2019-12-31": "$2.55", "2019-09-30": "$2.12", "2019-06-30": "$0.91", "2019-03-31": "$0.85", "2018-12-31": "$2.38", "2018-09-30": "$1.76", "2018-06-30": "$1.74", "2018-03-31": "$1.69", "2017-12-31": "$1.44", "2017-09-30": "$1.59", "2017-06-30": "$1.32", "2017-03-31": "$1.04", "2016-12-31": "$1.21", "2016-09-30": "$0.90", "2016-06-30": "$0.78", "2016-03-31": "$0.60", "2015-12-31": "$0.55", "2015-09-30": "$0.31", "2015-06-30": "$0.25", "2015-03-31": "$0.18", "2014-12-31": "$0.25", "2014-09-30": "$0.30", "2014-06-30": "$0.30", "2014-03-31": "$0.25", "2013-12-31": "$0.21", "2013-09-30": "$0.17", "2013-06-30": "$0.13", "2013-03-31": "$0.09", "2012-12-31": "$0.03", "2012-09-30": "$-0.02", "2012-06-30": "$-0.08", "2012-03-31": "$0.09", "2011-12-31": "$0.14", "2011-09-30": "$0.10", "2011-06-30": "$0.11", "2011-03-31": "$0.11", "2010-12-31": "$0.00", "2010-09-30": "$0.00", "2010-06-30": "$0.00", "2010-03-31": "$0.00", "2009-12-31": "$0.00", "2008-12-31": "$0.00"}}, "shares-outstanding": {"Facebook Annual Shares Outstanding (Millions of Shares)": {"2020": "2,888", "2019": "2,876", "2018": "2,921", "2017": "2,956", "2016": "2,925", "2015": "2,853", "2014": "2,664", "2013": "2,517", "2012": "2,166", "2011": "1,508", "2010": "1,414", "2009": "2,732", "2008": "933", "2007": "863"}, "Facebook Quarterly Shares Outstanding (Millions of Shares)": {"2020-12-31": "2,888", "2020-09-30": "2,891", "2020-06-30": "2,879", "2020-03-31": "2,868", "2019-12-31": "2,876", "2019-09-30": "2,874", "2019-06-30": "2,875", "2019-03-31": "2,869", "2018-12-31": "2,921", "2018-09-30": "2,913", "2018-06-30": "2,930", "2018-03-31": "2,945", "2017-12-31": "2,956", "2017-09-30": "2,956", "2017-06-30": "2,951", "2017-03-31": "2,944", "2016-12-31": "2,925", "2016-09-30": "2,931", "2016-06-30": "2,921", "2016-03-31": "2,905", "2015-12-31": "2,853", "2015-09-30": "2,863", "2015-06-30": "2,850", "2015-03-31": "2,836", "2014-12-31": "2,664", "2014-09-30": "2,644", "2014-06-30": "2,615", "2014-03-31": "2,609", "2013-12-31": "2,517", "2013-09-30": "2,528", "2013-06-30": "2,502", "2013-03-31": "2,499", "2012-12-31": "2,506", "2012-09-30": "2,420", "2012-06-30": "1,879", "2012-03-31": "1,527", "2011-12-31": "1,519", "2011-09-30": "1,520", "2011-06-30": "1,510", "2011-03-31": "2,878", "2010-12-31": "", "2010-09-30": "", "2010-06-30": "", "2010-03-31": "", "2009-12-31": "", "2008-12-31": ""}}, "total-assets": {"Facebook Annual Total Assets (Millions of US $)": {"2020": "$159,316", "2019": "$133,376", "2018": "$97,334", "2017": "$84,524", "2016": "$64,961", "2015": "$49,407", "2014": "$39,966", "2013": "$17,895", "2012": "$15,103", "2011": "$6,331", "2010": "$2,990", "2009": "$0", "2008": "$0", "2007": "$0"}, "Facebook Quarterly Total Assets (Millions of US $)": {"2020-12-31": "$159,316", "2020-09-30": "$146,437", "2020-06-30": "$139,691", "2020-03-31": "$138,371", "2019-12-31": "$133,376", "2019-09-30": "$124,418", "2019-06-30": "$117,006", "2019-03-31": "$109,477", "2018-12-31": "$97,334", "2018-09-30": "$92,452", "2018-06-30": "$90,291", "2018-03-31": "$88,945", "2017-12-31": "$84,524", "2017-09-30": "$78,998", "2017-06-30": "$73,843", "2017-03-31": "$68,714", "2016-12-31": "$64,961", "2016-09-30": "$59,674", "2016-06-30": "$55,739", "2016-03-31": "$52,075", "2015-12-31": "$49,407", "2015-09-30": "$46,469", "2015-06-30": "$44,130", "2015-03-31": "$42,007", "2014-12-31": "$39,966", "2014-09-30": "$24,188", "2014-06-30": "$20,769", "2014-03-31": "$19,028", "2013-12-31": "$17,895", "2013-09-30": "$14,933", "2013-06-30": "$15,724", "2013-03-31": "$15,163", "2012-12-31": "$15,103", "2012-09-30": "$16,038", "2012-06-30": "$14,928", "2012-03-31": "$6,859", "2011-12-31": "$6,331", "2011-09-30": "$0", "2011-06-30": "$0", "2011-03-31": "$0", "2010-12-31": "$2,990", "2010-09-30": "$0", "2010-06-30": "$0", "2010-03-31": "$0", "2009-12-31": "$0", "2008-12-31": "$0"}}, "cash-on-hand": {"Facebook Annual Cash on Hand (Millions of US $)": {"2020": "$61,954", "2019": "$54,855", "2018": "$41,114", "2017": "$41,711", "2016": "$29,449", "2015": "$18,434", "2014": "$11,199", "2013": "$11,449", "2012": "$9,626", "2011": "$3,908", "2010": "$1,785", "2009": "$", "2008": "$", "2007": "$"}, "Facebook Quarterly Cash on Hand (Millions of US $)": {"2020-12-31": "$61,954", "2020-09-30": "$55,620", "2020-06-30": "$58,240", "2020-03-31": "$60,289", "2019-12-31": "$54,855", "2019-09-30": "$52,269", "2019-06-30": "$48,596", "2019-03-31": "$45,243", "2018-12-31": "$41,114", "2018-09-30": "$41,206", "2018-06-30": "$42,309", "2018-03-31": "$43,956", "2017-12-31": "$41,711", "2017-09-30": "$38,289", "2017-06-30": "$35,452", "2017-03-31": "$32,306", "2016-12-31": "$29,449", "2016-09-30": "$26,140", "2016-06-30": "$23,293", "2016-03-31": "$20,621", "2015-12-31": "$18,434", "2015-09-30": "$15,834", "2015-06-30": "$14,125", "2015-03-31": "$12,413", "2014-12-31": "$11,199", "2014-09-30": "$14,250", "2014-06-30": "$13,956", "2014-03-31": "$12,629", "2013-12-31": "$11,449", "2013-09-30": "$9,328", "2013-06-30": "$10,252", "2013-03-31": "$9,472", "2012-12-31": "$9,626", "2012-09-30": "$10,452", "2012-06-30": "$10,188", "2012-03-31": "$3,910", "2011-12-31": "$3,908", "2011-09-30": "", "2011-06-30": "", "2011-03-31": "", "2010-12-31": "$1,785", "2010-09-30": "", "2010-06-30": "", "2010-03-31": "", "2009-12-31": "", "2008-12-31": ""}}, "long-term-debt": {"Facebook Annual Long Term Debt (Millions of US $)": {"2020": "$", "2019": "$", "2018": "$", "2017": "$", "2016": "$", "2015": "$107", "2014": "$119", "2013": "$237", "2012": "$1,991", "2011": "$398", "2010": "$367", "2009": "$", "2008": "$", "2007": "$"}, "Facebook Quarterly Long Term Debt (Millions of US $)": {"2020-12-31": "", "2020-09-30": "", "2020-06-30": "", "2020-03-31": "", "2019-12-31": "", "2019-09-30": "", "2019-06-30": "", "2019-03-31": "$6,565", "2018-12-31": "", "2018-09-30": "", "2018-06-30": "", "2018-03-31": "", "2017-12-31": "", "2017-09-30": "", "2017-06-30": "", "2017-03-31": "", "2016-12-31": "", "2016-09-30": "", "2016-06-30": "", "2016-03-31": "", "2015-12-31": "$107", "2015-09-30": "$109", "2015-06-30": "$110", "2015-03-31": "$113", "2014-12-31": "$119", "2014-09-30": "$129", "2014-06-30": "$153", "2014-03-31": "$191", "2013-12-31": "$237", "2013-09-30": "$287", "2013-06-30": "$1,851", "2013-03-31": "$1,920", "2012-12-31": "$1,991", "2012-09-30": "$530", "2012-06-30": "$394", "2012-03-31": "$404", "2011-12-31": "$398", "2011-09-30": "", "2011-06-30": "", "2011-03-31": "", "2010-12-31": "$250", "2010-09-30": "", "2010-06-30": "", "2010-03-31": "", "2009-12-31": "", "2008-12-31": ""}}, "total-liabilities": {"Facebook Annual Total Liabilities (Millions of US $)": {"2020": "$31,026", "2019": "$32,322", "2018": "$13,207", "2017": "$10,177", "2016": "$5,767", "2015": "$5,189", "2014": "$3,870", "2013": "$2,425", "2012": "$3,348", "2011": "$1,432", "2010": "$828", "2009": "$", "2008": "$0", "2007": "$"}, "Facebook Quarterly Total Liabilities (Millions of US $)": {"2020-12-31": "$31,026", "2020-09-30": "$28,706", "2020-06-30": "$29,244", "2020-03-31": "$33,067", "2019-12-31": "$32,322", "2019-09-30": "$30,419", "2019-06-30": "$28,244", "2019-03-31": "$22,961", "2018-12-31": "$13,207", "2018-09-30": "$12,110", "2018-06-30": "$10,909", "2018-03-31": "$11,325", "2017-12-31": "$10,177", "2017-09-30": "$7,790", "2017-06-30": "$7,362", "2017-03-31": "$6,526", "2016-12-31": "$5,767", "2016-09-30": "$5,559", "2016-06-30": "$5,356", "2016-03-31": "$4,925", "2015-12-31": "$5,189", "2015-09-30": "$5,049", "2015-06-30": "$4,678", "2015-03-31": "$4,506", "2014-12-31": "$3,870", "2014-09-30": "$2,950", "2014-06-30": "$2,423", "2014-03-31": "$2,291", "2013-12-31": "$2,425", "2013-09-30": "$1,885", "2013-06-30": "$3,375", "2013-03-31": "$3,339", "2012-12-31": "$3,348", "2012-09-30": "$1,864", "2012-06-30": "$1,619", "2012-03-31": "$1,587", "2011-12-31": "$1,432", "2011-09-30": "", "2011-06-30": "", "2011-03-31": "", "2010-12-31": "$828", "2010-09-30": "$0", "2010-06-30": "$0", "2010-03-31": "$0", "2009-12-31": "$0", "2008-12-31": "$0"}}, "total-share-holder-equity": {"Facebook Annual Share Holder Equity (Millions of US $)": {"2020": "$128,290", "2019": "$101,054", "2018": "$84,127", "2017": "$74,347", "2016": "$59,194", "2015": "$44,218", "2014": "$36,096", "2013": "$15,470", "2012": "$11,755", "2011": "$4,899", "2010": "$2,162", "2009": "$", "2008": "$0", "2007": "$"}, "Facebook Quarterly Share Holder Equity (Millions of US $)": {"2020-12-31": "$128,290", "2020-09-30": "$117,731", "2020-06-30": "$110,447", "2020-03-31": "$105,304", "2019-12-31": "$101,054", "2019-09-30": "$93,999", "2019-06-30": "$88,762", "2019-03-31": "$86,516", "2018-12-31": "$84,127", "2018-09-30": "$80,342", "2018-06-30": "$79,382", "2018-03-31": "$77,620", "2017-12-31": "$74,347", "2017-09-30": "$71,208", "2017-06-30": "$66,481", "2017-03-31": "$62,188", "2016-12-31": "$59,194", "2016-09-30": "$54,115", "2016-06-30": "$50,383", "2016-03-31": "$47,150", "2015-12-31": "$44,218", "2015-09-30": "$41,420", "2015-06-30": "$39,452", "2015-03-31": "$37,501", "2014-12-31": "$36,096", "2014-09-30": "$21,238", "2014-06-30": "$18,346", "2014-03-31": "$16,737", "2013-12-31": "$15,470", "2013-09-30": "$13,048", "2013-06-30": "$12,349", "2013-03-31": "$11,824", "2012-12-31": "$11,755", "2012-09-30": "$14,174", "2012-06-30": "$13,309", "2012-03-31": "$5,272", "2011-12-31": "$4,899", "2011-09-30": "", "2011-06-30": "", "2011-03-31": "", "2010-12-31": "$2,162", "2010-09-30": "$0", "2010-06-30": "$0", "2010-03-31": "$0", "2009-12-31": "$0", "2008-12-31": "$0"}}, "profit-margins": {"current": "33.9%"}, "gross margin": {"2020-12-31": "80.58%", "2020-09-30": "81.04%", "2020-06-30": "81.46%", "2020-03-31": "81.72%", "2019-12-31": "81.94%", "2019-09-30": "81.85%", "2019-06-30": "81.89%", "2019-03-31": "82.62%", "2018-12-31": "83.25%", "2018-09-30": "84.26%", "2018-06-30": "85.16%", "2018-03-31": "86.05%", "2017-12-31": "86.58%", "2017-09-30": "86.60%", "2017-06-30": "86.65%", "2017-03-31": "86.43%", "2016-12-31": "86.29%", "2016-09-30": "85.54%", "2016-06-30": "85.11%", "2016-03-31": "84.57%", "2015-12-31": "84.01%", "2015-09-30": "83.09%", "2015-06-30": "82.65%", "2015-03-31": "82.64%", "2014-12-31": "82.73%", "2014-09-30": "82.23%", "2014-06-30": "80.71%", "2014-03-31": "78.42%", "2013-12-31": "76.18%", "2013-09-30": "74.05%", "2013-06-30": "73.88%", "2013-03-31": "72.67%", "2012-12-31": "73.20%", "2012-09-30": "73.83%", "2012-06-30": "73.95%", "2012-03-31": "75.98%", "2011-12-31": "76.83%", "2011-09-30": "76.96%", "2011-06-30": "76.70%", "2011-03-31": "76.31%", "2010-12-31": "75.08%"}, "operating margin": {"2020-12-31": "38.01%", "2020-09-30": "36.41%", "2020-06-30": "37.12%", "2020-03-31": "36.21%", "2019-12-31": "33.93%", "2019-09-30": "34.49%", "2019-06-30": "34.41%", "2019-03-31": "38.65%", "2018-12-31": "44.62%", "2018-09-30": "47.11%", "2018-06-30": "49.05%", "2018-03-31": "50.07%", "2017-12-31": "49.70%", "2017-09-30": "47.73%", "2017-06-30": "46.46%", "2017-03-31": "45.38%", "2016-12-31": "44.96%", "2016-09-30": "42.24%", "2016-06-30": "39.54%", "2016-03-31": "36.94%", "2015-12-31": "34.72%", "2015-09-30": "30.10%", "2015-06-30": "32.35%", "2015-03-31": "35.92%", "2014-12-31": "40.06%", "2014-09-30": "44.60%", "2014-06-30": "43.28%", "2014-03-31": "39.32%", "2013-12-31": "35.62%", "2013-09-30": "31.93%", "2013-06-30": "29.99%", "2013-03-31": "9.66%", "2012-12-31": "10.57%", "2012-09-30": "12.15%", "2012-06-30": "13.87%", "2012-03-31": "43.34%", "2011-12-31": "47.35%", "2011-09-30": "49.71%", "2011-06-30": "51.27%", "2011-03-31": "53.35%", "2010-12-31": "52.33%"}, "ebitda margin": {"2020-12-31": "45.99%", "2020-09-30": "44.60%", "2020-06-30": "45.35%", "2020-03-31": "44.37%", "2019-12-31": "42.05%", "2019-09-30": "42.76%", "2019-06-30": "42.70%", "2019-03-31": "46.65%", "2018-12-31": "52.34%", "2018-09-30": "54.70%", "2018-06-30": "56.49%", "2018-03-31": "57.48%", "2017-12-31": "57.14%", "2017-09-30": "55.36%", "2017-06-30": "54.31%", "2017-03-31": "53.50%", "2016-12-31": "53.44%", "2016-09-30": "51.45%", "2016-06-30": "49.32%", "2016-03-31": "47.26%", "2015-12-31": "45.57%", "2015-09-30": "41.61%", "2015-06-30": "43.53%", "2015-03-31": "46.55%", "2014-12-31": "50.03%", "2014-09-30": "54.28%", "2014-06-30": "53.96%", "2014-03-31": "51.01%", "2013-12-31": "48.46%", "2013-09-30": "45.91%", "2013-06-30": "44.10%", "2013-03-31": "23.72%", "2012-12-31": "23.32%", "2012-09-30": "23.54%", "2012-06-30": "24.24%", "2012-03-31": "52.80%", "2011-12-31": "56.05%", "2011-09-30": "60.56%", "2011-06-30": "60.55%", "2011-03-31": "61.40%", "2010-12-31": "59.37%"}, "pre tax profit margin": {"2020-12-31": "38.60%", "2020-09-30": "37.09%", "2020-06-30": "37.91%", "2020-03-31": "37.07%", "2019-12-31": "35.10%", "2019-09-30": "35.49%", "2019-06-30": "35.46%", "2019-03-31": "39.41%", "2018-12-31": "45.42%", "2018-09-30": "47.89%", "2018-06-30": "49.85%", "2018-03-31": "51.13%", "2017-12-31": "50.66%", "2017-09-30": "48.41%", "2017-06-30": "47.01%", "2017-03-31": "45.76%", "2016-12-31": "45.29%", "2016-09-30": "42.73%", "2016-06-30": "39.75%", "2016-03-31": "37.07%", "2015-12-31": "34.55%", "2015-09-30": "29.80%", "2015-06-30": "31.79%", "2015-03-31": "35.29%", "2014-12-31": "39.39%", "2014-09-30": "43.99%", "2014-06-30": "43.11%", "2014-03-31": "38.99%", "2013-12-31": "34.98%", "2013-09-30": "30.98%", "2013-06-30": "29.01%", "2013-03-31": "8.47%", "2012-12-31": "9.71%", "2012-09-30": "10.98%", "2012-06-30": "11.93%", "2012-03-31": "41.60%", "2011-12-31": "45.70%", "2011-09-30": "48.72%", "2011-06-30": "51.35%", "2011-03-31": "53.77%", "2010-12-31": "52.33%"}, "net profit margin": {"2020-12-31": "33.90%", "2020-09-30": "32.00%", "2020-06-30": "31.29%", "2020-03-31": "28.57%", "2019-12-31": "26.15%", "2019-09-30": "27.08%", "2019-06-30": "27.26%", "2019-03-31": "33.17%", "2018-12-31": "39.60%", "2018-09-30": "37.57%", "2018-06-30": "39.31%", "2018-03-31": "40.03%", "2017-12-31": "39.16%", "2017-09-30": "41.69%", "2017-06-30": "39.58%", "2017-03-31": "38.02%", "2016-12-31": "36.86%", "2016-09-30": "33.16%", "2016-06-30": "29.12%", "2016-03-31": "24.75%", "2015-12-31": "20.47%", "2015-09-30": "17.64%", "2015-06-30": "18.59%", "2015-03-31": "20.69%", "2014-12-31": "23.46%", "2014-09-30": "24.55%", "2014-06-30": "23.67%", "2014-03-31": "21.46%", "2013-12-31": "18.94%", "2013-09-30": "15.05%", "2013-06-30": "9.04%", "2013-03-31": "1.18%", "2012-12-31": "-0.29%", "2012-09-30": "2.72%", "2012-06-30": "7.74%", "2012-03-31": "16.12%", "2011-12-31": "17.97%", "2011-09-30": "21.53%", "2011-06-30": "24.58%", "2011-03-31": "28.14%", "2010-12-31": "30.70%"}, "pe ratio": {"current": "26.54", "2021-02-05": "26.54", "2020-12-31": "27.05", "2020-09-30": "29.83", "2020-06-30": "27.73", "2020-03-31": "22.85", "2019-12-31": "31.87", "2019-09-30": "28.45", "2019-06-30": "32.71", "2019-03-31": "24.77", "2018-12-31": "17.32", "2018-09-30": "24.81", "2018-06-30": "30.08", "2018-03-31": "26.46", "2017-12-31": "32.74", "2017-09-30": "33.11", "2017-06-30": "34.39", "2017-03-31": "37.58", "2016-12-31": "35.29", "2016-09-30": "49.53", "2016-06-30": "54.94", "2016-03-31": "70.43", "2015-12-31": "81.77", "2015-09-30": "90.64", "2015-06-30": "87.52", "2015-03-31": "79.82", "2014-12-31": "70.93", "2014-09-30": "75.28", "2014-06-30": "73.14", "2014-03-31": "80.32", "2013-12-31": "92.63", "2013-09-30": "119.60", "2013-06-30": "108.17", "2013-03-31": "1279.00"}, "price sales": {"2021-02-05": "8.99", "2020-12-31": "9.16", "2020-09-30": "9.55", "2020-06-30": "8.68", "2020-03-31": "6.53", "2019-12-31": "8.34", "2019-09-30": "7.72", "2019-06-30": "8.92", "2019-03-31": "8.22", "2018-12-31": "6.87", "2018-09-30": "9.30", "2018-06-30": "11.80", "2018-03-31": "10.58", "2017-12-31": "12.82", "2017-09-30": "13.79", "2017-06-30": "13.37", "2017-03-31": "13.74", "2016-12-31": "12.16", "2016-09-30": "15.10", "2016-06-30": "14.89", "2016-03-31": "16.56", "2015-12-31": "16.65", "2015-09-30": "15.78", "2015-06-30": "16.11", "2015-03-31": "16.38", "2014-12-31": "16.50", "2014-09-30": "18.34", "2014-06-30": "17.27", "2014-03-31": "17.17", "2013-12-31": "17.45", "2013-09-30": "18.35", "2013-06-30": "10.11", "2013-03-31": "10.80"}, "price book": {"current": "5.95", "2021-02-05": "5.95", "2020-12-31": "6.07", "2020-09-30": "6.34", "2020-06-30": "5.86", "2020-03-31": "4.52", "2019-12-31": "5.79", "2019-09-30": "5.41", "2019-06-30": "6.21", "2019-03-31": "5.50", "2018-12-31": "4.45", "2018-09-30": "5.88", "2018-06-30": "7.08", "2018-03-31": "5.97", "2017-12-31": "6.90", "2017-09-30": "6.97", "2017-06-30": "6.59", "2017-03-31": "6.62", "2016-12-31": "5.62", "2016-09-30": "6.81", "2016-06-30": "6.49", "2016-03-31": "6.90", "2015-12-31": "6.71", "2015-09-30": "6.10", "2015-06-30": "6.09", "2015-03-31": "6.11", "2014-12-31": "6.00", "2014-09-30": "9.66", "2014-06-30": "9.41", "2014-03-31": "9.19", "2013-12-31": "8.96", "2013-09-30": "9.39", "2013-06-30": "4.87", "2013-03-31": "5.18", "2012-12-31": "5.34", "2012-09-30": "3.31", "2012-06-30": "5.00"}, "price fcf": {"2021-02-05": "", "2020-12-31": "$8.18", "2020-09-30": "$6.64", "2020-06-30": "$6.54", "2020-03-31": "$8.06", "2019-12-31": "$7.38", "2019-09-30": "$6.77", "2019-06-30": "$6.20", "2019-03-31": "$5.45", "2018-12-31": "$5.26", "2018-09-30": "$5.96", "2018-06-30": "$6.00", "2018-03-31": "$6.34", "2017-12-31": "$5.91", "2017-09-30": "$5.34", "2017-06-30": "$4.87", "2017-03-31": "$4.45", "2016-12-31": "$3.97", "2016-09-30": "$4.07", "2016-06-30": "$3.56", "2016-03-31": "$3.12", "2015-12-31": "$2.73", "2015-09-30": "$2.47", "2015-06-30": "$2.26", "2015-03-31": "$2.13", "2014-12-31": "$2.06", "2014-09-30": "$1.27", "2014-06-30": "$1.24", "2014-03-31": "$1.33", "2013-12-31": "$1.14", "2013-09-30": "$1.03", "2013-06-30": "$0.83", "2013-03-31": "$0.31"}, "net worth": {"value": "$763.46B"}, "current ratio": {"current": "5.05", "2020-12-31": "5.05", "2020-09-30": "5.51", "2020-06-30": "6.03", "2020-03-31": "4.60", "2019-12-31": "4.40", "2019-09-30": "4.66", "2019-06-30": "4.47", "2019-03-31": "5.38", "2018-12-31": "7.19", "2018-09-30": "9.00", "2018-06-30": "10.67", "2018-03-31": "9.91", "2017-12-31": "12.92", "2017-09-30": "13.38", "2017-06-30": "12.31", "2017-03-31": "12.61", "2016-12-31": "11.97", "2016-09-30": "11.69", "2016-06-30": "12.22", "2016-03-31": "13.16", "2015-12-31": "11.25", "2015-09-30": "10.68", "2015-06-30": "9.01", "2015-03-31": "8.59", "2014-12-31": "9.40", "2014-09-30": "13.06", "2014-06-30": "12.82", "2014-03-31": "13.56", "2013-12-31": "11.88", "2013-09-30": "10.72", "2013-06-30": "10.58", "2013-03-31": "10.39", "2012-12-31": "10.71", "2012-09-30": "11.38", "2012-06-30": "11.57", "2012-03-31": "4.52", "2011-12-31": "5.12", "2011-09-30": "0.00", "2011-06-30": "0.00", "2011-03-31": "0.00", "2010-12-31": "5.77", "2010-09-30": "0.00", "2010-06-30": "0.00", "2010-03-31": "0.00", "2009-12-31": "0.00", "2008-12-31": "0.00"}, "quick ratio": {"2020-12-31": "0.00", "2020-09-30": "0.00", "2020-06-30": "0.00", "2020-03-31": "0.00", "2019-12-31": "0.00", "2019-09-30": "0.00", "2019-06-30": "0.00", "2019-03-31": "0.00", "2018-12-31": "0.00", "2018-09-30": "0.00", "2018-06-30": "0.00", "2018-03-31": "0.00", "2017-12-31": "0.00", "2017-09-30": "0.00", "2017-06-30": "0.00", "2017-03-31": "0.00", "2016-12-31": "0.00", "2016-09-30": "0.00", "2016-06-30": "0.00", "2016-03-31": "0.00", "2015-12-31": "0.00", "2015-09-30": "0.00", "2015-06-30": "0.00", "2015-03-31": "0.00", "2014-12-31": "0.00", "2014-09-30": "0.00", "2014-06-30": "0.00", "2014-03-31": "0.00", "2013-12-31": "0.00", "2013-09-30": "0.00", "2013-06-30": "0.00", "2013-03-31": "0.00", "2012-12-31": "0.00", "2012-09-30": "0.00", "2012-06-30": "0.00", "2012-03-31": "0.00", "2011-12-31": "0.00", "2011-09-30": "0.00", "2011-06-30": "0.00", "2011-03-31": "0.00", "2010-12-31": "0.00", "2010-09-30": "0.00", "2010-06-30": "0.00", "2010-03-31": "0.00", "2009-12-31": "0.00", "2008-12-31": "0.00"}, "debt equity ratio": {"current": "0.00", "2020-12-31": "0.24", "2020-09-30": "0.24", "2020-06-30": "0.27", "2020-03-31": "0.31", "2019-12-31": "0.32", "2019-09-30": "0.32", "2019-06-30": "0.32", "2019-03-31": "0.27", "2018-12-31": "0.16", "2018-09-30": "0.15", "2018-06-30": "0.14", "2018-03-31": "0.15", "2017-12-31": "0.14", "2017-09-30": "0.11", "2017-06-30": "0.11", "2017-03-31": "0.11", "2016-12-31": "0.10", "2016-09-30": "0.10", "2016-06-30": "0.11", "2016-03-31": "0.10", "2015-12-31": "0.12", "2015-09-30": "0.12", "2015-06-30": "0.12", "2015-03-31": "0.12", "2014-12-31": "0.11", "2014-09-30": "0.14", "2014-06-30": "0.13", "2014-03-31": "0.14", "2013-12-31": "0.16", "2013-09-30": "0.14", "2013-06-30": "0.27", "2013-03-31": "0.28", "2012-12-31": "0.29", "2012-09-30": "0.13", "2012-06-30": "0.12", "2012-03-31": "0.30", "2011-12-31": "0.29", "2011-09-30": "0.00", "2011-06-30": "0.00", "2011-03-31": "0.00", "2010-12-31": "0.38", "2010-09-30": "0.00", "2010-06-30": "0.00", "2010-03-31": "0.00", "2009-12-31": "0.00", "2008-12-31": "0.00"}, "return on equity": {"2020-12-31": "25.25%", "2020-09-30": "23.27%", "2020-06-30": "22.90%", "2020-03-31": "21.54%", "2019-12-31": "19.97%", "2019-09-30": "20.39%", "2019-06-30": "20.09%", "2019-03-31": "23.67%", "2018-12-31": "27.51%", "2018-09-30": "25.02%", "2018-06-30": "25.20%", "2018-03-31": "24.65%", "2017-12-31": "23.22%", "2017-09-30": "23.49%", "2017-06-30": "21.70%", "2017-03-31": "20.39%", "2016-12-31": "19.33%", "2016-09-30": "16.71%", "2016-06-30": "14.09%", "2016-03-31": "11.36%", "2015-12-31": "9.03%", "2015-09-30": "7.28%", "2015-06-30": "8.11%", "2015-03-31": "9.88%", "2014-12-31": "12.66%", "2014-09-30": "15.32%", "2014-06-30": "14.91%", "2014-03-31": "13.28%", "2013-12-31": "11.32%", "2013-09-30": "8.44%", "2013-06-30": "4.41%", "2013-03-31": "0.51%", "2012-12-31": "-0.13%", "2012-09-30": "1.34%", "2012-06-30": "5.71%", "2012-03-31": "25.60%", "2011-12-31": "54.46%", "2011-09-30": "131.91%", "2011-06-30": "128.40%", "2011-03-31": "122.85%", "2010-12-31": "112.12%"}, "return on assets": {"2020-12-31": "19.97%", "2020-09-30": "18.12%", "2020-06-30": "17.56%", "2020-03-31": "16.34%", "2019-12-31": "15.27%", "2019-09-30": "16.08%", "2019-06-30": "16.40%", "2019-03-31": "20.08%", "2018-12-31": "23.97%", "2018-09-30": "21.89%", "2018-06-30": "22.25%", "2018-03-31": "21.88%", "2017-12-31": "20.81%", "2017-09-30": "21.24%", "2017-06-30": "19.65%", "2017-03-31": "18.49%", "2016-12-31": "17.53%", "2016-09-30": "15.09%", "2016-06-30": "12.67%", "2016-03-31": "10.19%", "2015-12-31": "8.06%", "2015-09-30": "6.52%", "2015-06-30": "7.24%", "2015-03-31": "8.81%", "2014-12-31": "11.26%", "2014-09-30": "13.43%", "2014-06-30": "13.05%", "2014-03-31": "11.32%", "2013-12-31": "9.36%", "2013-09-30": "6.79%", "2013-06-30": "3.57%", "2013-03-31": "0.42%", "2012-12-31": "-0.11%", "2012-09-30": "1.14%", "2012-06-30": "4.77%", "2012-03-31": "19.74%", "2011-12-31": "42.14%", "2011-09-30": "95.38%", "2011-06-30": "92.84%", "2011-03-31": "88.83%", "2010-12-31": "81.07%"}, "return on investments": {"2020-12-31": "inf%", "2020-09-30": "inf%", "2020-06-30": "inf%", "2020-03-31": "inf%", "2019-12-31": "103.08%", "2019-09-30": "98.62%", "2019-06-30": "92.58%", "2019-03-31": "97.90%", "2018-12-31": "inf%", "2018-09-30": "inf%", "2018-06-30": "inf%", "2018-03-31": "inf%", "2017-12-31": "inf%", "2017-09-30": "inf%", "2017-06-30": "inf%", "2017-03-31": "inf%", "2016-12-31": "inf%", "2016-09-30": "94.04%", "2016-06-30": "40.83%", "2016-03-31": "23.29%", "2015-12-31": "15.27%", "2015-09-30": "12.39%", "2015-06-30": "14.05%", "2015-03-31": "17.07%", "2014-12-31": "21.48%", "2014-09-30": "27.56%", "2014-06-30": "26.89%", "2014-03-31": "23.31%", "2013-12-31": "19.68%", "2013-09-30": "15.95%", "2013-06-30": "13.02%", "2013-03-31": "3.79%", "2012-12-31": "4.50%", "2012-09-30": "5.72%", "2012-06-30": "9.73%", "2012-03-31": "63.79%", "2011-12-31": "132.68%", "2011-09-30": "272.97%", "2011-06-30": "240.13%", "2011-03-31": "208.79%", "2010-12-31": "171.31%"}, "return on tangible equity": {"2020-12-31": "30.46%", "2020-09-30": "28.43%", "2020-06-30": "28.30%", "2020-03-31": "26.93%", "2019-12-31": "25.26%", "2019-09-30": "26.13%", "2019-06-30": "26.09%", "2019-03-31": "31.07%", "2018-12-31": "36.50%", "2018-09-30": "33.62%", "2018-06-30": "34.30%", "2018-03-31": "34.16%", "2017-12-31": "32.99%", "2017-09-30": "34.31%", "2017-06-30": "32.88%", "2017-03-31": "32.20%", "2016-12-31": "31.99%", "2016-09-30": "29.28%", "2016-06-30": "26.23%", "2016-03-31": "22.55%", "2015-12-31": "19.20%", "2015-09-30": "16.61%", "2015-06-30": "16.74%", "2015-03-31": "17.50%", "2014-12-31": "18.51%", "2014-09-30": "17.52%", "2014-06-30": "16.66%", "2014-03-31": "15.02%", "2013-12-31": "12.90%", "2013-09-30": "9.65%", "2013-06-30": "5.01%", "2013-03-31": "0.57%", "2012-12-31": "-0.15%", "2012-09-30": "1.44%", "2012-06-30": "6.00%", "2012-03-31": "26.52%", "2011-12-31": "56.32%", "2011-09-30": "131.91%", "2011-06-30": "128.40%", "2011-03-31": "122.85%", "2010-12-31": "112.12%"}, "dividend yield history": {"last payout": "$0.00", "last yield": "0.00%"}}