{"ticker": "FDS", "price": {"title": "FactSet Research Systems Historical Annual Stock Price Data", "value": 317.97, "historical": {"2021": {"Average Stock Price": "321.7867", "Year Open": "330.5900", "Year High": "335.4400", "Year Low": "302.3400", "Year Close": "317.9700", "Annual % Change": "-4.37%"}, "2020": {"Average Stock Price": "309.6737", "Year Open": "268.7300", "Year High": "360.9200", "Year Low": "204.5500", "Year Close": "332.5000", "Annual % Change": "23.93%"}, "2019": {"Average Stock Price": "258.9759", "Year Open": "199.4000", "Year High": "302.0500", "Year Low": "194.0000", "Year Close": "268.3000", "Annual % Change": "34.06%"}, "2018": {"Average Stock Price": "209.7549", "Year Open": "191.6300", "Year High": "235.3200", "Year Low": "186.0500", "Year Close": "200.1300", "Annual % Change": "3.82%"}, "2017": {"Average Stock Price": "173.3706", "Year Open": "165.1400", "Year High": "204.8700", "Year Low": "155.5300", "Year Close": "192.7600", "Annual % Change": "17.95%"}, "2016": {"Average Stock Price": "159.0151", "Year Open": "156.6200", "Year High": "181.5200", "Year Low": "136.4000", "Year Close": "163.4300", "Annual % Change": "0.53%"}, "2015": {"Average Stock Price": "161.0955", "Year Open": "140.5900", "Year High": "176.0100", "Year Low": "137.6600", "Year Close": "162.5700", "Annual % Change": "15.50%"}, "2014": {"Average Stock Price": "117.8157", "Year Open": "108.4800", "Year High": "144.5900", "Year Low": "101.9900", "Year Close": "140.7500", "Annual % Change": "29.63%"}, "2013": {"Average Stock Price": "102.3719", "Year Open": "89.7200", "Year High": "117.0700", "Year Low": "88.4300", "Year Close": "108.5800", "Annual % Change": "23.30%"}, "2012": {"Average Stock Price": "94.8472", "Year Open": "88.0800", "Year High": "108.5200", "Year Low": "86.1700", "Year Close": "88.0600", "Annual % Change": "0.89%"}, "2011": {"Average Stock Price": "97.0952", "Year Open": "95.1600", "Year High": "111.7600", "Year Low": "78.4500", "Year Close": "87.2800", "Annual % Change": "-6.91%"}, "2010": {"Average Stock Price": "76.3723", "Year Open": "66.6800", "Year High": "96.2800", "Year Low": "62.1900", "Year Close": "93.7600", "Annual % Change": "42.34%"}, "2009": {"Average Stock Price": "54.7980", "Year Open": "45.6000", "Year High": "76.0600", "Year Low": "35.7600", "Year Close": "65.8700", "Annual % Change": "48.89%"}, "2008": {"Average Stock Price": "52.8931", "Year Open": "55.0500", "Year High": "66.4900", "Year Low": "33.1800", "Year Close": "44.2400", "Annual % Change": "-20.57%"}, "2007": {"Average Stock Price": "62.9697", "Year Open": "55.7800", "Year High": "73.5300", "Year Low": "55.3000", "Year Close": "55.7000", "Annual % Change": "-1.38%"}, "2006": {"Average Stock Price": "45.6016", "Year Open": "40.8400", "Year High": "57.2300", "Year Low": "37.8000", "Year Close": "56.4800", "Annual % Change": "37.22%"}, "2005": {"Average Stock Price": "34.3327", "Year Open": "38.0133", "Year High": "42.0400", "Year Low": "27.6100", "Year Close": "41.1600", "Annual % Change": "5.65%"}, "2004": {"Average Stock Price": "29.6899", "Year Open": "25.2267", "Year High": "39.4333", "Year Low": "23.8200", "Year Close": "38.9600", "Annual % Change": "52.94%"}, "2003": {"Average Stock Price": "25.6797", "Year Open": "19.2667", "Year High": "34.6333", "Year Low": "16.3000", "Year Close": "25.4733", "Annual % Change": "35.16%"}, "2002": {"Average Stock Price": "20.4983", "Year Open": "23.9667", "Year High": "27.3267", "Year Low": "14.4933", "Year Close": "18.8467", "Annual % Change": "-19.11%"}, "2001": {"Average Stock Price": "21.2807", "Year Open": "23.6733", "Year High": "29.9333", "Year Low": "12.2667", "Year Close": "23.3000", "Annual % Change": "-5.72%"}, "2000": {"Average Stock Price": "21.6760", "Year Open": "26.3333", "Year High": "29.2667", "Year Low": "14.4200", "Year Close": "24.7133", "Annual % Change": "-6.89%"}, "1999": {"Average Stock Price": "17.1917", "Year Open": "13.2778", "Year High": "27.3733", "Year Low": "12.3333", "Year Close": "26.5433", "Annual % Change": "93.43%"}, "1998": {"Average Stock Price": "7.7034", "Year Open": "6.7778", "Year High": "13.9022", "Year Low": "5.8467", "Year Close": "13.7222", "Annual % Change": "100.81%"}, "1997": {"Average Stock Price": "5.3348", "Year Open": "4.6667", "Year High": "7.4578", "Year Low": "3.8067", "Year Close": "6.8333", "Annual % Change": "46.43%"}}}, "market cap": {"value": "$12.08B"}, "income statement": {"Revenue": {"2020-08-31": "1494.11100", "2019-08-31": "1435.35100", "2018-08-31": "1350.14500", "2017-08-31": "1221.17900", "2016-08-31": "1127.09200", "2015-08-31": "1006.76800", "2014-08-31": "920.33500", "2013-08-31": "858.11200", "2012-08-31": "805.79300", "2011-08-31": "726.51000", "2010-08-31": "641.05900", "2009-08-31": "622.02300", "2008-08-31": "575.51900", "2007-08-31": "475.80100", "2006-08-31": "387.35000", "2005-08-31": "312.64400"}, "Cost Of Goods Sold": {"2020-08-31": "695.44600", "2019-08-31": "663.44600", "2018-08-31": "659.29600", "2017-08-31": "566.58000", "2016-08-31": "487.40900", "2015-08-31": "405.33900", "2014-08-31": "353.68600", "2013-08-31": "306.37900", "2012-08-31": "275.53700", "2011-08-31": "244.62300", "2010-08-31": "206.55000", "2009-08-31": "209.36400", "2008-08-31": "191.23900", "2007-08-31": "152.79700", "2006-08-31": "121.35200", "2005-08-31": "91.80100"}, "Gross Profit": {"2020-08-31": "798.66500", "2019-08-31": "771.90500", "2018-08-31": "690.84900", "2017-08-31": "654.59890", "2016-08-31": "639.68300", "2015-08-31": "601.42900", "2014-08-31": "566.64900", "2013-08-31": "551.73300", "2012-08-31": "530.25600", "2011-08-31": "481.88700", "2010-08-31": "434.50900", "2009-08-31": "412.65900", "2008-08-31": "384.28000", "2007-08-31": "323.00400", "2006-08-31": "265.99800", "2005-08-31": "220.84300"}, "Research And Development Expenses": {"2020-08-31": "", "2019-08-31": "", "2018-08-31": "", "2017-08-31": "", "2016-08-31": "", "2015-08-31": "", "2014-08-31": "", "2013-08-31": "", "2012-08-31": "", "2011-08-31": "", "2010-08-31": "", "2009-08-31": "", "2008-08-31": "", "2007-08-31": "", "2006-08-31": "", "2005-08-31": ""}, "SG&A Expenses": {"2020-08-31": "359.00500", "2019-08-31": "333.87000", "2018-08-31": "324.64500", "2017-08-31": "302.46400", "2016-08-31": "290.00700", "2015-08-31": "269.51100", "2014-08-31": "264.43000", "2013-08-31": "282.31400", "2012-08-31": "257.26600", "2011-08-31": "243.55200", "2010-08-31": "212.87500", "2009-08-31": "201.62900", "2008-08-31": "200.39300", "2007-08-31": "167.91300", "2006-08-31": "144.71000", "2005-08-31": "111.82200"}, "Other Operating Income Or Expenses": {"2020-08-31": "", "2019-08-31": "", "2018-08-31": "", "2017-08-31": "", "2016-08-31": "", "2015-08-31": "", "2014-08-31": "", "2013-08-31": "", "2012-08-31": "", "2011-08-31": "", "2010-08-31": "", "2009-08-31": "", "2008-08-31": "", "2007-08-31": "", "2006-08-31": "", "2005-08-31": ""}, "Operating Expenses": {"2020-08-31": "1054.45100", "2019-08-31": "997.31600", "2018-08-31": "983.94100", "2017-08-31": "869.04400", "2016-08-31": "777.41600", "2015-08-31": "674.85000", "2014-08-31": "618.11600", "2013-08-31": "588.69300", "2012-08-31": "532.80300", "2011-08-31": "488.17500", "2010-08-31": "419.42500", "2009-08-31": "410.99300", "2008-08-31": "391.63200", "2007-08-31": "320.71000", "2006-08-31": "266.06200", "2005-08-31": "203.62300"}, "Operating Income": {"2020-08-31": "439.66000", "2019-08-31": "438.03500", "2018-08-31": "366.20400", "2017-08-31": "352.13490", "2016-08-31": "349.67600", "2015-08-31": "331.91800", "2014-08-31": "302.21910", "2013-08-31": "269.41900", "2012-08-31": "272.99010", "2011-08-31": "238.33500", "2010-08-31": "221.63400", "2009-08-31": "211.03000", "2008-08-31": "183.88700", "2007-08-31": "155.09100", "2006-08-31": "121.28800", "2005-08-31": "109.02100"}, "Total Non-Operating Income/Expense": {"2020-08-31": "-12.52600", "2019-08-31": "-16.07000", "2018-08-31": "-14.36600", "2017-08-31": "-7.82300", "2016-08-31": "111.31700", "2015-08-31": "1.83600", "2014-08-31": "1.24500", "2013-08-31": "1.49100", "2012-08-31": "1.71500", "2011-08-31": "0.62300", "2010-08-31": "0.54700", "2009-08-31": "1.09200", "2008-08-31": "5.16000", "2007-08-31": "7.78500", "2006-08-31": "4.74400", "2005-08-31": "1.14200"}, "Pre-Tax Income": {"2020-08-31": "427.13400", "2019-08-31": "421.96500", "2018-08-31": "351.83800", "2017-08-31": "344.31200", "2016-08-31": "460.99300", "2015-08-31": "333.75400", "2014-08-31": "303.46400", "2013-08-31": "270.91000", "2012-08-31": "274.70500", "2011-08-31": "238.95800", "2010-08-31": "222.18100", "2009-08-31": "212.12200", "2008-08-31": "189.04700", "2007-08-31": "162.87600", "2006-08-31": "126.03200", "2005-08-31": "110.16300"}, "Income Taxes": {"2020-08-31": "54.19600", "2019-08-31": "69.17500", "2018-08-31": "84.75300", "2017-08-31": "86.05300", "2016-08-31": "122.17800", "2015-08-31": "92.70300", "2014-08-31": "91.92100", "2013-08-31": "72.27300", "2012-08-31": "85.89600", "2011-08-31": "67.91200", "2010-08-31": "71.97000", "2009-08-31": "67.17200", "2008-08-31": "64.03000", "2007-08-31": "53.30900", "2006-08-31": "43.11600", "2005-08-31": "38.39800"}, "Income After Taxes": {"2020-08-31": "372.93800", "2019-08-31": "352.79000", "2018-08-31": "267.08500", "2017-08-31": "258.25900", "2016-08-31": "338.81500", "2015-08-31": "241.05100", "2014-08-31": "211.54300", "2013-08-31": "198.63700", "2012-08-31": "188.80900", "2011-08-31": "171.04600", "2010-08-31": "150.21100", "2009-08-31": "144.95000", "2008-08-31": "125.01700", "2007-08-31": "109.56700", "2006-08-31": "82.91600", "2005-08-31": "71.76500"}, "Other Income": {"2020-08-31": "", "2019-08-31": "", "2018-08-31": "", "2017-08-31": "", "2016-08-31": "", "2015-08-31": "", "2014-08-31": "", "2013-08-31": "", "2012-08-31": "", "2011-08-31": "", "2010-08-31": "", "2009-08-31": "", "2008-08-31": "", "2007-08-31": "", "2006-08-31": "", "2005-08-31": ""}, "Income From Continuous Operations": {"2020-08-31": "372.93800", "2019-08-31": "352.79000", "2018-08-31": "267.08500", "2017-08-31": "258.25900", "2016-08-31": "338.81500", "2015-08-31": "241.05100", "2014-08-31": "211.54300", "2013-08-31": "198.63700", "2012-08-31": "188.80900", "2011-08-31": "171.04600", "2010-08-31": "150.21100", "2009-08-31": "144.95000", "2008-08-31": "125.01700", "2007-08-31": "109.56700", "2006-08-31": "82.91600", "2005-08-31": "71.76500"}, "Income From Discontinued Operations": {"2020-08-31": "", "2019-08-31": "", "2018-08-31": "", "2017-08-31": "", "2016-08-31": "", "2015-08-31": "", "2014-08-31": "", "2013-08-31": "", "2012-08-31": "", "2011-08-31": "", "2010-08-31": "", "2009-08-31": "", "2008-08-31": "", "2007-08-31": "", "2006-08-31": "", "2005-08-31": ""}, "Net Income": {"2020-08-31": "372.93800", "2019-08-31": "352.79000", "2018-08-31": "267.08500", "2017-08-31": "258.25900", "2016-08-31": "338.81500", "2015-08-31": "241.05100", "2014-08-31": "211.54300", "2013-08-31": "198.63700", "2012-08-31": "188.80900", "2011-08-31": "171.04600", "2010-08-31": "150.21100", "2009-08-31": "144.95000", "2008-08-31": "125.01700", "2007-08-31": "109.56700", "2006-08-31": "82.91600", "2005-08-31": "71.76500"}, "EBITDA": {"2020-08-31": "540.45900", "2019-08-31": "498.49800", "2018-08-31": "423.48900", "2017-08-31": "400.42900", "2016-08-31": "387.72800", "2015-08-31": "363.26700", "2014-08-31": "336.65410", "2013-08-31": "305.19800", "2012-08-31": "306.76900", "2011-08-31": "275.18200", "2010-08-31": "258.97700", "2009-08-31": "245.36700", "2008-08-31": "214.54100", "2007-08-31": "183.65100", "2006-08-31": "145.54400", "2005-08-31": "127.33900"}, "EBIT": {"2020-08-31": "439.66000", "2019-08-31": "438.03500", "2018-08-31": "366.20400", "2017-08-31": "352.13490", "2016-08-31": "349.67600", "2015-08-31": "331.91800", "2014-08-31": "302.21910", "2013-08-31": "269.41900", "2012-08-31": "272.99010", "2011-08-31": "238.33500", "2010-08-31": "221.63400", "2009-08-31": "211.03000", "2008-08-31": "183.88700", "2007-08-31": "155.09100", "2006-08-31": "121.28800", "2005-08-31": "109.02100"}, "Basic Shares Outstanding": {"2020-08-31": "37.93600", "2019-08-31": "38.14400", "2018-08-31": "38.73300", "2017-08-31": "39.44400", "2016-08-31": "40.88000", "2015-08-31": "41.57200", "2014-08-31": "42.43600", "2013-08-31": "43.89000", "2012-08-31": "44.78400", "2011-08-31": "45.95300", "2010-08-31": "46.69800", "2009-08-31": "47.15800", "2008-08-31": "48.06500", "2007-08-31": "48.87300", "2006-08-31": "48.68800", "2005-08-31": "47.90400"}, "Shares Outstanding": {"2020-08-31": "38.64600", "2019-08-31": "38.87300", "2018-08-31": "39.37700", "2017-08-31": "39.64200", "2016-08-31": "41.36500", "2015-08-31": "42.23500", "2014-08-31": "42.97000", "2013-08-31": "44.62400", "2012-08-31": "45.81000", "2011-08-31": "47.35500", "2010-08-31": "48.00400", "2009-08-31": "48.78900", "2008-08-31": "50.08000", "2007-08-31": "51.28400", "2006-08-31": "50.59200", "2005-08-31": "50.16000"}, "Basic EPS": {"2020-08-31": "9.83000", "2019-08-31": "9.25000", "2018-08-31": "6.90000", "2017-08-31": "6.55000", "2016-08-31": "8.29000", "2015-08-31": "5.80000", "2014-08-31": "4.98000", "2013-08-31": "4.53000", "2012-08-31": "4.22000", "2011-08-31": "3.72000", "2010-08-31": "3.22000", "2009-08-31": "3.07000", "2008-08-31": "2.60000", "2007-08-31": "2.24000", "2006-08-31": "1.70000", "2005-08-31": "1.50000"}, "EPS - Earnings Per Share": {"2020-08-31": "9.65000", "2019-08-31": "9.08000", "2018-08-31": "6.78000", "2017-08-31": "6.51000", "2016-08-31": "8.19000", "2015-08-31": "5.71000", "2014-08-31": "4.92000", "2013-08-31": "4.45000", "2012-08-31": "4.12000", "2011-08-31": "3.61000", "2010-08-31": "3.13000", "2009-08-31": "2.97000", "2008-08-31": "2.50000", "2007-08-31": "2.14000", "2006-08-31": "1.64000", "2005-08-31": "1.43000"}}, "income statement, quarterly": {"Revenue": {"2020-11-30": "388.20600", "2020-08-31": "383.58990", "2020-05-31": "374.08300", "2020-02-29": "369.78000", "2019-11-30": "366.65800", "2019-08-31": "364.28300", "2019-05-31": "364.53300", "2019-02-28": "354.89500", "2018-11-30": "351.64000", "2018-08-31": "345.86210", "2018-05-31": "339.91100", "2018-02-28": "335.23100", "2017-11-30": "329.14100", "2017-08-31": "326.64200", "2017-05-31": "312.12000", "2017-02-28": "294.35400", "2016-11-30": "288.06300", "2016-08-31": "287.29100", "2016-05-31": "287.50100", "2016-02-29": "281.79600", "2015-11-30": "270.50400", "2015-08-31": "261.77800", "2015-05-31": "254.52200", "2015-02-28": "247.79200", "2014-11-30": "242.67600", "2014-08-31": "238.66500", "2014-05-31": "231.76100", "2014-02-28": "226.93400", "2013-11-30": "222.97500", "2013-08-31": "219.33100", "2013-05-31": "214.61300", "2013-02-28": "213.08300", "2012-11-30": "211.08500", "2012-08-31": "207.66310", "2012-05-31": "202.31100", "2012-02-29": "199.37100", "2011-11-30": "196.44800", "2011-08-31": "191.93900", "2011-05-31": "183.64700", "2011-02-28": "177.63500", "2010-11-30": "173.28900", "2010-08-31": "168.23400", "2010-05-31": "160.30100", "2010-02-28": "157.28100", "2009-11-30": "155.24300", "2009-08-31": "155.46200", "2009-05-31": "154.38700", "2009-02-28": "156.54200", "2008-11-30": "155.63200", "2008-08-31": "153.70700", "2008-05-31": "147.39900", "2008-02-29": "140.23800", "2007-11-30": "134.17500", "2007-08-31": "129.53200", "2007-05-31": "121.07500", "2007-02-28": "116.31300", "2006-11-30": "108.88100", "2006-08-31": "105.21600", "2006-05-31": "98.81500", "2006-02-28": "93.66500", "2005-11-30": "89.65400", "2005-08-31": "82.76700", "2005-05-31": "79.34200", "2005-02-28": "76.47200"}, "Cost Of Goods Sold": {"2020-11-30": "188.08800", "2020-08-31": "183.56800", "2020-05-31": "170.70300", "2020-02-29": "176.21800", "2019-11-30": "164.95700", "2019-08-31": "167.73000", "2019-05-31": "163.83200", "2019-02-28": "165.10800", "2018-11-30": "166.77600", "2018-08-31": "169.46700", "2018-05-31": "165.07300", "2018-02-28": "163.23200", "2017-11-30": "161.52400", "2017-08-31": "161.26900", "2017-05-31": "146.42600", "2017-02-28": "131.63500", "2016-11-30": "127.25000", "2016-08-31": "124.16000", "2016-05-31": "124.60200", "2016-02-29": "123.91100", "2015-11-30": "114.73600", "2015-08-31": "107.59400", "2015-05-31": "100.68600", "2015-02-28": "99.51600", "2014-11-30": "97.54300", "2014-08-31": "92.52100", "2014-05-31": "90.66100", "2014-02-28": "87.25400", "2013-11-30": "83.25000", "2013-08-31": "80.23000", "2013-05-31": "76.72100", "2013-02-28": "75.84200", "2012-11-30": "73.58600", "2012-08-31": "72.29500", "2012-05-31": "68.87800", "2012-02-29": "67.53100", "2011-11-30": "66.83300", "2011-08-31": "65.47700", "2011-05-31": "62.22400", "2011-02-28": "60.13700", "2010-11-30": "56.78500", "2010-08-31": "53.91800", "2010-05-31": "51.35500", "2010-02-28": "50.87000", "2009-11-30": "50.40700", "2009-08-31": "52.64800", "2009-05-31": "50.84700", "2009-02-28": "52.53700", "2008-11-30": "53.33200", "2008-08-31": "50.68400", "2008-05-31": "48.13400", "2008-02-29": "47.47800", "2007-11-30": "44.94300", "2007-08-31": "41.69700", "2007-05-31": "39.42900", "2007-02-28": "36.73000", "2006-11-30": "34.94100", "2006-08-31": "32.62300", "2006-05-31": "31.54300", "2006-02-28": "29.12200", "2005-11-30": "28.06400", "2005-08-31": "24.73100", "2005-05-31": "23.77000", "2005-02-28": "21.29300"}, "Gross Profit": {"2020-11-30": "200.11800", "2020-08-31": "200.02200", "2020-05-31": "203.38000", "2020-02-29": "193.56200", "2019-11-30": "201.70100", "2019-08-31": "196.55300", "2019-05-31": "200.70100", "2019-02-28": "189.78700", "2018-11-30": "184.86400", "2018-08-31": "176.39500", "2018-05-31": "174.83800", "2018-02-28": "171.99900", "2017-11-30": "167.61700", "2017-08-31": "165.37290", "2017-05-31": "165.69400", "2017-02-28": "162.71900", "2016-11-30": "160.81300", "2016-08-31": "163.13100", "2016-05-31": "162.89900", "2016-02-29": "157.88500", "2015-11-30": "155.76800", "2015-08-31": "154.18400", "2015-05-31": "153.83600", "2015-02-28": "148.27600", "2014-11-30": "145.13300", "2014-08-31": "146.14400", "2014-05-31": "141.10000", "2014-02-28": "139.68000", "2013-11-30": "139.72500", "2013-08-31": "139.10100", "2013-05-31": "137.89200", "2013-02-28": "137.24100", "2012-11-30": "137.49900", "2012-08-31": "135.36810", "2012-05-31": "133.43300", "2012-02-29": "131.84000", "2011-11-30": "129.61500", "2011-08-31": "126.46200", "2011-05-31": "121.42300", "2011-02-28": "117.49800", "2010-11-30": "116.50400", "2010-08-31": "114.31600", "2010-05-31": "108.94600", "2010-02-28": "106.41100", "2009-11-30": "104.83600", "2009-08-31": "102.81400", "2009-05-31": "103.54000", "2009-02-28": "104.00500", "2008-11-30": "102.30000", "2008-08-31": "103.02300", "2008-05-31": "99.26500", "2008-02-29": "92.76000", "2007-11-30": "89.23200", "2007-08-31": "87.83500", "2007-05-31": "81.64600", "2007-02-28": "79.58300", "2006-11-30": "73.94000", "2006-08-31": "72.59300", "2006-05-31": "67.27200", "2006-02-28": "64.54300", "2005-11-30": "61.59000", "2005-08-31": "58.03600", "2005-05-31": "55.57200", "2005-02-28": "55.17900"}, "Research And Development Expenses": {"2020-11-30": "", "2020-08-31": "", "2020-05-31": "", "2020-02-29": "", "2019-11-30": "", "2019-08-31": "", "2019-05-31": "", "2019-02-28": "", "2018-11-30": "", "2018-08-31": "", "2018-05-31": "", "2018-02-28": "", "2017-11-30": "", "2017-08-31": "", "2017-05-31": "", "2017-02-28": "", "2016-11-30": "", "2016-08-31": "", "2016-05-31": "", "2016-02-29": "", "2015-11-30": "", "2015-08-31": "", "2015-05-31": "", "2015-02-28": "", "2014-11-30": "", "2014-08-31": "", "2014-05-31": "", "2014-02-28": "", "2013-11-30": "", "2013-08-31": "", "2013-05-31": "", "2013-02-28": "", "2012-11-30": "", "2012-08-31": "", "2012-05-31": "", "2012-02-29": "", "2011-11-30": "", "2011-08-31": "", "2011-05-31": "", "2011-02-28": "", "2010-11-30": "", "2010-08-31": "", "2010-05-31": "", "2010-02-28": "", "2009-11-30": "", "2009-08-31": "", "2009-05-31": "", "2009-02-28": "", "2008-11-30": "", "2008-08-31": "", "2008-05-31": "", "2008-02-29": "", "2007-11-30": "", "2007-08-31": "", "2007-05-31": "", "2007-02-28": "", "2006-11-30": "", "2006-08-31": "", "2006-05-31": "", "2006-02-28": "", "2005-11-30": "", "2005-08-31": "", "2005-05-31": "", "2005-02-28": ""}, "SG&A Expenses": {"2020-11-30": "79.08700", "2020-08-31": "101.44500", "2020-05-31": "81.74000", "2020-02-29": "87.30500", "2019-11-30": "88.51500", "2019-08-31": "84.98500", "2019-05-31": "83.46100", "2019-02-28": "81.09900", "2018-11-30": "84.32500", "2018-08-31": "88.03900", "2018-05-31": "81.57300", "2018-02-28": "76.51400", "2017-11-30": "78.51900", "2017-08-31": "82.94500", "2017-05-31": "78.05200", "2017-02-28": "70.97300", "2016-11-30": "70.49400", "2016-08-31": "75.39700", "2016-05-31": "73.60900", "2016-02-29": "72.54100", "2015-11-30": "68.46000", "2015-08-31": "68.53000", "2015-05-31": "68.48000", "2015-02-28": "67.62800", "2014-11-30": "64.87300", "2014-08-31": "66.75600", "2014-05-31": "68.06300", "2014-02-28": "64.62600", "2013-11-30": "64.98500", "2013-08-31": "68.56800", "2013-05-31": "66.25500", "2013-02-28": "81.07700", "2012-11-30": "66.41400", "2012-08-31": "64.74200", "2012-05-31": "64.93900", "2012-02-29": "64.72300", "2011-11-30": "62.86200", "2011-08-31": "67.47200", "2011-05-31": "59.60000", "2011-02-28": "59.40500", "2010-11-30": "57.07500", "2010-08-31": "56.88600", "2010-05-31": "53.26200", "2010-02-28": "51.93800", "2009-11-30": "50.78900", "2009-08-31": "48.45600", "2009-05-31": "50.23400", "2009-02-28": "51.96900", "2008-11-30": "50.97000", "2008-08-31": "52.79200", "2008-05-31": "51.34600", "2008-02-29": "49.52000", "2007-11-30": "46.73500", "2007-08-31": "45.16700", "2007-05-31": "42.42900", "2007-02-28": "41.79800", "2006-11-30": "38.51900", "2006-08-31": "39.30500", "2006-05-31": "36.31900", "2006-02-28": "34.89900", "2005-11-30": "34.18700", "2005-08-31": "29.25900", "2005-05-31": "28.20500", "2005-02-28": "28.14700"}, "Other Operating Income Or Expenses": {"2020-11-30": "", "2020-08-31": "", "2020-05-31": "", "2020-02-29": "", "2019-11-30": "", "2019-08-31": "", "2019-05-31": "", "2019-02-28": "", "2018-11-30": "", "2018-08-31": "", "2018-05-31": "", "2018-02-28": "", "2017-11-30": "", "2017-08-31": "", "2017-05-31": "", "2017-02-28": "", "2016-11-30": "", "2016-08-31": "", "2016-05-31": "", "2016-02-29": "", "2015-11-30": "", "2015-08-31": "", "2015-05-31": "", "2015-02-28": "", "2014-11-30": "", "2014-08-31": "", "2014-05-31": "", "2014-02-28": "", "2013-11-30": "", "2013-08-31": "", "2013-05-31": "", "2013-02-28": "", "2012-11-30": "", "2012-08-31": "", "2012-05-31": "", "2012-02-29": "", "2011-11-30": "", "2011-08-31": "", "2011-05-31": "", "2011-02-28": "", "2010-11-30": "", "2010-08-31": "", "2010-05-31": "", "2010-02-28": "", "2009-11-30": "", "2009-08-31": "", "2009-05-31": "", "2009-02-28": "", "2008-11-30": "", "2008-08-31": "", "2008-05-31": "", "2008-02-29": "", "2007-11-30": "", "2007-08-31": "", "2007-05-31": "", "2007-02-28": "", "2006-11-30": "", "2006-08-31": "", "2006-05-31": "", "2006-02-28": "", "2005-11-30": "", "2005-08-31": "", "2005-05-31": "", "2005-02-28": ""}, "Operating Expenses": {"2020-11-30": "267.17500", "2020-08-31": "285.01290", "2020-05-31": "252.44300", "2020-02-29": "263.52300", "2019-11-30": "253.47200", "2019-08-31": "252.71500", "2019-05-31": "247.29300", "2019-02-28": "246.20700", "2018-11-30": "251.10100", "2018-08-31": "257.50600", "2018-05-31": "246.64600", "2018-02-28": "239.74600", "2017-11-30": "240.04300", "2017-08-31": "244.21400", "2017-05-31": "224.47800", "2017-02-28": "202.60800", "2016-11-30": "197.74400", "2016-08-31": "199.55700", "2016-05-31": "198.21100", "2016-02-29": "196.45200", "2015-11-30": "183.19600", "2015-08-31": "176.12400", "2015-05-31": "169.16600", "2015-02-28": "167.14400", "2014-11-30": "162.41600", "2014-08-31": "159.27700", "2014-05-31": "158.72400", "2014-02-28": "151.88000", "2013-11-30": "148.23500", "2013-08-31": "148.79800", "2013-05-31": "142.97600", "2013-02-28": "156.91900", "2012-11-30": "140.00000", "2012-08-31": "137.03700", "2012-05-31": "133.81700", "2012-02-29": "132.25400", "2011-11-30": "129.69500", "2011-08-31": "132.94900", "2011-05-31": "121.82400", "2011-02-28": "119.54200", "2010-11-30": "113.86000", "2010-08-31": "110.80400", "2010-05-31": "104.61700", "2010-02-28": "102.80800", "2009-11-30": "101.19600", "2009-08-31": "101.10400", "2009-05-31": "101.08100", "2009-02-28": "104.50600", "2008-11-30": "104.30200", "2008-08-31": "103.47600", "2008-05-31": "99.48000", "2008-02-29": "96.99800", "2007-11-30": "91.67800", "2007-08-31": "86.86400", "2007-05-31": "81.85800", "2007-02-28": "78.52800", "2006-11-30": "73.46000", "2006-08-31": "71.92800", "2006-05-31": "67.86200", "2006-02-28": "64.02100", "2005-11-30": "62.25100", "2005-08-31": "53.99000", "2005-05-31": "51.97500", "2005-02-28": "49.44000"}, "Operating Income": {"2020-11-30": "121.03100", "2020-08-31": "98.57700", "2020-05-31": "121.64000", "2020-02-29": "106.25700", "2019-11-30": "113.18600", "2019-08-31": "111.56800", "2019-05-31": "117.24000", "2019-02-28": "108.68800", "2018-11-30": "100.53900", "2018-08-31": "88.35600", "2018-05-31": "93.26500", "2018-02-28": "95.48500", "2017-11-30": "89.09800", "2017-08-31": "82.42790", "2017-05-31": "87.64200", "2017-02-28": "91.74600", "2016-11-30": "90.31900", "2016-08-31": "87.73400", "2016-05-31": "89.29000", "2016-02-29": "85.34400", "2015-11-30": "87.30800", "2015-08-31": "85.65400", "2015-05-31": "85.35600", "2015-02-28": "80.64800", "2014-11-30": "80.26000", "2014-08-31": "79.38810", "2014-05-31": "73.03700", "2014-02-28": "75.05400", "2013-11-30": "74.74000", "2013-08-31": "70.53300", "2013-05-31": "71.63700", "2013-02-28": "56.16400", "2012-11-30": "71.08500", "2012-08-31": "70.62610", "2012-05-31": "68.49400", "2012-02-29": "67.11700", "2011-11-30": "66.75300", "2011-08-31": "58.99000", "2011-05-31": "61.82300", "2011-02-28": "58.09300", "2010-11-30": "59.42900", "2010-08-31": "57.43000", "2010-05-31": "55.68400", "2010-02-28": "54.47300", "2009-11-30": "54.04700", "2009-08-31": "54.35800", "2009-05-31": "53.30600", "2009-02-28": "52.03600", "2008-11-30": "51.33000", "2008-08-31": "50.23100", "2008-05-31": "47.91900", "2008-02-29": "43.24000", "2007-11-30": "42.49700", "2007-08-31": "42.66800", "2007-05-31": "39.21700", "2007-02-28": "37.78500", "2006-11-30": "35.42100", "2006-08-31": "33.28800", "2006-05-31": "30.95300", "2006-02-28": "29.64400", "2005-11-30": "27.40300", "2005-08-31": "28.77700", "2005-05-31": "27.36700", "2005-02-28": "27.03200"}, "Total Non-Operating Income/Expense": {"2020-11-30": "-0.79900", "2020-08-31": "-2.43300", "2020-05-31": "-2.50000", "2020-02-29": "-3.14800", "2019-11-30": "-4.44500", "2019-08-31": "-3.27900", "2019-05-31": "-3.85600", "2019-02-28": "-4.33900", "2018-11-30": "-4.59600", "2018-08-31": "-4.42100", "2018-05-31": "-3.75400", "2018-02-28": "-3.27200", "2017-11-30": "-2.91900", "2017-08-31": "-2.65500", "2017-05-31": "-2.41300", "2017-02-28": "-2.25600", "2016-11-30": "-0.49900", "2016-08-31": "112.08100", "2016-05-31": "-0.43300", "2016-02-29": "-0.42400", "2015-11-30": "0.09300", "2015-08-31": "0.39000", "2015-05-31": "0.48200", "2015-02-28": "0.53400", "2014-11-30": "0.43000", "2014-08-31": "0.22600", "2014-05-31": "0.33400", "2014-02-28": "0.34400", "2013-11-30": "0.34100", "2013-08-31": "0.34500", "2013-05-31": "0.36100", "2013-02-28": "0.35700", "2012-11-30": "0.42800", "2012-08-31": "0.45900", "2012-05-31": "0.48300", "2012-02-29": "0.49600", "2011-11-30": "0.27700", "2011-08-31": "0.19400", "2011-05-31": "0.17200", "2011-02-28": "0.13200", "2010-11-30": "0.12500", "2010-08-31": "0.07200", "2010-05-31": "0.08600", "2010-02-28": "0.15100", "2009-11-30": "0.23800", "2009-08-31": "0.09600", "2009-05-31": "0.18100", "2009-02-28": "0.19700", "2008-11-30": "0.61800", "2008-08-31": "0.83500", "2008-05-31": "0.85200", "2008-02-29": "1.43100", "2007-11-30": "2.04200", "2007-08-31": "2.35800", "2007-05-31": "2.14300", "2007-02-28": "1.79700", "2006-11-30": "1.48700", "2006-08-31": "1.42000", "2006-05-31": "1.06000", "2006-02-28": "0.56200", "2005-11-30": "1.70200", "2005-08-31": "0.44200", "2005-05-31": "0.31600", "2005-02-28": "0.21600"}, "Pre-Tax Income": {"2020-11-30": "120.23200", "2020-08-31": "96.14400", "2020-05-31": "119.14000", "2020-02-29": "103.10900", "2019-11-30": "108.74100", "2019-08-31": "108.28900", "2019-05-31": "113.38400", "2019-02-28": "104.34900", "2018-11-30": "95.94300", "2018-08-31": "83.93500", "2018-05-31": "89.51100", "2018-02-28": "92.21300", "2017-11-30": "86.17900", "2017-08-31": "79.77300", "2017-05-31": "85.22900", "2017-02-28": "89.49000", "2016-11-30": "89.82000", "2016-08-31": "199.81500", "2016-05-31": "88.85700", "2016-02-29": "84.92000", "2015-11-30": "87.40100", "2015-08-31": "86.04400", "2015-05-31": "85.83800", "2015-02-28": "81.18200", "2014-11-30": "80.69000", "2014-08-31": "79.61400", "2014-05-31": "73.37100", "2014-02-28": "75.39800", "2013-11-30": "75.08100", "2013-08-31": "70.87800", "2013-05-31": "71.99800", "2013-02-28": "56.52100", "2012-11-30": "71.51300", "2012-08-31": "71.08500", "2012-05-31": "68.97700", "2012-02-29": "67.61300", "2011-11-30": "67.03000", "2011-08-31": "59.18400", "2011-05-31": "61.99500", "2011-02-28": "58.22500", "2010-11-30": "59.55400", "2010-08-31": "57.50200", "2010-05-31": "55.77000", "2010-02-28": "54.62400", "2009-11-30": "54.28500", "2009-08-31": "54.45400", "2009-05-31": "53.48700", "2009-02-28": "52.23300", "2008-11-30": "51.94800", "2008-08-31": "51.06600", "2008-05-31": "48.77100", "2008-02-29": "44.67100", "2007-11-30": "44.53900", "2007-08-31": "45.02600", "2007-05-31": "41.36000", "2007-02-28": "39.58200", "2006-11-30": "36.90800", "2006-08-31": "34.70800", "2006-05-31": "32.01300", "2006-02-28": "30.20600", "2005-11-30": "29.10500", "2005-08-31": "29.21900", "2005-05-31": "27.68300", "2005-02-28": "27.24800"}, "Income Taxes": {"2020-11-30": "19.02600", "2020-08-31": "7.06500", "2020-05-31": "17.92400", "2020-02-29": "14.42300", "2019-11-30": "14.78400", "2019-08-31": "16.76200", "2019-05-31": "21.11900", "2019-02-28": "19.64700", "2018-11-30": "11.64700", "2018-08-31": "15.11200", "2018-05-31": "14.76500", "2018-02-28": "39.07600", "2017-11-30": "15.80000", "2017-08-31": "20.22100", "2017-05-31": "19.81500", "2017-02-28": "22.78000", "2016-11-30": "23.23700", "2016-08-31": "55.50900", "2016-05-31": "22.07600", "2016-02-29": "17.15700", "2015-11-30": "27.43600", "2015-08-31": "23.86000", "2015-05-31": "24.42900", "2015-02-28": "19.58400", "2014-11-30": "24.83000", "2014-08-31": "24.20700", "2014-05-31": "21.83900", "2014-02-28": "22.97200", "2013-11-30": "22.90300", "2013-08-31": "19.91600", "2013-05-31": "18.63100", "2013-02-28": "11.98200", "2012-11-30": "21.74400", "2012-08-31": "22.54600", "2012-05-31": "20.99700", "2012-02-29": "20.86700", "2011-11-30": "21.48600", "2011-08-31": "18.30400", "2011-05-31": "18.68400", "2011-02-28": "12.97100", "2010-11-30": "17.95300", "2010-08-31": "18.21100", "2010-05-31": "17.11200", "2010-02-28": "18.50500", "2009-11-30": "18.14200", "2009-08-31": "18.18000", "2009-05-31": "14.95100", "2009-02-28": "17.67800", "2008-11-30": "16.36300", "2008-08-31": "17.48200", "2008-05-31": "16.22900", "2008-02-29": "15.17900", "2007-11-30": "15.14000", "2007-08-31": "14.31000", "2007-05-31": "12.78500", "2007-02-28": "13.10100", "2006-11-30": "13.11300", "2006-08-31": "11.26500", "2006-05-31": "10.97700", "2006-02-28": "10.96400", "2005-11-30": "9.91000", "2005-08-31": "10.57200", "2005-05-31": "8.13200", "2005-02-28": "10.07800"}, "Income After Taxes": {"2020-11-30": "101.20600", "2020-08-31": "89.07900", "2020-05-31": "101.21600", "2020-02-29": "88.68600", "2019-11-30": "93.95700", "2019-08-31": "91.52700", "2019-05-31": "92.26500", "2019-02-28": "84.70200", "2018-11-30": "84.29600", "2018-08-31": "68.82300", "2018-05-31": "74.74600", "2018-02-28": "53.13700", "2017-11-30": "70.37900", "2017-08-31": "59.55200", "2017-05-31": "65.41400", "2017-02-28": "66.71000", "2016-11-30": "66.58300", "2016-08-31": "144.30600", "2016-05-31": "66.78100", "2016-02-29": "67.76300", "2015-11-30": "59.96500", "2015-08-31": "62.18400", "2015-05-31": "61.40900", "2015-02-28": "61.59800", "2014-11-30": "55.86000", "2014-08-31": "55.40700", "2014-05-31": "51.53200", "2014-02-28": "52.42600", "2013-11-30": "52.17800", "2013-08-31": "50.96200", "2013-05-31": "53.36700", "2013-02-28": "44.53900", "2012-11-30": "49.76900", "2012-08-31": "48.53900", "2012-05-31": "47.98000", "2012-02-29": "46.74600", "2011-11-30": "45.54400", "2011-08-31": "40.88000", "2011-05-31": "43.31100", "2011-02-28": "45.25400", "2010-11-30": "41.60100", "2010-08-31": "39.29100", "2010-05-31": "38.65800", "2010-02-28": "36.11900", "2009-11-30": "36.14300", "2009-08-31": "36.27400", "2009-05-31": "38.53600", "2009-02-28": "34.55500", "2008-11-30": "35.58500", "2008-08-31": "33.58400", "2008-05-31": "32.54200", "2008-02-29": "29.49200", "2007-11-30": "29.39900", "2007-08-31": "30.71600", "2007-05-31": "28.57500", "2007-02-28": "26.48100", "2006-11-30": "23.79500", "2006-08-31": "23.44300", "2006-05-31": "21.03600", "2006-02-28": "19.24200", "2005-11-30": "19.19500", "2005-08-31": "18.64700", "2005-05-31": "19.55100", "2005-02-28": "17.17000"}, "Other Income": {"2020-11-30": "", "2020-08-31": "", "2020-05-31": "", "2020-02-29": "", "2019-11-30": "", "2019-08-31": "", "2019-05-31": "", "2019-02-28": "", "2018-11-30": "", "2018-08-31": "", "2018-05-31": "", "2018-02-28": "", "2017-11-30": "", "2017-08-31": "", "2017-05-31": "", "2017-02-28": "", "2016-11-30": "", "2016-08-31": "", "2016-05-31": "", "2016-02-29": "", "2015-11-30": "", "2015-08-31": "", "2015-05-31": "", "2015-02-28": "", "2014-11-30": "", "2014-08-31": "", "2014-05-31": "", "2014-02-28": "", "2013-11-30": "", "2013-08-31": "", "2013-05-31": "", "2013-02-28": "", "2012-11-30": "", "2012-08-31": "", "2012-05-31": "", "2012-02-29": "", "2011-11-30": "", "2011-08-31": "", "2011-05-31": "", "2011-02-28": "", "2010-11-30": "", "2010-08-31": "", "2010-05-31": "", "2010-02-28": "", "2009-11-30": "", "2009-08-31": "", "2009-05-31": "", "2009-02-28": "", "2008-11-30": "", "2008-08-31": "", "2008-05-31": "", "2008-02-29": "", "2007-11-30": "", "2007-08-31": "", "2007-05-31": "", "2007-02-28": "", "2006-11-30": "", "2006-08-31": "", "2006-05-31": "", "2006-02-28": "", "2005-11-30": "", "2005-08-31": "", "2005-05-31": "", "2005-02-28": ""}, "Income From Continuous Operations": {"2020-11-30": "101.20600", "2020-08-31": "89.07900", "2020-05-31": "101.21600", "2020-02-29": "88.68600", "2019-11-30": "93.95700", "2019-08-31": "91.52700", "2019-05-31": "92.26500", "2019-02-28": "84.70200", "2018-11-30": "84.29600", "2018-08-31": "68.82300", "2018-05-31": "74.74600", "2018-02-28": "53.13700", "2017-11-30": "70.37900", "2017-08-31": "59.55200", "2017-05-31": "65.41400", "2017-02-28": "66.71000", "2016-11-30": "66.58300", "2016-08-31": "144.30600", "2016-05-31": "66.78100", "2016-02-29": "67.76300", "2015-11-30": "59.96500", "2015-08-31": "62.18400", "2015-05-31": "61.40900", "2015-02-28": "61.59800", "2014-11-30": "55.86000", "2014-08-31": "55.40700", "2014-05-31": "51.53200", "2014-02-28": "52.42600", "2013-11-30": "52.17800", "2013-08-31": "50.96200", "2013-05-31": "53.36700", "2013-02-28": "44.53900", "2012-11-30": "49.76900", "2012-08-31": "48.53900", "2012-05-31": "47.98000", "2012-02-29": "46.74600", "2011-11-30": "45.54400", "2011-08-31": "40.88000", "2011-05-31": "43.31100", "2011-02-28": "45.25400", "2010-11-30": "41.60100", "2010-08-31": "39.29100", "2010-05-31": "38.65800", "2010-02-28": "36.11900", "2009-11-30": "36.14300", "2009-08-31": "36.27400", "2009-05-31": "38.53600", "2009-02-28": "34.55500", "2008-11-30": "35.58500", "2008-08-31": "33.58400", "2008-05-31": "32.54200", "2008-02-29": "29.49200", "2007-11-30": "29.39900", "2007-08-31": "30.71600", "2007-05-31": "28.57500", "2007-02-28": "26.48100", "2006-11-30": "23.79500", "2006-08-31": "23.44300", "2006-05-31": "21.03600", "2006-02-28": "19.24200", "2005-11-30": "19.19500", "2005-08-31": "18.64700", "2005-05-31": "19.55100", "2005-02-28": "17.17000"}, "Income From Discontinued Operations": {"2020-11-30": "", "2020-08-31": "", "2020-05-31": "", "2020-02-29": "", "2019-11-30": "", "2019-08-31": "", "2019-05-31": "", "2019-02-28": "", "2018-11-30": "", "2018-08-31": "", "2018-05-31": "", "2018-02-28": "", "2017-11-30": "", "2017-08-31": "", "2017-05-31": "", "2017-02-28": "", "2016-11-30": "", "2016-08-31": "", "2016-05-31": "", "2016-02-29": "", "2015-11-30": "", "2015-08-31": "", "2015-05-31": "", "2015-02-28": "", "2014-11-30": "", "2014-08-31": "", "2014-05-31": "", "2014-02-28": "", "2013-11-30": "", "2013-08-31": "", "2013-05-31": "", "2013-02-28": "", "2012-11-30": "", "2012-08-31": "", "2012-05-31": "", "2012-02-29": "", "2011-11-30": "", "2011-08-31": "", "2011-05-31": "", "2011-02-28": "", "2010-11-30": "", "2010-08-31": "", "2010-05-31": "", "2010-02-28": "", "2009-11-30": "", "2009-08-31": "", "2009-05-31": "", "2009-02-28": "", "2008-11-30": "", "2008-08-31": "", "2008-05-31": "", "2008-02-29": "", "2007-11-30": "", "2007-08-31": "", "2007-05-31": "", "2007-02-28": "", "2006-11-30": "", "2006-08-31": "", "2006-05-31": "", "2006-02-28": "", "2005-11-30": "", "2005-08-31": "", "2005-05-31": "", "2005-02-28": ""}, "Net Income": {"2020-11-30": "101.20600", "2020-08-31": "89.07900", "2020-05-31": "101.21600", "2020-02-29": "88.68600", "2019-11-30": "93.95700", "2019-08-31": "91.52700", "2019-05-31": "92.26500", "2019-02-28": "84.70200", "2018-11-30": "84.29600", "2018-08-31": "68.82300", "2018-05-31": "74.74600", "2018-02-28": "53.13700", "2017-11-30": "70.37900", "2017-08-31": "59.55200", "2017-05-31": "65.41400", "2017-02-28": "66.71000", "2016-11-30": "66.58300", "2016-08-31": "144.30600", "2016-05-31": "66.78100", "2016-02-29": "67.76300", "2015-11-30": "59.96500", "2015-08-31": "62.18400", "2015-05-31": "61.40900", "2015-02-28": "61.59800", "2014-11-30": "55.86000", "2014-08-31": "55.40700", "2014-05-31": "51.53200", "2014-02-28": "52.42600", "2013-11-30": "52.17800", "2013-08-31": "50.96200", "2013-05-31": "53.36700", "2013-02-28": "44.53900", "2012-11-30": "49.76900", "2012-08-31": "48.53900", "2012-05-31": "47.98000", "2012-02-29": "46.74600", "2011-11-30": "45.54400", "2011-08-31": "40.88000", "2011-05-31": "43.31100", "2011-02-28": "45.25400", "2010-11-30": "41.60100", "2010-08-31": "39.29100", "2010-05-31": "38.65800", "2010-02-28": "36.11900", "2009-11-30": "36.14300", "2009-08-31": "36.27400", "2009-05-31": "38.53600", "2009-02-28": "34.55500", "2008-11-30": "35.58500", "2008-08-31": "33.58400", "2008-05-31": "32.54200", "2008-02-29": "29.49200", "2007-11-30": "29.39900", "2007-08-31": "30.71600", "2007-05-31": "28.57500", "2007-02-28": "26.48100", "2006-11-30": "23.79500", "2006-08-31": "23.44300", "2006-05-31": "21.03600", "2006-02-28": "19.24200", "2005-11-30": "19.19500", "2005-08-31": "18.64700", "2005-05-31": "19.55100", "2005-02-28": "17.17000"}, "EBITDA": {"2020-11-30": "147.01800", "2020-08-31": "158.04300", "2020-05-31": "134.67700", "2020-02-29": "109.46300", "2019-11-30": "138.27600", "2019-08-31": "128.08800", "2019-05-31": "132.13100", "2019-02-28": "123.49900", "2018-11-30": "114.78000", "2018-08-31": "102.79300", "2018-05-31": "107.74100", "2018-02-28": "109.57100", "2017-11-30": "103.38400", "2017-08-31": "96.95190", "2017-05-31": "100.76300", "2017-02-28": "102.37900", "2016-11-30": "100.33500", "2016-08-31": "97.56400", "2016-05-31": "99.25200", "2016-02-29": "95.16700", "2015-11-30": "95.74500", "2015-08-31": "92.77400", "2015-05-31": "93.36300", "2015-02-28": "88.65400", "2014-11-30": "88.47600", "2014-08-31": "87.97110", "2014-05-31": "81.44700", "2014-02-28": "83.73300", "2013-11-30": "83.50300", "2013-08-31": "79.37100", "2013-05-31": "80.56800", "2013-02-28": "65.25700", "2012-11-30": "80.00200", "2012-08-31": "79.35910", "2012-05-31": "76.84800", "2012-02-29": "75.40600", "2011-11-30": "75.15600", "2011-08-31": "67.88700", "2011-05-31": "71.01500", "2011-02-28": "67.45900", "2010-11-30": "68.82100", "2010-08-31": "67.34900", "2010-05-31": "64.89700", "2010-02-28": "63.53500", "2009-11-30": "63.19600", "2009-08-31": "63.12800", "2009-05-31": "61.87200", "2009-02-28": "60.58200", "2008-11-30": "59.78500", "2008-08-31": "58.38700", "2008-05-31": "55.48500", "2008-02-29": "51.06000", "2007-11-30": "49.60900", "2007-08-31": "50.00500", "2007-05-31": "46.86700", "2007-02-28": "44.78400", "2006-11-30": "41.99500", "2006-08-31": "39.79500", "2006-05-31": "37.27000", "2006-02-28": "35.40100", "2005-11-30": "33.07800", "2005-08-31": "33.58700", "2005-05-31": "31.79400", "2005-02-28": "31.52000"}, "EBIT": {"2020-11-30": "121.03100", "2020-08-31": "98.57700", "2020-05-31": "121.64000", "2020-02-29": "106.25700", "2019-11-30": "113.18600", "2019-08-31": "111.56800", "2019-05-31": "117.24000", "2019-02-28": "108.68800", "2018-11-30": "100.53900", "2018-08-31": "88.35600", "2018-05-31": "93.26500", "2018-02-28": "95.48500", "2017-11-30": "89.09800", "2017-08-31": "82.42800", "2017-05-31": "87.64200", "2017-02-28": "91.74600", "2016-11-30": "90.31900", "2016-08-31": "87.73400", "2016-05-31": "89.29000", "2016-02-29": "85.34400", "2015-11-30": "87.30800", "2015-08-31": "85.65400", "2015-05-31": "85.35600", "2015-02-28": "80.64800", "2014-11-30": "80.26000", "2014-08-31": "79.38810", "2014-05-31": "73.03700", "2014-02-28": "75.05400", "2013-11-30": "74.74000", "2013-08-31": "70.53300", "2013-05-31": "71.63700", "2013-02-28": "56.16400", "2012-11-30": "71.08500", "2012-08-31": "70.62610", "2012-05-31": "68.49400", "2012-02-29": "67.11700", "2011-11-30": "66.75300", "2011-08-31": "58.99000", "2011-05-31": "61.82300", "2011-02-28": "58.09300", "2010-11-30": "59.42900", "2010-08-31": "57.43000", "2010-05-31": "55.68400", "2010-02-28": "54.47300", "2009-11-30": "54.04700", "2009-08-31": "54.35800", "2009-05-31": "53.30600", "2009-02-28": "52.03600", "2008-11-30": "51.33000", "2008-08-31": "50.23100", "2008-05-31": "47.91900", "2008-02-29": "43.24000", "2007-11-30": "42.49700", "2007-08-31": "42.66800", "2007-05-31": "39.21700", "2007-02-28": "37.78500", "2006-11-30": "35.42100", "2006-08-31": "33.28800", "2006-05-31": "30.95300", "2006-02-28": "29.64400", "2005-11-30": "27.40300", "2005-08-31": "28.77700", "2005-05-31": "27.36700", "2005-02-28": "27.03200"}, "Basic Shares Outstanding": {"2020-11-30": "38.00700", "2020-08-31": "37.93600", "2020-05-31": "37.88500", "2020-02-29": "37.87500", "2019-11-30": "37.97800", "2019-08-31": "38.14400", "2019-05-31": "38.22300", "2019-02-28": "38.05500", "2018-11-30": "38.10600", "2018-08-31": "38.73300", "2018-05-31": "38.59400", "2018-02-28": "38.99100", "2017-11-30": "39.08500", "2017-08-31": "39.44400", "2017-05-31": "39.31700", "2017-02-28": "39.48900", "2016-11-30": "39.82700", "2016-08-31": "40.88000", "2016-05-31": "40.77900", "2016-02-29": "41.11700", "2015-11-30": "41.38700", "2015-08-31": "41.57200", "2015-05-31": "41.62800", "2015-02-28": "41.63000", "2014-11-30": "41.68300", "2014-08-31": "42.43600", "2014-05-31": "42.16600", "2014-02-28": "42.54700", "2013-11-30": "43.13400", "2013-08-31": "43.89000", "2013-05-31": "43.95400", "2013-02-28": "43.81300", "2012-11-30": "44.31600", "2012-08-31": "44.78400", "2012-05-31": "44.79100", "2012-02-29": "44.88000", "2011-11-30": "45.10700", "2011-08-31": "45.95300", "2011-05-31": "45.96900", "2011-02-28": "46.22600", "2010-11-30": "46.28300", "2010-08-31": "46.69800", "2010-05-31": "46.54400", "2010-02-28": "46.91700", "2009-11-30": "47.15600", "2009-08-31": "47.15800", "2009-05-31": "47.12000", "2009-02-28": "47.00000", "2008-11-30": "47.41200", "2008-08-31": "48.06500", "2008-05-31": "47.93400", "2008-02-29": "48.06900", "2007-11-30": "48.38100", "2007-08-31": "48.87300", "2007-05-31": "48.91100", "2007-02-28": "48.95700", "2006-11-30": "48.95700", "2006-08-31": "48.68800", "2006-05-31": "48.84900", "2006-02-28": "48.56900", "2005-11-30": "48.37300", "2005-08-31": "47.90400", "2005-05-31": "48.04400", "2005-02-28": "48.00100"}, "Shares Outstanding": {"2020-11-30": "38.69700", "2020-08-31": "38.64600", "2020-05-31": "38.48100", "2020-02-29": "38.57600", "2019-11-30": "38.58700", "2019-08-31": "38.87300", "2019-05-31": "38.99300", "2019-02-28": "38.61900", "2018-11-30": "38.80900", "2018-08-31": "39.37700", "2018-05-31": "39.10400", "2018-02-28": "39.84600", "2017-11-30": "39.68000", "2017-08-31": "39.64200", "2017-05-31": "39.45700", "2017-02-28": "39.70000", "2016-11-30": "40.10000", "2016-08-31": "41.36500", "2016-05-31": "41.18900", "2016-02-29": "41.53600", "2015-11-30": "42.06300", "2015-08-31": "42.23500", "2015-05-31": "42.29700", "2015-02-28": "42.30600", "2014-11-30": "42.34000", "2014-08-31": "42.97000", "2014-05-31": "42.61500", "2014-02-28": "43.10700", "2013-11-30": "43.77300", "2013-08-31": "44.62400", "2013-05-31": "44.48500", "2013-02-28": "44.45500", "2012-11-30": "44.98400", "2012-08-31": "45.81000", "2012-05-31": "45.73600", "2012-02-29": "45.70700", "2011-11-30": "46.10300", "2011-08-31": "47.35500", "2011-05-31": "47.15400", "2011-02-28": "47.42700", "2010-11-30": "47.48700", "2010-08-31": "48.00400", "2010-05-31": "47.72500", "2010-02-28": "48.06600", "2009-11-30": "48.87600", "2009-08-31": "48.78900", "2009-05-31": "48.83600", "2009-02-28": "48.50000", "2008-11-30": "49.07600", "2008-08-31": "50.08000", "2008-05-31": "49.82100", "2008-02-29": "50.02300", "2007-11-30": "50.61000", "2007-08-31": "51.28400", "2007-05-31": "51.38700", "2007-02-28": "51.31400", "2006-11-30": "51.07900", "2006-08-31": "50.59200", "2006-05-31": "50.90900", "2006-02-28": "50.76700", "2005-11-30": "50.06100", "2005-08-31": "50.16000", "2005-05-31": "49.99300", "2005-02-28": "50.39700"}, "Basic EPS": {"2020-11-30": "2.66000", "2020-08-31": "2.35000", "2020-05-31": "2.67000", "2020-02-29": "2.34000", "2019-11-30": "2.47000", "2019-08-31": "2.40000", "2019-05-31": "2.41000", "2019-02-28": "2.23000", "2018-11-30": "2.21000", "2018-08-31": "1.80000", "2018-05-31": "1.94000", "2018-02-28": "1.36000", "2017-11-30": "1.80000", "2017-08-31": "1.53000", "2017-05-31": "1.66000", "2017-02-28": "1.69000", "2016-11-30": "1.67000", "2016-08-31": "3.55000", "2016-05-31": "1.64000", "2016-02-29": "1.65000", "2015-11-30": "1.45000", "2015-08-31": "1.50000", "2015-05-31": "1.48000", "2015-02-28": "1.48000", "2014-11-30": "1.34000", "2014-08-31": "1.32000", "2014-05-31": "1.22000", "2014-02-28": "1.23000", "2013-11-30": "1.21000", "2013-08-31": "1.18000", "2013-05-31": "1.21000", "2013-02-28": "1.02000", "2012-11-30": "1.12000", "2012-08-31": "1.10000", "2012-05-31": "1.07000", "2012-02-29": "1.04000", "2011-11-30": "1.01000", "2011-08-31": "0.90000", "2011-05-31": "0.94000", "2011-02-28": "0.98000", "2010-11-30": "0.90000", "2010-08-31": "0.85000", "2010-05-31": "0.83000", "2010-02-28": "0.77000", "2009-11-30": "0.77000", "2009-08-31": "0.76000", "2009-05-31": "0.82000", "2009-02-28": "0.74000", "2008-11-30": "0.75000", "2008-08-31": "0.70000", "2008-05-31": "0.68000", "2008-02-29": "0.61000", "2007-11-30": "0.61000", "2007-08-31": "0.63000", "2007-05-31": "0.58000", "2007-02-28": "0.54000", "2006-11-30": "0.49000", "2006-08-31": "0.47000", "2006-05-31": "0.43000", "2006-02-28": "0.40000", "2005-11-30": "0.40000", "2005-08-31": "0.38000", "2005-05-31": "0.41000", "2005-02-28": "0.36000"}, "EPS - Earnings Per Share": {"2020-11-30": "2.62000", "2020-08-31": "2.29000", "2020-05-31": "2.63000", "2020-02-29": "2.30000", "2019-11-30": "2.43000", "2019-08-31": "2.35000", "2019-05-31": "2.37000", "2019-02-28": "2.19000", "2018-11-30": "2.17000", "2018-08-31": "1.77000", "2018-05-31": "1.91000", "2018-02-28": "1.33000", "2017-11-30": "1.77000", "2017-08-31": "1.51000", "2017-05-31": "1.66000", "2017-02-28": "1.68000", "2016-11-30": "1.66000", "2016-08-31": "3.51000", "2016-05-31": "1.62000", "2016-02-29": "1.63000", "2015-11-30": "1.43000", "2015-08-31": "1.48000", "2015-05-31": "1.45000", "2015-02-28": "1.46000", "2014-11-30": "1.32000", "2014-08-31": "1.30000", "2014-05-31": "1.21000", "2014-02-28": "1.22000", "2013-11-30": "1.19000", "2013-08-31": "1.14000", "2013-05-31": "1.20000", "2013-02-28": "1.00000", "2012-11-30": "1.11000", "2012-08-31": "1.06000", "2012-05-31": "1.05000", "2012-02-29": "1.02000", "2011-11-30": "0.99000", "2011-08-31": "0.86000", "2011-05-31": "0.92000", "2011-02-28": "0.95000", "2010-11-30": "0.88000", "2010-08-31": "0.83000", "2010-05-31": "0.81000", "2010-02-28": "0.75000", "2009-11-30": "0.74000", "2009-08-31": "0.74000", "2009-05-31": "0.79000", "2009-02-28": "0.71000", "2008-11-30": "0.73000", "2008-08-31": "0.68000", "2008-05-31": "0.65000", "2008-02-29": "0.59000", "2007-11-30": "0.58000", "2007-08-31": "0.59000", "2007-05-31": "0.56000", "2007-02-28": "0.52000", "2006-11-30": "0.47000", "2006-08-31": "0.47000", "2006-05-31": "0.41000", "2006-02-28": "0.38000", "2005-11-30": "0.38000", "2005-08-31": "0.37000", "2005-05-31": "0.39000", "2005-02-28": "0.34000"}}, "balance sheet": {"Cash On Hand": {"2020-08-31": "605.17700", "2019-08-31": "385.61200", "2018-08-31": "237.88200", "2017-08-31": "227.17500", "2016-08-31": "252.62400", "2015-08-31": "182.41100", "2014-08-31": "136.38600", "2013-08-31": "209.35200", "2012-08-31": "202.96300", "2011-08-31": "181.68500", "2010-08-31": "195.74100", "2009-08-31": "216.32000", "2008-08-31": "143.01800", "2007-08-31": "186.22200", "2006-08-31": "143.19000", "2005-08-31": "76.02300"}, "Receivables": {"2020-08-31": "155.01100", "2019-08-31": "146.30900", "2018-08-31": "156.63900", "2017-08-31": "148.33100", "2016-08-31": "97.79700", "2015-08-31": "95.06400", "2014-08-31": "90.35400", "2013-08-31": "73.29000", "2012-08-31": "74.25100", "2011-08-31": "75.00400", "2010-08-31": "59.69300", "2009-08-31": "62.85400", "2008-08-31": "74.85900", "2007-08-31": "59.57900", "2006-08-31": "59.19000", "2005-08-31": "54.02900"}, "Inventory": {"2020-08-31": "", "2019-08-31": "", "2018-08-31": "", "2017-08-31": "", "2016-08-31": "", "2015-08-31": "", "2014-08-31": "", "2013-08-31": "", "2012-08-31": "", "2011-08-31": "", "2010-08-31": "", "2009-08-31": "", "2008-08-31": "", "2007-08-31": "", "2006-08-31": "", "2005-08-31": ""}, "Pre-Paid Expenses": {"2020-08-31": "38.06700", "2019-08-31": "15.03300", "2018-08-31": "36.39500", "2017-08-31": "31.20300", "2016-08-31": "15.69700", "2015-08-31": "24.59400", "2014-08-31": "6.53200", "2013-08-31": "16.93700", "2012-08-31": "16.82600", "2011-08-31": "0.00000", "2010-08-31": "", "2009-08-31": "9.20200", "2008-08-31": "7.46700", "2007-08-31": "", "2006-08-31": "", "2005-08-31": ""}, "Other Current Assets": {"2020-08-31": "43.67500", "2019-08-31": "36.85800", "2018-08-31": "", "2017-08-31": "", "2016-08-31": "", "2015-08-31": "", "2014-08-31": "14.66200", "2013-08-31": "15.65200", "2012-08-31": "", "2011-08-31": "12.47300", "2010-08-31": "6.89900", "2009-08-31": "6.71500", "2008-08-31": "5.90800", "2007-08-31": "3.72300", "2006-08-31": "3.00000", "2005-08-31": "3.81900"}, "Total Current Assets": {"2020-08-31": "841.93000", "2019-08-31": "583.81200", "2018-08-31": "430.91600", "2017-08-31": "409.37600", "2016-08-31": "369.27600", "2015-08-31": "304.17400", "2014-08-31": "249.77500", "2013-08-31": "318.03400", "2012-08-31": "299.12500", "2011-08-31": "273.17000", "2010-08-31": "265.14500", "2009-08-31": "299.41000", "2008-08-31": "234.52300", "2007-08-31": "252.33200", "2006-08-31": "206.98000", "2005-08-31": "139.14800"}, "Property, Plant, And Equipment": {"2020-08-31": "133.10200", "2019-08-31": "119.38400", "2018-08-31": "100.54500", "2017-08-31": "100.45400", "2016-08-31": "84.62200", "2015-08-31": "59.26400", "2014-08-31": "57.64100", "2013-08-31": "65.37100", "2012-08-31": "76.53000", "2011-08-31": "81.62000", "2010-08-31": "79.49500", "2009-08-31": "88.37900", "2008-08-31": "91.11300", "2007-08-31": "78.94500", "2006-08-31": "59.81200", "2005-08-31": "52.35900"}, "Long-Term Investments": {"2020-08-31": "", "2019-08-31": "", "2018-08-31": "", "2017-08-31": "", "2016-08-31": "", "2015-08-31": "", "2014-08-31": "", "2013-08-31": "", "2012-08-31": "", "2011-08-31": "", "2010-08-31": "", "2009-08-31": "", "2008-08-31": "", "2007-08-31": "", "2006-08-31": "", "2005-08-31": ""}, "Goodwill And Intangible Assets": {"2020-08-31": "830.79800", "2019-08-31": "810.17700", "2018-08-31": "850.76800", "2017-08-31": "881.10300", "2016-08-31": "546.07600", "2015-08-31": "348.33900", "2014-08-31": "327.46300", "2013-08-31": "280.79600", "2012-08-31": "289.16200", "2011-08-31": "274.57500", "2010-08-31": "274.17000", "2009-08-31": "227.70500", "2008-08-31": "246.11300", "2007-08-31": "182.97600", "2006-08-31": "184.42800", "2005-08-31": "152.45300"}, "Other Long-Term Assets": {"2020-08-31": "28.62900", "2019-08-31": "39.18600", "2018-08-31": "27.50200", "2017-08-31": "14.97000", "2016-08-31": "5.78100", "2015-08-31": "4.29500", "2014-08-31": "5.95600", "2013-08-31": "3.97300", "2012-08-31": "6.21300", "2011-08-31": "7.90900", "2010-08-31": "6.19700", "2009-08-31": "5.34800", "2008-08-31": "5.24600", "2007-08-31": "2.28600", "2006-08-31": "2.45400", "2005-08-31": "2.84700"}, "Total Long-Term Assets": {"2020-08-31": "1241.45800", "2019-08-31": "976.31800", "2018-08-31": "988.53100", "2017-08-31": "1003.93900", "2016-08-31": "649.88500", "2015-08-31": "432.49700", "2014-08-31": "413.43700", "2013-08-31": "372.16300", "2012-08-31": "395.01800", "2011-08-31": "384.27000", "2010-08-31": "379.46300", "2009-08-31": "334.54200", "2008-08-31": "352.75100", "2007-08-31": "271.41800", "2006-08-31": "250.24800", "2005-08-31": "208.38100"}, "Total Assets": {"2020-08-31": "2083.38800", "2019-08-31": "1560.13000", "2018-08-31": "1419.44700", "2017-08-31": "1413.31500", "2016-08-31": "1019.16100", "2015-08-31": "736.67100", "2014-08-31": "663.21200", "2013-08-31": "690.19700", "2012-08-31": "694.14300", "2011-08-31": "657.44000", "2010-08-31": "644.60800", "2009-08-31": "633.95200", "2008-08-31": "587.27400", "2007-08-31": "523.75000", "2006-08-31": "457.22800", "2005-08-31": "347.52900"}, "Total Current Liabilities": {"2020-08-31": "276.29300", "2019-08-31": "218.92300", "2018-08-31": "221.13400", "2017-08-31": "201.13900", "2016-08-31": "158.21000", "2015-08-31": "139.78000", "2014-08-31": "127.29100", "2013-08-31": "118.25300", "2012-08-31": "113.17600", "2011-08-31": "109.42300", "2010-08-31": "109.27600", "2009-08-31": "99.36300", "2008-08-31": "92.62600", "2007-08-31": "90.65000", "2006-08-31": "79.30100", "2005-08-31": "63.68500"}, "Long Term Debt": {"2020-08-31": "574.35400", "2019-08-31": "574.17400", "2018-08-31": "574.77500", "2017-08-31": "575.00000", "2016-08-31": "300.00000", "2015-08-31": "35.00000", "2014-08-31": "", "2013-08-31": "", "2012-08-31": "", "2011-08-31": "", "2010-08-31": "", "2009-08-31": "", "2008-08-31": "", "2007-08-31": "", "2006-08-31": "", "2005-08-31": ""}, "Other Non-Current Liabilities": {"2020-08-31": "35.06500", "2019-08-31": "68.29800", "2018-08-31": "29.62600", "2017-08-31": "11.48400", "2016-08-31": "8.78200", "2015-08-31": "6.77600", "2014-08-31": "5.50100", "2013-08-31": "5.43500", "2012-08-31": "5.46400", "2011-08-31": "7.20400", "2010-08-31": "7.34600", "2009-08-31": "6.43700", "2008-08-31": "3.90500", "2007-08-31": "", "2006-08-31": "", "2005-08-31": ""}, "Total Long Term Liabilities": {"2020-08-31": "910.72000", "2019-08-31": "668.95100", "2018-08-31": "672.41300", "2017-08-31": "652.48500", "2016-08-31": "343.57000", "2015-08-31": "65.30700", "2014-08-31": "24.83900", "2013-08-31": "30.16500", "2012-08-31": "28.70300", "2011-08-31": "32.82900", "2010-08-31": "32.92600", "2009-08-31": "33.76000", "2008-08-31": "29.17700", "2007-08-31": "23.78900", "2006-08-31": "19.23900", "2005-08-31": "15.73600"}, "Total Liabilities": {"2020-08-31": "1187.01300", "2019-08-31": "887.87400", "2018-08-31": "893.54700", "2017-08-31": "853.62400", "2016-08-31": "501.78000", "2015-08-31": "205.08700", "2014-08-31": "152.13000", "2013-08-31": "148.41800", "2012-08-31": "141.87900", "2011-08-31": "142.25200", "2010-08-31": "142.20200", "2009-08-31": "133.12300", "2008-08-31": "121.80300", "2007-08-31": "114.43900", "2006-08-31": "98.54000", "2005-08-31": "79.42100"}, "Common Stock Net": {"2020-08-31": "0.40800", "2019-08-31": "0.40100", "2018-08-31": "0.39300", "2017-08-31": "0.51800", "2016-08-31": "0.51200", "2015-08-31": "0.50300", "2014-08-31": "0.49100", "2013-08-31": "0.48100", "2012-08-31": "0.45600", "2011-08-31": "0.61400", "2010-08-31": "0.60100", "2009-08-31": "0.58100", "2008-08-31": "0.57100", "2007-08-31": "0.56200", "2006-08-31": "0.55400", "2005-08-31": "0.54500"}, "Retained Earnings (Accumulated Deficit)": {"2020-08-31": "633.14900", "2019-08-31": "373.22500", "2018-08-31": "122.84300", "2017-08-31": "1458.82300", "2016-08-31": "1283.92700", "2015-08-31": "1021.65100", "2014-08-31": "849.50400", "2013-08-31": "700.51900", "2012-08-31": "559.71400", "2011-08-31": "912.07800", "2010-08-31": "786.84400", "2009-08-31": "676.62600", "2008-08-31": "567.38100", "2007-08-31": "469.88000", "2006-08-31": "377.84600", "2005-08-31": "305.63600"}, "Comprehensive Income": {"2020-08-31": "-39.29300", "2019-08-31": "-74.54400", "2018-08-31": "-51.43900", "2017-08-31": "-34.72000", "2016-08-31": "-68.55300", "2015-08-31": "-44.05200", "2014-08-31": "-17.92100", "2013-08-31": "-31.17300", "2012-08-31": "-22.72600", "2011-08-31": "-5.66000", "2010-08-31": "-21.38500", "2009-08-31": "-10.22300", "2008-08-31": "2.18200", "2007-08-31": "9.68000", "2006-08-31": "3.32800", "2005-08-31": "-0.24200"}, "Other Share Holders Equity": {"2020-08-31": "", "2019-08-31": "", "2018-08-31": "", "2017-08-31": "", "2016-08-31": "", "2015-08-31": "", "2014-08-31": "", "2013-08-31": "", "2012-08-31": "", "2011-08-31": "", "2010-08-31": "", "2009-08-31": "", "2008-08-31": "", "2007-08-31": "", "2006-08-31": "", "2005-08-31": ""}, "Share Holder Equity": {"2020-08-31": "896.37500", "2019-08-31": "672.25600", "2018-08-31": "525.90000", "2017-08-31": "559.69100", "2016-08-31": "517.38100", "2015-08-31": "531.58400", "2014-08-31": "511.08200", "2013-08-31": "541.77900", "2012-08-31": "552.26400", "2011-08-31": "515.18800", "2010-08-31": "502.40600", "2009-08-31": "500.82900", "2008-08-31": "465.47100", "2007-08-31": "409.31100", "2006-08-31": "358.68800", "2005-08-31": "268.10800"}, "Total Liabilities And Share Holders Equity": {"2020-08-31": "2083.38800", "2019-08-31": "1560.13000", "2018-08-31": "1419.44700", "2017-08-31": "1413.31500", "2016-08-31": "1019.16100", "2015-08-31": "736.67100", "2014-08-31": "663.21200", "2013-08-31": "690.19700", "2012-08-31": "694.14300", "2011-08-31": "657.44000", "2010-08-31": "644.60800", "2009-08-31": "633.95200", "2008-08-31": "587.27400", "2007-08-31": "523.75000", "2006-08-31": "457.22800", "2005-08-31": "347.52900"}}, "balance sheet, quarterly": {"Cash On Hand": {"2020-11-30": "578.30300", "2020-08-31": "605.17700", "2020-05-31": "480.31300", "2020-02-29": "367.37300", "2019-11-30": "362.26800", "2019-08-31": "385.61200", "2019-05-31": "350.31500", "2019-02-28": "245.40400", "2018-11-30": "197.84800", "2018-08-31": "237.88200", "2018-05-31": "243.54600", "2018-02-28": "265.18600", "2017-11-30": "253.61000", "2017-08-31": "227.17500", "2017-05-31": "193.68500", "2017-02-28": "185.35400", "2016-11-30": "194.23900", "2016-08-31": "252.62400", "2016-05-31": "211.15600", "2016-02-29": "198.10100", "2015-11-30": "203.29300", "2015-08-31": "182.41100", "2015-05-31": "182.91500", "2015-02-28": "147.40500", "2014-11-30": "139.96200", "2014-08-31": "136.38600", "2014-05-31": "134.07500", "2014-02-28": "102.97500", "2013-11-30": "187.77700", "2013-08-31": "209.35200", "2013-05-31": "257.41800", "2013-02-28": "166.14100", "2012-11-30": "225.23900", "2012-08-31": "202.96300", "2012-05-31": "242.09600", "2012-02-29": "200.18300", "2011-11-30": "207.54600", "2011-08-31": "181.68500", "2011-05-31": "208.66800", "2011-02-28": "203.10500", "2010-11-30": "202.35100", "2010-08-31": "195.74100", "2010-05-31": "224.71300", "2010-02-28": "204.59500", "2009-11-30": "217.86100", "2009-08-31": "216.32000", "2009-05-31": "191.11100", "2009-02-28": "132.30800", "2008-11-30": "123.85600", "2008-08-31": "143.01800", "2008-05-31": "191.67400", "2008-02-29": "147.12500", "2007-11-30": "171.30800", "2007-08-31": "186.22200", "2007-05-31": "189.18000", "2007-02-28": "156.04400", "2006-11-30": "155.78500", "2006-08-31": "143.19000", "2006-05-31": "118.61400", "2006-02-28": "90.20900", "2005-11-30": "68.25400", "2005-08-31": "76.02300", "2005-05-31": "90.57500", "2005-02-28": "63.40800"}, "Receivables": {"2020-11-30": "156.21800", "2020-08-31": "155.01100", "2020-05-31": "151.39800", "2020-02-29": "168.13900", "2019-11-30": "145.43400", "2019-08-31": "146.30900", "2019-05-31": "153.46100", "2019-02-28": "176.35600", "2018-11-30": "159.89000", "2018-08-31": "156.63900", "2018-05-31": "145.25500", "2018-02-28": "165.49300", "2017-11-30": "144.84800", "2017-08-31": "148.33100", "2017-05-31": "147.45500", "2017-02-28": "130.82500", "2016-11-30": "109.68000", "2016-08-31": "97.79700", "2016-05-31": "104.66600", "2016-02-29": "105.92800", "2015-11-30": "98.63000", "2015-08-31": "95.06400", "2015-05-31": "91.86000", "2015-02-28": "100.03800", "2014-11-30": "88.45300", "2014-08-31": "90.35400", "2014-05-31": "86.06900", "2014-02-28": "97.56400", "2013-11-30": "76.34800", "2013-08-31": "73.29000", "2013-05-31": "69.14300", "2013-02-28": "85.76300", "2012-11-30": "78.89500", "2012-08-31": "74.25100", "2012-05-31": "66.56800", "2012-02-29": "71.45900", "2011-11-30": "64.83300", "2011-08-31": "75.00400", "2011-05-31": "67.53700", "2011-02-28": "70.50100", "2010-11-30": "63.86900", "2010-08-31": "59.69300", "2010-05-31": "58.49500", "2010-02-28": "68.19300", "2009-11-30": "60.31000", "2009-08-31": "62.85400", "2009-05-31": "70.57900", "2009-02-28": "81.62100", "2008-11-30": "71.31300", "2008-08-31": "74.85900", "2008-05-31": "69.36900", "2008-02-29": "70.76700", "2007-11-30": "62.98900", "2007-08-31": "59.57900", "2007-05-31": "55.03900", "2007-02-28": "69.78700", "2006-11-30": "61.19900", "2006-08-31": "59.19000", "2006-05-31": "61.82700", "2006-02-28": "58.91800", "2005-11-30": "57.00500", "2005-08-31": "54.02900", "2005-05-31": "54.18300", "2005-02-28": "67.18200"}, "Inventory": {"2020-11-30": "", "2020-08-31": "", "2020-05-31": "", "2020-02-29": "", "2019-11-30": "", "2019-08-31": "", "2019-05-31": "", "2019-02-28": "", "2018-11-30": "", "2018-08-31": "", "2018-05-31": "", "2018-02-28": "", "2017-11-30": "", "2017-08-31": "", "2017-05-31": "", "2017-02-28": "", "2016-11-30": "", "2016-08-31": "", "2016-05-31": "", "2016-02-29": "", "2015-11-30": "", "2015-08-31": "", "2015-05-31": "", "2015-02-28": "", "2014-11-30": "", "2014-08-31": "", "2014-05-31": "", "2014-02-28": "", "2013-11-30": "", "2013-08-31": "", "2013-05-31": "", "2013-02-28": "", "2012-11-30": "", "2012-08-31": "", "2012-05-31": "", "2012-02-29": "", "2011-11-30": "", "2011-08-31": "", "2011-05-31": "", "2011-02-28": "", "2010-11-30": "", "2010-08-31": "", "2010-05-31": "", "2010-02-28": "", "2009-11-30": "", "2009-08-31": "", "2009-05-31": "", "2009-02-28": "", "2008-11-30": "", "2008-08-31": "", "2008-05-31": "", "2008-02-29": "", "2007-11-30": "", "2007-08-31": "", "2007-05-31": "", "2007-02-28": "", "2006-11-30": "", "2006-08-31": "", "2006-05-31": "", "2006-02-28": "", "2005-11-30": "", "2005-08-31": "", "2005-05-31": "", "2005-02-28": ""}, "Pre-Paid Expenses": {"2020-11-30": "25.90800", "2020-08-31": "38.06700", "2020-05-31": "42.25000", "2020-02-29": "25.91700", "2019-11-30": "0.00000", "2019-08-31": "15.03300", "2019-05-31": "45.39500", "2019-02-28": "66.20500", "2018-11-30": "33.44500", "2018-08-31": "36.39500", "2018-05-31": "40.80900", "2018-02-28": "41.38800", "2017-11-30": "28.55400", "2017-08-31": "31.20300", "2017-05-31": "29.42000", "2017-02-28": "25.16800", "2016-11-30": "18.04500", "2016-08-31": "15.69700", "2016-05-31": "15.73600", "2016-02-29": "19.91500", "2015-11-30": "16.40100", "2015-08-31": "24.59400", "2015-05-31": "27.66900", "2015-02-28": "15.28200", "2014-11-30": "15.33200", "2014-08-31": "6.53200", "2014-05-31": "18.29200", "2014-02-28": "28.02300", "2013-11-30": "0.82100", "2013-08-31": "16.93700", "2013-05-31": "30.37400", "2013-02-28": "29.00200", "2012-11-30": "0.00000", "2012-08-31": "16.82600", "2012-05-31": "16.22800", "2012-02-29": "3.54900", "2011-11-30": "", "2011-08-31": "", "2011-05-31": "6.77600", "2011-02-28": "9.28200", "2010-11-30": "", "2010-08-31": "", "2010-05-31": "1.27000", "2010-02-28": "9.48100", "2009-11-30": "7.87400", "2009-08-31": "9.20200", "2009-05-31": "5.68200", "2009-02-28": "3.92200", "2008-11-30": "4.25700", "2008-08-31": "7.46700", "2008-05-31": "3.38500", "2008-02-29": "10.24400", "2007-11-30": "", "2007-08-31": "", "2007-05-31": "", "2007-02-28": "1.55700", "2006-11-30": "", "2006-08-31": "", "2006-05-31": "", "2006-02-28": "", "2005-11-30": "", "2005-08-31": "", "2005-05-31": "", "2005-02-28": ""}, "Other Current Assets": {"2020-11-30": "43.66000", "2020-08-31": "43.67500", "2020-05-31": "34.46800", "2020-02-29": "39.67600", "2019-11-30": "38.51300", "2019-08-31": "36.85800", "2019-05-31": "", "2019-02-28": "", "2018-11-30": "", "2018-08-31": "", "2018-05-31": "", "2018-02-28": "", "2017-11-30": "", "2017-08-31": "", "2017-05-31": "", "2017-02-28": "", "2016-11-30": "", "2016-08-31": "", "2016-05-31": "48.94000", "2016-02-29": "", "2015-11-30": "", "2015-08-31": "", "2015-05-31": "", "2015-02-28": "17.58300", "2014-11-30": "", "2014-08-31": "14.66200", "2014-05-31": "", "2014-02-28": "", "2013-11-30": "12.99700", "2013-08-31": "15.65200", "2013-05-31": "", "2013-02-28": "", "2012-11-30": "11.55500", "2012-08-31": "", "2012-05-31": "", "2012-02-29": "13.07800", "2011-11-30": "11.36100", "2011-08-31": "12.47300", "2011-05-31": "11.35300", "2011-02-28": "11.26400", "2010-11-30": "8.65900", "2010-08-31": "6.89900", "2010-05-31": "6.68100", "2010-02-28": "6.64900", "2009-11-30": "5.19600", "2009-08-31": "6.71500", "2009-05-31": "6.56100", "2009-02-28": "4.70700", "2008-11-30": "4.75700", "2008-08-31": "5.90800", "2008-05-31": "5.67400", "2008-02-29": "5.03100", "2007-11-30": "4.35400", "2007-08-31": "3.72300", "2007-05-31": "5.14200", "2007-02-28": "4.32500", "2006-11-30": "3.91100", "2006-08-31": "3.00000", "2006-05-31": "3.59400", "2006-02-28": "2.80600", "2005-11-30": "3.07100", "2005-08-31": "3.81900", "2005-05-31": "4.42300", "2005-02-28": "3.80900"}, "Total Current Assets": {"2020-11-30": "804.08900", "2020-08-31": "841.93000", "2020-05-31": "708.42900", "2020-02-29": "601.10500", "2019-11-30": "546.21500", "2019-08-31": "583.81200", "2019-05-31": "549.17100", "2019-02-28": "487.96500", "2018-11-30": "391.18300", "2018-08-31": "430.91600", "2018-05-31": "429.61000", "2018-02-28": "472.06700", "2017-11-30": "427.01200", "2017-08-31": "409.37600", "2017-05-31": "373.18300", "2017-02-28": "344.04000", "2016-11-30": "324.65900", "2016-08-31": "369.27600", "2016-05-31": "383.01900", "2016-02-29": "327.34100", "2015-11-30": "320.84800", "2015-08-31": "304.17400", "2015-05-31": "304.21400", "2015-02-28": "281.92500", "2014-11-30": "245.73200", "2014-08-31": "249.77500", "2014-05-31": "240.10300", "2014-02-28": "232.03600", "2013-11-30": "280.96900", "2013-08-31": "318.03400", "2013-05-31": "360.08800", "2013-02-28": "284.56100", "2012-11-30": "320.04600", "2012-08-31": "299.12500", "2012-05-31": "328.69500", "2012-02-29": "292.03700", "2011-11-30": "287.56100", "2011-08-31": "273.17000", "2011-05-31": "298.49000", "2011-02-28": "298.45200", "2010-11-30": "278.89400", "2010-08-31": "265.14500", "2010-05-31": "295.42700", "2010-02-28": "293.29900", "2009-11-30": "295.56200", "2009-08-31": "299.41000", "2009-05-31": "278.32700", "2009-02-28": "226.11000", "2008-11-30": "207.68300", "2008-08-31": "234.52300", "2008-05-31": "273.22300", "2008-02-29": "236.18600", "2007-11-30": "241.58100", "2007-08-31": "252.33200", "2007-05-31": "251.07900", "2007-02-28": "231.71300", "2006-11-30": "222.39500", "2006-08-31": "206.98000", "2006-05-31": "185.93800", "2006-02-28": "157.40700", "2005-11-30": "133.66500", "2005-08-31": "139.14800", "2005-05-31": "154.60100", "2005-02-28": "139.15800"}, "Property, Plant, And Equipment": {"2020-11-30": "135.12100", "2020-08-31": "133.10200", "2020-05-31": "136.65500", "2020-02-29": "135.01600", "2019-11-30": "137.72600", "2019-08-31": "119.38400", "2019-05-31": "105.28700", "2019-02-28": "104.82900", "2018-11-30": "101.56600", "2018-08-31": "100.54500", "2018-05-31": "94.38000", "2018-02-28": "97.47000", "2017-11-30": "98.73100", "2017-08-31": "100.45400", "2017-05-31": "97.44200", "2017-02-28": "89.45000", "2016-11-30": "90.43800", "2016-08-31": "84.62200", "2016-05-31": "78.08200", "2016-02-29": "75.66700", "2015-11-30": "69.71700", "2015-08-31": "59.26400", "2015-05-31": "54.45800", "2015-02-28": "56.69300", "2014-11-30": "55.90800", "2014-08-31": "57.64100", "2014-05-31": "58.04500", "2014-02-28": "60.62700", "2013-11-30": "64.28400", "2013-08-31": "65.37100", "2013-05-31": "67.70700", "2013-02-28": "71.08300", "2012-11-30": "75.52100", "2012-08-31": "76.53000", "2012-05-31": "77.17300", "2012-02-29": "78.59500", "2011-11-30": "80.06500", "2011-08-31": "81.62000", "2011-05-31": "81.78700", "2011-02-28": "81.33600", "2010-11-30": "80.62800", "2010-08-31": "79.49500", "2010-05-31": "79.06700", "2010-02-28": "82.46300", "2009-11-30": "88.42700", "2009-08-31": "88.37900", "2009-05-31": "89.82000", "2009-02-28": "91.58900", "2008-11-30": "92.27800", "2008-08-31": "91.11300", "2008-05-31": "88.12500", "2008-02-29": "80.80500", "2007-11-30": "79.28000", "2007-08-31": "78.94500", "2007-05-31": "70.31400", "2007-02-28": "65.77300", "2006-11-30": "63.46100", "2006-08-31": "59.81200", "2006-05-31": "59.82800", "2006-02-28": "52.52900", "2005-11-30": "50.42800", "2005-08-31": "52.35900", "2005-05-31": "50.92400", "2005-02-28": "46.38200"}, "Long-Term Investments": {"2020-11-30": "", "2020-08-31": "", "2020-05-31": "", "2020-02-29": "", "2019-11-30": "", "2019-08-31": "", "2019-05-31": "", "2019-02-28": "", "2018-11-30": "", "2018-08-31": "", "2018-05-31": "", "2018-02-28": "", "2017-11-30": "", "2017-08-31": "", "2017-05-31": "", "2017-02-28": "", "2016-11-30": "", "2016-08-31": "", "2016-05-31": "", "2016-02-29": "", "2015-11-30": "", "2015-08-31": "", "2015-05-31": "", "2015-02-28": "", "2014-11-30": "", "2014-08-31": "", "2014-05-31": "", "2014-02-28": "", "2013-11-30": "", "2013-08-31": "", "2013-05-31": "", "2013-02-28": "", "2012-11-30": "", "2012-08-31": "", "2012-05-31": "", "2012-02-29": "", "2011-11-30": "", "2011-08-31": "", "2011-05-31": "", "2011-02-28": "", "2010-11-30": "", "2010-08-31": "", "2010-05-31": "", "2010-02-28": "", "2009-11-30": "", "2009-08-31": "", "2009-05-31": "", "2009-02-28": "", "2008-11-30": "", "2008-08-31": "", "2008-05-31": "", "2008-02-29": "", "2007-11-30": "", "2007-08-31": "", "2007-05-31": "", "2007-02-28": "", "2006-11-30": "", "2006-08-31": "", "2006-05-31": "", "2006-02-28": "", "2005-11-30": "", "2005-08-31": "", "2005-05-31": "", "2005-02-28": ""}, "Goodwill And Intangible Assets": {"2020-11-30": "873.47100", "2020-08-31": "830.79800", "2020-05-31": "815.69100", "2020-02-29": "818.88000", "2019-11-30": "823.00000", "2019-08-31": "810.17700", "2019-05-31": "820.16100", "2019-02-28": "836.43800", "2018-11-30": "835.93400", "2018-08-31": "850.76800", "2018-05-31": "860.58300", "2018-02-28": "881.59900", "2017-11-30": "881.35000", "2017-08-31": "881.10300", "2017-05-31": "871.20100", "2017-02-28": "611.52700", "2016-11-30": "616.68800", "2016-08-31": "546.07600", "2016-05-31": "558.37100", "2016-02-29": "596.09300", "2015-11-30": "610.57000", "2015-08-31": "348.33900", "2015-05-31": "348.79200", "2015-02-28": "349.20600", "2014-11-30": "317.49600", "2014-08-31": "327.46300", "2014-05-31": "331.89000", "2014-02-28": "334.93500", "2013-11-30": "299.56100", "2013-08-31": "280.79600", "2013-05-31": "280.45100", "2013-02-28": "282.78300", "2012-11-30": "288.58800", "2012-08-31": "289.16200", "2012-05-31": "260.05500", "2012-02-29": "266.74500", "2011-11-30": "267.85300", "2011-08-31": "274.57500", "2011-05-31": "277.13700", "2011-02-28": "276.90400", "2010-11-30": "273.78700", "2010-08-31": "274.17000", "2010-05-31": "207.99500", "2010-02-28": "216.84200", "2009-11-30": "228.19100", "2009-08-31": "227.70500", "2009-05-31": "228.30400", "2009-02-28": "217.18100", "2008-11-30": "224.60500", "2008-08-31": "246.11300", "2008-05-31": "196.45000", "2008-02-29": "197.83600", "2007-11-30": "185.48700", "2007-08-31": "182.97600", "2007-05-31": "183.10300", "2007-02-28": "183.71100", "2006-11-30": "186.05800", "2006-08-31": "184.42800", "2006-05-31": "185.47200", "2006-02-28": "180.25800", "2005-11-30": "172.36900", "2005-08-31": "152.45300", "2005-05-31": "101.93100", "2005-02-28": "107.30300"}, "Other Long-Term Assets": {"2020-11-30": "29.15400", "2020-08-31": "28.62900", "2020-05-31": "32.53900", "2020-02-29": "30.46900", "2019-11-30": "27.82000", "2019-08-31": "39.18600", "2019-05-31": "31.28500", "2019-02-28": "29.02500", "2018-11-30": "27.80100", "2018-08-31": "27.50200", "2018-05-31": "14.68300", "2018-02-28": "15.56900", "2017-11-30": "16.53400", "2017-08-31": "14.97000", "2017-05-31": "11.08900", "2017-02-28": "7.95000", "2016-11-30": "7.06600", "2016-08-31": "5.78100", "2016-05-31": "5.24600", "2016-02-29": "4.86000", "2015-11-30": "4.92300", "2015-08-31": "4.29500", "2015-05-31": "4.08100", "2015-02-28": "4.96600", "2014-11-30": "5.62900", "2014-08-31": "5.95600", "2014-05-31": "6.01100", "2014-02-28": "4.49600", "2013-11-30": "3.86200", "2013-08-31": "3.97300", "2013-05-31": "4.22600", "2013-02-28": "4.70600", "2012-11-30": "5.63700", "2012-08-31": "6.21300", "2012-05-31": "6.25200", "2012-02-29": "6.80900", "2011-11-30": "8.05700", "2011-08-31": "7.90900", "2011-05-31": "8.39600", "2011-02-28": "6.93000", "2010-11-30": "6.59100", "2010-08-31": "6.19700", "2010-05-31": "5.41300", "2010-02-28": "5.77800", "2009-11-30": "5.39400", "2009-08-31": "5.34800", "2009-05-31": "4.53400", "2009-02-28": "4.24600", "2008-11-30": "4.91400", "2008-08-31": "5.24600", "2008-05-31": "2.74700", "2008-02-29": "2.47100", "2007-11-30": "2.40700", "2007-08-31": "2.28600", "2007-05-31": "2.57100", "2007-02-28": "2.56900", "2006-11-30": "2.42200", "2006-08-31": "2.45400", "2006-05-31": "2.39200", "2006-02-28": "2.48700", "2005-11-30": "2.19000", "2005-08-31": "2.84700", "2005-05-31": "2.69700", "2005-02-28": "2.71500"}, "Total Long-Term Assets": {"2020-11-30": "1295.33700", "2020-08-31": "1241.45800", "2020-05-31": "1239.27600", "2020-02-29": "1227.46700", "2019-11-30": "1216.01700", "2019-08-31": "976.31800", "2019-05-31": "962.73000", "2019-02-28": "977.02900", "2018-11-30": "974.74400", "2018-08-31": "988.53100", "2018-05-31": "977.56200", "2018-02-28": "1000.42500", "2017-11-30": "1003.59000", "2017-08-31": "1003.93900", "2017-05-31": "984.83100", "2017-02-28": "717.78900", "2016-11-30": "721.50600", "2016-08-31": "649.88500", "2016-05-31": "655.95600", "2016-02-29": "694.36400", "2015-11-30": "696.83900", "2015-08-31": "432.49700", "2015-05-31": "423.86200", "2015-02-28": "427.64700", "2014-11-30": "400.74700", "2014-08-31": "413.43700", "2014-05-31": "419.53300", "2014-02-28": "421.92900", "2013-11-30": "390.18900", "2013-08-31": "372.16300", "2013-05-31": "375.24200", "2013-02-28": "385.41700", "2012-11-30": "391.81000", "2012-08-31": "395.01800", "2012-05-31": "365.82400", "2012-02-29": "371.78700", "2011-11-30": "375.94500", "2011-08-31": "384.27000", "2011-05-31": "386.14100", "2011-02-28": "384.61800", "2010-11-30": "380.51300", "2010-08-31": "379.46300", "2010-05-31": "309.28800", "2010-02-28": "320.12800", "2009-11-30": "334.68800", "2009-08-31": "334.54200", "2009-05-31": "335.28300", "2009-02-28": "325.15500", "2008-11-30": "334.08000", "2008-08-31": "352.75100", "2008-05-31": "296.57100", "2008-02-29": "289.71400", "2007-11-30": "276.08500", "2007-08-31": "271.41800", "2007-05-31": "262.47800", "2007-02-28": "257.43100", "2006-11-30": "256.16000", "2006-08-31": "250.24800", "2006-05-31": "250.34500", "2006-02-28": "237.10100", "2005-11-30": "225.81700", "2005-08-31": "208.38100", "2005-05-31": "155.77600", "2005-02-28": "160.17200"}, "Total Assets": {"2020-11-30": "2099.42600", "2020-08-31": "2083.38800", "2020-05-31": "1947.70500", "2020-02-29": "1828.57200", "2019-11-30": "1762.23200", "2019-08-31": "1560.13000", "2019-05-31": "1511.90100", "2019-02-28": "1464.99400", "2018-11-30": "1365.92700", "2018-08-31": "1419.44700", "2018-05-31": "1407.17200", "2018-02-28": "1472.49200", "2017-11-30": "1430.60200", "2017-08-31": "1413.31500", "2017-05-31": "1358.01400", "2017-02-28": "1061.82900", "2016-11-30": "1046.16500", "2016-08-31": "1019.16100", "2016-05-31": "1038.97500", "2016-02-29": "1021.70500", "2015-11-30": "1017.68700", "2015-08-31": "736.67100", "2015-05-31": "728.07600", "2015-02-28": "709.57200", "2014-11-30": "646.47900", "2014-08-31": "663.21200", "2014-05-31": "659.63600", "2014-02-28": "653.96500", "2013-11-30": "671.15800", "2013-08-31": "690.19700", "2013-05-31": "735.33000", "2013-02-28": "669.97800", "2012-11-30": "711.85600", "2012-08-31": "694.14300", "2012-05-31": "694.51900", "2012-02-29": "663.82400", "2011-11-30": "663.50600", "2011-08-31": "657.44000", "2011-05-31": "684.63100", "2011-02-28": "683.07000", "2010-11-30": "659.40700", "2010-08-31": "644.60800", "2010-05-31": "604.71500", "2010-02-28": "613.42700", "2009-11-30": "630.25000", "2009-08-31": "633.95200", "2009-05-31": "613.61000", "2009-02-28": "551.26500", "2008-11-30": "541.76300", "2008-08-31": "587.27400", "2008-05-31": "569.79400", "2008-02-29": "525.90000", "2007-11-30": "517.66600", "2007-08-31": "523.75000", "2007-05-31": "513.55700", "2007-02-28": "489.14400", "2006-11-30": "478.55500", "2006-08-31": "457.22800", "2006-05-31": "436.28300", "2006-02-28": "394.50800", "2005-11-30": "359.48200", "2005-08-31": "347.52900", "2005-05-31": "310.37700", "2005-02-28": "299.33000"}, "Total Current Liabilities": {"2020-11-30": "227.88300", "2020-08-31": "276.29300", "2020-05-31": "247.30000", "2020-02-29": "228.52900", "2019-11-30": "207.65000", "2019-08-31": "218.92300", "2019-05-31": "191.52400", "2019-02-28": "198.78200", "2018-11-30": "157.12200", "2018-08-31": "221.13400", "2018-05-31": "197.79300", "2018-02-28": "186.49300", "2017-11-30": "161.60000", "2017-08-31": "201.13900", "2017-05-31": "182.13100", "2017-02-28": "155.08800", "2016-11-30": "136.21600", "2016-08-31": "158.21000", "2016-05-31": "154.69800", "2016-02-29": "140.03700", "2015-11-30": "128.73100", "2015-08-31": "139.78000", "2015-05-31": "134.85200", "2015-02-28": "121.69700", "2014-11-30": "120.56700", "2014-08-31": "127.29100", "2014-05-31": "119.19700", "2014-02-28": "109.29000", "2013-11-30": "97.71300", "2013-08-31": "118.25300", "2013-05-31": "105.14600", "2013-02-28": "94.81300", "2012-11-30": "95.33300", "2012-08-31": "113.17600", "2012-05-31": "106.19000", "2012-02-29": "90.69400", "2011-11-30": "95.28100", "2011-08-31": "109.42300", "2011-05-31": "97.27700", "2011-02-28": "91.32700", "2010-11-30": "85.51200", "2010-08-31": "109.27600", "2010-05-31": "85.20800", "2010-02-28": "79.06900", "2009-11-30": "70.83000", "2009-08-31": "99.36300", "2009-05-31": "85.37200", "2009-02-28": "79.11100", "2008-11-30": "80.73100", "2008-08-31": "92.62600", "2008-05-31": "84.48600", "2008-02-29": "72.74500", "2007-11-30": "64.92000", "2007-08-31": "90.65000", "2007-05-31": "72.14700", "2007-02-28": "70.03000", "2006-11-30": "72.86500", "2006-08-31": "79.30100", "2006-05-31": "79.07200", "2006-02-28": "66.41100", "2005-11-30": "55.76400", "2005-08-31": "63.68500", "2005-05-31": "55.20700", "2005-02-28": "49.21500"}, "Long Term Debt": {"2020-11-30": "575.51100", "2020-08-31": "574.35400", "2020-05-31": "574.30900", "2020-02-29": "574.26400", "2019-11-30": "574.21900", "2019-08-31": "574.17400", "2019-05-31": "574.12900", "2019-02-28": "574.84800", "2018-11-30": "574.81200", "2018-08-31": "574.77500", "2018-05-31": "574.73900", "2018-02-28": "574.70200", "2017-11-30": "574.66600", "2017-08-31": "575.00000", "2017-05-31": "575.00000", "2017-02-28": "365.00000", "2016-11-30": "365.00000", "2016-08-31": "300.00000", "2016-05-31": "300.00000", "2016-02-29": "300.00000", "2015-11-30": "300.00000", "2015-08-31": "35.00000", "2015-05-31": "35.00000", "2015-02-28": "35.00000", "2014-11-30": "", "2014-08-31": "", "2014-05-31": "", "2014-02-28": "", "2013-11-30": "", "2013-08-31": "", "2013-05-31": "", "2013-02-28": "", "2012-11-30": "", "2012-08-31": "", "2012-05-31": "", "2012-02-29": "", "2011-11-30": "", "2011-08-31": "", "2011-05-31": "", "2011-02-28": "", "2010-11-30": "", "2010-08-31": "", "2010-05-31": "", "2010-02-28": "", "2009-11-30": "", "2009-08-31": "", "2009-05-31": "", "2009-02-28": "", "2008-11-30": "", "2008-08-31": "", "2008-05-31": "", "2008-02-29": "", "2007-11-30": "", "2007-08-31": "", "2007-05-31": "", "2007-02-28": "", "2006-11-30": "", "2006-08-31": "", "2006-05-31": "", "2006-02-28": "", "2005-11-30": "1.61800", "2005-08-31": "", "2005-05-31": "", "2005-02-28": ""}, "Other Non-Current Liabilities": {"2020-11-30": "36.14500", "2020-08-31": "35.06500", "2020-05-31": "32.73200", "2020-02-29": "28.87800", "2019-11-30": "28.04200", "2019-08-31": "68.29800", "2019-05-31": "24.32300", "2019-02-28": "26.72800", "2018-11-30": "26.52500", "2018-08-31": "29.62600", "2018-05-31": "29.01000", "2018-02-28": "31.48200", "2017-11-30": "9.46500", "2017-08-31": "11.48400", "2017-05-31": "10.78000", "2017-02-28": "10.02900", "2016-11-30": "9.39500", "2016-08-31": "8.78200", "2016-05-31": "8.20000", "2016-02-29": "8.48800", "2015-11-30": "7.10900", "2015-08-31": "6.77600", "2015-05-31": "6.38100", "2015-02-28": "6.90700", "2014-11-30": "5.84500", "2014-08-31": "5.50100", "2014-05-31": "5.15700", "2014-02-28": "5.34500", "2013-11-30": "5.00900", "2013-08-31": "5.43500", "2013-05-31": "4.98500", "2013-02-28": "5.34600", "2012-11-30": "5.69900", "2012-08-31": "5.46400", "2012-05-31": "5.24900", "2012-02-29": "5.51300", "2011-11-30": "7.52600", "2011-08-31": "7.20400", "2011-05-31": "6.79500", "2011-02-28": "7.45900", "2010-11-30": "6.37600", "2010-08-31": "7.34600", "2010-05-31": "6.95200", "2010-02-28": "7.09500", "2009-11-30": "6.76100", "2009-08-31": "6.43700", "2009-05-31": "5.97200", "2009-02-28": "4.93700", "2008-11-30": "4.60400", "2008-08-31": "3.90500", "2008-05-31": "3.68800", "2008-02-29": "4.09700", "2007-11-30": "3.77200", "2007-08-31": "", "2007-05-31": "", "2007-02-28": "", "2006-11-30": "", "2006-08-31": "", "2006-05-31": "", "2006-02-28": "", "2005-11-30": "", "2005-08-31": "", "2005-05-31": "", "2005-02-28": ""}, "Total Long Term Liabilities": {"2020-11-30": "918.97000", "2020-08-31": "910.72000", "2020-05-31": "907.44700", "2020-02-29": "883.28300", "2019-11-30": "862.70400", "2019-08-31": "668.95100", "2019-05-31": "665.96800", "2019-02-28": "666.69100", "2018-11-30": "667.59600", "2018-08-31": "672.41300", "2018-05-31": "674.04600", "2018-02-28": "673.90900", "2017-11-30": "650.78500", "2017-08-31": "652.48500", "2017-05-31": "648.33000", "2017-02-28": "413.51100", "2016-11-30": "413.16600", "2016-08-31": "343.57000", "2016-05-31": "340.62000", "2016-02-29": "340.61000", "2015-11-30": "331.18700", "2015-08-31": "65.30700", "2015-05-31": "60.84900", "2015-02-28": "58.79100", "2014-11-30": "24.27900", "2014-08-31": "24.83900", "2014-05-31": "25.17100", "2014-02-28": "27.02100", "2013-11-30": "26.82300", "2013-08-31": "30.16500", "2013-05-31": "26.89500", "2013-02-28": "27.98500", "2012-11-30": "30.01000", "2012-08-31": "28.70300", "2012-05-31": "27.94300", "2012-02-29": "29.10600", "2011-11-30": "31.86000", "2011-08-31": "32.82900", "2011-05-31": "32.91700", "2011-02-28": "33.55600", "2010-11-30": "31.33700", "2010-08-31": "32.92600", "2010-05-31": "32.09700", "2010-02-28": "32.69600", "2009-11-30": "33.50300", "2009-08-31": "33.76000", "2009-05-31": "32.69100", "2009-02-28": "28.44700", "2008-11-30": "28.88800", "2008-08-31": "29.17700", "2008-05-31": "29.58500", "2008-02-29": "29.27400", "2007-11-30": "28.69200", "2007-08-31": "23.78900", "2007-05-31": "20.75500", "2007-02-28": "20.55600", "2006-11-30": "20.06500", "2006-08-31": "19.23900", "2006-05-31": "19.07300", "2006-02-28": "18.00100", "2005-11-30": "18.65800", "2005-08-31": "15.73600", "2005-05-31": "15.98800", "2005-02-28": "16.38200"}, "Total Liabilities": {"2020-11-30": "1146.85300", "2020-08-31": "1187.01300", "2020-05-31": "1154.74700", "2020-02-29": "1111.81200", "2019-11-30": "1070.35400", "2019-08-31": "887.87400", "2019-05-31": "857.49200", "2019-02-28": "865.47300", "2018-11-30": "824.71800", "2018-08-31": "893.54700", "2018-05-31": "871.83900", "2018-02-28": "860.40200", "2017-11-30": "812.38500", "2017-08-31": "853.62400", "2017-05-31": "830.46100", "2017-02-28": "568.59900", "2016-11-30": "549.38200", "2016-08-31": "501.78000", "2016-05-31": "495.31800", "2016-02-29": "480.64700", "2015-11-30": "459.91800", "2015-08-31": "205.08700", "2015-05-31": "195.70100", "2015-02-28": "180.48800", "2014-11-30": "144.84600", "2014-08-31": "152.13000", "2014-05-31": "144.36800", "2014-02-28": "136.31100", "2013-11-30": "124.53600", "2013-08-31": "148.41800", "2013-05-31": "132.04100", "2013-02-28": "122.79800", "2012-11-30": "125.34300", "2012-08-31": "141.87900", "2012-05-31": "134.13300", "2012-02-29": "119.80000", "2011-11-30": "127.14100", "2011-08-31": "142.25200", "2011-05-31": "130.19400", "2011-02-28": "124.88300", "2010-11-30": "116.84900", "2010-08-31": "142.20200", "2010-05-31": "117.30500", "2010-02-28": "111.76500", "2009-11-30": "104.33300", "2009-08-31": "133.12300", "2009-05-31": "118.06300", "2009-02-28": "107.55800", "2008-11-30": "109.61900", "2008-08-31": "121.80300", "2008-05-31": "114.07100", "2008-02-29": "102.01900", "2007-11-30": "93.61200", "2007-08-31": "114.43900", "2007-05-31": "92.90200", "2007-02-28": "90.58600", "2006-11-30": "92.93000", "2006-08-31": "98.54000", "2006-05-31": "98.14500", "2006-02-28": "84.41200", "2005-11-30": "74.42200", "2005-08-31": "79.42100", "2005-05-31": "71.19500", "2005-02-28": "65.59700"}, "Common Stock Net": {"2020-11-30": "0.40900", "2020-08-31": "0.40800", "2020-05-31": "0.40600", "2020-02-29": "0.40500", "2019-11-30": "0.40200", "2019-08-31": "0.40100", "2019-05-31": "0.40000", "2019-02-28": "0.39700", "2018-11-30": "0.39400", "2018-08-31": "0.39300", "2018-05-31": "0.39100", "2018-02-28": "0.39000", "2017-11-30": "0.52100", "2017-08-31": "0.51800", "2017-05-31": "0.51700", "2017-02-28": "0.51700", "2016-11-30": "0.51500", "2016-08-31": "0.51200", "2016-05-31": "0.50900", "2016-02-29": "0.50700", "2015-11-30": "0.50700", "2015-08-31": "0.50300", "2015-05-31": "0.50100", "2015-02-28": "0.49700", "2014-11-30": "0.49300", "2014-08-31": "0.49100", "2014-05-31": "0.48700", "2014-02-28": "0.48500", "2013-11-30": "0.48300", "2013-08-31": "0.48100", "2013-05-31": "0.47400", "2013-02-28": "0.46400", "2012-11-30": "0.46000", "2012-08-31": "0.45600", "2012-05-31": "0.45500", "2012-02-29": "0.45100", "2011-11-30": "0.61600", "2011-08-31": "0.61400", "2011-05-31": "0.61300", "2011-02-28": "0.61100", "2010-11-30": "0.60800", "2010-08-31": "0.60100", "2010-05-31": "0.59900", "2010-02-28": "0.59600", "2009-11-30": "0.59200", "2009-08-31": "0.58100", "2009-05-31": "0.57900", "2009-02-28": "0.57500", "2008-11-30": "0.57200", "2008-08-31": "0.57100", "2008-05-31": "0.56900", "2008-02-29": "0.56800", "2007-11-30": "0.56500", "2007-08-31": "0.56200", "2007-05-31": "0.55900", "2007-02-28": "0.55700", "2006-11-30": "0.55600", "2006-08-31": "0.55400", "2006-05-31": "0.55100", "2006-02-28": "0.54800", "2005-11-30": "0.54500", "2005-08-31": "0.54500", "2005-05-31": "0.54300", "2005-02-28": "0.54100"}, "Retained Earnings (Accumulated Deficit)": {"2020-11-30": "705.08900", "2020-08-31": "633.14900", "2020-05-31": "573.35400", "2020-02-29": "501.32600", "2019-11-30": "439.89200", "2019-08-31": "373.22500", "2019-05-31": "309.14700", "2019-02-28": "244.38800", "2018-11-30": "184.07100", "2018-08-31": "122.84300", "2018-05-31": "78.46300", "2018-02-28": "28.28300", "2017-11-30": "1507.30100", "2017-08-31": "1458.82300", "2017-05-31": "1421.12200", "2017-02-28": "1377.65900", "2016-11-30": "1330.65800", "2016-08-31": "1283.92700", "2016-05-31": "1159.57900", "2016-02-29": "1113.12600", "2015-11-30": "1063.40600", "2015-08-31": "1021.65100", "2015-05-31": "977.64500", "2015-02-28": "934.51000", "2014-11-30": "889.14900", "2014-08-31": "849.50400", "2014-05-31": "810.39600", "2014-02-28": "775.25100", "2013-11-30": "737.65100", "2013-08-31": "700.51900", "2013-05-31": "664.71900", "2013-02-28": "626.76600", "2012-11-30": "595.73600", "2012-08-31": "559.71400", "2012-05-31": "524.90300", "2012-02-29": "490.81500", "2011-11-30": "945.44200", "2011-08-31": "912.07800", "2011-05-31": "883.36500", "2011-02-28": "852.42800", "2010-11-30": "817.78600", "2010-08-31": "786.84400", "2010-05-31": "758.13900", "2010-02-28": "730.13600", "2009-11-30": "703.34600", "2009-08-31": "676.62600", "2009-05-31": "649.69900", "2009-02-28": "620.59400", "2008-11-30": "594.48600", "2008-08-31": "567.38100", "2008-05-31": "542.43100", "2008-02-29": "518.52800", "2007-11-30": "494.78100", "2007-08-31": "469.88000", "2007-05-31": "444.96600", "2007-02-28": "422.25600", "2006-11-30": "398.70500", "2006-08-31": "377.84600", "2006-05-31": "357.34300", "2006-02-28": "339.22700", "2005-11-30": "322.41000", "2005-08-31": "305.63600", "2005-05-31": "289.40700", "2005-02-28": "272.24900"}, "Comprehensive Income": {"2020-11-30": "-39.07600", "2020-08-31": "-39.29300", "2020-05-31": "-75.06000", "2020-02-29": "-66.47900", "2019-11-30": "-64.70600", "2019-08-31": "-74.54400", "2019-05-31": "-65.12100", "2019-02-28": "-53.63500", "2018-11-30": "-59.18800", "2018-08-31": "-51.43900", "2018-05-31": "-41.08500", "2018-02-28": "-18.59800", "2017-11-30": "-26.73000", "2017-08-31": "-34.72000", "2017-05-31": "-53.64000", "2017-02-28": "-77.34100", "2016-11-30": "-79.60300", "2016-08-31": "-68.55300", "2016-05-31": "-51.69000", "2016-02-29": "-63.03800", "2015-11-30": "-50.85400", "2015-08-31": "-44.05200", "2015-05-31": "-43.96300", "2015-02-28": "-38.75600", "2014-11-30": "-31.58800", "2014-08-31": "-17.92100", "2014-05-31": "-13.34900", "2014-02-28": "-16.23400", "2013-11-30": "-20.12600", "2013-08-31": "-31.17300", "2013-05-31": "-26.03900", "2013-02-28": "-23.01200", "2012-11-30": "-18.36500", "2012-08-31": "-22.72600", "2012-05-31": "-30.13600", "2012-02-29": "-15.57900", "2011-11-30": "-19.42400", "2011-08-31": "-5.66000", "2011-05-31": "-3.83900", "2011-02-28": "-7.74500", "2010-11-30": "-17.65200", "2010-08-31": "-21.38500", "2010-05-31": "-32.31800", "2010-02-28": "-20.10500", "2009-11-30": "-7.12100", "2009-08-31": "-10.22300", "2009-05-31": "-12.22000", "2009-02-28": "-31.02700", "2008-11-30": "-24.11500", "2008-08-31": "2.18200", "2008-05-31": "14.01200", "2008-02-29": "13.57600", "2007-11-30": "14.18000", "2007-08-31": "9.68000", "2007-05-31": "7.94200", "2007-02-28": "6.11300", "2006-11-30": "6.65300", "2006-08-31": "3.32800", "2006-05-31": "3.00500", "2006-02-28": "-3.89300", "2005-11-30": "-4.55000", "2005-08-31": "-0.24200", "2005-05-31": "1.01600", "2005-02-28": "5.69500"}, "Other Share Holders Equity": {"2020-11-30": "", "2020-08-31": "", "2020-05-31": "", "2020-02-29": "", "2019-11-30": "", "2019-08-31": "", "2019-05-31": "", "2019-02-28": "", "2018-11-30": "", "2018-08-31": "", "2018-05-31": "", "2018-02-28": "", "2017-11-30": "", "2017-08-31": "", "2017-05-31": "", "2017-02-28": "", "2016-11-30": "", "2016-08-31": "", "2016-05-31": "", "2016-02-29": "", "2015-11-30": "", "2015-08-31": "", "2015-05-31": "", "2015-02-28": "", "2014-11-30": "", "2014-08-31": "", "2014-05-31": "", "2014-02-28": "", "2013-11-30": "", "2013-08-31": "", "2013-05-31": "", "2013-02-28": "", "2012-11-30": "", "2012-08-31": "", "2012-05-31": "", "2012-02-29": "", "2011-11-30": "", "2011-08-31": "", "2011-05-31": "", "2011-02-28": "", "2010-11-30": "", "2010-08-31": "", "2010-05-31": "", "2010-02-28": "", "2009-11-30": "", "2009-08-31": "", "2009-05-31": "", "2009-02-28": "", "2008-11-30": "", "2008-08-31": "", "2008-05-31": "", "2008-02-29": "", "2007-11-30": "", "2007-08-31": "", "2007-05-31": "", "2007-02-28": "", "2006-11-30": "", "2006-08-31": "", "2006-05-31": "", "2006-02-28": "", "2005-11-30": "", "2005-08-31": "", "2005-05-31": "", "2005-02-28": ""}, "Share Holder Equity": {"2020-11-30": "952.57300", "2020-08-31": "896.37500", "2020-05-31": "792.95800", "2020-02-29": "716.76000", "2019-11-30": "691.87800", "2019-08-31": "672.25600", "2019-05-31": "654.40900", "2019-02-28": "599.52100", "2018-11-30": "541.20900", "2018-08-31": "525.90000", "2018-05-31": "535.33300", "2018-02-28": "612.09000", "2017-11-30": "618.21700", "2017-08-31": "559.69100", "2017-05-31": "527.55300", "2017-02-28": "493.23000", "2016-11-30": "496.78300", "2016-08-31": "517.38100", "2016-05-31": "543.65700", "2016-02-29": "541.05800", "2015-11-30": "557.76900", "2015-08-31": "531.58400", "2015-05-31": "532.37500", "2015-02-28": "529.08400", "2014-11-30": "501.63300", "2014-08-31": "511.08200", "2014-05-31": "515.26800", "2014-02-28": "517.65400", "2013-11-30": "546.62200", "2013-08-31": "541.77900", "2013-05-31": "603.28900", "2013-02-28": "547.18000", "2012-11-30": "586.51300", "2012-08-31": "552.26400", "2012-05-31": "560.38600", "2012-02-29": "544.02400", "2011-11-30": "536.36500", "2011-08-31": "515.18800", "2011-05-31": "554.43700", "2011-02-28": "558.18700", "2010-11-30": "542.55800", "2010-08-31": "502.40600", "2010-05-31": "487.41000", "2010-02-28": "501.66200", "2009-11-30": "525.91700", "2009-08-31": "500.82900", "2009-05-31": "495.54700", "2009-02-28": "443.70700", "2008-11-30": "432.14400", "2008-08-31": "465.47100", "2008-05-31": "455.72300", "2008-02-29": "423.88100", "2007-11-30": "424.05400", "2007-08-31": "409.31100", "2007-05-31": "420.65500", "2007-02-28": "398.55800", "2006-11-30": "385.62500", "2006-08-31": "358.68800", "2006-05-31": "338.13800", "2006-02-28": "310.09600", "2005-11-30": "285.06000", "2005-08-31": "268.10800", "2005-05-31": "239.18200", "2005-02-28": "233.73300"}, "Total Liabilities And Share Holders Equity": {"2020-11-30": "2099.42600", "2020-08-31": "2083.38800", "2020-05-31": "1947.70500", "2020-02-29": "1828.57200", "2019-11-30": "1762.23200", "2019-08-31": "1560.13000", "2019-05-31": "1511.90100", "2019-02-28": "1464.99400", "2018-11-30": "1365.92700", "2018-08-31": "1419.44700", "2018-05-31": "1407.17200", "2018-02-28": "1472.49200", "2017-11-30": "1430.60200", "2017-08-31": "1413.31500", "2017-05-31": "1358.01400", "2017-02-28": "1061.82900", "2016-11-30": "1046.16500", "2016-08-31": "1019.16100", "2016-05-31": "1038.97500", "2016-02-29": "1021.70500", "2015-11-30": "1017.68700", "2015-08-31": "736.67100", "2015-05-31": "728.07600", "2015-02-28": "709.57200", "2014-11-30": "646.47900", "2014-08-31": "663.21200", "2014-05-31": "659.63600", "2014-02-28": "653.96500", "2013-11-30": "671.15800", "2013-08-31": "690.19700", "2013-05-31": "735.33000", "2013-02-28": "669.97800", "2012-11-30": "711.85600", "2012-08-31": "694.14300", "2012-05-31": "694.51900", "2012-02-29": "663.82400", "2011-11-30": "663.50600", "2011-08-31": "657.44000", "2011-05-31": "684.63100", "2011-02-28": "683.07000", "2010-11-30": "659.40700", "2010-08-31": "644.60800", "2010-05-31": "604.71500", "2010-02-28": "613.42700", "2009-11-30": "630.25000", "2009-08-31": "633.95200", "2009-05-31": "613.61000", "2009-02-28": "551.26500", "2008-11-30": "541.76300", "2008-08-31": "587.27400", "2008-05-31": "569.79400", "2008-02-29": "525.90000", "2007-11-30": "517.66600", "2007-08-31": "523.75000", "2007-05-31": "513.55700", "2007-02-28": "489.14400", "2006-11-30": "478.55500", "2006-08-31": "457.22800", "2006-05-31": "436.28300", "2006-02-28": "394.50800", "2005-11-30": "359.48200", "2005-08-31": "347.52900", "2005-05-31": "310.37700", "2005-02-28": "299.33000"}}, "cash flow statement": {"Net Income/Loss": {"2020-08-31": "372.93800", "2019-08-31": "352.79000", "2018-08-31": "267.08500", "2017-08-31": "258.25900", "2016-08-31": "338.81500", "2015-08-31": "241.05100", "2014-08-31": "211.54300", "2013-08-31": "198.63700", "2012-08-31": "188.80900", "2011-08-31": "171.04600", "2010-08-31": "150.21100", "2009-08-31": "144.95000", "2008-08-31": "125.01700", "2007-08-31": "109.56700", "2006-08-31": "82.91600", "2005-08-31": "71.76500"}, "Total Depreciation And Amortization - Cash Flow": {"2020-08-31": "100.79900", "2019-08-31": "60.46300", "2018-08-31": "57.28500", "2017-08-31": "48.29400", "2016-08-31": "38.05200", "2015-08-31": "31.34900", "2014-08-31": "34.43500", "2013-08-31": "35.77900", "2012-08-31": "33.77900", "2011-08-31": "36.84700", "2010-08-31": "37.34300", "2009-08-31": "34.33700", "2008-08-31": "30.65400", "2007-08-31": "28.56000", "2006-08-31": "24.25600", "2005-08-31": "18.31800"}, "Other Non-Cash Items": {"2020-08-31": "63.87700", "2019-08-31": "30.31800", "2018-08-31": "29.74600", "2017-08-31": "30.01300", "2016-08-31": "-96.32900", "2015-08-31": "-3.58000", "2014-08-31": "9.84600", "2013-08-31": "17.87500", "2012-08-31": "7.06300", "2011-08-31": "5.61400", "2010-08-31": "-16.33400", "2009-08-31": "4.83000", "2008-08-31": "-0.82400", "2007-08-31": "-5.52100", "2006-08-31": "1.94000", "2005-08-31": "3.02900"}, "Total Non-Cash Items": {"2020-08-31": "164.67600", "2019-08-31": "90.78100", "2018-08-31": "87.03100", "2017-08-31": "78.30700", "2016-08-31": "-58.27700", "2015-08-31": "27.76900", "2014-08-31": "44.28100", "2013-08-31": "53.65400", "2012-08-31": "40.84200", "2011-08-31": "42.46100", "2010-08-31": "21.00900", "2009-08-31": "39.16700", "2008-08-31": "29.83000", "2007-08-31": "23.03900", "2006-08-31": "26.19600", "2005-08-31": "21.34700"}, "Change In Accounts Receivable": {"2020-08-31": "-8.60800", "2019-08-31": "10.20500", "2018-08-31": "-8.41700", "2017-08-31": "-29.50300", "2016-08-31": "-3.54100", "2015-08-31": "-4.30000", "2014-08-31": "-13.29900", "2013-08-31": "0.85900", "2012-08-31": "2.08300", "2011-08-31": "-15.31100", "2010-08-31": "3.88300", "2009-08-31": "12.00500", "2008-08-31": "-14.80400", "2007-08-31": "-0.24900", "2006-08-31": "-4.00800", "2005-08-31": "-2.98400"}, "Change In Inventories": {"2020-08-31": "", "2019-08-31": "", "2018-08-31": "", "2017-08-31": "", "2016-08-31": "", "2015-08-31": "", "2014-08-31": "", "2013-08-31": "", "2012-08-31": "", "2011-08-31": "", "2010-08-31": "", "2009-08-31": "", "2008-08-31": "", "2007-08-31": "", "2006-08-31": "", "2005-08-31": ""}, "Change In Accounts Payable": {"2020-08-31": "", "2019-08-31": "", "2018-08-31": "", "2017-08-31": "", "2016-08-31": "", "2015-08-31": "", "2014-08-31": "", "2013-08-31": "", "2012-08-31": "", "2011-08-31": "", "2010-08-31": "", "2009-08-31": "", "2008-08-31": "", "2007-08-31": "", "2006-08-31": "", "2005-08-31": ""}, "Change In Assets/Liabilities": {"2020-08-31": "-27.81500", "2019-08-31": "-3.36900", "2018-08-31": "-5.50200", "2017-08-31": "1.38400", "2016-08-31": "14.38700", "2015-08-31": "-0.15400", "2014-08-31": "0.13900", "2013-08-31": "0.58200", "2012-08-31": "-4.50600", "2011-08-31": "-4.28000", "2010-08-31": "-5.93600", "2009-08-31": "2.80800", "2008-08-31": "-11.49400", "2007-08-31": "6.57500", "2006-08-31": "8.44100", "2005-08-31": "2.79300"}, "Total Change In Assets/Liabilities": {"2020-08-31": "-31.77400", "2019-08-31": "-16.43500", "2018-08-31": "31.55200", "2017-08-31": "-16.04100", "2016-08-31": "50.60200", "2015-08-31": "37.62200", "2014-08-31": "9.19900", "2013-08-31": "17.51800", "2012-08-31": "2.31400", "2011-08-31": "-6.37100", "2010-08-31": "39.86000", "2009-08-31": "23.65300", "2008-08-31": "-11.72300", "2007-08-31": "23.30200", "2006-08-31": "11.71000", "2005-08-31": "1.23400"}, "Cash Flow From Operating Activities": {"2020-08-31": "505.84000", "2019-08-31": "427.13600", "2018-08-31": "385.66800", "2017-08-31": "320.52700", "2016-08-31": "331.14000", "2015-08-31": "306.44200", "2014-08-31": "265.02300", "2013-08-31": "269.80900", "2012-08-31": "231.96500", "2011-08-31": "207.13600", "2010-08-31": "211.08000", "2009-08-31": "207.77000", "2008-08-31": "143.12400", "2007-08-31": "155.90800", "2006-08-31": "120.82200", "2005-08-31": "94.34600"}, "Net Change In Property, Plant, And Equipment": {"2020-08-31": "-77.64200", "2019-08-31": "-59.37000", "2018-08-31": "-33.52000", "2017-08-31": "-36.86200", "2016-08-31": "-47.74000", "2015-08-31": "-25.68200", "2014-08-31": "-17.74300", "2013-08-31": "-18.51700", "2012-08-31": "-22.52000", "2011-08-31": "-29.34300", "2010-08-31": "-20.76800", "2009-08-31": "-24.04000", "2008-08-31": "-35.78000", "2007-08-31": "-39.25100", "2006-08-31": "-20.77900", "2005-08-31": "-21.93500"}, "Net Change In Intangible Assets": {"2020-08-31": "", "2019-08-31": "", "2018-08-31": "", "2017-08-31": "", "2016-08-31": "", "2015-08-31": "", "2014-08-31": "", "2013-08-31": "", "2012-08-31": "", "2011-08-31": "", "2010-08-31": "", "2009-08-31": "", "2008-08-31": "", "2007-08-31": "", "2006-08-31": "", "2005-08-31": ""}, "Net Acquisitions/Divestitures": {"2020-08-31": "", "2019-08-31": "", "2018-08-31": "-15.00000", "2017-08-31": "-303.08600", "2016-08-31": "-109.77200", "2015-08-31": "-34.75800", "2014-08-31": "-46.87300", "2013-08-31": "-0.70500", "2012-08-31": "-21.32900", "2011-08-31": "", "2010-08-31": "-55.18000", "2009-08-31": "", "2008-08-31": "-75.86900", "2007-08-31": "", "2006-08-31": "-28.28000", "2005-08-31": "-92.22400"}, "Net Change In Short-term Investments": {"2020-08-31": "", "2019-08-31": "", "2018-08-31": "", "2017-08-31": "", "2016-08-31": "", "2015-08-31": "", "2014-08-31": "", "2013-08-31": "", "2012-08-31": "", "2011-08-31": "", "2010-08-31": "", "2009-08-31": "", "2008-08-31": "", "2007-08-31": "", "2006-08-31": "", "2005-08-31": ""}, "Net Change In Long-Term Investments": {"2020-08-31": "4.01000", "2019-08-31": "3.27000", "2018-08-31": "-0.01100", "2017-08-31": "-7.35800", "2016-08-31": "-0.89600", "2015-08-31": "-4.43700", "2014-08-31": "-6.09200", "2013-08-31": "-1.19000", "2012-08-31": "-15.00000", "2011-08-31": "", "2010-08-31": "", "2009-08-31": "25.26000", "2008-08-31": "-7.61900", "2007-08-31": "-0.74200", "2006-08-31": "-0.06200", "2005-08-31": "3.03300"}, "Net Change In Investments - Total": {"2020-08-31": "4.01000", "2019-08-31": "3.27000", "2018-08-31": "-0.01100", "2017-08-31": "-7.35800", "2016-08-31": "-0.89600", "2015-08-31": "-4.43700", "2014-08-31": "-6.09200", "2013-08-31": "-1.19000", "2012-08-31": "-15.00000", "2011-08-31": "", "2010-08-31": "", "2009-08-31": "25.26000", "2008-08-31": "-7.61900", "2007-08-31": "-0.74200", "2006-08-31": "-0.06200", "2005-08-31": "3.03300"}, "Investing Activities - Other": {"2020-08-31": "", "2019-08-31": "", "2018-08-31": "", "2017-08-31": "", "2016-08-31": "", "2015-08-31": "", "2014-08-31": "", "2013-08-31": "", "2012-08-31": "", "2011-08-31": "", "2010-08-31": "", "2009-08-31": "", "2008-08-31": "", "2007-08-31": "", "2006-08-31": "", "2005-08-31": ""}, "Cash Flow From Investing Activities": {"2020-08-31": "-73.63200", "2019-08-31": "-56.10000", "2018-08-31": "-48.53100", "2017-08-31": "-347.30600", "2016-08-31": "-158.40800", "2015-08-31": "-64.87700", "2014-08-31": "-70.70800", "2013-08-31": "-20.41200", "2012-08-31": "-58.84900", "2011-08-31": "-29.34300", "2010-08-31": "-75.94800", "2009-08-31": "1.22000", "2008-08-31": "-119.26800", "2007-08-31": "-39.99300", "2006-08-31": "-49.12100", "2005-08-31": "-111.12600"}, "Net Long-Term Debt": {"2020-08-31": "", "2019-08-31": "", "2018-08-31": "", "2017-08-31": "-365.00000", "2016-08-31": "265.00000", "2015-08-31": "35.00000", "2014-08-31": "", "2013-08-31": "", "2012-08-31": "", "2011-08-31": "", "2010-08-31": "", "2009-08-31": "", "2008-08-31": "", "2007-08-31": "", "2006-08-31": "", "2005-08-31": ""}, "Net Current Debt": {"2020-08-31": "", "2019-08-31": "", "2018-08-31": "", "2017-08-31": "640.00000", "2016-08-31": "", "2015-08-31": "", "2014-08-31": "", "2013-08-31": "", "2012-08-31": "", "2011-08-31": "", "2010-08-31": "", "2009-08-31": "", "2008-08-31": "", "2007-08-31": "-2.25800", "2006-08-31": "", "2005-08-31": ""}, "Debt Issuance/Retirement Net - Total": {"2020-08-31": "", "2019-08-31": "", "2018-08-31": "", "2017-08-31": "275.00000", "2016-08-31": "265.00000", "2015-08-31": "35.00000", "2014-08-31": "", "2013-08-31": "", "2012-08-31": "", "2011-08-31": "", "2010-08-31": "", "2009-08-31": "", "2008-08-31": "", "2007-08-31": "-2.25800", "2006-08-31": "", "2005-08-31": ""}, "Net Common Equity Issued/Repurchased": {"2020-08-31": "-104.10500", "2019-08-31": "-113.32100", "2018-08-31": "-232.34500", "2017-08-31": "-210.93300", "2016-08-31": "-299.97700", "2015-08-31": "-184.69100", "2014-08-31": "-227.67700", "2013-08-31": "-207.63100", "2012-08-31": "-119.89400", "2011-08-31": "-173.50500", "2010-08-31": "-137.56600", "2009-08-31": "-80.02300", "2008-08-31": "-57.30700", "2007-08-31": "-64.68700", "2006-08-31": "0.37600", "2005-08-31": "6.71400"}, "Net Total Equity Issued/Repurchased": {"2020-08-31": "-104.10500", "2019-08-31": "-113.32100", "2018-08-31": "-232.34500", "2017-08-31": "-210.93300", "2016-08-31": "-299.97700", "2015-08-31": "-184.69100", "2014-08-31": "-227.67700", "2013-08-31": "-207.63100", "2012-08-31": "-119.89400", "2011-08-31": "-173.50500", "2010-08-31": "-137.56600", "2009-08-31": "-80.02300", "2008-08-31": "-57.30700", "2007-08-31": "-64.68700", "2006-08-31": "0.37600", "2005-08-31": "6.71400"}, "Total Common And Preferred Stock Dividends Paid": {"2020-08-31": "-110.43900", "2019-08-31": "-100.05200", "2018-08-31": "-89.40800", "2017-08-31": "-80.89800", "2016-08-31": "-74.21800", "2015-08-31": "-66.55100", "2014-08-31": "-61.00700", "2013-08-31": "-56.00200", "2012-08-31": "-49.98300", "2011-08-31": "-43.94900", "2010-08-31": "-38.49400", "2009-08-31": "-34.77000", "2008-08-31": "-25.84800", "2007-08-31": "-14.65400", "2006-08-31": "-10.04300", "2005-08-31": "-8.83700"}, "Financial Activities - Other": {"2020-08-31": "-3.53100", "2019-08-31": "-0.90100", "2018-08-31": "1.71600", "2017-08-31": "8.67000", "2016-08-31": "18.19300", "2015-08-31": "28.91600", "2014-08-31": "11.95500", "2013-08-31": "25.22500", "2012-08-31": "11.15900", "2011-08-31": "18.33100", "2010-08-31": "24.49200", "2009-08-31": "4.37400", "2008-08-31": "9.57200", "2007-08-31": "7.39300", "2006-08-31": "5.61400", "2005-08-31": ""}, "Cash Flow From Financial Activities": {"2020-08-31": "-218.07500", "2019-08-31": "-214.27400", "2018-08-31": "-320.03700", "2017-08-31": "-8.16100", "2016-08-31": "-91.00200", "2015-08-31": "-187.32600", "2014-08-31": "-276.72900", "2013-08-31": "-238.40800", "2012-08-31": "-158.71800", "2011-08-31": "-199.12300", "2010-08-31": "-151.56800", "2009-08-31": "-110.41900", "2008-08-31": "-73.58300", "2007-08-31": "-74.20600", "2006-08-31": "-4.05300", "2005-08-31": "-2.12300"}, "Net Cash Flow": {"2020-08-31": "225.80600", "2019-08-31": "151.17600", "2018-08-31": "13.89200", "2017-08-31": "-33.67600", "2016-08-31": "69.49300", "2015-08-31": "42.53600", "2014-08-31": "-80.24900", "2013-08-31": "7.58300", "2012-08-31": "7.35900", "2011-08-31": "-14.05600", "2010-08-31": "-20.57900", "2009-08-31": "98.33400", "2008-08-31": "-50.84800", "2007-08-31": "42.28500", "2006-08-31": "67.09200", "2005-08-31": "-19.12300"}, "Stock-Based Compensation": {"2020-08-31": "36.57900", "2019-08-31": "32.40000", "2018-08-31": "31.51600", "2017-08-31": "34.18300", "2016-08-31": "29.79300", "2015-08-31": "26.37100", "2014-08-31": "22.89100", "2013-08-31": "39.95100", "2012-08-31": "21.98200", "2011-08-31": "25.77300", "2010-08-31": "14.06500", "2009-08-31": "13.62300", "2008-08-31": "13.65100", "2007-08-31": "9.12300", "2006-08-31": "8.39100", "2005-08-31": ""}, "Common Stock Dividends Paid": {"2020-08-31": "-110.43900", "2019-08-31": "-100.05200", "2018-08-31": "-89.40800", "2017-08-31": "-80.89800", "2016-08-31": "-74.21800", "2015-08-31": "-66.55100", "2014-08-31": "-61.00700", "2013-08-31": "-56.00200", "2012-08-31": "-49.98300", "2011-08-31": "-43.94900", "2010-08-31": "-38.49400", "2009-08-31": "-34.77000", "2008-08-31": "-25.84800", "2007-08-31": "-14.65400", "2006-08-31": "-10.04300", "2005-08-31": "-8.83700"}}, "cash flow statement, quarterly": {"Net Income/Loss": {"2020-11-30": "101.20600", "2020-08-31": 89.079, "2020-05-31": 101.216, "2020-02-29": 88.686, "2019-11-30": "93.95700", "2019-08-31": 91.527, "2019-05-31": 92.265, "2019-02-28": 84.702, "2018-11-30": "84.29600", "2018-08-31": 68.823, "2018-05-31": 74.746, "2018-02-28": 53.137, "2017-11-30": "70.37900", "2017-08-31": 59.552, "2017-05-31": 65.414, "2017-02-28": 66.71, "2016-11-30": "66.58300", "2016-08-31": 144.307, "2016-05-31": 66.781, "2016-02-29": 67.762, "2015-11-30": "59.96500", "2015-08-31": 62.184, "2015-05-31": 61.409, "2015-02-28": 61.598, "2014-11-30": "55.86000", "2014-08-31": 55.407, "2014-05-31": 51.532, "2014-02-28": 52.426, "2013-11-30": "52.17800", "2013-08-31": 50.963, "2013-05-31": 53.367, "2013-02-28": 44.538, "2012-11-30": "49.76900", "2012-08-31": 48.539, "2012-05-31": 47.98, "2012-02-29": 46.746, "2011-11-30": "45.54400", "2011-08-31": 40.88, "2011-05-31": 43.311, "2011-02-28": 45.254, "2010-11-30": "41.60100", "2010-08-31": 39.291, "2010-05-31": 38.658, "2010-02-28": 36.119, "2009-11-30": "36.14300", "2009-08-31": 36.275, "2009-05-31": 38.536, "2009-02-28": 34.554, "2008-11-30": "35.58500", "2008-08-31": 33.584, "2008-05-31": 32.542, "2008-02-29": 29.492, "2007-11-30": "29.39900", "2007-08-31": 30.716, "2007-05-31": 28.575, "2007-02-28": 26.481, "2006-11-30": "23.79500", "2006-08-31": 23.443, "2006-05-31": 21.036, "2006-02-28": 19.242, "2005-11-30": "19.19500", "2005-08-31": 18.647, "2005-05-31": 19.551, "2005-02-28": 33.567}, "Total Depreciation And Amortization - Cash Flow": {"2020-11-30": "25.98700", "2020-08-31": 59.466, "2020-05-31": 13.037, "2020-02-29": 3.206, "2019-11-30": "25.09000", "2019-08-31": 16.52, "2019-05-31": 14.891, "2019-02-28": 14.811, "2018-11-30": "14.24100", "2018-08-31": 14.437, "2018-05-31": 14.476, "2018-02-28": 14.086, "2017-11-30": "14.28600", "2017-08-31": 14.524, "2017-05-31": 13.121, "2017-02-28": 10.633, "2016-11-30": "10.01600", "2016-08-31": 9.83, "2016-05-31": 9.962, "2016-02-29": 9.823, "2015-11-30": "8.43700", "2015-08-31": 7.12, "2015-05-31": 8.007, "2015-02-28": 8.006, "2014-11-30": "8.21600", "2014-08-31": 8.583, "2014-05-31": 8.41, "2014-02-28": 8.679, "2013-11-30": "8.76300", "2013-08-31": 8.838, "2013-05-31": 8.931, "2013-02-28": 9.093, "2012-11-30": "8.91700", "2012-08-31": 8.733, "2012-05-31": 8.354, "2012-02-29": 8.289, "2011-11-30": "8.40300", "2011-08-31": 8.897, "2011-05-31": 9.192, "2011-02-28": 9.366, "2010-11-30": "9.39200", "2010-08-31": 9.919, "2010-05-31": 9.213, "2010-02-28": 9.062, "2009-11-30": "9.14900", "2009-08-31": 8.77, "2009-05-31": 8.566, "2009-02-28": 8.546, "2008-11-30": "8.45500", "2008-08-31": 8.156, "2008-05-31": 7.566, "2008-02-29": 7.82, "2007-11-30": "7.11200", "2007-08-31": 7.337, "2007-05-31": 7.65, "2007-02-28": 6.999, "2006-11-30": "6.57400", "2006-08-31": 6.507, "2006-05-31": 6.317, "2006-02-28": 5.757, "2005-11-30": "5.67500", "2005-08-31": 4.81, "2005-05-31": 4.427, "2005-02-28": 9.081}, "Other Non-Cash Items": {"2020-11-30": "11.75400", "2020-08-31": 28.109, "2020-05-31": 20.686, "2020-02-29": 11.892, "2019-11-30": "3.19000", "2019-08-31": 4.694, "2019-05-31": 8.2, "2019-02-28": 9.497, "2018-11-30": "7.92700", "2018-08-31": 5.639, "2018-05-31": 5.728, "2018-02-28": 10.006, "2017-11-30": "8.37300", "2017-08-31": 8.853, "2017-05-31": 12.147, "2017-02-28": 3.232, "2016-11-30": "5.78100", "2016-08-31": -108.452, "2016-05-31": 7.168, "2016-02-29": 5.188, "2015-11-30": "-0.23300", "2015-08-31": 0.21, "2015-05-31": -5.777, "2015-02-28": -1.197, "2014-11-30": "3.18400", "2014-08-31": 1.336, "2014-05-31": 4.099, "2014-02-28": 2.141, "2013-11-30": "2.27000", "2013-08-31": -1.098, "2013-05-31": 4.866, "2013-02-28": 11.172, "2012-11-30": "2.93500", "2012-08-31": 3.58, "2012-05-31": -3.377, "2012-02-29": 4.102, "2011-11-30": "2.75800", "2011-08-31": 7.818, "2011-05-31": 1.617, "2011-02-28": 1.158, "2010-11-30": "-4.97900", "2010-08-31": 1.232, "2010-05-31": -1.27, "2010-02-28": -3.693, "2009-11-30": "-12.60300", "2009-08-31": 2.141, "2009-05-31": 0.104, "2009-02-28": 1.714, "2008-11-30": "0.87100", "2008-08-31": -0.306, "2008-05-31": 0.844, "2008-02-29": -2.319, "2007-11-30": "0.95700", "2007-08-31": -1.493, "2007-05-31": -3.42, "2007-02-28": -2.096, "2006-11-30": "1.48800", "2006-08-31": -4.251, "2006-05-31": 5.35, "2006-02-28": 0.659, "2005-11-30": "0.18200", "2005-08-31": 0.197, "2005-05-31": 2.72, "2005-02-28": 0.112}, "Total Non-Cash Items": {"2020-11-30": "37.74100", "2020-08-31": 87.575, "2020-05-31": 33.723, "2020-02-29": 15.098, "2019-11-30": "28.28000", "2019-08-31": 21.214, "2019-05-31": 23.091, "2019-02-28": 24.308, "2018-11-30": "22.16800", "2018-08-31": 20.076, "2018-05-31": 20.204, "2018-02-28": 24.092, "2017-11-30": "22.65900", "2017-08-31": 23.377, "2017-05-31": 25.268, "2017-02-28": 13.865, "2016-11-30": "15.79700", "2016-08-31": -98.622, "2016-05-31": 17.13, "2016-02-29": 15.011, "2015-11-30": "8.20400", "2015-08-31": 7.33, "2015-05-31": 2.23, "2015-02-28": 6.809, "2014-11-30": "11.40000", "2014-08-31": 9.919, "2014-05-31": 12.509, "2014-02-28": 10.82, "2013-11-30": "11.03300", "2013-08-31": 7.74, "2013-05-31": 13.797, "2013-02-28": 20.265, "2012-11-30": "11.85200", "2012-08-31": 12.313, "2012-05-31": 4.977, "2012-02-29": 12.391, "2011-11-30": "11.16100", "2011-08-31": 16.715, "2011-05-31": 10.809, "2011-02-28": 10.524, "2010-11-30": "4.41300", "2010-08-31": 11.151, "2010-05-31": 7.943, "2010-02-28": 5.369, "2009-11-30": "-3.45400", "2009-08-31": 10.911, "2009-05-31": 8.67, "2009-02-28": 10.26, "2008-11-30": "9.32600", "2008-08-31": 7.85, "2008-05-31": 8.41, "2008-02-29": 5.501, "2007-11-30": "8.06900", "2007-08-31": 5.844, "2007-05-31": 4.23, "2007-02-28": 4.903, "2006-11-30": "8.06200", "2006-08-31": 2.256, "2006-05-31": 11.667, "2006-02-28": 6.416, "2005-11-30": "5.85700", "2005-08-31": 5.007, "2005-05-31": 7.147, "2005-02-28": 9.193}, "Change In Accounts Receivable": {"2020-11-30": "-0.34200", "2020-08-31": -3.517, "2020-05-31": 16.744, "2020-02-29": -22.71, "2019-11-30": "0.87500", "2019-08-31": 7.093, "2019-05-31": 22.788, "2019-02-28": -16.093, "2018-11-30": "-3.58300", "2018-08-31": -11.484, "2018-05-31": 19.374, "2018-02-28": -19.818, "2017-11-30": "3.51100", "2017-08-31": -0.193, "2017-05-31": 1.688, "2017-02-28": -21.013, "2016-11-30": "-9.98500", "2016-08-31": 7.775, "2016-05-31": -5.633, "2016-02-29": -7.282, "2015-11-30": "1.59900", "2015-08-31": -3.141, "2015-05-31": 8.121, "2015-02-28": -10.907, "2014-11-30": "1.62700", "2014-08-31": -4.298, "2014-05-31": 11.465, "2014-02-28": -17.854, "2013-11-30": "-2.61200", "2013-08-31": -4.147, "2013-05-31": 16.575, "2013-02-28": -6.914, "2012-11-30": "-4.65500", "2012-08-31": -6.248, "2012-05-31": 4.786, "2012-02-29": -6.626, "2011-11-30": "10.17100", "2011-08-31": -7.467, "2011-05-31": 2.964, "2011-02-28": -6.632, "2010-11-30": "-4.17600", "2010-08-31": -0.476, "2010-05-31": 9.698, "2010-02-28": -7.883, "2009-11-30": "2.54400", "2009-08-31": 7.725, "2009-05-31": 11.044, "2009-02-28": -10.31, "2008-11-30": "3.54600", "2008-08-31": -5.49, "2008-05-31": 1.398, "2008-02-29": -7.302, "2007-11-30": "-3.41000", "2007-08-31": -4.514, "2007-05-31": 14.804, "2007-02-28": -8.567, "2006-11-30": "-1.97200", "2006-08-31": 3.111, "2006-05-31": -3.742, "2006-02-28": -1.637, "2005-11-30": "-1.74000", "2005-08-31": 1.418, "2005-05-31": 12.732, "2005-02-28": -17.134}, "Change In Inventories": {"2020-11-30": "", "2020-08-31": 0, "2020-05-31": 0, "2020-02-29": 0, "2019-11-30": "", "2019-08-31": 0, "2019-05-31": 0, "2019-02-28": 0, "2018-11-30": "", "2018-08-31": 0, "2018-05-31": 0, "2018-02-28": 0, "2017-11-30": "", "2017-08-31": 0, "2017-05-31": 0, "2017-02-28": 0, "2016-11-30": "", "2016-08-31": 0, "2016-05-31": 0, "2016-02-29": 0, "2015-11-30": "", "2015-08-31": 0, "2015-05-31": 0, "2015-02-28": 0, "2014-11-30": "", "2014-08-31": 0, "2014-05-31": 0, "2014-02-28": 0, "2013-11-30": "", "2013-08-31": 0, "2013-05-31": 0, "2013-02-28": 0, "2012-11-30": "", "2012-08-31": 0, "2012-05-31": 0, "2012-02-29": 0, "2011-11-30": "", "2011-08-31": 0, "2011-05-31": 0, "2011-02-28": 0, "2010-11-30": "", "2010-08-31": 0, "2010-05-31": 0, "2010-02-28": 0, "2009-11-30": "", "2009-08-31": 0, "2009-05-31": 0, "2009-02-28": 0, "2008-11-30": "", "2008-08-31": 0, "2008-05-31": 0, "2008-02-29": 0, "2007-11-30": "", "2007-08-31": 0, "2007-05-31": 0, "2007-02-28": 0, "2006-11-30": "", "2006-08-31": 0, "2006-05-31": 0, "2006-02-28": 0, "2005-11-30": "", "2005-08-31": 0, "2005-05-31": 0, "2005-02-28": 0}, "Change In Accounts Payable": {"2020-11-30": "", "2020-08-31": 0, "2020-05-31": 0, "2020-02-29": 0, "2019-11-30": "", "2019-08-31": 0, "2019-05-31": 0, "2019-02-28": 0, "2018-11-30": "", "2018-08-31": 0, "2018-05-31": 0, "2018-02-28": 0, "2017-11-30": "", "2017-08-31": 0, "2017-05-31": 0, "2017-02-28": 0, "2016-11-30": "", "2016-08-31": 0, "2016-05-31": 0, "2016-02-29": 0, "2015-11-30": "", "2015-08-31": 0, "2015-05-31": 0, "2015-02-28": 0, "2014-11-30": "", "2014-08-31": 0, "2014-05-31": 0, "2014-02-28": 0, "2013-11-30": "", "2013-08-31": 0, "2013-05-31": 0, "2013-02-28": 0, "2012-11-30": "", "2012-08-31": 0, "2012-05-31": 0, "2012-02-29": 0, "2011-11-30": "", "2011-08-31": 0, "2011-05-31": 0, "2011-02-28": 0, "2010-11-30": "", "2010-08-31": 0, "2010-05-31": 0, "2010-02-28": 0, "2009-11-30": "", "2009-08-31": 0, "2009-05-31": 0, "2009-02-28": 0, "2008-11-30": "", "2008-08-31": 0, "2008-05-31": 0, "2008-02-29": 0, "2007-11-30": "", "2007-08-31": 0, "2007-05-31": 0, "2007-02-28": 0, "2006-11-30": "", "2006-08-31": 0, "2006-05-31": 0, "2006-02-28": 0, "2005-11-30": "", "2005-08-31": 0, "2005-05-31": 0, "2005-02-28": 0}, "Change In Assets/Liabilities": {"2020-11-30": "-19.01300", "2020-08-31": -49.201, "2020-05-31": 4.768, "2020-02-29": 27.94, "2019-11-30": "-11.32200", "2019-08-31": -5.438, "2019-05-31": 3.239, "2019-02-28": 8.307, "2018-11-30": "-9.47700", "2018-08-31": -7.838, "2018-05-31": -3.675, "2018-02-28": 17.038, "2017-11-30": "-11.02700", "2017-08-31": -4.271, "2017-05-31": 5.768, "2017-02-28": 2.737, "2016-11-30": "-2.85000", "2016-08-31": -1.202, "2016-05-31": 3.51, "2016-02-29": 9.304, "2015-11-30": "2.77500", "2015-08-31": -8.159, "2015-05-31": 8.244, "2015-02-28": 2.634, "2014-11-30": "-2.87300", "2014-08-31": -0.937, "2014-05-31": -0.764, "2014-02-28": 1.879, "2013-11-30": "-0.03900", "2013-08-31": -4.057, "2013-05-31": 2.138, "2013-02-28": -1.11, "2012-11-30": "3.61100", "2012-08-31": -4.827, "2012-05-31": 1.278, "2012-02-29": 0.46, "2011-11-30": "-1.41700", "2011-08-31": -2.982, "2011-05-31": -0.587, "2011-02-28": 1.002, "2010-11-30": "-1.71300", "2010-08-31": 0.073, "2010-05-31": -5.057, "2010-02-28": 1.655, "2009-11-30": "-2.60700", "2009-08-31": -0.972, "2009-05-31": 3.1, "2009-02-28": 3.564, "2008-11-30": "-2.88400", "2008-08-31": -9.396, "2008-05-31": 0.479, "2008-02-29": 0.311, "2007-11-30": "-2.88800", "2007-08-31": 4.492, "2007-05-31": 1.8, "2007-02-28": 3.012, "2006-11-30": "-2.72900", "2006-08-31": -2.039, "2006-05-31": 7.634, "2006-02-28": 3.56, "2005-11-30": "-0.71400", "2005-08-31": -0.388, "2005-05-31": -2.799, "2005-02-28": 5.98}, "Total Change In Assets/Liabilities": {"2020-11-30": "-49.67100", "2020-08-31": -17.227, "2020-05-31": 16.014, "2020-02-29": -4.115, "2019-11-30": "-26.44600", "2019-08-31": 9.071, "2019-05-31": 44.414, "2019-02-28": -9.776, "2018-11-30": "-60.14400", "2018-08-31": 17.427, "2018-05-31": 30.703, "2018-02-28": 15.317, "2017-11-30": "-31.89500", "2017-08-31": 17.284, "2017-05-31": 1.572, "2017-02-28": -3.63, "2016-11-30": "-31.26700", "2016-08-31": 24.351, "2016-05-31": 12.967, "2016-02-29": 10.366, "2015-11-30": "2.91800", "2015-08-31": 14.086, "2015-05-31": 38.463, "2015-02-28": -18.835, "2014-11-30": "3.90800", "2014-08-31": 5.975, "2014-05-31": 30.954, "2014-02-28": -22.658, "2013-11-30": "-5.07200", "2013-08-31": 17.479, "2013-05-31": 29.425, "2013-02-28": -18.401, "2012-11-30": "-10.98500", "2012-08-31": -3.783, "2012-05-31": 23.48, "2012-02-29": -15.432, "2011-11-30": "-1.95100", "2011-08-31": 12.542, "2011-05-31": 10.398, "2011-02-28": -5.482, "2010-11-30": "-23.82900", "2010-08-31": 19.809, "2010-05-31": 24.095, "2010-02-28": 3.41, "2009-11-30": "-7.45400", "2009-08-31": 18.155, "2009-05-31": 19.804, "2009-02-28": -9.155, "2008-11-30": "-5.15100", "2008-08-31": -1.726, "2008-05-31": 17.657, "2008-02-29": -3.81, "2007-11-30": "-23.84400", "2007-08-31": 20.286, "2007-05-31": 18.15, "2007-02-28": -6.224, "2006-11-30": "-8.91000", "2006-08-31": 7.051, "2006-05-31": 11.924, "2006-02-28": 5.731, "2005-11-30": "-12.99600", "2005-08-31": 7.857, "2005-05-31": 17.854, "2005-02-28": -24.477}, "Cash Flow From Operating Activities": {"2020-11-30": "89.27600", "2020-08-31": 159.427, "2020-05-31": 150.953, "2020-02-29": 99.669, "2019-11-30": "95.79100", "2019-08-31": 121.812, "2019-05-31": 159.77, "2019-02-28": 99.234, "2018-11-30": "46.32000", "2018-08-31": 106.326, "2018-05-31": 125.653, "2018-02-28": 92.546, "2017-11-30": "61.14300", "2017-08-31": 100.215, "2017-05-31": 92.254, "2017-02-28": 76.945, "2016-11-30": "51.11300", "2016-08-31": 70.036, "2016-05-31": 96.878, "2016-02-29": 93.139, "2015-11-30": "71.08700", "2015-08-31": 83.6, "2015-05-31": 102.102, "2015-02-28": 49.572, "2014-11-30": "71.16800", "2014-08-31": 71.301, "2014-05-31": 94.995, "2014-02-28": 40.588, "2013-11-30": "58.13900", "2013-08-31": 76.182, "2013-05-31": 96.589, "2013-02-28": 46.402, "2012-11-30": "50.63600", "2012-08-31": 57.069, "2012-05-31": 76.437, "2012-02-29": 43.705, "2011-11-30": "54.75400", "2011-08-31": 70.14, "2011-05-31": 64.515, "2011-02-28": 50.297, "2010-11-30": "22.18400", "2010-08-31": 70.251, "2010-05-31": 70.696, "2010-02-28": 44.898, "2009-11-30": "25.23500", "2009-08-31": 65.341, "2009-05-31": 67.01, "2009-02-28": 35.659, "2008-11-30": "39.76000", "2008-08-31": 39.708, "2008-05-31": 58.609, "2008-02-29": 31.183, "2007-11-30": "13.62400", "2007-08-31": 56.846, "2007-05-31": 50.955, "2007-02-28": 25.16, "2006-11-30": "22.94700", "2006-08-31": 32.75, "2006-05-31": 44.627, "2006-02-28": 31.389, "2005-11-30": "12.05600", "2005-08-31": 31.511, "2005-05-31": 44.552, "2005-02-28": 18.283}, "Net Change In Property, Plant, And Equipment": {"2020-11-30": "-18.33300", "2020-08-31": -14.733, "2020-05-31": -11.01, "2020-02-29": -25.119, "2019-11-30": "-26.78000", "2019-08-31": -26.464, "2019-05-31": -11.424, "2019-02-28": -11.956, "2018-11-30": "-9.52600", "2018-08-31": -15.145, "2018-05-31": -6, "2018-02-28": -6.463, "2017-11-30": "-5.91200", "2017-08-31": -10.881, "2017-05-31": -7.935, "2017-02-28": -5.509, "2016-11-30": "-12.53700", "2016-08-31": -13.069, "2016-05-31": -8.233, "2016-02-29": -12.053, "2015-11-30": "-14.38500", "2015-08-31": -10.291, "2015-05-31": -3.627, "2015-02-28": -6.95, "2014-11-30": "-4.81400", "2014-08-31": -6.039, "2014-05-31": -3.672, "2014-02-28": -2.594, "2013-11-30": "-5.43800", "2013-08-31": -5.229, "2013-05-31": -4.204, "2013-02-28": -2.987, "2012-11-30": "-6.09700", "2012-08-31": -5.657, "2012-05-31": -6.219, "2012-02-29": -4.59, "2011-11-30": "-6.05400", "2011-08-31": -6.537, "2011-05-31": -7.373, "2011-02-28": -7.412, "2010-11-30": "-8.02100", "2010-08-31": -7.092, "2010-05-31": -4.625, "2010-02-28": -2.313, "2009-11-30": "-6.73800", "2009-08-31": -5.077, "2009-05-31": -3.183, "2009-02-28": -6.401, "2008-11-30": "-9.37900", "2008-08-31": -9.939, "2008-05-31": -12.781, "2008-02-29": -7.31, "2007-11-30": "-5.75000", "2007-08-31": -13.844, "2007-05-31": -10.107, "2007-02-28": -7.327, "2006-11-30": "-7.97300", "2006-08-31": -3.163, "2006-05-31": -13.436, "2006-02-28": -5.673, "2005-11-30": "1.49300", "2005-08-31": -4.948, "2005-05-31": -7.972, "2005-02-28": -9.015}, "Net Change In Intangible Assets": {"2020-11-30": "", "2020-08-31": 0, "2020-05-31": 0, "2020-02-29": 0, "2019-11-30": "", "2019-08-31": 0, "2019-05-31": 0, "2019-02-28": 0, "2018-11-30": "", "2018-08-31": 0, "2018-05-31": 0, "2018-02-28": 0, "2017-11-30": "", "2017-08-31": 0, "2017-05-31": 0, "2017-02-28": 0, "2016-11-30": "", "2016-08-31": 0, "2016-05-31": 0, "2016-02-29": 0, "2015-11-30": "", "2015-08-31": 0, "2015-05-31": 0, "2015-02-28": 0, "2014-11-30": "", "2014-08-31": 0, "2014-05-31": 0, "2014-02-28": 0, "2013-11-30": "", "2013-08-31": 0, "2013-05-31": 0, "2013-02-28": 0, "2012-11-30": "", "2012-08-31": 0, "2012-05-31": 0, "2012-02-29": 0, "2011-11-30": "", "2011-08-31": 0, "2011-05-31": 0, "2011-02-28": 0, "2010-11-30": "", "2010-08-31": 0, "2010-05-31": 0, "2010-02-28": 0, "2009-11-30": "", "2009-08-31": 0, "2009-05-31": 0, "2009-02-28": 0, "2008-11-30": "", "2008-08-31": 0, "2008-05-31": 0, "2008-02-29": 0, "2007-11-30": "", "2007-08-31": 0, "2007-05-31": 0, "2007-02-28": 0, "2006-11-30": "", "2006-08-31": 0, "2006-05-31": 0, "2006-02-28": 0, "2005-11-30": "", "2005-08-31": 0, "2005-05-31": 0, "2005-02-28": 0}, "Net Acquisitions/Divestitures": {"2020-11-30": "-41.91600", "2020-08-31": 0, "2020-05-31": 0, "2020-02-29": 0, "2019-11-30": "", "2019-08-31": 0, "2019-05-31": 0, "2019-02-28": 0, "2018-11-30": "", "2018-08-31": -15, "2018-05-31": 0, "2018-02-28": 0, "2017-11-30": "", "2017-08-31": -1.243, "2017-05-31": -230.154, "2017-02-28": 0, "2016-11-30": "-71.68900", "2016-08-31": 154.315, "2016-05-31": 0, "2016-02-29": 0, "2015-11-30": "-264.08700", "2015-08-31": -1.202, "2015-05-31": -3.423, "2015-02-28": -30.133, "2014-11-30": "", "2014-08-31": 0, "2014-05-31": 0.297, "2014-02-28": -31.882, "2013-11-30": "-15.28800", "2013-08-31": 0, "2013-05-31": 0, "2013-02-28": -0.705, "2012-11-30": "", "2012-08-31": -21.329, "2012-05-31": 0, "2012-02-29": 0, "2011-11-30": "", "2011-08-31": 0, "2011-05-31": 0, "2011-02-28": 0, "2010-11-30": "", "2010-08-31": -55.18, "2010-05-31": 0, "2010-02-28": 0, "2009-11-30": "", "2009-08-31": 0, "2009-05-31": 0, "2009-02-28": 0, "2008-11-30": "", "2008-08-31": -61.978, "2008-05-31": 0, "2008-02-29": -13.891, "2007-11-30": "", "2007-08-31": 0, "2007-05-31": 0, "2007-02-28": 0, "2006-11-30": "", "2006-08-31": 0, "2006-05-31": -0.407, "2006-02-28": -6.71, "2005-11-30": "-21.16300", "2005-08-31": -40.09, "2005-05-31": -0.036, "2005-02-28": -52.098}, "Net Change In Short-term Investments": {"2020-11-30": "", "2020-08-31": 0, "2020-05-31": 0, "2020-02-29": 0, "2019-11-30": "", "2019-08-31": 0, "2019-05-31": 0, "2019-02-28": 0, "2018-11-30": "", "2018-08-31": 0, "2018-05-31": 0, "2018-02-28": 0, "2017-11-30": "", "2017-08-31": 0, "2017-05-31": 0, "2017-02-28": 0, "2016-11-30": "", "2016-08-31": 0, "2016-05-31": 0, "2016-02-29": 0, "2015-11-30": "", "2015-08-31": 0, "2015-05-31": 0, "2015-02-28": 0, "2014-11-30": "", "2014-08-31": 0, "2014-05-31": 0, "2014-02-28": 0, "2013-11-30": "", "2013-08-31": 0, "2013-05-31": 0, "2013-02-28": 0, "2012-11-30": "", "2012-08-31": 0, "2012-05-31": 0, "2012-02-29": 0, "2011-11-30": "", "2011-08-31": 0, "2011-05-31": 0, "2011-02-28": 0, "2010-11-30": "", "2010-08-31": 0, "2010-05-31": 0, "2010-02-28": 0, "2009-11-30": "", "2009-08-31": 0, "2009-05-31": 0, "2009-02-28": 0, "2008-11-30": "", "2008-08-31": 0, "2008-05-31": 0, "2008-02-29": 0, "2007-11-30": "", "2007-08-31": 0, "2007-05-31": 0, "2007-02-28": 0, "2006-11-30": "", "2006-08-31": 0, "2006-05-31": 0, "2006-02-28": 0, "2005-11-30": "", "2005-08-31": 0, "2005-05-31": 0, "2005-02-28": 0}, "Net Change In Long-Term Investments": {"2020-11-30": "1.92700", "2020-08-31": 2.547, "2020-05-31": -0.5, "2020-02-29": 2.326, "2019-11-30": "-0.36300", "2019-08-31": -0.093, "2019-05-31": 1.249, "2019-02-28": -0.103, "2018-11-30": "2.21700", "2018-08-31": -0.275, "2018-05-31": -0.121, "2018-02-28": -0.082, "2017-11-30": "0.46700", "2017-08-31": -0.775, "2017-05-31": -0.935, "2017-02-28": -8.449, "2016-11-30": "2.80100", "2016-08-31": -0.385, "2016-05-31": -0.404, "2016-02-29": -0.399, "2015-11-30": "0.29200", "2015-08-31": 0.465, "2015-05-31": 0, "2015-02-28": 0, "2014-11-30": "-4.90200", "2014-08-31": -5.145, "2014-05-31": -0.331, "2014-02-28": -0.315, "2013-11-30": "-0.30100", "2013-08-31": -0.284, "2013-05-31": -0.308, "2013-02-28": -0.303, "2012-11-30": "-0.29500", "2012-08-31": 0, "2012-05-31": 0, "2012-02-29": 0, "2011-11-30": "-15.00000", "2011-08-31": 0, "2011-05-31": 0, "2011-02-28": 0, "2010-11-30": "", "2010-08-31": 0, "2010-05-31": 0, "2010-02-28": 0, "2009-11-30": "", "2009-08-31": 0, "2009-05-31": 0, "2009-02-28": 0, "2008-11-30": "25.26000", "2008-08-31": -0.191, "2008-05-31": -1.218, "2008-02-29": -7.285, "2007-11-30": "1.07500", "2007-08-31": -0.236, "2007-05-31": -0.235, "2007-02-28": 0.013, "2006-11-30": "-0.28400", "2006-08-31": -0.177, "2006-05-31": 0.786, "2006-02-28": -0.05, "2005-11-30": "-0.62100", "2005-08-31": 11.347, "2005-05-31": -1.862, "2005-02-28": -6.452}, "Net Change In Investments - Total": {"2020-11-30": "1.92700", "2020-08-31": 2.547, "2020-05-31": -0.5, "2020-02-29": 2.326, "2019-11-30": "-0.36300", "2019-08-31": -0.093, "2019-05-31": 1.249, "2019-02-28": -0.103, "2018-11-30": "2.21700", "2018-08-31": -0.275, "2018-05-31": -0.121, "2018-02-28": -0.082, "2017-11-30": "0.46700", "2017-08-31": -0.775, "2017-05-31": -0.935, "2017-02-28": -8.449, "2016-11-30": "2.80100", "2016-08-31": -0.385, "2016-05-31": -0.404, "2016-02-29": -0.399, "2015-11-30": "0.29200", "2015-08-31": 0.465, "2015-05-31": 0, "2015-02-28": 0, "2014-11-30": "-4.90200", "2014-08-31": -5.145, "2014-05-31": -0.331, "2014-02-28": -0.315, "2013-11-30": "-0.30100", "2013-08-31": -0.284, "2013-05-31": -0.308, "2013-02-28": -0.303, "2012-11-30": "-0.29500", "2012-08-31": 0, "2012-05-31": 0, "2012-02-29": 0, "2011-11-30": "-15.00000", "2011-08-31": 0, "2011-05-31": 0, "2011-02-28": 0, "2010-11-30": "", "2010-08-31": 0, "2010-05-31": 0, "2010-02-28": 0, "2009-11-30": "", "2009-08-31": 0, "2009-05-31": 0, "2009-02-28": 0, "2008-11-30": "25.26000", "2008-08-31": -0.191, "2008-05-31": -1.218, "2008-02-29": -7.285, "2007-11-30": "1.07500", "2007-08-31": -0.236, "2007-05-31": -0.235, "2007-02-28": 0.013, "2006-11-30": "-0.28400", "2006-08-31": -0.177, "2006-05-31": 0.786, "2006-02-28": -0.05, "2005-11-30": "-0.62100", "2005-08-31": 11.347, "2005-05-31": -1.862, "2005-02-28": -6.452}, "Investing Activities - Other": {"2020-11-30": "", "2020-08-31": 0, "2020-05-31": 0, "2020-02-29": 0, "2019-11-30": "", "2019-08-31": 0, "2019-05-31": 0, "2019-02-28": 0, "2018-11-30": "", "2018-08-31": 0, "2018-05-31": 0, "2018-02-28": 0, "2017-11-30": "", "2017-08-31": 0, "2017-05-31": 0, "2017-02-28": 0, "2016-11-30": "", "2016-08-31": 0, "2016-05-31": 0, "2016-02-29": 0, "2015-11-30": "", "2015-08-31": 0, "2015-05-31": 0, "2015-02-28": 0, "2014-11-30": "", "2014-08-31": 0, "2014-05-31": 0, "2014-02-28": 0, "2013-11-30": "", "2013-08-31": 0, "2013-05-31": 0, "2013-02-28": 0, "2012-11-30": "", "2012-08-31": 0, "2012-05-31": 0, "2012-02-29": 0, "2011-11-30": "", "2011-08-31": 0, "2011-05-31": 0, "2011-02-28": 0, "2010-11-30": "", "2010-08-31": 0, "2010-05-31": 0, "2010-02-28": 0, "2009-11-30": "", "2009-08-31": 0, "2009-05-31": 0, "2009-02-28": 0, "2008-11-30": "", "2008-08-31": 0, "2008-05-31": 0, "2008-02-29": -0.175, "2007-11-30": "0.17500", "2007-08-31": 0, "2007-05-31": 0, "2007-02-28": 0, "2006-11-30": "", "2006-08-31": 0, "2006-05-31": 0, "2006-02-28": 0, "2005-11-30": "", "2005-08-31": 0, "2005-05-31": 0, "2005-02-28": 0}, "Cash Flow From Investing Activities": {"2020-11-30": "-58.32200", "2020-08-31": -12.186, "2020-05-31": -11.51, "2020-02-29": -22.793, "2019-11-30": "-27.14300", "2019-08-31": -26.557, "2019-05-31": -10.175, "2019-02-28": -12.059, "2018-11-30": "-7.30900", "2018-08-31": -30.42, "2018-05-31": -6.121, "2018-02-28": -6.545, "2017-11-30": "-5.44500", "2017-08-31": -12.899, "2017-05-31": -239.024, "2017-02-28": -13.958, "2016-11-30": "-81.42500", "2016-08-31": 140.861, "2016-05-31": -8.637, "2016-02-29": -12.452, "2015-11-30": "-278.18000", "2015-08-31": -11.028, "2015-05-31": -7.05, "2015-02-28": -37.083, "2014-11-30": "-9.71600", "2014-08-31": -11.184, "2014-05-31": -3.706, "2014-02-28": -34.791, "2013-11-30": "-21.02700", "2013-08-31": -5.513, "2013-05-31": -4.512, "2013-02-28": -3.995, "2012-11-30": "-6.39200", "2012-08-31": -26.986, "2012-05-31": -6.219, "2012-02-29": -4.59, "2011-11-30": "-21.05400", "2011-08-31": -6.537, "2011-05-31": -7.373, "2011-02-28": -7.412, "2010-11-30": "-8.02100", "2010-08-31": -62.272, "2010-05-31": -4.625, "2010-02-28": -2.313, "2009-11-30": "-6.73800", "2009-08-31": -5.077, "2009-05-31": -3.183, "2009-02-28": -6.401, "2008-11-30": "15.88100", "2008-08-31": -72.108, "2008-05-31": -13.999, "2008-02-29": -28.661, "2007-11-30": "-4.50000", "2007-08-31": -14.08, "2007-05-31": -10.342, "2007-02-28": -7.314, "2006-11-30": "-8.25700", "2006-08-31": -3.34, "2006-05-31": -13.057, "2006-02-28": -12.433, "2005-11-30": "-20.29100", "2005-08-31": -33.691, "2005-05-31": -9.87, "2005-02-28": -67.565}, "Net Long-Term Debt": {"2020-11-30": "", "2020-08-31": 0, "2020-05-31": 0, "2020-02-29": 0, "2019-11-30": "", "2019-08-31": 0, "2019-05-31": 0, "2019-02-28": 0, "2018-11-30": "", "2018-08-31": 0, "2018-05-31": 0, "2018-02-28": 0, "2017-11-30": "", "2017-08-31": -640, "2017-05-31": 210, "2017-02-28": 0, "2016-11-30": "65.00000", "2016-08-31": 0, "2016-05-31": 0, "2016-02-29": 0, "2015-11-30": "265.00000", "2015-08-31": 0, "2015-05-31": 0, "2015-02-28": 35, "2014-11-30": "", "2014-08-31": 0, "2014-05-31": 0, "2014-02-28": 0, "2013-11-30": "", "2013-08-31": 0, "2013-05-31": 0, "2013-02-28": 0, "2012-11-30": "", "2012-08-31": 0, "2012-05-31": 0, "2012-02-29": 0, "2011-11-30": "", "2011-08-31": 0, "2011-05-31": 0, "2011-02-28": 0, "2010-11-30": "", "2010-08-31": 0, "2010-05-31": 0, "2010-02-28": 0, "2009-11-30": "", "2009-08-31": 0, "2009-05-31": 0, "2009-02-28": 0, "2008-11-30": "", "2008-08-31": 0, "2008-05-31": 0, "2008-02-29": 0, "2007-11-30": "", "2007-08-31": 0, "2007-05-31": 0, "2007-02-28": 0, "2006-11-30": "", "2006-08-31": 0, "2006-05-31": 0, "2006-02-28": 0, "2005-11-30": "", "2005-08-31": 0, "2005-05-31": 0, "2005-02-28": 0}, "Net Current Debt": {"2020-11-30": "", "2020-08-31": 0, "2020-05-31": 0, "2020-02-29": 0, "2019-11-30": "", "2019-08-31": 0, "2019-05-31": 0, "2019-02-28": 0, "2018-11-30": "", "2018-08-31": 0, "2018-05-31": 0, "2018-02-28": 0, "2017-11-30": "", "2017-08-31": 640, "2017-05-31": 0, "2017-02-28": 0, "2016-11-30": "", "2016-08-31": 0, "2016-05-31": 0, "2016-02-29": 0, "2015-11-30": "", "2015-08-31": 0, "2015-05-31": 0, "2015-02-28": 0, "2014-11-30": "", "2014-08-31": 0, "2014-05-31": 0, "2014-02-28": 0, "2013-11-30": "", "2013-08-31": 0, "2013-05-31": 0, "2013-02-28": 0, "2012-11-30": "", "2012-08-31": 0, "2012-05-31": 0, "2012-02-29": 0, "2011-11-30": "", "2011-08-31": 0, "2011-05-31": 0, "2011-02-28": 0, "2010-11-30": "", "2010-08-31": 0, "2010-05-31": 0, "2010-02-28": 0, "2009-11-30": "", "2009-08-31": 0, "2009-05-31": 0, "2009-02-28": 0, "2008-11-30": "", "2008-08-31": 0, "2008-05-31": 0, "2008-02-29": 0, "2007-11-30": "", "2007-08-31": 0, "2007-05-31": -0.048, "2007-02-28": -2.21, "2006-11-30": "", "2006-08-31": 0, "2006-05-31": 0, "2006-02-28": 0, "2005-11-30": "", "2005-08-31": 0, "2005-05-31": 0, "2005-02-28": 0}, "Debt Issuance/Retirement Net - Total": {"2020-11-30": "", "2020-08-31": 0, "2020-05-31": 0, "2020-02-29": 0, "2019-11-30": "", "2019-08-31": 0, "2019-05-31": 0, "2019-02-28": 0, "2018-11-30": "", "2018-08-31": 0, "2018-05-31": 0, "2018-02-28": 0, "2017-11-30": "", "2017-08-31": 0, "2017-05-31": 210, "2017-02-28": 0, "2016-11-30": "65.00000", "2016-08-31": 0, "2016-05-31": 0, "2016-02-29": 0, "2015-11-30": "265.00000", "2015-08-31": 0, "2015-05-31": 0, "2015-02-28": 35, "2014-11-30": "", "2014-08-31": 0, "2014-05-31": 0, "2014-02-28": 0, "2013-11-30": "", "2013-08-31": 0, "2013-05-31": 0, "2013-02-28": 0, "2012-11-30": "", "2012-08-31": 0, "2012-05-31": 0, "2012-02-29": 0, "2011-11-30": "", "2011-08-31": 0, "2011-05-31": 0, "2011-02-28": 0, "2010-11-30": "", "2010-08-31": 0, "2010-05-31": 0, "2010-02-28": 0, "2009-11-30": "", "2009-08-31": 0, "2009-05-31": 0, "2009-02-28": 0, "2008-11-30": "", "2008-08-31": 0, "2008-05-31": 0, "2008-02-29": 0, "2007-11-30": "", "2007-08-31": 0, "2007-05-31": -0.048, "2007-02-28": -2.21, "2006-11-30": "", "2006-08-31": 0, "2006-05-31": 0, "2006-02-28": 0, "2005-11-30": "", "2005-08-31": 0, "2005-05-31": 0, "2005-02-28": 0}, "Net Common Equity Issued/Repurchased": {"2020-11-30": "-25.15100", "2020-08-31": 1.577, "2020-05-31": 2.426, "2020-02-29": -40.412, "2019-11-30": "-67.69600", "2019-08-31": -33.953, "2019-05-31": -11.991, "2019-02-28": -16.624, "2018-11-30": "-50.75300", "2018-08-31": -54.005, "2018-05-31": -113.218, "2018-02-28": -55.548, "2017-11-30": "-9.57400", "2017-08-31": -38.326, "2017-05-31": -40.905, "2017-02-28": -63.527, "2016-11-30": "-68.17500", "2016-08-31": -145.999, "2016-05-31": -65.131, "2016-02-29": -64.533, "2015-11-30": "-24.31400", "2015-08-31": -58.987, "2015-05-31": -53.78, "2015-02-28": -28.766, "2014-11-30": "-43.15800", "2014-08-31": -49.322, "2014-05-31": -49.052, "2014-02-28": -78.725, "2013-11-30": "-50.57800", "2013-08-31": -110.576, "2013-05-31": 10.649, "2013-02-28": -92.565, "2012-11-30": "-15.13900", "2012-08-31": -60.258, "2012-05-31": -13.684, "2012-02-29": -38.64, "2011-11-30": "-7.31200", "2011-08-31": -78.49, "2011-05-31": -47.831, "2011-02-28": -41.222, "2010-11-30": "-5.96200", "2010-08-31": -31.257, "2010-05-31": -37.513, "2010-02-28": -45.207, "2009-11-30": "-23.58900", "2009-08-31": -28.069, "2009-05-31": -0.832, "2009-02-28": -12.334, "2008-11-30": "-38.78800", "2008-08-31": -8.001, "2008-05-31": 3.403, "2008-02-29": -30.8, "2007-11-30": "-21.90900", "2007-08-31": -42.386, "2007-05-31": -7.465, "2007-02-28": -13.691, "2006-11-30": "-1.14500", "2006-08-31": -3.96, "2006-05-31": -1.132, "2006-02-28": 3.902, "2005-11-30": "1.56600", "2005-08-31": 1.48, "2005-05-31": -7.805, "2005-02-28": 13.039}, "Net Total Equity Issued/Repurchased": {"2020-11-30": "-25.15100", "2020-08-31": 1.577, "2020-05-31": 2.426, "2020-02-29": -40.412, "2019-11-30": "-67.69600", "2019-08-31": -33.953, "2019-05-31": -11.991, "2019-02-28": -16.624, "2018-11-30": "-50.75300", "2018-08-31": -54.005, "2018-05-31": -113.218, "2018-02-28": -55.548, "2017-11-30": "-9.57400", "2017-08-31": -38.326, "2017-05-31": -40.905, "2017-02-28": -63.527, "2016-11-30": "-68.17500", "2016-08-31": -145.999, "2016-05-31": -65.131, "2016-02-29": -64.533, "2015-11-30": "-24.31400", "2015-08-31": -58.987, "2015-05-31": -53.78, "2015-02-28": -28.766, "2014-11-30": "-43.15800", "2014-08-31": -49.322, "2014-05-31": -49.052, "2014-02-28": -78.725, "2013-11-30": "-50.57800", "2013-08-31": -110.576, "2013-05-31": 10.649, "2013-02-28": -92.565, "2012-11-30": "-15.13900", "2012-08-31": -60.258, "2012-05-31": -13.684, "2012-02-29": -38.64, "2011-11-30": "-7.31200", "2011-08-31": -78.49, "2011-05-31": -47.831, "2011-02-28": -41.222, "2010-11-30": "-5.96200", "2010-08-31": -31.257, "2010-05-31": -37.513, "2010-02-28": -45.207, "2009-11-30": "-23.58900", "2009-08-31": -28.069, "2009-05-31": -0.832, "2009-02-28": -12.334, "2008-11-30": "-38.78800", "2008-08-31": -8.001, "2008-05-31": 3.403, "2008-02-29": -30.8, "2007-11-30": "-21.90900", "2007-08-31": -42.386, "2007-05-31": -7.465, "2007-02-28": -13.691, "2006-11-30": "-1.14500", "2006-08-31": -3.96, "2006-05-31": -1.132, "2006-02-28": 3.902, "2005-11-30": "1.56600", "2005-08-31": 1.48, "2005-05-31": -7.805, "2005-02-28": 13.039}, "Total Common And Preferred Stock Dividends Paid": {"2020-11-30": "-29.10300", "2020-08-31": -29.001, "2020-05-31": -27.075, "2020-02-29": -27.104, "2019-11-30": "-27.25900", "2019-08-31": -24.283, "2019-05-31": -27.327, "2019-02-28": -24.19, "2018-11-30": "-24.25200", "2018-08-31": -24.371, "2018-05-31": -21.631, "2018-02-28": -21.724, "2017-11-30": "-21.68200", "2017-08-31": -21.774, "2017-05-31": -19.556, "2017-02-28": -19.701, "2016-11-30": "-19.86700", "2016-08-31": -20.176, "2016-05-31": -17.91, "2016-02-29": -18.079, "2015-11-30": "-18.05300", "2015-08-31": -18.147, "2015-05-31": -16.118, "2015-02-28": -16.102, "2014-11-30": "-16.18400", "2014-08-31": -16.271, "2014-05-31": -14.725, "2014-02-28": -14.947, "2013-11-30": "-15.06400", "2013-08-31": -15.309, "2013-05-31": -13.413, "2013-02-28": -13.649, "2012-11-30": "-13.63100", "2012-08-31": -13.8, "2012-05-31": -12.001, "2012-02-29": -12.098, "2011-11-30": "-12.08400", "2011-08-31": -12.294, "2011-05-31": -10.545, "2011-02-28": -10.593, "2010-11-30": "-10.51700", "2010-08-31": -10.586, "2010-05-31": -9.266, "2010-02-28": -9.36, "2009-11-30": "-9.28200", "2009-08-31": -9.366, "2009-05-31": -8.391, "2009-02-28": -8.427, "2008-11-30": "-8.58600", "2008-08-31": -8.597, "2008-05-31": -5.708, "2008-02-29": -5.755, "2007-11-30": "-5.78800", "2007-08-31": -5.862, "2007-05-31": -3.011, "2007-02-28": -2.85, "2006-11-30": "-2.93100", "2006-08-31": -2.893, "2006-05-31": -2.395, "2006-02-28": -2.377, "2005-11-30": "-2.37800", "2005-08-31": -2.328, "2005-05-31": -2.295, "2005-02-28": -4.214}, "Financial Activities - Other": {"2020-11-30": "-2.12300", "2020-08-31": -1.939, "2020-05-31": -0.006, "2020-02-29": -1.586, "2019-11-30": "", "2019-08-31": 0, "2019-05-31": -0.901, "2019-02-28": 0, "2018-11-30": "", "2018-08-31": -0.502, "2018-05-31": 1.776, "2018-02-28": 0, "2017-11-30": "0.44200", "2017-08-31": 0.532, "2017-05-31": 0.366, "2017-02-28": 2.261, "2016-11-30": "5.51100", "2016-08-31": 4.878, "2016-05-31": 2.523, "2016-02-29": 1.721, "2015-11-30": "9.07100", "2015-08-31": 5.022, "2015-05-31": 12.183, "2015-02-28": 9.253, "2014-11-30": "2.45800", "2014-08-31": 5.14, "2014-05-31": 1.831, "2014-02-28": 2.84, "2013-11-30": "2.14400", "2013-08-31": 10.367, "2013-05-31": 4.988, "2013-02-28": 5.838, "2012-11-30": "4.03200", "2012-08-31": 0.718, "2012-05-31": 5.468, "2012-02-29": 1.795, "2011-11-30": "3.17800", "2011-08-31": 1.258, "2011-05-31": 4.154, "2011-02-28": 5.414, "2010-11-30": "7.50500", "2010-08-31": 2.427, "2010-05-31": 3.218, "2010-02-28": 3.765, "2009-11-30": "15.08200", "2009-08-31": 1.024, "2009-05-31": 1.863, "2009-02-28": 1.111, "2008-11-30": "0.37600", "2008-08-31": 1.532, "2008-05-31": 1.059, "2008-02-29": 2.661, "2007-11-30": "4.32000", "2007-08-31": 2.028, "2007-05-31": 2.763, "2007-02-28": 1.155, "2006-11-30": "1.44700", "2006-08-31": 1.613, "2006-05-31": 2.176, "2006-02-28": 1.482, "2005-11-30": "0.34300", "2005-08-31": 0, "2005-05-31": 0, "2005-02-28": 0}, "Cash Flow From Financial Activities": {"2020-11-30": "-56.37700", "2020-08-31": -29.363, "2020-05-31": -24.655, "2020-02-29": -69.102, "2019-11-30": "-94.95500", "2019-08-31": -58.236, "2019-05-31": -40.219, "2019-02-28": -40.814, "2018-11-30": "-75.00500", "2018-08-31": -78.878, "2018-05-31": -133.073, "2018-02-28": -77.272, "2017-11-30": "-30.81400", "2017-08-31": -59.568, "2017-05-31": 149.905, "2017-02-28": -80.967, "2016-11-30": "-17.53100", "2016-08-31": -161.297, "2016-05-31": -80.518, "2016-02-29": -80.891, "2015-11-30": "231.70400", "2015-08-31": -72.112, "2015-05-31": -57.715, "2015-02-28": -0.615, "2014-11-30": "-56.88400", "2014-08-31": -60.453, "2014-05-31": -61.946, "2014-02-28": -90.832, "2013-11-30": "-63.49800", "2013-08-31": -115.518, "2013-05-31": 2.224, "2013-02-28": -100.376, "2012-11-30": "-24.73800", "2012-08-31": -73.34, "2012-05-31": -20.217, "2012-02-29": -48.943, "2011-11-30": "-16.21800", "2011-08-31": -89.526, "2011-05-31": -54.222, "2011-02-28": -46.401, "2010-11-30": "-8.97400", "2010-08-31": -39.416, "2010-05-31": -43.561, "2010-02-28": -50.802, "2009-11-30": "-17.78900", "2009-08-31": -36.411, "2009-05-31": -7.36, "2009-02-28": -19.65, "2008-11-30": "-46.99800", "2008-08-31": -15.066, "2008-05-31": -1.246, "2008-02-29": -33.894, "2007-11-30": "-23.37700", "2007-08-31": -46.22, "2007-05-31": -7.761, "2007-02-28": -17.596, "2006-11-30": "-2.62900", "2006-08-31": -5.24, "2006-05-31": -1.351, "2006-02-28": 3.007, "2005-11-30": "-0.46900", "2005-08-31": -0.848, "2005-05-31": -10.1, "2005-02-28": 8.825}, "Net Cash Flow": {"2020-11-30": "-25.46800", "2020-08-31": 127.898, "2020-05-31": 114.219, "2020-02-29": 7.271, "2019-11-30": "-23.58200", "2019-08-31": 35.839, "2019-05-31": 105.625, "2019-02-28": 47.957, "2018-11-30": "-38.24500", "2018-08-31": -4.438, "2018-05-31": -20.567, "2018-02-28": 11.695, "2017-11-30": "27.20200", "2017-08-31": 32.973, "2017-05-31": 6.407, "2017-02-28": -17.937, "2016-11-30": "-55.11900", "2016-08-31": 40.971, "2016-05-31": 12.266, "2016-02-29": -4.978, "2015-11-30": "21.23400", "2015-08-31": 1.019, "2015-05-31": 35.825, "2015-02-28": 6.835, "2014-11-30": "-1.14300", "2014-08-31": -2.48, "2014-05-31": 30.068, "2014-02-28": -85.231, "2013-11-30": "-22.60600", "2013-08-31": -46.212, "2013-05-31": 91.525, "2013-02-28": -59.398, "2012-11-30": "21.66800", "2012-08-31": -39.486, "2012-05-31": 43.532, "2012-02-29": -8.756, "2011-11-30": "12.06900", "2011-08-31": -26.983, "2011-05-31": 5.563, "2011-02-28": 0.754, "2010-11-30": "6.61000", "2010-08-31": -28.972, "2010-05-31": 20.118, "2010-02-28": -13.266, "2009-11-30": "1.54100", "2009-08-31": 25.209, "2009-05-31": 58.803, "2009-02-28": 8.452, "2008-11-30": "5.87000", "2008-08-31": -48.843, "2008-05-31": 43.449, "2008-02-29": -31.542, "2007-11-30": "-13.91200", "2007-08-31": -3.211, "2007-05-31": 32.903, "2007-02-28": 0.265, "2006-11-30": "12.32800", "2006-08-31": 24.365, "2006-05-31": 29.236, "2006-02-28": 21.877, "2005-11-30": "-8.38600", "2005-08-31": -3.199, "2005-05-31": 25.262, "2005-02-28": -41.186}, "Stock-Based Compensation": {"2020-11-30": "11.31700", "2020-08-31": 8.207, "2020-05-31": 10.344, "2020-02-29": 8.214, "2019-11-30": "9.81400", "2019-08-31": 8.265, "2019-05-31": 7.995, "2019-02-28": 7.705, "2018-11-30": "8.43500", "2018-08-31": 8.275, "2018-05-31": 7.821, "2018-02-28": 7.939, "2017-11-30": "7.48100", "2017-08-31": 13.31, "2017-05-31": 7.262, "2017-02-28": 7.226, "2016-11-30": "6.38500", "2016-08-31": 7.36, "2016-05-31": 7.406, "2016-02-29": 8.565, "2015-11-30": "6.46200", "2015-08-31": 9.259, "2015-05-31": 6.075, "2015-02-28": 5.76, "2014-11-30": "5.27700", "2014-08-31": 5.466, "2014-05-31": 6.809, "2014-02-28": 5.5, "2013-11-30": "5.11600", "2013-08-31": 8.138, "2013-05-31": 5.44, "2013-02-28": 21.17, "2012-11-30": "5.20300", "2012-08-31": 4.908, "2012-05-31": 5.149, "2012-02-29": 6.045, "2011-11-30": "5.88000", "2011-08-31": 10.421, "2011-05-31": 4.975, "2011-02-28": 6.7, "2010-11-30": "3.67700", "2010-08-31": 3.826, "2010-05-31": 4.142, "2010-02-28": 3.14, "2009-11-30": "2.95700", "2009-08-31": 2.966, "2009-05-31": 2.997, "2009-02-28": 3.487, "2008-11-30": "4.17300", "2008-08-31": 3.021, "2008-05-31": 3.018, "2008-02-29": 4.898, "2007-11-30": "2.71400", "2007-08-31": 2.296, "2007-05-31": 2.223, "2007-02-28": 2.155, "2006-11-30": "2.44900", "2006-08-31": 2.035, "2006-05-31": 1.943, "2006-02-28": 1.875, "2005-11-30": "2.53800", "2005-08-31": 0, "2005-05-31": 0, "2005-02-28": 0}, "Common Stock Dividends Paid": {"2020-11-30": "-29.10300", "2020-08-31": -29.001, "2020-05-31": -27.075, "2020-02-29": -27.104, "2019-11-30": "-27.25900", "2019-08-31": -24.283, "2019-05-31": -27.327, "2019-02-28": -24.19, "2018-11-30": "-24.25200", "2018-08-31": -24.371, "2018-05-31": -21.631, "2018-02-28": -21.724, "2017-11-30": "-21.68200", "2017-08-31": -21.774, "2017-05-31": -19.556, "2017-02-28": -19.701, "2016-11-30": "-19.86700", "2016-08-31": -20.176, "2016-05-31": -17.91, "2016-02-29": -18.079, "2015-11-30": "-18.05300", "2015-08-31": -18.147, "2015-05-31": -16.118, "2015-02-28": -16.102, "2014-11-30": "-16.18400", "2014-08-31": -16.271, "2014-05-31": -14.725, "2014-02-28": -14.947, "2013-11-30": "-15.06400", "2013-08-31": -15.309, "2013-05-31": -13.413, "2013-02-28": -13.649, "2012-11-30": "-13.63100", "2012-08-31": -13.8, "2012-05-31": -12.001, "2012-02-29": -12.098, "2011-11-30": "-12.08400", "2011-08-31": -12.294, "2011-05-31": -10.545, "2011-02-28": -10.593, "2010-11-30": "-10.51700", "2010-08-31": -10.586, "2010-05-31": -9.266, "2010-02-28": -9.36, "2009-11-30": "-9.28200", "2009-08-31": -9.366, "2009-05-31": -8.391, "2009-02-28": -8.427, "2008-11-30": "-8.58600", "2008-08-31": -8.597, "2008-05-31": -5.708, "2008-02-29": -5.755, "2007-11-30": "-5.78800", "2007-08-31": -5.862, "2007-05-31": -3.011, "2007-02-28": -2.85, "2006-11-30": "-2.93100", "2006-08-31": -2.893, "2006-05-31": -2.395, "2006-02-28": -2.377, "2005-11-30": "-2.37800", "2005-08-31": -2.328, "2005-05-31": -2.295, "2005-02-28": -4.214}}, "financial ratios": {"Current Ratio": {"2020-08-31": "3.04720", "2019-08-31": "2.66670", "2018-08-31": "1.94870", "2017-08-31": "2.03530", "2016-08-31": "2.33410", "2015-08-31": "2.17610", "2014-08-31": "1.96220", "2013-08-31": "2.68940", "2012-08-31": "2.64300", "2011-08-31": "2.49650", "2010-08-31": "2.42640", "2009-08-31": "3.01330", "2008-08-31": "2.53190", "2007-08-31": "2.78360", "2006-08-31": "2.61010", "2005-08-31": "2.18490"}, "Long-term Debt / Capital": {"2020-08-31": "0.39050", "2019-08-31": "0.46070", "2018-08-31": "0.52220", "2017-08-31": "0.50670", "2016-08-31": "0.36700", "2015-08-31": "0.06180", "2014-08-31": "", "2013-08-31": "", "2012-08-31": "", "2011-08-31": "", "2010-08-31": "", "2009-08-31": "", "2008-08-31": "", "2007-08-31": "", "2006-08-31": "", "2005-08-31": ""}, "Debt/Equity Ratio": {"2020-08-31": "0.64080", "2019-08-31": "0.85410", "2018-08-31": "1.09290", "2017-08-31": "1.02740", "2016-08-31": "0.57980", "2015-08-31": "0.06580", "2014-08-31": "", "2013-08-31": "", "2012-08-31": "", "2011-08-31": "", "2010-08-31": "", "2009-08-31": "", "2008-08-31": "", "2007-08-31": "", "2006-08-31": "0.00510", "2005-08-31": ""}, "Gross Margin": {"2020-08-31": "53.45420", "2019-08-31": "53.77810", "2018-08-31": "51.16850", "2017-08-31": "53.60390", "2016-08-31": "56.75520", "2015-08-31": "59.73860", "2014-08-31": "61.56990", "2013-08-31": "64.29620", "2012-08-31": "65.80550", "2011-08-31": "66.32900", "2010-08-31": "67.77990", "2009-08-31": "66.34140", "2008-08-31": "66.77100", "2007-08-31": "67.88640", "2006-08-31": "68.67120", "2005-08-31": "70.63720"}, "Operating Margin": {"2020-08-31": "29.42620", "2019-08-31": "30.51760", "2018-08-31": "27.12330", "2017-08-31": "28.83570", "2016-08-31": "31.02460", "2015-08-31": "32.96870", "2014-08-31": "32.83790", "2013-08-31": "31.39670", "2012-08-31": "33.87840", "2011-08-31": "32.80550", "2010-08-31": "34.57310", "2009-08-31": "33.92640", "2008-08-31": "31.95150", "2007-08-31": "32.59580", "2006-08-31": "31.31230", "2005-08-31": "34.87070"}, "EBIT Margin": {"2020-08-31": "29.42620", "2019-08-31": "30.51760", "2018-08-31": "27.12330", "2017-08-31": "28.83570", "2016-08-31": "31.02460", "2015-08-31": "32.96870", "2014-08-31": "32.83790", "2013-08-31": "31.39670", "2012-08-31": "33.87840", "2011-08-31": "32.80550", "2010-08-31": "34.57310", "2009-08-31": "33.92640", "2008-08-31": "31.95150", "2007-08-31": "32.59580", "2006-08-31": "31.31230", "2005-08-31": "34.87070"}, "EBITDA Margin": {"2020-08-31": "36.17260", "2019-08-31": "34.73000", "2018-08-31": "31.36620", "2017-08-31": "32.79040", "2016-08-31": "34.40070", "2015-08-31": "36.08250", "2014-08-31": "36.57950", "2013-08-31": "35.56620", "2012-08-31": "38.07050", "2011-08-31": "37.87730", "2010-08-31": "40.39830", "2009-08-31": "39.44660", "2008-08-31": "37.27780", "2007-08-31": "38.59830", "2006-08-31": "37.57430", "2005-08-31": "40.72970"}, "Pre-Tax Profit Margin": {"2020-08-31": "28.58780", "2019-08-31": "29.39800", "2018-08-31": "26.05930", "2017-08-31": "28.19510", "2016-08-31": "40.90110", "2015-08-31": "33.15100", "2014-08-31": "32.97320", "2013-08-31": "31.57050", "2012-08-31": "34.09130", "2011-08-31": "32.89120", "2010-08-31": "34.65840", "2009-08-31": "34.10200", "2008-08-31": "32.84810", "2007-08-31": "34.23200", "2006-08-31": "32.53700", "2005-08-31": "35.23590"}, "Net Profit Margin": {"2020-08-31": "24.96050", "2019-08-31": "24.57870", "2018-08-31": "19.78200", "2017-08-31": "21.14830", "2016-08-31": "30.06100", "2015-08-31": "23.94310", "2014-08-31": "22.98540", "2013-08-31": "23.14810", "2012-08-31": "23.43150", "2011-08-31": "23.54350", "2010-08-31": "23.43170", "2009-08-31": "23.30300", "2008-08-31": "21.72250", "2007-08-31": "23.02790", "2006-08-31": "21.40600", "2005-08-31": "22.95420"}, "Asset Turnover": {"2020-08-31": "0.71720", "2019-08-31": "0.92000", "2018-08-31": "0.95120", "2017-08-31": "0.86410", "2016-08-31": "1.10590", "2015-08-31": "1.36660", "2014-08-31": "1.38770", "2013-08-31": "1.24330", "2012-08-31": "1.16080", "2011-08-31": "1.10510", "2010-08-31": "0.99450", "2009-08-31": "0.98120", "2008-08-31": "0.98000", "2007-08-31": "0.90850", "2006-08-31": "0.84720", "2005-08-31": "0.89960"}, "Inventory Turnover Ratio": {"2020-08-31": "", "2019-08-31": "", "2018-08-31": "", "2017-08-31": "", "2016-08-31": "", "2015-08-31": "", "2014-08-31": "", "2013-08-31": "", "2012-08-31": "", "2011-08-31": "", "2010-08-31": "", "2009-08-31": "", "2008-08-31": "", "2007-08-31": "", "2006-08-31": "", "2005-08-31": ""}, "Receiveable Turnover": {"2020-08-31": "9.63870", "2019-08-31": "9.81040", "2018-08-31": "8.61950", "2017-08-31": "8.23280", "2016-08-31": "11.52480", "2015-08-31": "10.59040", "2014-08-31": "10.18590", "2013-08-31": "11.70850", "2012-08-31": "10.85230", "2011-08-31": "9.68630", "2010-08-31": "10.73930", "2009-08-31": "9.89630", "2008-08-31": "7.68800", "2007-08-31": "7.98610", "2006-08-31": "6.54420", "2005-08-31": "5.78660"}, "Days Sales In Receivables": {"2020-08-31": "37.86800", "2019-08-31": "37.20540", "2018-08-31": "42.34600", "2017-08-31": "44.33490", "2016-08-31": "31.67080", "2015-08-31": "34.46510", "2014-08-31": "35.83390", "2013-08-31": "31.17410", "2012-08-31": "33.63350", "2011-08-31": "37.68220", "2010-08-31": "33.98740", "2009-08-31": "36.88240", "2008-08-31": "47.47630", "2007-08-31": "45.70470", "2006-08-31": "55.77480", "2005-08-31": "63.07680"}, "ROE - Return On Equity": {"2020-08-31": "41.60510", "2019-08-31": "52.47850", "2018-08-31": "50.78630", "2017-08-31": "46.14320", "2016-08-31": "65.48650", "2015-08-31": "45.34580", "2014-08-31": "41.39120", "2013-08-31": "36.66390", "2012-08-31": "34.18820", "2011-08-31": "33.20070", "2010-08-31": "29.89830", "2009-08-31": "28.94200", "2008-08-31": "26.85820", "2007-08-31": "26.76870", "2006-08-31": "23.11650", "2005-08-31": "26.76720"}, "Return On Tangible Equity": {"2020-08-31": "568.70210", "2019-08-31": "-255.79130", "2018-08-31": "-82.21340", "2017-08-31": "-80.35140", "2016-08-31": "-1180.74500", "2015-08-31": "131.54570", "2014-08-31": "115.20760", "2013-08-31": "76.11110", "2012-08-31": "71.76260", "2011-08-31": "71.08760", "2010-08-31": "65.81390", "2009-08-31": "53.07110", "2008-08-31": "56.99220", "2007-08-31": "48.40920", "2006-08-31": "47.58180", "2005-08-31": "62.05090"}, "ROA - Return On Assets": {"2020-08-31": "17.90060", "2019-08-31": "22.61290", "2018-08-31": "18.81610", "2017-08-31": "18.27330", "2016-08-31": "33.24450", "2015-08-31": "32.72170", "2014-08-31": "31.89670", "2013-08-31": "28.77980", "2012-08-31": "27.20030", "2011-08-31": "26.01700", "2010-08-31": "23.30270", "2009-08-31": "22.86450", "2008-08-31": "21.28770", "2007-08-31": "20.91970", "2006-08-31": "18.13450", "2005-08-31": "20.65010"}, "ROI - Return On Investment": {"2020-08-31": "25.35740", "2019-08-31": "28.30400", "2018-08-31": "24.26560", "2017-08-31": "22.76030", "2016-08-31": "41.45130", "2015-08-31": "42.54460", "2014-08-31": "41.39120", "2013-08-31": "36.66380", "2012-08-31": "34.18820", "2011-08-31": "33.20070", "2010-08-31": "29.89830", "2009-08-31": "28.94200", "2008-08-31": "26.85820", "2007-08-31": "26.76870", "2006-08-31": "23.11650", "2005-08-31": "26.76720"}, "Book Value Per Share": {"2020-08-31": "23.57020", "2019-08-31": "17.63620", "2018-08-31": "13.76950", "2017-08-31": "14.34260", "2016-08-31": "12.92230", "2015-08-31": "12.86600", "2014-08-31": "12.22890", "2013-08-31": "12.50530", "2012-08-31": "12.47240", "2011-08-31": "11.43470", "2010-08-31": "10.91620", "2009-08-31": "10.71520", "2008-08-31": "9.70360", "2007-08-31": "8.46580", "2006-08-31": "7.33680", "2005-08-31": "5.54620"}, "Operating Cash Flow Per Share": {"2020-08-31": 2.1011, "2019-08-31": 1.1938, "2018-08-31": 1.7087, "2017-08-31": 0.0802, "2016-08-31": 0.7497, "2015-08-31": 1.088, "2014-08-31": 0.1213, "2013-08-31": 0.9827, "2012-08-31": 0.6895, "2011-08-31": -0.023, "2010-08-31": 0.1386, "2009-08-31": 1.4006, "2008-08-31": -0.1822, "2007-08-31": 0.6519, "2006-08-31": 0.5073, "2005-08-31": 1.8809}, "Free Cash Flow Per Share": {"2020-08-31": 1.6193, "2019-08-31": 0.5177, "2018-08-31": 1.7873, "2017-08-31": 0.3045, "2016-08-31": 0.2036, "2015-08-31": 0.8929, "2014-08-31": 0.1234, "2013-08-31": 1.0593, "2012-08-31": 0.8175, "2011-08-31": -0.21, "2010-08-31": 0.1987, "2009-08-31": 1.6223, "2008-08-31": -0.1312, "2007-08-31": 0.2973, "2006-08-31": 0.5338, "2005-08-31": 1.4436}}, "financial ratios, quarterly": {"Current Ratio": {"2020-11-30": "3.52850", "2020-08-31": "3.04720", "2020-05-31": "2.86470", "2020-02-29": "2.63030", "2019-11-30": "2.63050", "2019-08-31": "2.66670", "2019-05-31": "2.86740", "2019-02-28": "2.45480", "2018-11-30": "2.48970", "2018-08-31": "1.94870", "2018-05-31": "2.17200", "2018-02-28": "2.53130", "2017-11-30": "2.64240", "2017-08-31": "2.03530", "2017-05-31": "2.04900", "2017-02-28": "2.21840", "2016-11-30": "2.38340", "2016-08-31": "2.33410", "2016-05-31": "2.47590", "2016-02-29": "2.33750", "2015-11-30": "2.49240", "2015-08-31": "2.17610", "2015-05-31": "2.25590", "2015-02-28": "2.31660", "2014-11-30": "2.03810", "2014-08-31": "1.96220", "2014-05-31": "2.01430", "2014-02-28": "2.12310", "2013-11-30": "2.87550", "2013-08-31": "2.68940", "2013-05-31": "3.42460", "2013-02-28": "3.00130", "2012-11-30": "3.35710", "2012-08-31": "2.64300", "2012-05-31": "3.09530", "2012-02-29": "3.22000", "2011-11-30": "3.01800", "2011-08-31": "2.49650", "2011-05-31": "3.06850", "2011-02-28": "3.26790", "2010-11-30": "3.26150", "2010-08-31": "2.42640", "2010-05-31": "3.46710", "2010-02-28": "3.70940", "2009-11-30": "4.17280", "2009-08-31": "3.01330", "2009-05-31": "3.26020", "2009-02-28": "2.85810", "2008-11-30": "2.57250", "2008-08-31": "2.53190", "2008-05-31": "3.23390", "2008-02-29": "3.24680", "2007-11-30": "3.72120", "2007-08-31": "2.78360", "2007-05-31": "3.48010", "2007-02-28": "3.30880", "2006-11-30": "3.05220", "2006-08-31": "2.61010", "2006-05-31": "2.35150", "2006-02-28": "2.37020", "2005-11-30": "2.39700", "2005-08-31": "2.18490", "2005-05-31": "2.80040", "2005-02-28": "2.82760"}, "Long-term Debt / Capital": {"2020-11-30": "0.37660", "2020-08-31": "0.39050", "2020-05-31": "0.42000", "2020-02-29": "0.44480", "2019-11-30": "0.45350", "2019-08-31": "0.46070", "2019-05-31": "0.46730", "2019-02-28": "0.48950", "2018-11-30": "0.51510", "2018-08-31": "0.52220", "2018-05-31": "0.51770", "2018-02-28": "0.48420", "2017-11-30": "0.48170", "2017-08-31": "0.50670", "2017-05-31": "0.52150", "2017-02-28": "0.42530", "2016-11-30": "0.42350", "2016-08-31": "0.36700", "2016-05-31": "0.35560", "2016-02-29": "0.35670", "2015-11-30": "0.34970", "2015-08-31": "0.06180", "2015-05-31": "0.06170", "2015-02-28": "0.06200", "2014-11-30": "", "2014-08-31": "", "2014-05-31": "", "2014-02-28": "", "2013-11-30": "", "2013-08-31": "", "2013-05-31": "", "2013-02-28": "", "2012-11-30": "", "2012-08-31": "", "2012-05-31": "", "2012-02-29": "", "2011-11-30": "", "2011-08-31": "", "2011-05-31": "", "2011-02-28": "", "2010-11-30": "", "2010-08-31": "", "2010-05-31": "", "2010-02-28": "", "2009-11-30": "", "2009-08-31": "", "2009-05-31": "", "2009-02-28": "", "2008-11-30": "", "2008-08-31": "", "2008-05-31": "", "2008-02-29": "", "2007-11-30": "", "2007-08-31": "", "2007-05-31": "", "2007-02-28": "", "2006-11-30": "", "2006-08-31": "", "2006-05-31": "", "2006-02-28": "", "2005-11-30": "0.00560", "2005-08-31": "", "2005-05-31": "", "2005-02-28": ""}, "Debt/Equity Ratio": {"2020-11-30": "0.60420", "2020-08-31": "0.64080", "2020-05-31": "0.72430", "2020-02-29": "0.80120", "2019-11-30": "0.82990", "2019-08-31": "0.85410", "2019-05-31": "0.87730", "2019-02-28": "0.95880", "2018-11-30": "1.06210", "2018-08-31": "1.09290", "2018-05-31": "1.07360", "2018-02-28": "0.93890", "2017-11-30": "0.92960", "2017-08-31": "1.02740", "2017-05-31": "1.08990", "2017-02-28": "0.74000", "2016-11-30": "0.73470", "2016-08-31": "0.57980", "2016-05-31": "0.55180", "2016-02-29": "0.55450", "2015-11-30": "0.53790", "2015-08-31": "0.06580", "2015-05-31": "0.06570", "2015-02-28": "0.06620", "2014-11-30": "", "2014-08-31": "", "2014-05-31": "", "2014-02-28": "", "2013-11-30": "", "2013-08-31": "", "2013-05-31": "", "2013-02-28": "", "2012-11-30": "", "2012-08-31": "", "2012-05-31": "", "2012-02-29": "", "2011-11-30": "", "2011-08-31": "", "2011-05-31": "", "2011-02-28": "", "2010-11-30": "", "2010-08-31": "", "2010-05-31": "", "2010-02-28": "", "2009-11-30": "", "2009-08-31": "", "2009-05-31": "", "2009-02-28": "", "2008-11-30": "", "2008-08-31": "", "2008-05-31": "", "2008-02-29": "", "2007-11-30": "", "2007-08-31": "", "2007-05-31": "", "2007-02-28": "", "2006-11-30": "0.00500", "2006-08-31": "0.00510", "2006-05-31": "0.00530", "2006-02-28": "0.00540", "2005-11-30": "0.00570", "2005-08-31": "", "2005-05-31": "", "2005-02-28": ""}, "Gross Margin": {"2020-11-30": "51.54940", "2020-08-31": "52.14470", "2020-05-31": "54.36760", "2020-02-29": "52.34520", "2019-11-30": "55.01070", "2019-08-31": "53.95610", "2019-05-31": "55.05700", "2019-02-28": "53.47690", "2018-11-30": "52.57200", "2018-08-31": "51.00150", "2018-05-31": "51.43640", "2018-02-28": "51.30760", "2017-11-30": "50.92560", "2017-08-31": "50.62820", "2017-05-31": "53.08660", "2017-02-28": "55.28000", "2016-11-30": "55.82560", "2016-08-31": "56.78250", "2016-05-31": "56.66030", "2016-02-29": "56.02810", "2015-11-30": "57.58440", "2015-08-31": "58.89880", "2015-05-31": "60.44110", "2015-02-28": "59.83890", "2014-11-30": "59.80530", "2014-08-31": "61.23390", "2014-05-31": "60.88170", "2014-02-28": "61.55090", "2013-11-30": "62.66400", "2013-08-31": "63.42060", "2013-05-31": "64.25150", "2013-02-28": "64.40730", "2012-11-30": "65.13920", "2012-08-31": "65.18640", "2012-05-31": "65.95440", "2012-02-29": "66.12800", "2011-11-30": "65.97930", "2011-08-31": "65.88650", "2011-05-31": "66.11760", "2011-02-28": "66.14580", "2010-11-30": "67.23100", "2010-08-31": "67.95060", "2010-05-31": "67.96340", "2010-02-28": "67.65660", "2009-11-30": "67.53030", "2009-08-31": "66.13450", "2009-05-31": "67.06520", "2009-02-28": "66.43900", "2008-11-30": "65.73200", "2008-08-31": "67.02560", "2008-05-31": "67.34440", "2008-02-29": "66.14470", "2007-11-30": "66.50420", "2007-08-31": "67.80950", "2007-05-31": "67.43420", "2007-02-28": "68.42140", "2006-11-30": "67.90900", "2006-08-31": "68.99430", "2006-05-31": "68.07870", "2006-02-28": "68.90830", "2005-11-30": "68.69740", "2005-08-31": "70.11970", "2005-05-31": "70.04110", "2005-02-28": "72.15580"}, "Operating Margin": {"2020-11-30": "31.17700", "2020-08-31": "25.69850", "2020-05-31": "32.51690", "2020-02-29": "28.73520", "2019-11-30": "30.86960", "2019-08-31": "30.62670", "2019-05-31": "32.16170", "2019-02-28": "30.62540", "2018-11-30": "28.59150", "2018-08-31": "25.54660", "2018-05-31": "27.43810", "2018-02-28": "28.48330", "2017-11-30": "27.06990", "2017-08-31": "25.23500", "2017-05-31": "28.07960", "2017-02-28": "31.16860", "2016-11-30": "31.35390", "2016-08-31": "30.53840", "2016-05-31": "31.05730", "2016-02-29": "30.28570", "2015-11-30": "32.27610", "2015-08-31": "32.72010", "2015-05-31": "33.53580", "2015-02-28": "32.54670", "2014-11-30": "33.07290", "2014-08-31": "33.26340", "2014-05-31": "31.51390", "2014-02-28": "33.07310", "2013-11-30": "33.51950", "2013-08-31": "32.15830", "2013-05-31": "33.37960", "2013-02-28": "26.35780", "2012-11-30": "33.67600", "2012-08-31": "34.01000", "2012-05-31": "33.85580", "2012-02-29": "33.66440", "2011-11-30": "33.98000", "2011-08-31": "30.73370", "2011-05-31": "33.66400", "2011-02-28": "32.70360", "2010-11-30": "34.29470", "2010-08-31": "34.13700", "2010-05-31": "34.73710", "2010-02-28": "34.63420", "2009-11-30": "34.81450", "2009-08-31": "34.96550", "2009-05-31": "34.52750", "2009-02-28": "33.24090", "2008-11-30": "32.98170", "2008-08-31": "32.67970", "2008-05-31": "32.50970", "2008-02-29": "30.83330", "2007-11-30": "31.67280", "2007-08-31": "32.94010", "2007-05-31": "32.39070", "2007-02-28": "32.48560", "2006-11-30": "32.53180", "2006-08-31": "31.63780", "2006-05-31": "31.32420", "2006-02-28": "31.64900", "2005-11-30": "30.56530", "2005-08-31": "34.76870", "2005-05-31": "34.49250", "2005-02-28": "35.34890"}, "EBIT Margin": {"2020-11-30": "31.17700", "2020-08-31": "25.69860", "2020-05-31": "32.51690", "2020-02-29": "28.73520", "2019-11-30": "30.86960", "2019-08-31": "30.62670", "2019-05-31": "32.16170", "2019-02-28": "30.62540", "2018-11-30": "28.59150", "2018-08-31": "25.54660", "2018-05-31": "27.43810", "2018-02-28": "28.48330", "2017-11-30": "27.06990", "2017-08-31": "25.23500", "2017-05-31": "28.07960", "2017-02-28": "31.16860", "2016-11-30": "31.35390", "2016-08-31": "30.53840", "2016-05-31": "31.05730", "2016-02-29": "30.28570", "2015-11-30": "32.27610", "2015-08-31": "32.72010", "2015-05-31": "33.53580", "2015-02-28": "32.54670", "2014-11-30": "33.07290", "2014-08-31": "33.26340", "2014-05-31": "31.51390", "2014-02-28": "33.07310", "2013-11-30": "33.51950", "2013-08-31": "32.15830", "2013-05-31": "33.37960", "2013-02-28": "26.35780", "2012-11-30": "33.67600", "2012-08-31": "34.00990", "2012-05-31": "33.85580", "2012-02-29": "33.66440", "2011-11-30": "33.98000", "2011-08-31": "30.73370", "2011-05-31": "33.66400", "2011-02-28": "32.70360", "2010-11-30": "34.29470", "2010-08-31": "34.13700", "2010-05-31": "34.73710", "2010-02-28": "34.63420", "2009-11-30": "34.81450", "2009-08-31": "34.96550", "2009-05-31": "34.52750", "2009-02-28": "33.24090", "2008-11-30": "32.98170", "2008-08-31": "32.67970", "2008-05-31": "32.50970", "2008-02-29": "30.83330", "2007-11-30": "31.67280", "2007-08-31": "32.94010", "2007-05-31": "32.39070", "2007-02-28": "32.48560", "2006-11-30": "32.53180", "2006-08-31": "31.63780", "2006-05-31": "31.32420", "2006-02-28": "31.64900", "2005-11-30": "30.56530", "2005-08-31": "34.76870", "2005-05-31": "34.49250", "2005-02-28": "35.34890"}, "EBITDA Margin": {"2020-11-30": "", "2020-08-31": "", "2020-05-31": "", "2020-02-29": "", "2019-11-30": "", "2019-08-31": "", "2019-05-31": "", "2019-02-28": "", "2018-11-30": "", "2018-08-31": "", "2018-05-31": "", "2018-02-28": "", "2017-11-30": "", "2017-08-31": "", "2017-05-31": "", "2017-02-28": "", "2016-11-30": "", "2016-08-31": "", "2016-05-31": "", "2016-02-29": "", "2015-11-30": "", "2015-08-31": "", "2015-05-31": "", "2015-02-28": "", "2014-11-30": "", "2014-08-31": "", "2014-05-31": "", "2014-02-28": "", "2013-11-30": "", "2013-08-31": "", "2013-05-31": "", "2013-02-28": "", "2012-11-30": "", "2012-08-31": "", "2012-05-31": "", "2012-02-29": "", "2011-11-30": "", "2011-08-31": "", "2011-05-31": "", "2011-02-28": "", "2010-11-30": "", "2010-08-31": "", "2010-05-31": "", "2010-02-28": "", "2009-11-30": "", "2009-08-31": "", "2009-05-31": "", "2009-02-28": "", "2008-11-30": "", "2008-08-31": "", "2008-05-31": "", "2008-02-29": "", "2007-11-30": "", "2007-08-31": "", "2007-05-31": "", "2007-02-28": "", "2006-11-30": "", "2006-08-31": "", "2006-05-31": "", "2006-02-28": "", "2005-11-30": "", "2005-08-31": "", "2005-05-31": "", "2005-02-28": ""}, "Pre-Tax Profit Margin": {"2020-11-30": "30.97120", "2020-08-31": "25.06430", "2020-05-31": "31.84860", "2020-02-29": "27.88390", "2019-11-30": "29.65730", "2019-08-31": "29.72660", "2019-05-31": "31.10390", "2019-02-28": "29.40280", "2018-11-30": "27.28440", "2018-08-31": "24.26840", "2018-05-31": "26.33370", "2018-02-28": "27.50730", "2017-11-30": "26.18300", "2017-08-31": "24.42220", "2017-05-31": "27.30650", "2017-02-28": "30.40220", "2016-11-30": "31.18070", "2016-08-31": "69.55140", "2016-05-31": "30.90670", "2016-02-29": "30.13530", "2015-11-30": "32.31040", "2015-08-31": "32.86910", "2015-05-31": "33.72520", "2015-02-28": "32.76220", "2014-11-30": "33.25010", "2014-08-31": "33.35800", "2014-05-31": "31.65800", "2014-02-28": "33.22460", "2013-11-30": "33.67240", "2013-08-31": "32.31550", "2013-05-31": "33.54780", "2013-02-28": "26.52530", "2012-11-30": "33.87880", "2012-08-31": "34.23090", "2012-05-31": "34.09450", "2012-02-29": "33.91320", "2011-11-30": "34.12100", "2011-08-31": "30.83480", "2011-05-31": "33.75770", "2011-02-28": "32.77790", "2010-11-30": "34.36690", "2010-08-31": "34.17980", "2010-05-31": "34.79080", "2010-02-28": "34.73020", "2009-11-30": "34.96780", "2009-08-31": "35.02720", "2009-05-31": "34.64480", "2009-02-28": "33.36680", "2008-11-30": "33.37870", "2008-08-31": "33.22300", "2008-05-31": "33.08770", "2008-02-29": "31.85370", "2007-11-30": "33.19470", "2007-08-31": "34.76050", "2007-05-31": "34.16070", "2007-02-28": "34.03060", "2006-11-30": "33.89760", "2006-08-31": "32.98740", "2006-05-31": "32.39690", "2006-02-28": "32.24900", "2005-11-30": "32.46370", "2005-08-31": "35.30270", "2005-05-31": "34.89070", "2005-02-28": "35.63130"}, "Net Profit Margin": {"2020-11-30": "26.07020", "2020-08-31": "23.22250", "2020-05-31": "27.05710", "2020-02-29": "23.98350", "2019-11-30": "25.62520", "2019-08-31": "25.12530", "2019-05-31": "25.31050", "2019-02-28": "23.86680", "2018-11-30": "23.97220", "2018-08-31": "19.89900", "2018-05-31": "21.98990", "2018-02-28": "15.85090", "2017-11-30": "21.38260", "2017-08-31": "18.23160", "2017-05-31": "20.95800", "2017-02-28": "22.66320", "2016-11-30": "23.11400", "2016-08-31": "50.22990", "2016-05-31": "23.22810", "2016-02-29": "24.04680", "2015-11-30": "22.16790", "2015-08-31": "23.75450", "2015-05-31": "24.12720", "2015-02-28": "24.85880", "2014-11-30": "23.01840", "2014-08-31": "23.21540", "2014-05-31": "22.23500", "2014-02-28": "23.10190", "2013-11-30": "23.40080", "2013-08-31": "23.23520", "2013-05-31": "24.86660", "2013-02-28": "20.90220", "2012-11-30": "23.57770", "2012-08-31": "23.37390", "2012-05-31": "23.71600", "2012-02-29": "23.44670", "2011-11-30": "23.18370", "2011-08-31": "21.29840", "2011-05-31": "23.58380", "2011-02-28": "25.47580", "2010-11-30": "24.00670", "2010-08-31": "23.35500", "2010-05-31": "24.11590", "2010-02-28": "22.96460", "2009-11-30": "23.28160", "2009-08-31": "23.33300", "2009-05-31": "24.96070", "2009-02-28": "22.07400", "2008-11-30": "22.86480", "2008-08-31": "21.84940", "2008-05-31": "22.07750", "2008-02-29": "21.03000", "2007-11-30": "21.91090", "2007-08-31": "23.71310", "2007-05-31": "23.60110", "2007-02-28": "22.76700", "2006-11-30": "21.85410", "2006-08-31": "22.28080", "2006-05-31": "21.28830", "2006-02-28": "20.54340", "2005-11-30": "21.41010", "2005-08-31": "22.52950", "2005-05-31": "24.64140", "2005-02-28": "22.45270"}, "Asset Turnover": {"2020-11-30": "0.18490", "2020-08-31": "0.18410", "2020-05-31": "0.19210", "2020-02-29": "0.20220", "2019-11-30": "0.20810", "2019-08-31": "0.23350", "2019-05-31": "0.24110", "2019-02-28": "0.24230", "2018-11-30": "0.25740", "2018-08-31": "0.24370", "2018-05-31": "0.24160", "2018-02-28": "0.22770", "2017-11-30": "0.23010", "2017-08-31": "0.23110", "2017-05-31": "0.22980", "2017-02-28": "0.27720", "2016-11-30": "0.27540", "2016-08-31": "0.28190", "2016-05-31": "0.27670", "2016-02-29": "0.27580", "2015-11-30": "0.26580", "2015-08-31": "0.35540", "2015-05-31": "0.34960", "2015-02-28": "0.34920", "2014-11-30": "0.37540", "2014-08-31": "0.35990", "2014-05-31": "0.35130", "2014-02-28": "0.34700", "2013-11-30": "0.33220", "2013-08-31": "0.31780", "2013-05-31": "0.29190", "2013-02-28": "0.31800", "2012-11-30": "0.29650", "2012-08-31": "0.29920", "2012-05-31": "0.29130", "2012-02-29": "0.30030", "2011-11-30": "0.29610", "2011-08-31": "0.29190", "2011-05-31": "0.26820", "2011-02-28": "0.26010", "2010-11-30": "0.26280", "2010-08-31": "0.26100", "2010-05-31": "0.26510", "2010-02-28": "0.25640", "2009-11-30": "0.24630", "2009-08-31": "0.24520", "2009-05-31": "0.25160", "2009-02-28": "0.28400", "2008-11-30": "0.28730", "2008-08-31": "0.26170", "2008-05-31": "0.25870", "2008-02-29": "0.26670", "2007-11-30": "0.25920", "2007-08-31": "0.24730", "2007-05-31": "0.23580", "2007-02-28": "0.23780", "2006-11-30": "0.22750", "2006-08-31": "0.23010", "2006-05-31": "0.22650", "2006-02-28": "0.23740", "2005-11-30": "0.24940", "2005-08-31": "0.23820", "2005-05-31": "0.25560", "2005-02-28": "0.25550"}, "Inventory Turnover Ratio": {"2020-11-30": "", "2020-08-31": "", "2020-05-31": "", "2020-02-29": "", "2019-11-30": "", "2019-08-31": "", "2019-05-31": "", "2019-02-28": "", "2018-11-30": "", "2018-08-31": "", "2018-05-31": "", "2018-02-28": "", "2017-11-30": "", "2017-08-31": "", "2017-05-31": "", "2017-02-28": "", "2016-11-30": "", "2016-08-31": "", "2016-05-31": "", "2016-02-29": "", "2015-11-30": "", "2015-08-31": "", "2015-05-31": "", "2015-02-28": "", "2014-11-30": "", "2014-08-31": "", "2014-05-31": "", "2014-02-28": "", "2013-11-30": "", "2013-08-31": "", "2013-05-31": "", "2013-02-28": "", "2012-11-30": "", "2012-08-31": "", "2012-05-31": "", "2012-02-29": "", "2011-11-30": "", "2011-08-31": "", "2011-05-31": "", "2011-02-28": "", "2010-11-30": "", "2010-08-31": "", "2010-05-31": "", "2010-02-28": "", "2009-11-30": "", "2009-08-31": "", "2009-05-31": "", "2009-02-28": "", "2008-11-30": "", "2008-08-31": "", "2008-05-31": "", "2008-02-29": "", "2007-11-30": "", "2007-08-31": "", "2007-05-31": "", "2007-02-28": "", "2006-11-30": "", "2006-08-31": "", "2006-05-31": "", "2006-02-28": "", "2005-11-30": "", "2005-08-31": "", "2005-05-31": "", "2005-02-28": ""}, "Receiveable Turnover": {"2020-11-30": "2.48500", "2020-08-31": "2.47460", "2020-05-31": "2.47090", "2020-02-29": "2.19930", "2019-11-30": "2.52110", "2019-08-31": "2.48980", "2019-05-31": "2.37540", "2019-02-28": "2.01240", "2018-11-30": "2.19930", "2018-08-31": "2.20800", "2018-05-31": "2.34010", "2018-02-28": "2.02570", "2017-11-30": "2.27230", "2017-08-31": "2.20210", "2017-05-31": "2.11670", "2017-02-28": "2.25000", "2016-11-30": "2.62640", "2016-08-31": "2.93760", "2016-05-31": "2.74680", "2016-02-29": "2.66030", "2015-11-30": "2.74260", "2015-08-31": "2.75370", "2015-05-31": "2.77080", "2015-02-28": "2.47700", "2014-11-30": "2.74360", "2014-08-31": "2.64140", "2014-05-31": "2.69270", "2014-02-28": "2.32600", "2013-11-30": "2.92050", "2013-08-31": "2.99260", "2013-05-31": "3.10390", "2013-02-28": "2.48460", "2012-11-30": "2.67550", "2012-08-31": "2.79680", "2012-05-31": "3.03920", "2012-02-29": "2.79000", "2011-11-30": "3.03010", "2011-08-31": "2.55910", "2011-05-31": "2.71920", "2011-02-28": "2.51960", "2010-11-30": "2.71320", "2010-08-31": "2.81830", "2010-05-31": "2.74040", "2010-02-28": "2.30640", "2009-11-30": "2.57410", "2009-08-31": "2.47340", "2009-05-31": "2.18740", "2009-02-28": "1.91790", "2008-11-30": "2.18240", "2008-08-31": "2.05330", "2008-05-31": "2.12490", "2008-02-29": "1.98170", "2007-11-30": "2.13010", "2007-08-31": "2.17410", "2007-05-31": "2.19980", "2007-02-28": "1.66670", "2006-11-30": "1.77910", "2006-08-31": "1.77760", "2006-05-31": "1.59830", "2006-02-28": "1.58980", "2005-11-30": "1.57270", "2005-08-31": "1.53190", "2005-05-31": "1.46430", "2005-02-28": "1.13830"}, "Days Sales In Receivables": {"2020-11-30": "36.21690", "2020-08-31": "36.36950", "2020-05-31": "36.42460", "2020-02-29": "40.92300", "2019-11-30": "35.69830", "2019-08-31": "36.14720", "2019-05-31": "37.88820", "2019-02-28": "44.72320", "2018-11-30": "40.92280", "2018-08-31": "40.76050", "2018-05-31": "38.45990", "2018-02-28": "44.43020", "2017-11-30": "39.60710", "2017-08-31": "40.86980", "2017-05-31": "42.51880", "2017-02-28": "40.00030", "2016-11-30": "34.26750", "2016-08-31": "30.63700", "2016-05-31": "32.76490", "2016-02-29": "33.83130", "2015-11-30": "32.81540", "2015-08-31": "32.68330", "2015-05-31": "32.48210", "2015-02-28": "36.33460", "2014-11-30": "32.80410", "2014-08-31": "34.07230", "2014-05-31": "33.42330", "2014-02-28": "38.69300", "2013-11-30": "30.81660", "2013-08-31": "30.07370", "2013-05-31": "28.99580", "2013-02-28": "36.22380", "2012-11-30": "33.63830", "2012-08-31": "32.18000", "2012-05-31": "29.61340", "2012-02-29": "32.25800", "2011-11-30": "29.70240", "2011-08-31": "35.16930", "2011-05-31": "33.09790", "2011-02-28": "35.71980", "2010-11-30": "33.17120", "2010-08-31": "31.93390", "2010-05-31": "32.84170", "2010-02-28": "39.02170", "2009-11-30": "34.96390", "2009-08-31": "36.38740", "2009-05-31": "41.14410", "2009-02-28": "46.92600", "2008-11-30": "41.23940", "2008-08-31": "43.83220", "2008-05-31": "42.35590", "2008-02-29": "45.41590", "2007-11-30": "42.25090", "2007-08-31": "41.39600", "2007-05-31": "40.91270", "2007-02-28": "53.99940", "2006-11-30": "50.58650", "2006-08-31": "50.63010", "2006-05-31": "56.31160", "2006-02-28": "56.61260", "2005-11-30": "57.22500", "2005-08-31": "58.75060", "2005-05-31": "61.46140", "2005-02-28": "79.06660"}, "ROE - Return On Equity": {"2020-11-30": "10.62450", "2020-08-31": "9.93770", "2020-05-31": "12.76440", "2020-02-29": "12.37320", "2019-11-30": "13.58000", "2019-08-31": "13.61490", "2019-05-31": "14.09900", "2019-02-28": "14.12830", "2018-11-30": "15.57550", "2018-08-31": "13.08670", "2018-05-31": "13.96250", "2018-02-28": "8.68120", "2017-11-30": "11.38420", "2017-08-31": "10.64020", "2017-05-31": "12.39950", "2017-02-28": "13.52510", "2016-11-30": "13.40280", "2016-08-31": "27.89160", "2016-05-31": "12.28370", "2016-02-29": "12.52420", "2015-11-30": "10.75090", "2015-08-31": "11.69790", "2015-05-31": "11.53490", "2015-02-28": "11.64240", "2014-11-30": "11.13560", "2014-08-31": "10.84110", "2014-05-31": "10.00100", "2014-02-28": "10.12760", "2013-11-30": "9.54550", "2013-08-31": "9.40640", "2013-05-31": "8.84600", "2013-02-28": "8.13970", "2012-11-30": "8.48560", "2012-08-31": "8.78910", "2012-05-31": "8.56200", "2012-02-29": "8.59260", "2011-11-30": "8.49120", "2011-08-31": "7.93500", "2011-05-31": "7.81170", "2011-02-28": "8.10730", "2010-11-30": "7.66760", "2010-08-31": "7.82060", "2010-05-31": "7.93130", "2010-02-28": "7.19990", "2009-11-30": "6.87240", "2009-08-31": "7.24280", "2009-05-31": "7.77650", "2009-02-28": "7.78780", "2008-11-30": "8.23450", "2008-08-31": "7.21510", "2008-05-31": "7.14070", "2008-02-29": "6.95760", "2007-11-30": "6.93280", "2007-08-31": "7.50430", "2007-05-31": "6.79300", "2007-02-28": "6.64420", "2006-11-30": "6.17050", "2006-08-31": "6.53580", "2006-05-31": "6.22110", "2006-02-28": "6.20520", "2005-11-30": "6.73370", "2005-08-31": "6.95500", "2005-05-31": "8.17410", "2005-02-28": "7.34600"}, "Return On Tangible Equity": {"2020-11-30": "127.94370", "2020-08-31": "135.83870", "2020-05-31": "-445.23760", "2020-02-29": "-86.84490", "2019-11-30": "-71.65620", "2019-08-31": "-66.36190", "2019-05-31": "-55.66450", "2019-02-28": "-35.75180", "2018-11-30": "-28.60160", "2018-08-31": "-21.18490", "2018-05-31": "-22.98110", "2018-02-28": "-19.71620", "2017-11-30": "-26.74660", "2017-08-31": "-18.52820", "2017-05-31": "-19.03520", "2017-02-28": "-56.39200", "2016-11-30": "-55.52980", "2016-08-31": "-502.89580", "2016-05-31": "-453.86060", "2016-02-29": "-123.12700", "2015-11-30": "-113.56800", "2015-08-31": "33.93490", "2015-05-31": "33.45030", "2015-02-28": "34.24430", "2014-11-30": "30.33610", "2014-08-31": "30.17500", "2014-05-31": "28.10150", "2014-02-28": "28.69210", "2013-11-30": "21.11950", "2013-08-31": "19.52690", "2013-05-31": "16.53060", "2013-02-28": "16.84550", "2012-11-30": "16.70520", "2012-08-31": "18.44870", "2012-05-31": "15.97570", "2012-02-29": "16.85880", "2011-11-30": "16.96160", "2011-08-31": "16.98990", "2011-05-31": "15.61880", "2011-02-28": "16.08840", "2010-11-30": "15.47820", "2010-08-31": "17.21510", "2010-05-31": "13.83530", "2010-02-28": "12.68130", "2009-11-30": "12.13970", "2009-08-31": "13.28120", "2009-05-31": "14.41980", "2009-02-28": "15.25430", "2008-11-30": "17.14620", "2008-08-31": "15.31010", "2008-05-31": "12.55130", "2008-02-29": "13.04700", "2007-11-30": "12.32320", "2007-08-31": "13.57100", "2007-05-31": "12.02890", "2007-02-28": "12.32550", "2006-11-30": "11.92330", "2006-08-31": "13.45290", "2006-05-31": "13.77910", "2006-02-28": "14.82000", "2005-11-30": "17.03330", "2005-08-31": "16.12300", "2005-05-31": "14.24470", "2005-02-28": "13.58060"}, "ROA - Return On Assets": {"2020-11-30": "4.82070", "2020-08-31": "4.27570", "2020-05-31": "5.19670", "2020-02-29": "4.85000", "2019-11-30": "5.33170", "2019-08-31": "5.86660", "2019-05-31": "6.10260", "2019-02-28": "5.78170", "2018-11-30": "6.17130", "2018-08-31": "4.84860", "2018-05-31": "5.31180", "2018-02-28": "3.60860", "2017-11-30": "4.91950", "2017-08-31": "4.21360", "2017-05-31": "4.81690", "2017-02-28": "6.28260", "2016-11-30": "6.36450", "2016-08-31": "14.15930", "2016-05-31": "6.42760", "2016-02-29": "6.63230", "2015-11-30": "5.89230", "2015-08-31": "8.44120", "2015-05-31": "8.43440", "2015-02-28": "8.68100", "2014-11-30": "8.64070", "2014-08-31": "8.35430", "2014-05-31": "7.81220", "2014-02-28": "8.01660", "2013-11-30": "7.77430", "2013-08-31": "7.38370", "2013-05-31": "7.25760", "2013-02-28": "6.64780", "2012-11-30": "6.99140", "2012-08-31": "6.99270", "2012-05-31": "6.90840", "2012-02-29": "7.04190", "2011-11-30": "6.86410", "2011-08-31": "6.21810", "2011-05-31": "6.32620", "2011-02-28": "6.62510", "2010-11-30": "6.30890", "2010-08-31": "6.09530", "2010-05-31": "6.39280", "2010-02-28": "5.88810", "2009-11-30": "5.73470", "2009-08-31": "5.72190", "2009-05-31": "6.28020", "2009-02-28": "6.26830", "2008-11-30": "6.56840", "2008-08-31": "5.71860", "2008-05-31": "5.71120", "2008-02-29": "5.60790", "2007-11-30": "5.67910", "2007-08-31": "5.86460", "2007-05-31": "5.56410", "2007-02-28": "5.41370", "2006-11-30": "4.97230", "2006-08-31": "5.12720", "2006-05-31": "4.82160", "2006-02-28": "4.87750", "2005-11-30": "5.33960", "2005-08-31": "5.36560", "2005-05-31": "6.29910", "2005-02-28": "5.73610"}, "ROI - Return On Investment": {"2020-11-30": "6.62310", "2020-08-31": "6.05680", "2020-05-31": "7.40280", "2020-02-29": "6.86940", "2019-11-30": "7.42100", "2019-08-31": "7.34310", "2019-05-31": "7.51010", "2019-02-28": "7.21260", "2018-11-30": "7.55330", "2018-08-31": "6.25280", "2018-05-31": "6.73340", "2018-02-28": "4.47740", "2017-11-30": "5.89990", "2017-08-31": "5.24830", "2017-05-31": "5.93300", "2017-02-28": "7.77300", "2016-11-30": "7.72620", "2016-08-31": "17.65470", "2016-05-31": "7.91570", "2016-02-29": "8.05690", "2015-11-30": "6.99080", "2015-08-31": "10.97530", "2015-05-31": "10.82340", "2015-02-28": "10.92000", "2014-11-30": "11.13560", "2014-08-31": "10.84110", "2014-05-31": "10.00100", "2014-02-28": "10.12760", "2013-11-30": "9.54550", "2013-08-31": "9.40640", "2013-05-31": "8.84600", "2013-02-28": "8.13970", "2012-11-30": "8.48560", "2012-08-31": "8.78910", "2012-05-31": "8.56200", "2012-02-29": "8.59260", "2011-11-30": "8.49120", "2011-08-31": "7.93500", "2011-05-31": "7.81170", "2011-02-28": "8.10730", "2010-11-30": "7.66760", "2010-08-31": "7.82060", "2010-05-31": "7.93130", "2010-02-28": "7.19990", "2009-11-30": "6.87240", "2009-08-31": "7.24280", "2009-05-31": "7.77650", "2009-02-28": "7.78780", "2008-11-30": "8.23450", "2008-08-31": "7.21510", "2008-05-31": "7.14070", "2008-02-29": "6.95760", "2007-11-30": "6.93280", "2007-08-31": "7.50430", "2007-05-31": "6.79300", "2007-02-28": "6.64420", "2006-11-30": "6.17050", "2006-08-31": "6.53580", "2006-05-31": "6.22110", "2006-02-28": "6.20520", "2005-11-30": "6.69570", "2005-08-31": "6.95500", "2005-05-31": "8.17410", "2005-02-28": "7.34600"}, "Book Value Per Share": {"2020-11-30": "25.06240", "2020-08-31": "23.57020", "2020-05-31": "20.91850", "2020-02-29": "18.93740", "2019-11-30": "18.25340", "2019-08-31": "17.63620", "2019-05-31": "17.12310", "2019-02-28": "15.73550", "2018-11-30": "14.21210", "2018-08-31": "13.76950", "2018-05-31": "13.94640", "2018-02-28": "15.72410", "2017-11-30": "15.80710", "2017-08-31": "14.34260", "2017-05-31": "13.45870", "2017-02-28": "12.51250", "2016-11-30": "12.51220", "2016-08-31": "12.92230", "2016-05-31": "13.37210", "2016-02-29": "13.19620", "2015-11-30": "13.47820", "2015-08-31": "12.86600", "2015-05-31": "12.81870", "2015-02-28": "12.70920", "2014-11-30": "12.06460", "2014-08-31": "12.22890", "2014-05-31": "12.26360", "2014-02-28": "12.21980", "2013-11-30": "12.71570", "2013-08-31": "12.50530", "2013-05-31": "13.69930", "2013-02-28": "12.55610", "2012-11-30": "13.22700", "2012-08-31": "12.47240", "2012-05-31": "12.50440", "2012-02-29": "12.15400", "2011-11-30": "11.88910", "2011-08-31": "11.43470", "2011-05-31": "12.09770", "2011-02-28": "12.09770", "2010-11-30": "11.70640", "2010-08-31": "10.91620", "2010-05-31": "10.52130", "2010-02-28": "10.75350", "2009-11-30": "11.16190", "2009-08-31": "10.71520", "2009-05-31": "10.51000", "2009-02-28": "9.45510", "2008-11-30": "9.17310", "2008-08-31": "9.70360", "2008-05-31": "9.49520", "2008-02-29": "8.85470", "2007-11-30": "8.79200", "2007-08-31": "8.46580", "2007-05-31": "8.60750", "2007-02-28": "8.15930", "2006-11-30": "7.87280", "2006-08-31": "7.33680", "2006-05-31": "6.92410", "2006-02-28": "6.37020", "2005-11-30": "5.88970", "2005-08-31": "5.54620", "2005-05-31": "4.99620", "2005-02-28": "4.86230"}, "Operating Cash Flow Per Share": {"2020-11-30": "2.30710", "2020-08-31": 4.0869, "2020-05-31": 3.9353, "2020-02-29": 2.5844, "2019-11-30": "2.48250", "2019-08-31": 3.1578, "2019-05-31": 4.0612, "2019-02-28": 2.5755, "2018-11-30": "1.19350", "2018-08-31": 2.6506, "2018-05-31": 3.2865, "2018-02-28": 2.3162, "2017-11-30": "1.54090", "2017-08-31": 2.5019, "2017-05-31": 2.358, "2017-02-28": 1.951, "2016-11-30": "1.27460", "2016-08-31": 1.6661, "2016-05-31": 2.3854, "2016-02-29": 2.2638, "2015-11-30": "1.69000", "2015-08-31": 1.9871, "2015-05-31": 2.4145, "2015-02-28": 1.1731, "2014-11-30": "1.68090", "2014-08-31": 1.6217, "2014-05-31": 2.2556, "2014-02-28": 0.9621, "2013-11-30": "1.32820", "2013-08-31": 1.6937, "2013-05-31": 2.1698, "2013-02-28": 1.0572, "2012-11-30": "1.12560", "2012-08-31": 1.2396, "2012-05-31": 1.6699, "2012-02-29": 0.9665, "2011-11-30": "1.18760", "2011-08-31": 1.4688, "2011-05-31": 1.377, "2011-02-28": 1.0611, "2010-11-30": "0.46720", "2010-08-31": 1.4463, "2010-05-31": 1.4917, "2010-02-28": 0.9428, "2009-11-30": "0.51630", "2009-08-31": 1.342, "2009-05-31": 1.3615, "2009-02-28": 0.7448, "2008-11-30": "0.81020", "2008-08-31": 0.7821, "2008-05-31": 1.1801, "2008-02-29": 0.6265, "2007-11-30": "0.26920", "2007-08-31": 1.1123, "2007-05-31": 0.9903, "2007-02-28": 0.4883, "2006-11-30": "0.44920", "2006-08-31": 0.6582, "2006-05-31": 0.8742, "2006-02-28": 0.615, "2005-11-30": "0.24080", "2005-08-31": 0.624, "2005-05-31": 0.8941, "2005-02-28": 0.3628}, "Free Cash Flow Per Share": {"2020-11-30": "1.83330", "2020-08-31": 3.7126, "2020-05-31": 3.6459, "2020-02-29": 1.933, "2019-11-30": "1.78850", "2019-08-31": 2.4744, "2019-05-31": 3.7736, "2019-02-28": 2.2646, "2018-11-30": "0.94810", "2018-08-31": 2.2693, "2018-05-31": 3.1272, "2018-02-28": 2.1546, "2017-11-30": "1.39190", "2017-08-31": 2.2306, "2017-05-31": 2.154, "2017-02-28": 1.8091, "2016-11-30": "0.96200", "2016-08-31": 1.3538, "2016-05-31": 2.1801, "2016-02-29": 1.9693, "2015-11-30": "1.34800", "2015-08-31": 1.743, "2015-05-31": 2.3287, "2015-02-28": 1.0087, "2014-11-30": "1.56720", "2014-08-31": 1.4835, "2014-05-31": 2.1672, "2014-02-28": 0.9, "2013-11-30": "1.20400", "2013-08-31": 1.5774, "2013-05-31": 2.0754, "2013-02-28": 0.9884, "2012-11-30": "0.99010", "2012-08-31": 1.1167, "2012-05-31": 1.534, "2012-02-29": 0.865, "2011-11-30": "1.05630", "2011-08-31": 1.3329, "2011-05-31": 1.2187, "2011-02-28": 0.9046, "2010-11-30": "0.29830", "2010-08-31": 1.3002, "2010-05-31": 1.3935, "2010-02-28": 0.8924, "2009-11-30": "0.37840", "2009-08-31": 1.2376, "2009-05-31": 1.2985, "2009-02-28": 0.6106, "2008-11-30": "0.61910", "2008-08-31": 0.5864, "2008-05-31": 0.9225, "2008-02-29": 0.479, "2007-11-30": "0.15560", "2007-08-31": 0.8414, "2007-05-31": 0.794, "2007-02-28": 0.3461, "2006-11-30": "0.29320", "2006-08-31": 0.5934, "2006-05-31": 0.6106, "2006-02-28": 0.5028, "2005-11-30": "0.27060", "2005-08-31": 0.5265, "2005-05-31": 0.7332, "2005-02-28": 0.1839}}, "revenue": {"FactSet Research Systems Annual Revenue (Millions of US $)": {"2020": "$1,494", "2019": "$1,435", "2018": "$1,350", "2017": "$1,221", "2016": "$1,127", "2015": "$1,007", "2014": "$920", "2013": "$858", "2012": "$806", "2011": "$727", "2010": "$641", "2009": "$622", "2008": "$576", "2007": "$476", "2006": "$387", "2005": "$313"}, "FactSet Research Systems Quarterly Revenue (Millions of US $)": {"2020-11-30": "$388", "2020-08-31": "$384", "2020-05-31": "$374", "2020-02-29": "$370", "2019-11-30": "$367", "2019-08-31": "$364", "2019-05-31": "$365", "2019-02-28": "$355", "2018-11-30": "$352", "2018-08-31": "$346", "2018-05-31": "$340", "2018-02-28": "$335", "2017-11-30": "$329", "2017-08-31": "$327", "2017-05-31": "$312", "2017-02-28": "$294", "2016-11-30": "$288", "2016-08-31": "$287", "2016-05-31": "$288", "2016-02-29": "$282", "2015-11-30": "$271", "2015-08-31": "$262", "2015-05-31": "$255", "2015-02-28": "$248", "2014-11-30": "$243", "2014-08-31": "$239", "2014-05-31": "$232", "2014-02-28": "$227", "2013-11-30": "$223", "2013-08-31": "$219", "2013-05-31": "$215", "2013-02-28": "$213", "2012-11-30": "$211", "2012-08-31": "$208", "2012-05-31": "$202", "2012-02-29": "$199", "2011-11-30": "$196", "2011-08-31": "$192", "2011-05-31": "$184", "2011-02-28": "$178", "2010-11-30": "$173", "2010-08-31": "$168", "2010-05-31": "$160", "2010-02-28": "$157", "2009-11-30": "$155", "2009-08-31": "$155", "2009-05-31": "$154", "2009-02-28": "$157", "2008-11-30": "$156", "2008-08-31": "$154", "2008-05-31": "$147", "2008-02-29": "$140", "2007-11-30": "$134", "2007-08-31": "$130", "2007-05-31": "$121", "2007-02-28": "$116", "2006-11-30": "$109", "2006-08-31": "$105", "2006-05-31": "$99", "2006-02-28": "$94", "2005-11-30": "$90", "2005-08-31": "$83", "2005-05-31": "$79", "2005-02-28": "$76"}}, "gross-profit": {"FactSet Research Systems Annual Gross Profit (Millions of US $)": {"2020": "$799", "2019": "$772", "2018": "$691", "2017": "$655", "2016": "$640", "2015": "$601", "2014": "$567", "2013": "$552", "2012": "$530", "2011": "$482", "2010": "$435", "2009": "$413", "2008": "$384", "2007": "$323", "2006": "$266", "2005": "$221"}, "FactSet Research Systems Quarterly Gross Profit (Millions of US $)": {"2020-11-30": "$200", "2020-08-31": "$200", "2020-05-31": "$203", "2020-02-29": "$194", "2019-11-30": "$202", "2019-08-31": "$197", "2019-05-31": "$201", "2019-02-28": "$190", "2018-11-30": "$185", "2018-08-31": "$176", "2018-05-31": "$175", "2018-02-28": "$172", "2017-11-30": "$168", "2017-08-31": "$165", "2017-05-31": "$166", "2017-02-28": "$163", "2016-11-30": "$161", "2016-08-31": "$163", "2016-05-31": "$163", "2016-02-29": "$158", "2015-11-30": "$156", "2015-08-31": "$154", "2015-05-31": "$154", "2015-02-28": "$148", "2014-11-30": "$145", "2014-08-31": "$146", "2014-05-31": "$141", "2014-02-28": "$140", "2013-11-30": "$140", "2013-08-31": "$139", "2013-05-31": "$138", "2013-02-28": "$137", "2012-11-30": "$137", "2012-08-31": "$135", "2012-05-31": "$133", "2012-02-29": "$132", "2011-11-30": "$130", "2011-08-31": "$126", "2011-05-31": "$121", "2011-02-28": "$117", "2010-11-30": "$117", "2010-08-31": "$114", "2010-05-31": "$109", "2010-02-28": "$106", "2009-11-30": "$105", "2009-08-31": "$103", "2009-05-31": "$104", "2009-02-28": "$104", "2008-11-30": "$102", "2008-08-31": "$103", "2008-05-31": "$99", "2008-02-29": "$93", "2007-11-30": "$89", "2007-08-31": "$88", "2007-05-31": "$82", "2007-02-28": "$80", "2006-11-30": "$74", "2006-08-31": "$73", "2006-05-31": "$67", "2006-02-28": "$65", "2005-11-30": "$62", "2005-08-31": "$58", "2005-05-31": "$56", "2005-02-28": "$55"}}, "operating-income": {"FactSet Research Systems Annual Operating Income (Millions of US $)": {"2020": "$440", "2019": "$438", "2018": "$366", "2017": "$352", "2016": "$350", "2015": "$332", "2014": "$302", "2013": "$269", "2012": "$273", "2011": "$238", "2010": "$222", "2009": "$211", "2008": "$184", "2007": "$155", "2006": "$121", "2005": "$109"}, "FactSet Research Systems Quarterly Operating Income (Millions of US $)": {"2020-11-30": "$121", "2020-08-31": "$99", "2020-05-31": "$122", "2020-02-29": "$106", "2019-11-30": "$113", "2019-08-31": "$112", "2019-05-31": "$117", "2019-02-28": "$109", "2018-11-30": "$101", "2018-08-31": "$88", "2018-05-31": "$93", "2018-02-28": "$95", "2017-11-30": "$89", "2017-08-31": "$82", "2017-05-31": "$88", "2017-02-28": "$92", "2016-11-30": "$90", "2016-08-31": "$88", "2016-05-31": "$89", "2016-02-29": "$85", "2015-11-30": "$87", "2015-08-31": "$86", "2015-05-31": "$85", "2015-02-28": "$81", "2014-11-30": "$80", "2014-08-31": "$79", "2014-05-31": "$73", "2014-02-28": "$75", "2013-11-30": "$75", "2013-08-31": "$71", "2013-05-31": "$72", "2013-02-28": "$56", "2012-11-30": "$71", "2012-08-31": "$71", "2012-05-31": "$68", "2012-02-29": "$67", "2011-11-30": "$67", "2011-08-31": "$59", "2011-05-31": "$62", "2011-02-28": "$58", "2010-11-30": "$59", "2010-08-31": "$57", "2010-05-31": "$56", "2010-02-28": "$54", "2009-11-30": "$54", "2009-08-31": "$54", "2009-05-31": "$53", "2009-02-28": "$52", "2008-11-30": "$51", "2008-08-31": "$50", "2008-05-31": "$48", "2008-02-29": "$43", "2007-11-30": "$42", "2007-08-31": "$43", "2007-05-31": "$39", "2007-02-28": "$38", "2006-11-30": "$35", "2006-08-31": "$33", "2006-05-31": "$31", "2006-02-28": "$30", "2005-11-30": "$27", "2005-08-31": "$29", "2005-05-31": "$27", "2005-02-28": "$27"}}, "ebitda": {"FactSet Research Systems Annual EBITDA (Millions of US $)": {"2020": "$540", "2019": "$498", "2018": "$423", "2017": "$400", "2016": "$388", "2015": "$363", "2014": "$337", "2013": "$305", "2012": "$307", "2011": "$275", "2010": "$259", "2009": "$245", "2008": "$215", "2007": "$184", "2006": "$146", "2005": "$127"}, "FactSet Research Systems Quarterly EBITDA (Millions of US $)": {"2020-11-30": "$147", "2020-08-31": "$158", "2020-05-31": "$135", "2020-02-29": "$109", "2019-11-30": "$138", "2019-08-31": "$128", "2019-05-31": "$132", "2019-02-28": "$123", "2018-11-30": "$115", "2018-08-31": "$103", "2018-05-31": "$108", "2018-02-28": "$110", "2017-11-30": "$103", "2017-08-31": "$97", "2017-05-31": "$101", "2017-02-28": "$102", "2016-11-30": "$100", "2016-08-31": "$98", "2016-05-31": "$99", "2016-02-29": "$95", "2015-11-30": "$96", "2015-08-31": "$93", "2015-05-31": "$93", "2015-02-28": "$89", "2014-11-30": "$88", "2014-08-31": "$88", "2014-05-31": "$81", "2014-02-28": "$84", "2013-11-30": "$84", "2013-08-31": "$79", "2013-05-31": "$81", "2013-02-28": "$65", "2012-11-30": "$80", "2012-08-31": "$79", "2012-05-31": "$77", "2012-02-29": "$75", "2011-11-30": "$75", "2011-08-31": "$68", "2011-05-31": "$71", "2011-02-28": "$67", "2010-11-30": "$69", "2010-08-31": "$67", "2010-05-31": "$65", "2010-02-28": "$64", "2009-11-30": "$63", "2009-08-31": "$63", "2009-05-31": "$62", "2009-02-28": "$61", "2008-11-30": "$60", "2008-08-31": "$58", "2008-05-31": "$55", "2008-02-29": "$51", "2007-11-30": "$50", "2007-08-31": "$50", "2007-05-31": "$47", "2007-02-28": "$45", "2006-11-30": "$42", "2006-08-31": "$40", "2006-05-31": "$37", "2006-02-28": "$35", "2005-11-30": "$33", "2005-08-31": "$34", "2005-05-31": "$32", "2005-02-28": "$32"}}, "net-income": {"FactSet Research Systems Annual Net Income (Millions of US $)": {"2020": "$373", "2019": "$353", "2018": "$267", "2017": "$258", "2016": "$339", "2015": "$241", "2014": "$212", "2013": "$199", "2012": "$189", "2011": "$171", "2010": "$150", "2009": "$145", "2008": "$125", "2007": "$110", "2006": "$83", "2005": "$72"}, "FactSet Research Systems Quarterly Net Income (Millions of US $)": {"2020-11-30": "$101", "2020-08-31": "$89", "2020-05-31": "$101", "2020-02-29": "$89", "2019-11-30": "$94", "2019-08-31": "$92", "2019-05-31": "$92", "2019-02-28": "$85", "2018-11-30": "$84", "2018-08-31": "$69", "2018-05-31": "$75", "2018-02-28": "$53", "2017-11-30": "$70", "2017-08-31": "$60", "2017-05-31": "$65", "2017-02-28": "$67", "2016-11-30": "$67", "2016-08-31": "$144", "2016-05-31": "$67", "2016-02-29": "$68", "2015-11-30": "$60", "2015-08-31": "$62", "2015-05-31": "$61", "2015-02-28": "$62", "2014-11-30": "$56", "2014-08-31": "$55", "2014-05-31": "$52", "2014-02-28": "$52", "2013-11-30": "$52", "2013-08-31": "$51", "2013-05-31": "$53", "2013-02-28": "$45", "2012-11-30": "$50", "2012-08-31": "$49", "2012-05-31": "$48", "2012-02-29": "$47", "2011-11-30": "$46", "2011-08-31": "$41", "2011-05-31": "$43", "2011-02-28": "$45", "2010-11-30": "$42", "2010-08-31": "$39", "2010-05-31": "$39", "2010-02-28": "$36", "2009-11-30": "$36", "2009-08-31": "$36", "2009-05-31": "$39", "2009-02-28": "$35", "2008-11-30": "$36", "2008-08-31": "$34", "2008-05-31": "$33", "2008-02-29": "$29", "2007-11-30": "$29", "2007-08-31": "$31", "2007-05-31": "$29", "2007-02-28": "$26", "2006-11-30": "$24", "2006-08-31": "$23", "2006-05-31": "$21", "2006-02-28": "$19", "2005-11-30": "$19", "2005-08-31": "$19", "2005-05-31": "$20", "2005-02-28": "$17"}}, "eps-earnings-per-share-diluted": {"FactSet Research Systems Annual EPS": {"2020": "$9.65", "2019": "$9.08", "2018": "$6.78", "2017": "$6.51", "2016": "$8.19", "2015": "$5.71", "2014": "$4.92", "2013": "$4.45", "2012": "$4.12", "2011": "$3.61", "2010": "$3.13", "2009": "$2.97", "2008": "$2.50", "2007": "$2.14", "2006": "$1.64", "2005": "$1.43"}, "FactSet Research Systems Quarterly EPS": {"2020-11-30": "$2.62", "2020-08-31": "$2.29", "2020-05-31": "$2.63", "2020-02-29": "$2.30", "2019-11-30": "$2.43", "2019-08-31": "$2.35", "2019-05-31": "$2.37", "2019-02-28": "$2.19", "2018-11-30": "$2.17", "2018-08-31": "$1.77", "2018-05-31": "$1.91", "2018-02-28": "$1.33", "2017-11-30": "$1.77", "2017-08-31": "$1.51", "2017-05-31": "$1.66", "2017-02-28": "$1.68", "2016-11-30": "$1.66", "2016-08-31": "$3.51", "2016-05-31": "$1.62", "2016-02-29": "$1.63", "2015-11-30": "$1.43", "2015-08-31": "$1.48", "2015-05-31": "$1.45", "2015-02-28": "$1.46", "2014-11-30": "$1.32", "2014-08-31": "$1.30", "2014-05-31": "$1.21", "2014-02-28": "$1.22", "2013-11-30": "$1.19", "2013-08-31": "$1.14", "2013-05-31": "$1.20", "2013-02-28": "$1.00", "2012-11-30": "$1.11", "2012-08-31": "$1.06", "2012-05-31": "$1.05", "2012-02-29": "$1.02", "2011-11-30": "$0.99", "2011-08-31": "$0.86", "2011-05-31": "$0.92", "2011-02-28": "$0.95", "2010-11-30": "$0.88", "2010-08-31": "$0.83", "2010-05-31": "$0.81", "2010-02-28": "$0.75", "2009-11-30": "$0.74", "2009-08-31": "$0.74", "2009-05-31": "$0.79", "2009-02-28": "$0.71", "2008-11-30": "$0.73", "2008-08-31": "$0.68", "2008-05-31": "$0.65", "2008-02-29": "$0.59", "2007-11-30": "$0.58", "2007-08-31": "$0.59", "2007-05-31": "$0.56", "2007-02-28": "$0.52", "2006-11-30": "$0.47", "2006-08-31": "$0.47", "2006-05-31": "$0.41", "2006-02-28": "$0.38", "2005-11-30": "$0.38", "2005-08-31": "$0.37", "2005-05-31": "$0.39", "2005-02-28": "$0.34"}}, "shares-outstanding": {"FactSet Research Systems Annual Shares Outstanding (Millions of Shares)": {"2020": "39", "2019": "39", "2018": "39", "2017": "40", "2016": "41", "2015": "42", "2014": "43", "2013": "45", "2012": "46", "2011": "47", "2010": "48", "2009": "49", "2008": "50", "2007": "51", "2006": "51", "2005": "50"}, "FactSet Research Systems Quarterly Shares Outstanding (Millions of Shares)": {"2020-11-30": "39", "2020-08-31": "39", "2020-05-31": "38", "2020-02-29": "39", "2019-11-30": "39", "2019-08-31": "39", "2019-05-31": "39", "2019-02-28": "39", "2018-11-30": "39", "2018-08-31": "39", "2018-05-31": "39", "2018-02-28": "40", "2017-11-30": "40", "2017-08-31": "40", "2017-05-31": "39", "2017-02-28": "40", "2016-11-30": "40", "2016-08-31": "41", "2016-05-31": "41", "2016-02-29": "42", "2015-11-30": "42", "2015-08-31": "42", "2015-05-31": "42", "2015-02-28": "42", "2014-11-30": "42", "2014-08-31": "43", "2014-05-31": "43", "2014-02-28": "43", "2013-11-30": "44", "2013-08-31": "45", "2013-05-31": "44", "2013-02-28": "44", "2012-11-30": "45", "2012-08-31": "46", "2012-05-31": "46", "2012-02-29": "46", "2011-11-30": "46", "2011-08-31": "47", "2011-05-31": "47", "2011-02-28": "47", "2010-11-30": "47", "2010-08-31": "48", "2010-05-31": "48", "2010-02-28": "48", "2009-11-30": "49", "2009-08-31": "49", "2009-05-31": "49", "2009-02-28": "49", "2008-11-30": "49", "2008-08-31": "50", "2008-05-31": "50", "2008-02-29": "50", "2007-11-30": "51", "2007-08-31": "51", "2007-05-31": "51", "2007-02-28": "51", "2006-11-30": "51", "2006-08-31": "51", "2006-05-31": "51", "2006-02-28": "51", "2005-11-30": "50", "2005-08-31": "50", "2005-05-31": "50", "2005-02-28": "50"}}, "total-assets": {"FactSet Research Systems Annual Total Assets (Millions of US $)": {"2020": "$2,083", "2019": "$1,560", "2018": "$1,419", "2017": "$1,413", "2016": "$1,019", "2015": "$737", "2014": "$663", "2013": "$690", "2012": "$694", "2011": "$657", "2010": "$645", "2009": "$634", "2008": "$587", "2007": "$524", "2006": "$457", "2005": "$348"}, "FactSet Research Systems Quarterly Total Assets (Millions of US $)": {"2020-11-30": "$2,099", "2020-08-31": "$2,083", "2020-05-31": "$1,948", "2020-02-29": "$1,829", "2019-11-30": "$1,762", "2019-08-31": "$1,560", "2019-05-31": "$1,512", "2019-02-28": "$1,465", "2018-11-30": "$1,366", "2018-08-31": "$1,419", "2018-05-31": "$1,407", "2018-02-28": "$1,472", "2017-11-30": "$1,431", "2017-08-31": "$1,413", "2017-05-31": "$1,358", "2017-02-28": "$1,062", "2016-11-30": "$1,046", "2016-08-31": "$1,019", "2016-05-31": "$1,039", "2016-02-29": "$1,022", "2015-11-30": "$1,018", "2015-08-31": "$737", "2015-05-31": "$728", "2015-02-28": "$710", "2014-11-30": "$646", "2014-08-31": "$663", "2014-05-31": "$660", "2014-02-28": "$654", "2013-11-30": "$671", "2013-08-31": "$690", "2013-05-31": "$735", "2013-02-28": "$670", "2012-11-30": "$712", "2012-08-31": "$694", "2012-05-31": "$695", "2012-02-29": "$664", "2011-11-30": "$664", "2011-08-31": "$657", "2011-05-31": "$685", "2011-02-28": "$683", "2010-11-30": "$659", "2010-08-31": "$645", "2010-05-31": "$605", "2010-02-28": "$613", "2009-11-30": "$630", "2009-08-31": "$634", "2009-05-31": "$614", "2009-02-28": "$551", "2008-11-30": "$542", "2008-08-31": "$587", "2008-05-31": "$570", "2008-02-29": "$526", "2007-11-30": "$518", "2007-08-31": "$524", "2007-05-31": "$514", "2007-02-28": "$489", "2006-11-30": "$479", "2006-08-31": "$457", "2006-05-31": "$436", "2006-02-28": "$395", "2005-11-30": "$359", "2005-08-31": "$348", "2005-05-31": "$310", "2005-02-28": "$299"}}, "cash-on-hand": {"FactSet Research Systems Annual Cash on Hand (Millions of US $)": {"2020": "$605", "2019": "$386", "2018": "$238", "2017": "$227", "2016": "$253", "2015": "$182", "2014": "$136", "2013": "$209", "2012": "$203", "2011": "$182", "2010": "$196", "2009": "$216", "2008": "$143", "2007": "$186", "2006": "$143", "2005": "$76"}, "FactSet Research Systems Quarterly Cash on Hand (Millions of US $)": {"2020-11-30": "$578", "2020-08-31": "$605", "2020-05-31": "$480", "2020-02-29": "$367", "2019-11-30": "$362", "2019-08-31": "$386", "2019-05-31": "$350", "2019-02-28": "$245", "2018-11-30": "$198", "2018-08-31": "$238", "2018-05-31": "$244", "2018-02-28": "$265", "2017-11-30": "$254", "2017-08-31": "$227", "2017-05-31": "$194", "2017-02-28": "$185", "2016-11-30": "$194", "2016-08-31": "$253", "2016-05-31": "$211", "2016-02-29": "$198", "2015-11-30": "$203", "2015-08-31": "$182", "2015-05-31": "$183", "2015-02-28": "$147", "2014-11-30": "$140", "2014-08-31": "$136", "2014-05-31": "$134", "2014-02-28": "$103", "2013-11-30": "$188", "2013-08-31": "$209", "2013-05-31": "$257", "2013-02-28": "$166", "2012-11-30": "$225", "2012-08-31": "$203", "2012-05-31": "$242", "2012-02-29": "$200", "2011-11-30": "$208", "2011-08-31": "$182", "2011-05-31": "$209", "2011-02-28": "$203", "2010-11-30": "$202", "2010-08-31": "$196", "2010-05-31": "$225", "2010-02-28": "$205", "2009-11-30": "$218", "2009-08-31": "$216", "2009-05-31": "$191", "2009-02-28": "$132", "2008-11-30": "$124", "2008-08-31": "$143", "2008-05-31": "$192", "2008-02-29": "$147", "2007-11-30": "$171", "2007-08-31": "$186", "2007-05-31": "$189", "2007-02-28": "$156", "2006-11-30": "$156", "2006-08-31": "$143", "2006-05-31": "$119", "2006-02-28": "$90", "2005-11-30": "$68", "2005-08-31": "$76", "2005-05-31": "$91", "2005-02-28": "$63"}}, "long-term-debt": {"FactSet Research Systems Annual Long Term Debt (Millions of US $)": {"2020": "$574", "2019": "$574", "2018": "$575", "2017": "$575", "2016": "$300", "2015": "$35", "2014": "$", "2013": "$", "2012": "$", "2011": "$", "2010": "$", "2009": "$", "2008": "$", "2007": "$", "2006": "$", "2005": "$"}, "FactSet Research Systems Quarterly Long Term Debt (Millions of US $)": {"2020-11-30": "$576", "2020-08-31": "$574", "2020-05-31": "$574", "2020-02-29": "$574", "2019-11-30": "$574", "2019-08-31": "$574", "2019-05-31": "$574", "2019-02-28": "$575", "2018-11-30": "$575", "2018-08-31": "$575", "2018-05-31": "$575", "2018-02-28": "$575", "2017-11-30": "$575", "2017-08-31": "$575", "2017-05-31": "$575", "2017-02-28": "$365", "2016-11-30": "$365", "2016-08-31": "$300", "2016-05-31": "$300", "2016-02-29": "$300", "2015-11-30": "$300", "2015-08-31": "$35", "2015-05-31": "$35", "2015-02-28": "$35", "2014-11-30": "", "2014-08-31": "", "2014-05-31": "", "2014-02-28": "", "2013-11-30": "", "2013-08-31": "", "2013-05-31": "", "2013-02-28": "", "2012-11-30": "", "2012-08-31": "", "2012-05-31": "", "2012-02-29": "", "2011-11-30": "", "2011-08-31": "", "2011-05-31": "", "2011-02-28": "", "2010-11-30": "", "2010-08-31": "", "2010-05-31": "", "2010-02-28": "", "2009-11-30": "", "2009-08-31": "", "2009-05-31": "", "2009-02-28": "", "2008-11-30": "", "2008-08-31": "", "2008-05-31": "", "2008-02-29": "", "2007-11-30": "", "2007-08-31": "", "2007-05-31": "", "2007-02-28": "", "2006-11-30": "", "2006-08-31": "", "2006-05-31": "", "2006-02-28": "", "2005-11-30": "$2", "2005-08-31": "", "2005-05-31": "", "2005-02-28": ""}}, "total-liabilities": {"FactSet Research Systems Annual Total Liabilities (Millions of US $)": {"2020": "$1,187", "2019": "$888", "2018": "$894", "2017": "$854", "2016": "$502", "2015": "$205", "2014": "$152", "2013": "$148", "2012": "$142", "2011": "$142", "2010": "$142", "2009": "$133", "2008": "$122", "2007": "$114", "2006": "$99", "2005": "$79"}, "FactSet Research Systems Quarterly Total Liabilities (Millions of US $)": {"2020-11-30": "$1,147", "2020-08-31": "$1,187", "2020-05-31": "$1,155", "2020-02-29": "$1,112", "2019-11-30": "$1,070", "2019-08-31": "$888", "2019-05-31": "$857", "2019-02-28": "$865", "2018-11-30": "$825", "2018-08-31": "$894", "2018-05-31": "$872", "2018-02-28": "$860", "2017-11-30": "$812", "2017-08-31": "$854", "2017-05-31": "$830", "2017-02-28": "$569", "2016-11-30": "$549", "2016-08-31": "$502", "2016-05-31": "$495", "2016-02-29": "$481", "2015-11-30": "$460", "2015-08-31": "$205", "2015-05-31": "$196", "2015-02-28": "$180", "2014-11-30": "$145", "2014-08-31": "$152", "2014-05-31": "$144", "2014-02-28": "$136", "2013-11-30": "$125", "2013-08-31": "$148", "2013-05-31": "$132", "2013-02-28": "$123", "2012-11-30": "$125", "2012-08-31": "$142", "2012-05-31": "$134", "2012-02-29": "$120", "2011-11-30": "$127", "2011-08-31": "$142", "2011-05-31": "$130", "2011-02-28": "$125", "2010-11-30": "$117", "2010-08-31": "$142", "2010-05-31": "$117", "2010-02-28": "$112", "2009-11-30": "$104", "2009-08-31": "$133", "2009-05-31": "$118", "2009-02-28": "$108", "2008-11-30": "$110", "2008-08-31": "$122", "2008-05-31": "$114", "2008-02-29": "$102", "2007-11-30": "$94", "2007-08-31": "$114", "2007-05-31": "$93", "2007-02-28": "$91", "2006-11-30": "$93", "2006-08-31": "$99", "2006-05-31": "$98", "2006-02-28": "$84", "2005-11-30": "$74", "2005-08-31": "$79", "2005-05-31": "$71", "2005-02-28": "$66"}}, "total-share-holder-equity": {"FactSet Research Systems Annual Share Holder Equity (Millions of US $)": {"2020": "$896", "2019": "$672", "2018": "$526", "2017": "$560", "2016": "$517", "2015": "$532", "2014": "$511", "2013": "$542", "2012": "$552", "2011": "$515", "2010": "$502", "2009": "$501", "2008": "$465", "2007": "$409", "2006": "$359", "2005": "$268"}, "FactSet Research Systems Quarterly Share Holder Equity (Millions of US $)": {"2020-11-30": "$953", "2020-08-31": "$896", "2020-05-31": "$793", "2020-02-29": "$717", "2019-11-30": "$692", "2019-08-31": "$672", "2019-05-31": "$654", "2019-02-28": "$600", "2018-11-30": "$541", "2018-08-31": "$526", "2018-05-31": "$535", "2018-02-28": "$612", "2017-11-30": "$618", "2017-08-31": "$560", "2017-05-31": "$528", "2017-02-28": "$493", "2016-11-30": "$497", "2016-08-31": "$517", "2016-05-31": "$544", "2016-02-29": "$541", "2015-11-30": "$558", "2015-08-31": "$532", "2015-05-31": "$532", "2015-02-28": "$529", "2014-11-30": "$502", "2014-08-31": "$511", "2014-05-31": "$515", "2014-02-28": "$518", "2013-11-30": "$547", "2013-08-31": "$542", "2013-05-31": "$603", "2013-02-28": "$547", "2012-11-30": "$587", "2012-08-31": "$552", "2012-05-31": "$560", "2012-02-29": "$544", "2011-11-30": "$536", "2011-08-31": "$515", "2011-05-31": "$554", "2011-02-28": "$558", "2010-11-30": "$543", "2010-08-31": "$502", "2010-05-31": "$487", "2010-02-28": "$502", "2009-11-30": "$526", "2009-08-31": "$501", "2009-05-31": "$496", "2009-02-28": "$444", "2008-11-30": "$432", "2008-08-31": "$465", "2008-05-31": "$456", "2008-02-29": "$424", "2007-11-30": "$424", "2007-08-31": "$409", "2007-05-31": "$421", "2007-02-28": "$399", "2006-11-30": "$386", "2006-08-31": "$359", "2006-05-31": "$338", "2006-02-28": "$310", "2005-11-30": "$285", "2005-08-31": "$268", "2005-05-31": "$239", "2005-02-28": "$234"}}, "profit-margins": {"current": "25.08%"}, "gross margin": {"2020-11-30": "52.57%", "2020-08-31": "53.44%", "2020-05-31": "53.97%", "2020-02-29": "54.16%", "2019-11-30": "54.45%", "2019-08-31": "53.83%", "2019-05-31": "53.03%", "2019-02-28": "52.12%", "2018-11-30": "51.57%", "2018-08-31": "51.19%", "2018-05-31": "51.09%", "2018-02-28": "51.50%", "2017-11-30": "52.46%", "2017-08-31": "53.64%", "2017-05-31": "55.29%", "2017-02-28": "56.18%", "2016-11-30": "56.33%", "2016-08-31": "56.74%", "2016-05-31": "57.21%", "2016-02-29": "58.13%", "2015-11-30": "59.07%", "2015-08-31": "59.62%", "2015-05-31": "60.20%", "2015-02-28": "60.29%", "2014-11-30": "60.79%", "2014-08-31": "61.56%", "2014-05-31": "62.15%", "2014-02-28": "63.01%", "2013-11-30": "63.68%", "2013-08-31": "64.22%", "2013-05-31": "64.58%", "2013-02-28": "64.99%", "2012-11-30": "65.49%", "2012-08-31": "65.84%", "2012-05-31": "66.03%", "2012-02-29": "66.02%", "2011-11-30": "65.87%", "2011-08-31": "66.16%", "2011-05-31": "66.71%", "2011-02-28": "67.30%", "2010-11-30": "67.78%", "2010-08-31": "67.81%", "2010-05-31": "67.46%", "2010-02-28": "67.31%", "2009-11-30": "66.99%", "2009-08-31": "66.40%", "2009-05-31": "66.51%", "2009-02-28": "66.45%", "2008-11-30": "66.50%", "2008-08-31": "66.78%", "2008-05-31": "66.97%", "2008-02-29": "67.05%", "2007-11-30": "67.66%", "2007-08-31": "68.07%", "2007-05-31": "68.51%", "2007-02-28": "68.53%", "2006-11-30": "68.55%", "2006-08-31": "68.81%", "2006-05-31": "68.85%", "2006-02-28": "69.65%", "2005-11-30": "70.43%"}, "operating margin": {"2020-11-30": "29.55%", "2020-08-31": "29.43%", "2020-05-31": "30.71%", "2020-02-29": "30.56%", "2019-11-30": "31.08%", "2019-08-31": "30.57%", "2019-05-31": "29.27%", "2019-02-28": "28.07%", "2018-11-30": "27.46%", "2018-08-31": "27.04%", "2018-05-31": "26.97%", "2018-02-28": "27.17%", "2017-11-30": "27.81%", "2017-08-31": "28.83%", "2017-05-31": "30.31%", "2017-02-28": "31.03%", "2016-11-30": "30.74%", "2016-08-31": "30.94%", "2016-05-31": "31.46%", "2016-02-29": "32.06%", "2015-11-30": "32.72%", "2015-08-31": "32.94%", "2015-05-31": "32.99%", "2015-02-28": "32.54%", "2014-11-30": "32.62%", "2014-08-31": "32.79%", "2014-05-31": "32.63%", "2014-02-28": "33.14%", "2013-11-30": "31.49%", "2013-08-31": "31.47%", "2013-05-31": "31.88%", "2013-02-28": "31.89%", "2012-11-30": "33.78%", "2012-08-31": "33.91%", "2012-05-31": "33.08%", "2012-02-29": "33.07%", "2011-11-30": "32.80%", "2011-08-31": "32.74%", "2011-05-31": "33.57%", "2011-02-28": "33.87%", "2010-11-30": "34.35%", "2010-08-31": "34.53%", "2010-05-31": "34.77%", "2010-02-28": "34.62%", "2009-11-30": "34.30%", "2009-08-31": "33.76%", "2009-05-31": "33.17%", "2009-02-28": "32.74%", "2008-11-30": "32.16%", "2008-08-31": "31.83%", "2008-05-31": "31.94%", "2008-02-29": "31.81%", "2007-11-30": "32.34%", "2007-08-31": "32.56%", "2007-05-31": "32.15%", "2007-02-28": "31.93%", "2006-11-30": "31.70%", "2006-08-31": "31.19%", "2006-05-31": "31.97%", "2006-02-28": "32.66%", "2005-11-30": "33.54%"}, "ebitda margin": {"2020-11-30": "36.21%", "2020-08-31": "36.12%", "2020-05-31": "34.58%", "2020-02-29": "34.58%", "2019-11-30": "35.91%", "2019-08-31": "34.68%", "2019-05-31": "33.36%", "2019-02-28": "32.23%", "2018-11-30": "31.76%", "2018-08-31": "31.41%", "2018-05-31": "31.40%", "2018-02-28": "31.54%", "2017-11-30": "31.93%", "2017-08-31": "32.76%", "2017-05-31": "33.95%", "2017-02-28": "34.49%", "2016-11-30": "34.24%", "2016-08-31": "34.40%", "2016-05-31": "34.72%", "2016-02-29": "35.23%", "2015-11-30": "35.81%", "2015-08-31": "36.01%", "2015-05-31": "36.35%", "2015-02-28": "35.97%", "2014-11-30": "36.24%", "2014-08-31": "36.59%", "2014-05-31": "36.40%", "2014-02-28": "37.10%", "2013-11-30": "35.52%", "2013-08-31": "35.55%", "2013-05-31": "36.01%", "2013-02-28": "36.09%", "2012-11-30": "37.93%", "2012-08-31": "38.01%", "2012-05-31": "37.39%", "2012-02-29": "37.48%", "2011-11-30": "37.47%", "2011-08-31": "37.83%", "2011-05-31": "38.98%", "2011-02-28": "39.47%", "2010-11-30": "40.27%", "2010-08-31": "40.47%", "2010-05-31": "40.67%", "2010-02-28": "40.58%", "2009-11-30": "40.10%", "2009-08-31": "39.55%", "2009-05-31": "38.81%", "2009-02-28": "38.11%", "2008-11-30": "37.52%", "2008-08-31": "37.22%", "2008-05-31": "37.39%", "2008-02-29": "37.71%", "2007-11-30": "38.32%", "2007-08-31": "38.66%", "2007-05-31": "38.58%", "2007-02-28": "38.23%", "2006-11-30": "37.84%", "2006-08-31": "37.37%", "2006-05-31": "37.98%", "2006-02-28": "38.73%", "2005-11-30": "39.94%"}, "pre tax profit margin": {"2020-11-30": "28.89%", "2020-08-31": "28.56%", "2020-05-31": "29.76%", "2020-02-29": "29.54%", "2019-11-30": "29.91%", "2019-08-31": "29.32%", "2019-05-31": "28.00%", "2019-02-28": "26.85%", "2018-11-30": "26.37%", "2018-08-31": "26.07%", "2018-05-31": "26.15%", "2018-02-28": "26.32%", "2017-11-30": "26.94%", "2017-08-31": "28.17%", "2017-05-31": "39.29%", "2017-02-28": "40.45%", "2016-11-30": "40.52%", "2016-08-31": "40.87%", "2016-05-31": "31.46%", "2016-02-29": "32.15%", "2015-11-30": "32.82%", "2015-08-31": "33.13%", "2015-05-31": "33.30%", "2015-02-28": "32.74%", "2014-11-30": "32.84%", "2014-08-31": "32.90%", "2014-05-31": "32.63%", "2014-02-28": "33.14%", "2013-11-30": "31.61%", "2013-08-31": "31.70%", "2013-05-31": "32.11%", "2013-02-28": "32.25%", "2012-11-30": "34.15%", "2012-08-31": "34.16%", "2012-05-31": "33.33%", "2012-02-29": "33.20%", "2011-11-30": "32.80%", "2011-08-31": "32.87%", "2011-05-31": "33.85%", "2011-02-28": "34.17%", "2010-11-30": "34.80%", "2010-08-31": "34.84%", "2010-05-31": "34.93%", "2010-02-28": "34.78%", "2009-11-30": "34.30%", "2009-08-31": "33.92%", "2009-05-31": "33.49%", "2009-02-28": "33.22%", "2008-11-30": "33.00%", "2008-08-31": "33.04%", "2008-05-31": "33.39%", "2008-02-29": "33.52%", "2007-11-30": "34.13%", "2007-08-31": "34.24%", "2007-05-31": "33.92%", "2007-02-28": "33.57%", "2006-11-30": "32.92%", "2006-08-31": "32.47%", "2006-05-31": "32.79%", "2006-02-28": "33.53%", "2005-11-30": "34.45%"}, "net profit margin": {"2020-11-30": "25.07%", "2020-08-31": "24.95%", "2020-05-31": "25.49%", "2020-02-29": "25.03%", "2019-11-30": "25.02%", "2019-08-31": "24.58%", "2019-05-31": "23.27%", "2019-02-28": "22.47%", "2018-11-30": "20.47%", "2018-08-31": "19.78%", "2018-05-31": "19.38%", "2018-02-28": "19.03%", "2017-11-30": "20.76%", "2017-08-31": "21.21%", "2017-05-31": "29.04%", "2017-02-28": "29.82%", "2016-11-30": "30.22%", "2016-08-31": "30.05%", "2016-05-31": "23.30%", "2016-02-29": "23.46%", "2015-11-30": "23.65%", "2015-08-31": "23.91%", "2015-05-31": "23.76%", "2015-02-28": "23.39%", "2014-11-30": "22.85%", "2014-08-31": "22.91%", "2014-05-31": "22.97%", "2014-02-28": "23.53%", "2013-11-30": "23.10%", "2013-08-31": "23.19%", "2013-05-31": "23.26%", "2013-02-28": "23.02%", "2012-11-30": "23.66%", "2012-08-31": "23.60%", "2012-05-31": "23.07%", "2012-02-29": "22.96%", "2011-11-30": "23.33%", "2011-08-31": "23.52%", "2011-05-31": "24.04%", "2011-02-28": "24.30%", "2010-11-30": "23.71%", "2010-08-31": "23.44%", "2010-05-31": "23.44%", "2010-02-28": "23.67%", "2009-11-30": "23.51%", "2009-08-31": "23.47%", "2009-05-31": "23.19%", "2009-02-28": "22.48%", "2008-11-30": "22.11%", "2008-08-31": "21.74%", "2008-05-31": "22.14%", "2008-02-29": "22.48%", "2007-11-30": "22.95%", "2007-08-31": "23.11%", "2007-05-31": "22.62%", "2007-02-28": "21.91%", "2006-11-30": "21.38%", "2006-08-31": "21.13%", "2006-05-31": "21.31%", "2006-02-28": "22.25%", "2005-11-30": "22.87%"}, "pe ratio": {"current": "28.47", "2021-02-05": "32.31", "2020-11-30": "33.92", "2020-08-31": "36.22", "2020-05-31": "31.56", "2020-02-29": "27.98", "2019-11-30": "27.56", "2019-08-31": "29.63", "2019-05-31": "32.24", "2019-02-28": "28.74", "2018-11-30": "32.00", "2018-08-31": "33.15", "2018-05-31": "30.08", "2018-02-28": "31.51", "2017-11-30": "29.28", "2017-08-31": "23.35", "2017-05-31": "18.70", "2017-02-28": "20.11", "2016-11-30": "18.16", "2016-08-31": "20.68", "2016-05-31": "24.62", "2016-02-29": "23.88", "2015-11-30": "27.61", "2015-08-31": "26.14", "2015-05-31": "28.10", "2015-02-28": "27.59", "2014-11-30": "25.40", "2014-08-31": "24.17", "2014-05-31": "20.90", "2014-02-28": "20.50", "2013-11-30": "22.99", "2013-08-31": "21.13", "2013-05-31": "20.58", "2013-02-28": "21.03", "2012-11-30": "19.82", "2012-08-31": "20.30", "2012-05-31": "24.29", "2012-02-29": "20.76", "2011-11-30": "22.49", "2011-08-31": "21.78", "2011-05-31": "27.77", "2011-02-28": "27.04", "2010-11-30": "24.20", "2010-08-31": "20.92", "2010-05-31": "19.87", "2010-02-28": "19.39", "2009-11-30": "21.41", "2009-08-31": "16.30", "2009-05-31": "15.98", "2009-02-28": "12.19", "2008-11-30": "13.17", "2008-08-31": "21.78", "2008-05-31": "23.06", "2008-02-29": "19.43", "2007-11-30": "23.80", "2007-08-31": "23.87", "2007-05-31": "27.14", "2007-02-28": "27.91", "2006-11-30": "26.20"}, "price sales": {"2021-02-05": "8.10", "2020-11-30": "8.50", "2020-08-31": "9.02", "2020-05-31": "8.02", "2020-02-29": "6.99", "2019-11-30": "6.87", "2019-08-31": "7.27", "2019-05-31": "7.53", "2019-02-28": "6.47", "2018-11-30": "6.57", "2018-08-31": "6.58", "2018-05-31": "5.84", "2018-02-28": "6.02", "2017-11-30": "6.09", "2017-08-31": "4.95", "2017-05-31": "5.43", "2017-02-28": "6.00", "2016-11-30": "5.51", "2016-08-31": "6.27", "2016-05-31": "5.75", "2016-02-29": "5.62", "2015-11-30": "6.56", "2015-08-31": "6.27", "2015-05-31": "6.72", "2015-02-28": "6.48", "2014-11-30": "5.85", "2014-08-31": "5.58", "2014-05-31": "4.82", "2014-02-28": "4.87", "2013-11-30": "5.33", "2013-08-31": "4.91", "2013-05-31": "4.79", "2013-02-28": "4.84", "2012-11-30": "4.69", "2012-08-31": "4.78", "2012-05-31": "5.60", "2012-02-29": "4.77", "2011-11-30": "5.27", "2011-08-31": "5.15", "2011-05-31": "6.72", "2011-02-28": "6.58", "2010-11-30": "5.74", "2010-08-31": "4.92", "2010-05-31": "4.65", "2010-02-28": "4.58", "2009-11-30": "5.00", "2009-08-31": "3.80", "2009-05-31": "3.67", "2009-02-28": "2.71", "2008-11-30": "2.90", "2008-08-31": "4.72", "2008-05-31": "5.10", "2008-02-29": "4.38", "2007-11-30": "5.49", "2007-08-31": "5.53", "2007-05-31": "6.18", "2007-02-28": "6.17", "2006-11-30": "5.64"}, "price book": {"current": "12.68", "2021-02-05": "12.69", "2020-11-30": "13.32", "2020-08-31": "14.83", "2020-05-31": "14.63", "2020-02-29": "13.95", "2019-11-30": "14.09", "2019-08-31": "15.24", "2019-05-31": "16.00", "2019-02-28": "14.68", "2018-11-30": "16.17", "2018-08-31": "16.32", "2018-05-31": "14.08", "2018-02-28": "12.59", "2017-11-30": "12.28", "2017-08-31": "10.61", "2017-05-31": "11.88", "2017-02-28": "13.67", "2016-11-30": "12.28", "2016-08-31": "13.17", "2016-05-31": "11.34", "2016-02-29": "10.84", "2015-11-30": "11.92", "2015-08-31": "11.60", "2015-05-31": "12.15", "2015-02-28": "11.51", "2014-11-30": "10.65", "2014-08-31": "9.74", "2014-05-31": "8.15", "2014-02-28": "8.00", "2013-11-30": "8.23", "2013-08-31": "7.55", "2013-05-31": "6.59", "2013-02-28": "7.10", "2012-11-30": "6.38", "2012-08-31": "6.74", "2012-05-31": "7.65", "2012-02-29": "6.51", "2011-11-30": "7.08", "2011-08-31": "6.92", "2011-05-31": "8.22", "2011-02-28": "7.76", "2010-11-30": "6.76", "2010-08-31": "6.00", "2010-05-31": "5.74", "2010-02-28": "5.45", "2009-11-30": "5.72", "2009-08-31": "4.52", "2009-05-31": "4.41", "2009-02-28": "3.56", "2008-11-30": "3.79", "2008-08-31": "5.59", "2008-05-31": "5.88", "2008-02-29": "5.11", "2007-11-30": "6.12", "2007-08-31": "6.06", "2007-05-31": "6.34", "2007-02-28": "6.36", "2006-11-30": "5.72", "2006-08-31": "5.12", "2006-05-31": "5.51", "2006-02-28": "5.22"}, "price fcf": {"2021-02-05": "", "2020-11-30": "$11.12", "2020-08-31": "$11.08", "2020-05-31": "$9.84", "2020-02-29": "$9.97", "2019-11-30": "$10.30", "2019-08-31": "$9.46", "2019-05-31": "$9.26", "2019-02-28": "$8.61", "2018-11-30": "$8.50", "2018-08-31": "$8.94", "2018-05-31": "$8.90", "2018-02-28": "$7.93", "2017-11-30": "$7.59", "2017-08-31": "$7.16", "2017-05-31": "$6.28", "2017-02-28": "$6.31", "2016-11-30": "$6.47", "2016-08-31": "$6.85", "2016-05-31": "$7.24", "2016-02-29": "$7.39", "2015-11-30": "$6.43", "2015-08-31": "$6.65", "2015-05-31": "$6.39", "2015-02-28": "$6.23", "2014-11-30": "$6.12", "2014-08-31": "$5.75", "2014-05-31": "$5.85", "2014-02-28": "$5.76", "2013-11-30": "$5.85", "2013-08-31": "$5.63", "2013-05-31": "$5.17", "2013-02-28": "$4.63", "2012-11-30": "$4.51", "2012-08-31": "$4.57", "2012-05-31": "$4.79", "2012-02-29": "$4.47", "2011-11-30": "$4.51", "2011-08-31": "$3.75", "2011-05-31": "$3.72", "2011-02-28": "$3.90", "2010-11-30": "$3.88", "2010-08-31": "$3.96", "2010-05-31": "$3.90", "2010-02-28": "$3.81", "2009-11-30": "$3.53", "2009-08-31": "$3.77", "2009-05-31": "$3.11", "2009-02-28": "$2.74", "2008-11-30": "$2.61", "2008-08-31": "$2.14", "2008-05-31": "$2.40", "2008-02-29": "$2.27", "2007-11-30": "$2.14", "2007-08-31": "$2.27", "2007-05-31": "$2.03", "2007-02-28": "$1.84", "2006-11-30": "$2.27"}, "net worth": {"value": "$12.08B"}, "current ratio": {"current": "3.53", "2020-11-30": "3.53", "2020-08-31": "3.05", "2020-05-31": "2.87", "2020-02-29": "2.63", "2019-11-30": "2.63", "2019-08-31": "2.67", "2019-05-31": "2.87", "2019-02-28": "2.46", "2018-11-30": "2.49", "2018-08-31": "1.95", "2018-05-31": "2.17", "2018-02-28": "2.53", "2017-11-30": "2.64", "2017-08-31": "2.04", "2017-05-31": "2.05", "2017-02-28": "2.22", "2016-11-30": "2.38", "2016-08-31": "2.33", "2016-05-31": "2.48", "2016-02-29": "2.34", "2015-11-30": "2.49", "2015-08-31": "2.18", "2015-05-31": "2.26", "2015-02-28": "2.32", "2014-11-30": "2.04", "2014-08-31": "1.96", "2014-05-31": "2.01", "2014-02-28": "2.12", "2013-11-30": "2.88", "2013-08-31": "2.69", "2013-05-31": "3.43", "2013-02-28": "3.00", "2012-11-30": "3.36", "2012-08-31": "2.64", "2012-05-31": "3.10", "2012-02-29": "3.22", "2011-11-30": "3.02", "2011-08-31": "2.50", "2011-05-31": "3.07", "2011-02-28": "3.27", "2010-11-30": "3.26", "2010-08-31": "2.43", "2010-05-31": "3.47", "2010-02-28": "3.71", "2009-11-30": "4.17", "2009-08-31": "3.01", "2009-05-31": "3.26", "2009-02-28": "2.86", "2008-11-30": "2.57", "2008-08-31": "2.53", "2008-05-31": "3.23", "2008-02-29": "3.25", "2007-11-30": "3.72", "2007-08-31": "2.78", "2007-05-31": "3.48", "2007-02-28": "3.31", "2006-11-30": "3.05", "2006-08-31": "2.61", "2006-05-31": "2.35", "2006-02-28": "2.37", "2005-11-30": "2.40", "2005-08-31": "2.19", "2005-05-31": "2.80", "2005-02-28": "2.83"}, "quick ratio": {"2020-11-30": "0.00", "2020-08-31": "0.00", "2020-05-31": "0.00", "2020-02-29": "0.00", "2019-11-30": "0.00", "2019-08-31": "0.00", "2019-05-31": "0.00", "2019-02-28": "0.00", "2018-11-30": "0.00", "2018-08-31": "0.00", "2018-05-31": "0.00", "2018-02-28": "0.00", "2017-11-30": "0.00", "2017-08-31": "0.00", "2017-05-31": "0.00", "2017-02-28": "0.00", "2016-11-30": "0.00", "2016-08-31": "0.00", "2016-05-31": "0.00", "2016-02-29": "0.00", "2015-11-30": "0.00", "2015-08-31": "0.00", "2015-05-31": "0.00", "2015-02-28": "0.00", "2014-11-30": "0.00", "2014-08-31": "0.00", "2014-05-31": "0.00", "2014-02-28": "0.00", "2013-11-30": "0.00", "2013-08-31": "0.00", "2013-05-31": "0.00", "2013-02-28": "0.00", "2012-11-30": "0.00", "2012-08-31": "0.00", "2012-05-31": "0.00", "2012-02-29": "0.00", "2011-11-30": "0.00", "2011-08-31": "0.00", "2011-05-31": "0.00", "2011-02-28": "0.00", "2010-11-30": "0.00", "2010-08-31": "0.00", "2010-05-31": "0.00", "2010-02-28": "0.00", "2009-11-30": "0.00", "2009-08-31": "0.00", "2009-05-31": "0.00", "2009-02-28": "0.00", "2008-11-30": "0.00", "2008-08-31": "0.00", "2008-05-31": "0.00", "2008-02-29": "0.00", "2007-11-30": "0.00", "2007-08-31": "0.00", "2007-05-31": "0.00", "2007-02-28": "0.00", "2006-11-30": "0.00", "2006-08-31": "0.00", "2006-05-31": "0.00", "2006-02-28": "0.00", "2005-11-30": "0.00", "2005-08-31": "0.00", "2005-05-31": "0.00", "2005-02-28": "0.00"}, "debt equity ratio": {"current": "0.60", "2020-11-30": "1.20", "2020-08-31": "1.32", "2020-05-31": "1.46", "2020-02-29": "1.55", "2019-11-30": "1.55", "2019-08-31": "1.32", "2019-05-31": "1.31", "2019-02-28": "1.44", "2018-11-30": "1.52", "2018-08-31": "1.70", "2018-05-31": "1.63", "2018-02-28": "1.41", "2017-11-30": "1.31", "2017-08-31": "1.53", "2017-05-31": "1.57", "2017-02-28": "1.15", "2016-11-30": "1.11", "2016-08-31": "0.97", "2016-05-31": "0.91", "2016-02-29": "0.89", "2015-11-30": "0.83", "2015-08-31": "0.39", "2015-05-31": "0.37", "2015-02-28": "0.34", "2014-11-30": "0.29", "2014-08-31": "0.30", "2014-05-31": "0.28", "2014-02-28": "0.26", "2013-11-30": "0.23", "2013-08-31": "0.27", "2013-05-31": "0.22", "2013-02-28": "0.22", "2012-11-30": "0.21", "2012-08-31": "0.26", "2012-05-31": "0.24", "2012-02-29": "0.22", "2011-11-30": "0.24", "2011-08-31": "0.28", "2011-05-31": "0.24", "2011-02-28": "0.22", "2010-11-30": "0.22", "2010-08-31": "0.28", "2010-05-31": "0.24", "2010-02-28": "0.22", "2009-11-30": "0.20", "2009-08-31": "0.27", "2009-05-31": "0.24", "2009-02-28": "0.24", "2008-11-30": "0.25", "2008-08-31": "0.26", "2008-05-31": "0.25", "2008-02-29": "0.24", "2007-11-30": "0.22", "2007-08-31": "0.28", "2007-05-31": "0.22", "2007-02-28": "0.23", "2006-11-30": "0.24", "2006-08-31": "0.28", "2006-05-31": "0.29", "2006-02-28": "0.27", "2005-11-30": "0.26", "2005-08-31": "0.30", "2005-05-31": "0.30", "2005-02-28": "0.28"}, "return on equity": {"2020-11-30": "45.25%", "2020-08-31": "48.16%", "2020-05-31": "52.33%", "2020-02-29": "53.67%", "2019-11-30": "55.46%", "2019-08-31": "57.24%", "2019-05-31": "56.87%", "2019-02-28": "56.86%", "2018-11-30": "50.77%", "2018-08-31": "46.62%", "2018-05-31": "44.39%", "2018-02-28": "42.80%", "2017-11-30": "47.66%", "2017-08-31": "49.86%", "2017-05-31": "67.42%", "2017-02-28": "67.28%", "2016-11-30": "65.94%", "2016-08-31": "62.78%", "2016-05-31": "47.26%", "2016-02-29": "46.42%", "2015-11-30": "45.56%", "2015-08-31": "46.01%", "2015-05-31": "45.13%", "2015-02-28": "43.75%", "2014-11-30": "42.03%", "2014-08-31": "40.36%", "2014-05-31": "39.02%", "2014-02-28": "37.65%", "2013-11-30": "35.91%", "2013-08-31": "34.93%", "2013-05-31": "34.43%", "2013-02-28": "34.19%", "2012-11-30": "34.60%", "2012-08-31": "34.67%", "2012-05-31": "33.78%", "2012-02-29": "32.95%", "2011-11-30": "32.36%", "2011-08-31": "31.52%", "2011-05-31": "31.34%", "2011-02-28": "31.58%", "2010-11-30": "30.68%", "2010-08-31": "29.75%", "2010-05-31": "29.17%", "2010-02-28": "29.04%", "2009-11-30": "29.69%", "2009-08-31": "31.18%", "2009-05-31": "31.36%", "2009-02-28": "30.72%", "2008-11-30": "29.71%", "2008-08-31": "28.26%", "2008-05-31": "28.49%", "2008-02-29": "28.13%", "2007-11-30": "27.83%", "2007-08-31": "27.24%", "2007-05-31": "26.07%", "2007-02-28": "25.37%", "2006-11-30": "24.98%", "2006-08-31": "25.39%", "2006-05-31": "25.98%", "2006-02-28": "27.95%", "2005-11-30": "29.24%"}, "return on assets": {"2020-11-30": "19.10%", "2020-08-31": "19.57%", "2020-05-31": "21.19%", "2020-02-29": "22.03%", "2019-11-30": "23.05%", "2019-08-31": "23.92%", "2019-05-31": "22.91%", "2019-02-28": "22.13%", "2018-11-30": "19.84%", "2018-08-31": "18.64%", "2018-05-31": "18.03%", "2018-02-28": "17.48%", "2017-11-30": "19.91%", "2017-08-31": "21.23%", "2017-05-31": "30.59%", "2017-02-28": "33.13%", "2016-11-30": "33.54%", "2016-08-31": "33.09%", "2016-05-31": "26.94%", "2016-02-29": "28.64%", "2015-11-30": "30.69%", "2015-08-31": "34.17%", "2015-05-31": "34.07%", "2015-02-28": "33.59%", "2014-11-30": "32.79%", "2014-08-31": "31.87%", "2014-05-31": "30.95%", "2014-02-28": "30.25%", "2013-11-30": "29.07%", "2013-08-31": "28.36%", "2013-05-31": "28.03%", "2013-02-28": "27.72%", "2012-11-30": "28.07%", "2012-08-31": "27.97%", "2012-05-31": "27.16%", "2012-02-29": "26.52%", "2011-11-30": "26.03%", "2011-08-31": "25.48%", "2011-05-31": "25.30%", "2011-02-28": "25.46%", "2010-11-30": "24.74%", "2010-08-31": "24.07%", "2010-05-31": "23.69%", "2010-02-28": "23.60%", "2009-11-30": "24.04%", "2009-08-31": "24.95%", "2009-05-31": "25.11%", "2009-02-28": "24.53%", "2008-11-30": "23.73%", "2008-08-31": "22.72%", "2008-05-31": "22.83%", "2008-02-29": "22.67%", "2007-11-30": "22.49%", "2007-08-31": "21.93%", "2007-05-31": "21.04%", "2007-02-28": "20.20%", "2006-11-30": "19.69%", "2006-08-31": "19.91%", "2006-05-31": "20.29%", "2006-02-28": "21.81%", "2005-11-30": "22.80%"}, "return on investments": {"2020-11-30": "31.68%", "2020-08-31": "32.62%", "2020-05-31": "35.05%", "2020-02-29": "35.61%", "2019-11-30": "36.70%", "2019-08-31": "36.85%", "2019-05-31": "35.93%", "2019-02-28": "34.75%", "2018-11-30": "33.41%", "2018-08-31": "31.80%", "2018-05-31": "31.05%", "2018-02-28": "30.66%", "2017-11-30": "32.73%", "2017-08-31": "35.57%", "2017-05-31": "39.34%", "2017-02-28": "42.47%", "2016-11-30": "41.85%", "2016-08-31": "41.55%", "2016-05-31": "44.63%", "2016-02-29": "48.43%", "2015-11-30": "53.05%", "2015-08-31": "78.21%", "2015-05-31": "114.94%", "2015-02-28": "221.99%", "2014-11-30": "inf%", "2014-08-31": "inf%", "2014-05-31": "inf%", "2014-02-28": "inf%", "2013-11-30": "inf%", "2013-08-31": "inf%", "2013-05-31": "inf%", "2013-02-28": "inf%", "2012-11-30": "inf%", "2012-08-31": "inf%", "2012-05-31": "inf%", "2012-02-29": "inf%", "2011-11-30": "inf%", "2011-08-31": "inf%", "2011-05-31": "inf%", "2011-02-28": "inf%", "2010-11-30": "inf%", "2010-08-31": "inf%", "2010-05-31": "inf%", "2010-02-28": "inf%", "2009-11-30": "inf%", "2009-08-31": "inf%", "2009-05-31": "inf%", "2009-02-28": "inf%", "2008-11-30": "inf%", "2008-08-31": "inf%", "2008-05-31": "inf%", "2008-02-29": "inf%", "2007-11-30": "inf%", "2007-08-31": "inf%", "2007-05-31": "inf%", "2007-02-28": "inf%", "2006-11-30": "inf%", "2006-08-31": "168.64%", "2006-05-31": "163.07%", "2006-02-28": "157.49%", "2005-11-30": "153.31%"}, "return on tangible equity": {"2020-11-30": "7600.00%", "2020-08-31": "-785.26%", "2020-05-31": "-381.73%", "2020-02-29": "-273.37%", "2019-11-30": "-216.07%", "2019-08-31": "-168.90%", "2019-05-31": "-129.03%", "2019-02-28": "-105.92%", "2018-11-30": "-92.51%", "2018-08-31": "-90.28%", "2018-05-31": "-87.53%", "2018-02-28": "-82.80%", "2017-11-30": "-100.19%", "2017-08-31": "-114.73%", "2017-05-31": "-224.55%", "2017-02-28": "-489.36%", "2016-11-30": "-631.96%", "2016-08-31": "-892.11%", "2016-05-31": "1713.33%", "2016-02-29": "387.64%", "2015-11-30": "198.38%", "2015-08-31": "131.87%", "2015-05-31": "127.87%", "2015-02-28": "123.12%", "2014-11-30": "117.17%", "2014-08-31": "105.90%", "2014-05-31": "94.74%", "2014-02-28": "82.05%", "2013-11-30": "73.42%", "2013-08-31": "69.46%", "2013-05-31": "68.64%", "2013-02-28": "68.27%", "2012-11-30": "68.19%", "2012-08-31": "68.53%", "2012-05-31": "66.97%", "2012-02-29": "66.54%", "2011-11-30": "65.54%", "2011-08-31": "64.04%", "2011-05-31": "64.08%", "2011-02-28": "62.44%", "2010-11-30": "58.81%", "2010-08-31": "55.05%", "2010-05-31": "51.81%", "2010-02-28": "52.36%", "2009-11-30": "54.84%", "2009-08-31": "59.90%", "2009-05-31": "62.54%", "2009-02-28": "60.46%", "2008-11-30": "57.89%", "2008-08-31": "53.02%", "2008-05-31": "51.37%", "2008-02-29": "50.81%", "2007-11-30": "50.11%", "2007-08-31": "50.06%", "2007-05-31": "49.33%", "2007-02-28": "50.67%", "2006-11-30": "52.97%", "2006-08-31": "57.54%", "2006-05-31": "60.94%", "2006-02-28": "62.10%", "2005-11-30": "60.98%"}, "dividend yield history": {"last payout": "$3.08", "last yield": "0.97%"}}