{"ticker": "FICO", "price": {"title": "Fair Isaac Historical Annual Stock Price Data", "value": 477.92, "historical": {"2021": {"Average Stock Price": "486.7463", "Year Open": "505.2600", "Year High": "511.5600", "Year Low": "450.1100", "Year Close": "477.9200", "Annual % Change": "-6.48%"}, "2020": {"Average Stock Price": "406.2225", "Year Open": "382.9200", "Year High": "527.4300", "Year Low": "212.0000", "Year Close": "511.0400", "Annual % Change": "36.39%"}, "2019": {"Average Stock Price": "300.8605", "Year Open": "185.4900", "Year High": "379.3500", "Year Low": "178.7700", "Year Close": "374.6800", "Annual % Change": "100.36%"}, "2018": {"Average Stock Price": "190.1540", "Year Open": "153.3900", "Year High": "240.0300", "Year Low": "153.3900", "Year Close": "187.0000", "Annual % Change": "22.06%"}, "2017": {"Average Stock Price": "138.0357", "Year Open": "120.1700", "Year High": "158.1300", "Year Low": "120.1700", "Year Close": "153.2000", "Annual % Change": "28.50%"}, "2016": {"Average Stock Price": "111.9340", "Year Open": "93.0600", "Year High": "132.8700", "Year Low": "81.0100", "Year Close": "119.2200", "Annual % Change": "26.59%"}, "2015": {"Average Stock Price": "87.3658", "Year Open": "72.1700", "Year High": "97.2500", "Year Low": "70.0500", "Year Close": "94.1800", "Annual % Change": "30.26%"}, "2014": {"Average Stock Price": "59.3102", "Year Open": "61.5700", "Year High": "73.4600", "Year Low": "51.0000", "Year Close": "72.3000", "Annual % Change": "15.05%"}, "2013": {"Average Stock Price": "50.1198", "Year Open": "43.3700", "Year High": "62.9700", "Year Low": "41.6200", "Year Close": "62.8400", "Annual % Change": "49.51%"}, "2012": {"Average Stock Price": "42.0908", "Year Open": "36.6100", "Year High": "47.8600", "Year Low": "35.4900", "Year Close": "42.0300", "Annual % Change": "17.27%"}, "2011": {"Average Stock Price": "28.5025", "Year Open": "23.5600", "Year High": "37.9200", "Year Low": "20.2600", "Year Close": "35.8400", "Annual % Change": "53.36%"}, "2010": {"Average Stock Price": "23.5889", "Year Open": "21.6500", "Year High": "26.5700", "Year Low": "19.9500", "Year Close": "23.3700", "Annual % Change": "9.67%"}, "2009": {"Average Stock Price": "17.6060", "Year Open": "17.2500", "Year High": "24.2200", "Year Low": "9.9000", "Year Close": "21.3100", "Annual % Change": "26.39%"}, "2008": {"Average Stock Price": "21.5445", "Year Open": "31.4400", "Year High": "31.4400", "Year Low": "10.9400", "Year Close": "16.8600", "Annual % Change": "-47.56%"}, "2007": {"Average Stock Price": "37.6569", "Year Open": "40.5100", "Year High": "41.6700", "Year Low": "32.1500", "Year Close": "32.1500", "Annual % Change": "-20.91%"}, "2006": {"Average Stock Price": "38.8747", "Year Open": "45.2700", "Year High": "47.7700", "Year Low": "33.2500", "Year Close": "40.6500", "Annual % Change": "-7.97%"}, "2005": {"Average Stock Price": "38.1398", "Year Open": "35.3700", "Year High": "48.2100", "Year Low": "32.6000", "Year Close": "44.1700", "Annual % Change": "20.42%"}, "2004": {"Average Stock Price": "33.2003", "Year Open": "32.3933", "Year High": "41.3333", "Year Low": "24.0000", "Year Close": "36.6800", "Annual % Change": "11.92%"}, "2003": {"Average Stock Price": "35.2070", "Year Open": "28.3400", "Year High": "42.6533", "Year Low": "28.3400", "Year Close": "32.7733", "Annual % Change": "15.13%"}, "2002": {"Average Stock Price": "24.9660", "Year Open": "27.5333", "Year High": "29.3333", "Year Low": "19.6533", "Year Close": "28.4667", "Annual % Change": "1.63%"}, "2001": {"Average Stock Price": "22.1973", "Year Open": "14.4444", "Year High": "30.9822", "Year Low": "13.7600", "Year Close": "28.0089", "Annual % Change": "85.35%"}, "2000": {"Average Stock Price": "13.0874", "Year Open": "15.6296", "Year High": "16.2044", "Year Low": "10.8889", "Year Close": "15.1111", "Annual % Change": "-3.77%"}, "1999": {"Average Stock Price": "11.2294", "Year Open": "13.7422", "Year High": "16.4267", "Year Low": "7.8696", "Year Close": "15.7037", "Annual % Change": "14.74%"}, "1998": {"Average Stock Price": "10.6726", "Year Open": "9.8341", "Year High": "13.6859", "Year Low": "8.5926", "Year Close": "13.6859", "Annual % Change": "38.67%"}, "1997": {"Average Stock Price": "12.0017", "Year Open": "11.4459", "Year High": "14.1481", "Year Low": "8.9630", "Year Close": "9.8696", "Annual % Change": "-14.85%"}, "1996": {"Average Stock Price": "11.0692", "Year Open": "7.7037", "Year High": "14.8148", "Year Low": "6.3704", "Year Close": "11.5911", "Annual % Change": "51.22%"}, "1995": {"Average Stock Price": "7.5708", "Year Open": "7.6859", "Year High": "9.1111", "Year Low": "5.0370", "Year Close": "7.6652", "Annual % Change": "-8.02%"}, "1994": {"Average Stock Price": "4.6461", "Year Open": "3.1111", "Year High": "8.3333", "Year Low": "3.1111", "Year Close": "8.3333", "Annual % Change": "150.00%"}, "1993": {"Average Stock Price": "2.6965", "Year Open": "1.8519", "Year High": "3.3333", "Year Low": "1.7778", "Year Close": "3.3333", "Annual % Change": "79.99%"}}}, "market cap": {"value": "$13.97B"}, "income statement": {"Revenue": {"2020-09-30": "1294.56200", "2019-09-30": "1160.08300", "2018-09-30": "1000.14600", "2017-09-30": "934.98300", "2016-09-30": "881.35600", "2015-09-30": "838.78100", "2014-09-30": "788.98500", "2013-09-30": "743.44400", "2012-09-30": "676.42300", "2011-09-30": "619.68300", "2010-09-30": "605.64300", "2009-09-30": "630.73500", "2008-09-30": "744.84200", "2007-09-30": "784.18800", "2006-09-30": "782.99500", "2005-09-30": "798.67100"}, "Cost Of Goods Sold": {"2020-09-30": "361.14200", "2019-09-30": "336.84500", "2018-09-30": "312.89800", "2017-09-30": "287.60700", "2016-09-30": "265.17300", "2015-09-30": "270.53500", "2014-09-30": "249.28100", "2013-09-30": "229.46800", "2012-09-30": "197.94700", "2011-09-30": "186.47000", "2010-09-30": "180.93200", "2009-09-30": "206.44800", "2008-09-30": "274.91700", "2007-09-30": "259.45000", "2006-09-30": "247.28900", "2005-09-30": "275.06500"}, "Gross Profit": {"2020-09-30": "933.42000", "2019-09-30": "823.23800", "2018-09-30": "687.24800", "2017-09-30": "647.37600", "2016-09-30": "616.18300", "2015-09-30": "568.24600", "2014-09-30": "539.70400", "2013-09-30": "513.97600", "2012-09-30": "478.47600", "2011-09-30": "433.21300", "2010-09-30": "424.71100", "2009-09-30": "424.28700", "2008-09-30": "469.92500", "2007-09-30": "524.73800", "2006-09-30": "535.70600", "2005-09-30": "523.60600"}, "Research And Development Expenses": {"2020-09-30": "166.49900", "2019-09-30": "149.47800", "2018-09-30": "128.38300", "2017-09-30": "110.87000", "2016-09-30": "103.66900", "2015-09-30": "98.82400", "2014-09-30": "83.43500", "2013-09-30": "66.96700", "2012-09-30": "59.52700", "2011-09-30": "62.12900", "2010-09-30": "73.58100", "2009-09-30": "73.62600", "2008-09-30": "77.79400", "2007-09-30": "69.32200", "2006-09-30": "82.95100", "2005-09-30": "81.29500"}, "SG&A Expenses": {"2020-09-30": "420.93000", "2019-09-30": "414.08600", "2018-09-30": "376.91200", "2017-09-30": "337.16700", "2016-09-30": "328.94000", "2015-09-30": "300.00200", "2014-09-30": "278.20300", "2013-09-30": "268.39500", "2012-09-30": "238.52200", "2011-09-30": "223.61500", "2010-09-30": "225.26300", "2009-09-30": "209.31900", "2008-09-30": "245.63900", "2007-09-30": "273.70500", "2006-09-30": "256.65300", "2005-09-30": "223.40000"}, "Other Operating Income Or Expenses": {"2020-09-30": "", "2019-09-30": "", "2018-09-30": "", "2017-09-30": "", "2016-09-30": "", "2015-09-30": "", "2014-09-30": "", "2013-09-30": "", "2012-09-30": "", "2011-09-30": "", "2010-09-30": "", "2009-09-30": "-2.99300", "2008-09-30": "", "2007-09-30": "1.54100", "2006-09-30": "", "2005-09-30": ""}, "Operating Expenses": {"2020-09-30": "998.59300", "2019-09-30": "906.53500", "2018-09-30": "824.78700", "2017-09-30": "752.82400", "2016-09-30": "711.76400", "2015-09-30": "701.27610", "2014-09-30": "627.11700", "2013-09-30": "581.85100", "2012-09-30": "508.06500", "2011-09-30": "492.34600", "2010-09-30": "492.29400", "2009-09-30": "513.98800", "2008-09-30": "622.55900", "2007-09-30": "623.86100", "2006-09-30": "628.59500", "2005-09-30": "605.66000"}, "Operating Income": {"2020-09-30": "295.96900", "2019-09-30": "253.54800", "2018-09-30": "175.35900", "2017-09-30": "182.15900", "2016-09-30": "169.59200", "2015-09-30": "137.50490", "2014-09-30": "161.86800", "2013-09-30": "161.59300", "2012-09-30": "168.35800", "2011-09-30": "127.33700", "2010-09-30": "113.34900", "2009-09-30": "116.74700", "2008-09-30": "122.28300", "2007-09-30": "160.32700", "2006-09-30": "154.40000", "2005-09-30": "193.01100"}, "Total Non-Operating Income/Expense": {"2020-09-30": "-38.96900", "2019-09-30": "-37.47600", "2018-09-30": "-18.42700", "2017-09-30": "-25.87600", "2016-09-30": "-25.02300", "2015-09-30": "-28.26700", "2014-09-30": "-28.73700", "2013-09-30": "-29.60900", "2012-09-30": "-32.11500", "2011-09-30": "-29.88200", "2010-09-30": "-21.04500", "2009-09-30": "-19.17700", "2008-09-30": "-9.28800", "2007-09-30": "1.18800", "2006-09-30": "6.46900", "2005-09-30": "1.07700"}, "Pre-Tax Income": {"2020-09-30": "257.00000", "2019-09-30": "216.07200", "2018-09-30": "156.93200", "2017-09-30": "156.28300", "2016-09-30": "144.56900", "2015-09-30": "109.23800", "2014-09-30": "133.13100", "2013-09-30": "131.98400", "2012-09-30": "136.24300", "2011-09-30": "97.45500", "2010-09-30": "92.30400", "2009-09-30": "97.57000", "2008-09-30": "112.99500", "2007-09-30": "161.51500", "2006-09-30": "160.86900", "2005-09-30": "194.08800"}, "Income Taxes": {"2020-09-30": "20.58900", "2019-09-30": "23.94800", "2018-09-30": "30.45000", "2017-09-30": "22.86900", "2016-09-30": "35.12100", "2015-09-30": "22.73600", "2014-09-30": "38.25200", "2013-09-30": "41.88900", "2012-09-30": "44.23900", "2011-09-30": "25.89300", "2010-09-30": "27.84700", "2009-09-30": "32.10500", "2008-09-30": "31.80900", "2007-09-30": "49.66400", "2006-09-30": "56.36400", "2005-09-30": "59.54000"}, "Income After Taxes": {"2020-09-30": "236.41100", "2019-09-30": "192.12400", "2018-09-30": "126.48200", "2017-09-30": "133.41400", "2016-09-30": "109.44800", "2015-09-30": "86.50200", "2014-09-30": "94.87900", "2013-09-30": "90.09500", "2012-09-30": "92.00400", "2011-09-30": "71.56200", "2010-09-30": "64.45700", "2009-09-30": "65.46500", "2008-09-30": "81.18600", "2007-09-30": "111.85100", "2006-09-30": "104.50500", "2005-09-30": "134.54800"}, "Other Income": {"2020-09-30": "", "2019-09-30": "", "2018-09-30": "", "2017-09-30": "", "2016-09-30": "", "2015-09-30": "", "2014-09-30": "", "2013-09-30": "", "2012-09-30": "", "2011-09-30": "", "2010-09-30": "", "2009-09-30": "", "2008-09-30": "", "2007-09-30": "", "2006-09-30": "", "2005-09-30": ""}, "Income From Continuous Operations": {"2020-09-30": "236.41100", "2019-09-30": "192.12400", "2018-09-30": "126.48200", "2017-09-30": "133.41400", "2016-09-30": "109.44800", "2015-09-30": "86.50200", "2014-09-30": "94.87900", "2013-09-30": "90.09500", "2012-09-30": "92.00400", "2011-09-30": "71.56200", "2010-09-30": "64.45700", "2009-09-30": "65.46500", "2008-09-30": "81.18600", "2007-09-30": "111.85100", "2006-09-30": "104.50500", "2005-09-30": "134.54800"}, "Income From Discontinued Operations": {"2020-09-30": "", "2019-09-30": "", "2018-09-30": "", "2017-09-30": "", "2016-09-30": "", "2015-09-30": "", "2014-09-30": "", "2013-09-30": "", "2012-09-30": "", "2011-09-30": "", "2010-09-30": "", "2009-09-30": "-0.36300", "2008-09-30": "2.76600", "2007-09-30": "-7.20100", "2006-09-30": "-1.01900", "2005-09-30": ""}, "Net Income": {"2020-09-30": "236.41100", "2019-09-30": "192.12400", "2018-09-30": "126.48200", "2017-09-30": "133.41400", "2016-09-30": "109.44800", "2015-09-30": "86.50200", "2014-09-30": "94.87900", "2013-09-30": "90.09500", "2012-09-30": "92.00400", "2011-09-30": "71.56200", "2010-09-30": "64.45700", "2009-09-30": "65.10200", "2008-09-30": "83.95200", "2007-09-30": "104.65000", "2006-09-30": "103.48600", "2005-09-30": "134.54800"}, "EBITDA": {"2020-09-30": "326.33600", "2019-09-30": "285.16000", "2018-09-30": "205.54100", "2017-09-30": "218.37300", "2016-09-30": "201.22500", "2015-09-30": "171.39400", "2014-09-30": "194.50000", "2013-09-30": "194.81500", "2012-09-30": "190.12800", "2011-09-30": "152.08800", "2010-09-30": "146.44100", "2009-09-30": "156.22300", "2008-09-30": "162.35600", "2007-09-30": "209.45300", "2006-09-30": "203.09500", "2005-09-30": "244.94800"}, "EBIT": {"2020-09-30": "295.96900", "2019-09-30": "253.54800", "2018-09-30": "175.35900", "2017-09-30": "182.15900", "2016-09-30": "169.59200", "2015-09-30": "137.50490", "2014-09-30": "161.86800", "2013-09-30": "161.59300", "2012-09-30": "168.35800", "2011-09-30": "127.33700", "2010-09-30": "113.34900", "2009-09-30": "116.74700", "2008-09-30": "122.28300", "2007-09-30": "160.32700", "2006-09-30": "154.40000", "2005-09-30": "193.01100"}, "Basic Shares Outstanding": {"2020-09-30": "29.06700", "2019-09-30": "28.98000", "2018-09-30": "29.71100", "2017-09-30": "30.86200", "2016-09-30": "31.12900", "2015-09-30": "31.40200", "2014-09-30": "33.87000", "2013-09-30": "35.33200", "2012-09-30": "34.90900", "2011-09-30": "39.35900", "2010-09-30": "44.90300", "2009-09-30": "48.65800", "2008-09-30": "48.94000", "2007-09-30": "56.05400", "2006-09-30": "63.57900", "2005-09-30": "66.55600"}, "Shares Outstanding": {"2020-09-30": "29.93200", "2019-09-30": "30.29400", "2018-09-30": "31.18000", "2017-09-30": "32.24500", "2016-09-30": "32.30800", "2015-09-30": "32.60900", "2014-09-30": "34.86400", "2013-09-30": "36.29200", "2012-09-30": "36.06300", "2011-09-30": "39.98800", "2010-09-30": "45.30800", "2009-09-30": "48.77600", "2008-09-30": "49.37300", "2007-09-30": "57.54800", "2006-09-30": "65.12500", "2005-09-30": "73.58400"}, "Basic EPS": {"2020-09-30": "8.13000", "2019-09-30": "6.63000", "2018-09-30": "4.26000", "2017-09-30": "4.32000", "2016-09-30": "3.52000", "2015-09-30": "2.75000", "2014-09-30": "2.80000", "2013-09-30": "2.55000", "2012-09-30": "2.64000", "2011-09-30": "1.82000", "2010-09-30": "1.44000", "2009-09-30": "1.34000", "2008-09-30": "1.72000", "2007-09-30": "1.87000", "2006-09-30": "1.63000", "2005-09-30": "2.02000"}, "EPS - Earnings Per Share": {"2020-09-30": "7.90000", "2019-09-30": "6.34000", "2018-09-30": "4.06000", "2017-09-30": "4.14000", "2016-09-30": "3.39000", "2015-09-30": "2.65000", "2014-09-30": "2.72000", "2013-09-30": "2.48000", "2012-09-30": "2.55000", "2011-09-30": "1.79000", "2010-09-30": "1.42000", "2009-09-30": "1.33000", "2008-09-30": "1.70000", "2007-09-30": "1.82000", "2006-09-30": "1.59000", "2005-09-30": "1.86000"}}, "income statement, quarterly": {"Revenue": {"2020-12-31": "312.41400", "2020-09-30": "374.35600", "2020-06-30": "313.73100", "2020-03-31": "307.97100", "2019-12-31": "298.50400", "2019-09-30": "305.34400", "2019-06-30": "314.24900", "2019-03-31": "278.23400", "2018-12-31": "262.25600", "2018-09-30": "256.53200", "2018-06-30": "254.99300", "2018-03-31": "256.26000", "2017-12-31": "232.36100", "2017-09-30": "256.01900", "2017-06-30": "230.98600", "2017-03-31": "228.37800", "2016-12-31": "219.60000", "2016-09-30": "235.82400", "2016-06-30": "238.77800", "2016-03-31": "206.67800", "2015-12-31": "200.07600", "2015-09-30": "232.75600", "2015-06-30": "209.36600", "2015-03-31": "207.10900", "2014-12-31": "189.55000", "2014-09-30": "221.57000", "2014-06-30": "197.61000", "2014-03-31": "185.46200", "2013-12-31": "184.34300", "2013-09-30": "190.32700", "2013-06-30": "183.77200", "2013-03-31": "179.32500", "2012-12-31": "190.02000", "2012-09-30": "186.07500", "2012-06-30": "160.47800", "2012-03-31": "159.52100", "2011-12-31": "170.34900", "2011-09-30": "160.24900", "2011-06-30": "150.67900", "2011-03-31": "152.82400", "2010-12-31": "155.93100", "2010-09-30": "155.09800", "2010-06-30": "155.32900", "2010-03-31": "143.72000", "2009-12-31": "151.49600", "2009-09-30": "151.92200", "2009-06-30": "156.01800", "2009-03-31": "159.33500", "2008-12-31": "163.46000", "2008-09-30": "178.18700", "2008-06-30": "183.31500", "2008-03-31": "193.23400", "2007-12-31": "190.10600", "2007-09-30": "188.65900", "2007-06-30": "196.62700", "2007-03-31": "190.67500", "2006-12-31": "208.22700", "2006-09-30": "164.91900", "2006-06-30": "207.12900", "2006-03-31": "208.15700", "2005-12-31": "202.79000", "2005-09-30": "203.29700", "2005-06-30": "203.80700", "2005-03-31": "196.02100"}, "Cost Of Goods Sold": {"2020-12-31": "89.52800", "2020-09-30": "93.67600", "2020-06-30": "88.56900", "2020-03-31": "88.13900", "2019-12-31": "90.75800", "2019-09-30": "87.99600", "2019-06-30": "87.21500", "2019-03-31": "85.56800", "2018-12-31": "76.06600", "2018-09-30": "79.96200", "2018-06-30": "79.01100", "2018-03-31": "79.49300", "2017-12-31": "74.43200", "2017-09-30": "75.68600", "2017-06-30": "69.79300", "2017-03-31": "72.13100", "2016-12-31": "69.99700", "2016-09-30": "74.29800", "2016-06-30": "66.38400", "2016-03-31": "62.29800", "2015-12-31": "62.19300", "2015-09-30": "67.04200", "2015-06-30": "66.20200", "2015-03-31": "70.99100", "2014-12-31": "66.30000", "2014-09-30": "71.02700", "2014-06-30": "62.75200", "2014-03-31": "58.18300", "2013-12-31": "57.31900", "2013-09-30": "56.80900", "2013-06-30": "57.65500", "2013-03-31": "58.85600", "2012-12-31": "56.14800", "2012-09-30": "55.32700", "2012-06-30": "47.83200", "2012-03-31": "48.81400", "2011-12-31": "45.97400", "2011-09-30": "48.76300", "2011-06-30": "43.39800", "2011-03-31": "48.50600", "2010-12-31": "45.80300", "2010-09-30": "48.45600", "2010-06-30": "45.31600", "2010-03-31": "44.64100", "2009-12-31": "42.51900", "2009-09-30": "45.79300", "2009-06-30": "48.16000", "2009-03-31": "53.47600", "2008-12-31": "59.01900", "2008-09-30": "66.29000", "2008-06-30": "68.70900", "2008-03-31": "72.94600", "2007-12-31": "66.97200", "2007-09-30": "58.35100", "2007-06-30": "65.29100", "2007-03-31": "65.23900", "2006-12-31": "70.56900", "2006-09-30": "35.60300", "2006-06-30": "71.49700", "2006-03-31": "73.14400", "2005-12-31": "67.04500", "2005-09-30": "67.30800", "2005-06-30": "68.33900", "2005-03-31": "69.64800"}, "Gross Profit": {"2020-12-31": "222.88600", "2020-09-30": "280.68010", "2020-06-30": "225.16200", "2020-03-31": "219.83200", "2019-12-31": "207.74600", "2019-09-30": "217.34800", "2019-06-30": "227.03400", "2019-03-31": "192.66600", "2018-12-31": "186.19000", "2018-09-30": "176.57000", "2018-06-30": "175.98200", "2018-03-31": "176.76700", "2017-12-31": "157.92900", "2017-09-30": "180.33290", "2017-06-30": "161.19300", "2017-03-31": "156.24700", "2016-12-31": "149.60300", "2016-09-30": "161.52600", "2016-06-30": "172.39400", "2016-03-31": "144.38000", "2015-12-31": "137.88300", "2015-09-30": "165.71400", "2015-06-30": "143.16400", "2015-03-31": "136.11800", "2014-12-31": "123.25000", "2014-09-30": "150.54300", "2014-06-30": "134.85800", "2014-03-31": "127.27900", "2013-12-31": "127.02400", "2013-09-30": "133.51800", "2013-06-30": "126.11700", "2013-03-31": "120.46900", "2012-12-31": "133.87200", "2012-09-30": "130.74790", "2012-06-30": "112.64600", "2012-03-31": "110.70700", "2011-12-31": "124.37500", "2011-09-30": "111.48600", "2011-06-30": "107.28100", "2011-03-31": "104.31800", "2010-12-31": "110.12800", "2010-09-30": "106.64200", "2010-06-30": "110.01300", "2010-03-31": "99.07900", "2009-12-31": "108.97700", "2009-09-30": "106.12900", "2009-06-30": "107.85800", "2009-03-31": "105.85900", "2008-12-31": "104.44100", "2008-09-30": "111.89700", "2008-06-30": "114.60600", "2008-03-31": "120.28800", "2007-12-31": "123.13400", "2007-09-30": "130.30800", "2007-06-30": "131.33600", "2007-03-31": "125.43600", "2006-12-31": "137.65800", "2006-09-30": "129.31600", "2006-06-30": "135.63200", "2006-03-31": "135.01300", "2005-12-31": "135.74500", "2005-09-30": "135.98900", "2005-06-30": "135.46800", "2005-03-31": "126.37300"}, "Research And Development Expenses": {"2020-12-31": "40.65100", "2020-09-30": "46.70600", "2020-06-30": "41.41100", "2020-03-31": "39.43900", "2019-12-31": "38.94300", "2019-09-30": "39.39600", "2019-06-30": "36.97200", "2019-03-31": "37.68400", "2018-12-31": "35.42600", "2018-09-30": "34.40700", "2018-06-30": "32.48300", "2018-03-31": "32.51900", "2017-12-31": "28.97400", "2017-09-30": "30.22600", "2017-06-30": "27.83900", "2017-03-31": "26.66300", "2016-12-31": "26.14200", "2016-09-30": "27.77300", "2016-06-30": "26.41700", "2016-03-31": "24.84800", "2015-12-31": "24.63100", "2015-09-30": "26.23600", "2015-06-30": "25.61000", "2015-03-31": "24.34100", "2014-12-31": "22.63700", "2014-09-30": "22.41300", "2014-06-30": "23.24000", "2014-03-31": "19.69000", "2013-12-31": "18.09200", "2013-09-30": "17.82400", "2013-06-30": "18.57000", "2013-03-31": "16.02100", "2012-12-31": "14.55200", "2012-09-30": "17.60200", "2012-06-30": "14.89000", "2012-03-31": "13.98600", "2011-12-31": "13.04900", "2011-09-30": "13.55600", "2011-06-30": "14.29000", "2011-03-31": "16.22200", "2010-12-31": "18.06100", "2010-09-30": "16.17800", "2010-06-30": "19.17600", "2010-03-31": "19.25100", "2009-12-31": "18.97600", "2009-09-30": "18.21700", "2009-06-30": "18.36400", "2009-03-31": "18.92400", "2008-12-31": "18.12100", "2008-09-30": "18.88400", "2008-06-30": "18.77900", "2008-03-31": "20.66200", "2007-12-31": "19.46900", "2007-09-30": "17.25500", "2007-06-30": "16.91700", "2007-03-31": "17.43100", "2006-12-31": "17.71900", "2006-09-30": "17.15700", "2006-06-30": "21.37000", "2006-03-31": "21.69400", "2005-12-31": "22.73000", "2005-09-30": "20.99800", "2005-06-30": "21.17600", "2005-03-31": "18.12300"}, "SG&A Expenses": {"2020-12-31": "93.91100", "2020-09-30": "105.61200", "2020-06-30": "99.83200", "2020-03-31": "103.46500", "2019-12-31": "112.02100", "2019-09-30": "105.99200", "2019-06-30": "102.90600", "2019-03-31": "104.93000", "2018-12-31": "100.25800", "2018-09-30": "93.05400", "2018-06-30": "97.39100", "2018-03-31": "96.12500", "2017-12-31": "90.34200", "2017-09-30": "81.63300", "2017-06-30": "84.08900", "2017-03-31": "86.23100", "2016-12-31": "85.21400", "2016-09-30": "85.42900", "2016-06-30": "87.17200", "2016-03-31": "77.50100", "2015-12-31": "78.83800", "2015-09-30": "78.69300", "2015-06-30": "74.64500", "2015-03-31": "73.86300", "2014-12-31": "72.80100", "2014-09-30": "73.71300", "2014-06-30": "71.55700", "2014-03-31": "65.94400", "2013-12-31": "66.98900", "2013-09-30": "62.42700", "2013-06-30": "68.66500", "2013-03-31": "67.63800", "2012-12-31": "69.66500", "2012-09-30": "65.04000", "2012-06-30": "59.12300", "2012-03-31": "57.03500", "2011-12-31": "57.32400", "2011-09-30": "54.89000", "2011-06-30": "53.64300", "2011-03-31": "55.44900", "2010-12-31": "59.63300", "2010-09-30": "59.28600", "2010-06-30": "57.07700", "2010-03-31": "53.69700", "2009-12-31": "55.20300", "2009-09-30": "51.80000", "2009-06-30": "50.29000", "2009-03-31": "52.46000", "2008-12-31": "54.76900", "2008-09-30": "57.78100", "2008-06-30": "59.73400", "2008-03-31": "61.36500", "2007-12-31": "66.75900", "2007-09-30": "68.45500", "2007-06-30": "69.46400", "2007-03-31": "67.13800", "2006-12-31": "68.64800", "2006-09-30": "62.77500", "2006-06-30": "66.33800", "2006-03-31": "64.15700", "2005-12-31": "63.38300", "2005-09-30": "55.62100", "2005-06-30": "59.12600", "2005-03-31": "55.08500"}, "Other Operating Income Or Expenses": {"2020-12-31": "7.33400", "2020-09-30": "", "2020-06-30": "", "2020-03-31": "", "2019-12-31": "", "2019-09-30": "", "2019-06-30": "", "2019-03-31": "", "2018-12-31": "", "2018-09-30": "", "2018-06-30": "", "2018-03-31": "", "2017-12-31": "", "2017-09-30": "", "2017-06-30": "", "2017-03-31": "", "2016-12-31": "", "2016-09-30": "", "2016-06-30": "", "2016-03-31": "", "2015-12-31": "", "2015-09-30": "", "2015-06-30": "", "2015-03-31": "", "2014-12-31": "", "2014-09-30": "", "2014-06-30": "", "2014-03-31": "", "2013-12-31": "", "2013-09-30": "", "2013-06-30": "", "2013-03-31": "", "2012-12-31": "", "2012-09-30": "", "2012-06-30": "", "2012-03-31": "", "2011-12-31": "", "2011-09-30": "", "2011-06-30": "", "2011-03-31": "", "2010-12-31": "", "2010-09-30": "", "2010-06-30": "", "2010-03-31": "", "2009-12-31": "", "2009-09-30": "", "2009-06-30": "-2.99300", "2009-03-31": "", "2008-12-31": "", "2008-09-30": "", "2008-06-30": "", "2008-03-31": "", "2007-12-31": "", "2007-09-30": "", "2007-06-30": "", "2007-03-31": "1.54100", "2006-12-31": "", "2006-09-30": "", "2006-06-30": "", "2006-03-31": "", "2005-12-31": "", "2005-09-30": "", "2005-06-30": "", "2005-03-31": ""}, "Operating Expenses": {"2020-12-31": "217.69300", "2020-09-30": "288.86600", "2020-06-30": "230.86000", "2020-03-31": "232.24500", "2019-12-31": "246.62200", "2019-09-30": "235.05700", "2019-06-30": "228.54100", "2019-03-31": "229.68500", "2018-12-31": "213.25200", "2018-09-30": "208.97400", "2018-06-30": "210.45600", "2018-03-31": "209.82100", "2017-12-31": "195.53600", "2017-09-30": "190.25700", "2017-06-30": "189.55700", "2017-03-31": "188.33700", "2016-12-31": "184.67300", "2016-09-30": "190.90910", "2016-06-30": "183.45900", "2016-03-31": "168.15400", "2015-12-31": "169.24200", "2015-09-30": "191.58400", "2015-06-30": "172.31200", "2015-03-31": "172.71000", "2014-12-31": "164.67000", "2014-09-30": "170.13000", "2014-06-30": "161.18900", "2014-03-31": "146.72500", "2013-12-31": "149.07300", "2013-09-30": "140.14200", "2013-06-30": "148.56400", "2013-03-31": "146.11900", "2012-12-31": "147.02600", "2012-09-30": "145.15300", "2012-06-30": "123.31000", "2012-03-31": "121.32500", "2011-12-31": "118.27700", "2011-09-30": "119.14600", "2011-06-30": "113.27300", "2011-03-31": "133.63200", "2010-12-31": "126.29500", "2010-09-30": "127.52000", "2010-06-30": "124.25200", "2010-03-31": "120.65900", "2009-12-31": "119.86300", "2009-09-30": "119.07900", "2009-06-30": "122.78900", "2009-03-31": "128.88600", "2008-12-31": "143.23400", "2008-09-30": "148.82800", "2008-06-30": "153.19500", "2008-03-31": "164.71800", "2007-12-31": "155.81800", "2007-09-30": "149.89400", "2007-06-30": "156.50500", "2007-03-31": "154.13600", "2006-12-31": "163.32600", "2006-09-30": "131.61200", "2006-06-30": "170.79700", "2006-03-31": "167.43900", "2005-12-31": "158.74700", "2005-09-30": "150.18700", "2005-06-30": "154.96100", "2005-03-31": "149.39200"}, "Operating Income": {"2020-12-31": "94.72100", "2020-09-30": "85.49000", "2020-06-30": "82.87100", "2020-03-31": "75.72600", "2019-12-31": "51.88200", "2019-09-30": "70.28700", "2019-06-30": "85.70800", "2019-03-31": "48.54900", "2018-12-31": "49.00400", "2018-09-30": "47.55800", "2018-06-30": "44.53700", "2018-03-31": "46.43900", "2017-12-31": "36.82500", "2017-09-30": "65.76200", "2017-06-30": "41.42900", "2017-03-31": "40.04100", "2016-12-31": "34.92700", "2016-09-30": "44.91500", "2016-06-30": "55.31900", "2016-03-31": "38.52400", "2015-12-31": "30.83400", "2015-09-30": "41.17200", "2015-06-30": "37.05400", "2015-03-31": "34.39900", "2014-12-31": "24.88000", "2014-09-30": "51.44000", "2014-06-30": "36.42100", "2014-03-31": "38.73700", "2013-12-31": "35.27000", "2013-09-30": "50.18500", "2013-06-30": "35.20800", "2013-03-31": "33.20600", "2012-12-31": "42.99400", "2012-09-30": "40.92200", "2012-06-30": "37.16800", "2012-03-31": "38.19600", "2011-12-31": "52.07200", "2011-09-30": "41.10300", "2011-06-30": "37.40600", "2011-03-31": "19.19200", "2010-12-31": "29.63600", "2010-09-30": "27.57800", "2010-06-30": "31.07700", "2010-03-31": "23.06100", "2009-12-31": "31.63300", "2009-09-30": "32.84300", "2009-06-30": "33.22900", "2009-03-31": "30.44900", "2008-12-31": "20.22600", "2008-09-30": "29.35900", "2008-06-30": "30.12000", "2008-03-31": "28.51600", "2007-12-31": "34.28800", "2007-09-30": "38.76500", "2007-06-30": "40.12200", "2007-03-31": "36.53900", "2006-12-31": "44.90100", "2006-09-30": "33.30700", "2006-06-30": "36.33200", "2006-03-31": "40.71800", "2005-12-31": "44.04300", "2005-09-30": "53.11000", "2005-06-30": "48.84600", "2005-03-31": "46.62900"}, "Total Non-Operating Income/Expense": {"2020-12-31": "-6.76100", "2020-09-30": "-9.05700", "2020-06-30": "-6.66300", "2020-03-31": "-13.26200", "2019-12-31": "-9.98700", "2019-09-30": "-9.39900", "2019-06-30": "-7.65400", "2019-03-31": "-8.57500", "2018-12-31": "-11.84800", "2018-09-30": "1.43200", "2018-06-30": "-6.63500", "2018-03-31": "-7.27700", "2017-12-31": "-5.94700", "2017-09-30": "-6.60100", "2017-06-30": "-6.09800", "2017-03-31": "-6.90500", "2016-12-31": "-6.27200", "2016-09-30": "-6.55600", "2016-06-30": "-5.02900", "2016-03-31": "-6.38000", "2015-12-31": "-7.05800", "2015-09-30": "-6.75500", "2015-06-30": "-6.59000", "2015-03-31": "-8.36600", "2014-12-31": "-6.55600", "2014-09-30": "-7.08000", "2014-06-30": "-6.12000", "2014-03-31": "-7.45000", "2013-12-31": "-8.08700", "2013-09-30": "-7.25200", "2013-06-30": "-6.58700", "2013-03-31": "-7.81900", "2012-12-31": "-7.95100", "2012-09-30": "-8.24200", "2012-06-30": "-6.91400", "2012-03-31": "-8.51200", "2011-12-31": "-8.44700", "2011-09-30": "-8.04200", "2011-06-30": "-5.46900", "2011-03-31": "-8.15800", "2010-12-31": "-8.21300", "2010-09-30": "-7.53800", "2010-06-30": "-4.36800", "2010-03-31": "-3.88900", "2009-12-31": "-5.25000", "2009-09-30": "-4.89300", "2009-06-30": "-4.64700", "2009-03-31": "-5.58000", "2008-12-31": "-4.05700", "2008-09-30": "-3.86400", "2008-06-30": "-2.01800", "2008-03-31": "-1.27800", "2007-12-31": "-2.12800", "2007-09-30": "-0.03300", "2007-06-30": "0.18400", "2007-03-31": "0.60200", "2006-12-31": "0.43500", "2006-09-30": "1.41600", "2006-06-30": "2.71300", "2006-03-31": "1.49500", "2005-12-31": "0.84500", "2005-09-30": "1.07600", "2005-06-30": "0.16100", "2005-03-31": "-0.49000"}, "Pre-Tax Income": {"2020-12-31": "87.96000", "2020-09-30": "76.43300", "2020-06-30": "76.20800", "2020-03-31": "62.46400", "2019-12-31": "41.89500", "2019-09-30": "60.88800", "2019-06-30": "78.05400", "2019-03-31": "39.97400", "2018-12-31": "37.15600", "2018-09-30": "48.99000", "2018-06-30": "37.90200", "2018-03-31": "39.16200", "2017-12-31": "30.87800", "2017-09-30": "59.16100", "2017-06-30": "35.33100", "2017-03-31": "33.13600", "2016-12-31": "28.65500", "2016-09-30": "38.35900", "2016-06-30": "50.29000", "2016-03-31": "32.14400", "2015-12-31": "23.77600", "2015-09-30": "34.41700", "2015-06-30": "30.46400", "2015-03-31": "26.03300", "2014-12-31": "18.32400", "2014-09-30": "44.36000", "2014-06-30": "30.30100", "2014-03-31": "31.28700", "2013-12-31": "27.18300", "2013-09-30": "42.93300", "2013-06-30": "28.62100", "2013-03-31": "25.38700", "2012-12-31": "35.04300", "2012-09-30": "32.68000", "2012-06-30": "30.25400", "2012-03-31": "29.68400", "2011-12-31": "43.62500", "2011-09-30": "33.06100", "2011-06-30": "31.93700", "2011-03-31": "11.03400", "2010-12-31": "21.42300", "2010-09-30": "20.04000", "2010-06-30": "26.70900", "2010-03-31": "19.17200", "2009-12-31": "26.38300", "2009-09-30": "27.95000", "2009-06-30": "28.58200", "2009-03-31": "24.86900", "2008-12-31": "16.16900", "2008-09-30": "25.49500", "2008-06-30": "28.10200", "2008-03-31": "27.23800", "2007-12-31": "32.16000", "2007-09-30": "38.73200", "2007-06-30": "40.30600", "2007-03-31": "37.14100", "2006-12-31": "45.33600", "2006-09-30": "34.72300", "2006-06-30": "39.04500", "2006-03-31": "42.21300", "2005-12-31": "44.88800", "2005-09-30": "54.18600", "2005-06-30": "49.00700", "2005-03-31": "46.13900"}, "Income Taxes": {"2020-12-31": "1.46800", "2020-09-30": "17.30700", "2020-06-30": "12.13200", "2020-03-31": "4.17600", "2019-12-31": "-13.02600", "2019-09-30": "6.30400", "2019-06-30": "13.90200", "2019-03-31": "6.59300", "2018-12-31": "-2.85100", "2018-09-30": "16.27700", "2018-06-30": "8.18100", "2018-03-31": "7.99300", "2017-12-31": "-2.00100", "2017-09-30": "13.95900", "2017-06-30": "10.10400", "2017-03-31": "8.05200", "2016-12-31": "-9.24600", "2016-09-30": "6.25500", "2016-06-30": "15.30300", "2016-03-31": "9.02800", "2015-12-31": "4.53500", "2015-09-30": "1.09800", "2015-06-30": "10.55800", "2015-03-31": "7.16300", "2014-12-31": "3.91700", "2014-09-30": "7.75700", "2014-06-30": "9.75300", "2014-03-31": "10.53600", "2013-12-31": "10.20600", "2013-09-30": "14.37600", "2013-06-30": "8.99900", "2013-03-31": "6.89200", "2012-12-31": "11.62200", "2012-09-30": "11.43400", "2012-06-30": "9.50500", "2012-03-31": "9.67200", "2011-12-31": "13.62800", "2011-09-30": "8.44200", "2011-06-30": "8.74800", "2011-03-31": "3.28900", "2010-12-31": "5.41400", "2010-09-30": "4.19900", "2010-06-30": "8.77100", "2010-03-31": "6.18000", "2009-12-31": "8.69700", "2009-09-30": "10.84200", "2009-06-30": "10.44300", "2009-03-31": "6.76100", "2008-12-31": "4.05900", "2008-09-30": "1.71700", "2008-06-30": "9.30400", "2008-03-31": "9.46400", "2007-12-31": "11.32400", "2007-09-30": "5.84900", "2007-06-30": "14.19400", "2007-03-31": "15.51000", "2006-12-31": "14.11100", "2006-09-30": "11.65100", "2006-06-30": "13.04200", "2006-03-31": "15.24000", "2005-12-31": "16.43100", "2005-09-30": "18.43800", "2005-06-30": "12.39500", "2005-03-31": "11.81200"}, "Income After Taxes": {"2020-12-31": "86.49200", "2020-09-30": "59.12600", "2020-06-30": "64.07600", "2020-03-31": "58.28800", "2019-12-31": "54.92100", "2019-09-30": "54.58400", "2019-06-30": "64.15200", "2019-03-31": "33.38100", "2018-12-31": "40.00700", "2018-09-30": "32.71300", "2018-06-30": "29.72100", "2018-03-31": "31.16900", "2017-12-31": "32.87900", "2017-09-30": "45.20200", "2017-06-30": "25.22700", "2017-03-31": "25.08400", "2016-12-31": "37.90100", "2016-09-30": "32.10400", "2016-06-30": "34.98700", "2016-03-31": "23.11600", "2015-12-31": "19.24100", "2015-09-30": "33.31900", "2015-06-30": "19.90600", "2015-03-31": "18.87000", "2014-12-31": "14.40700", "2014-09-30": "36.60300", "2014-06-30": "20.54800", "2014-03-31": "20.75100", "2013-12-31": "16.97700", "2013-09-30": "28.55700", "2013-06-30": "19.62200", "2013-03-31": "18.49500", "2012-12-31": "23.42100", "2012-09-30": "21.24600", "2012-06-30": "20.74900", "2012-03-31": "20.01200", "2011-12-31": "29.99700", "2011-09-30": "24.61900", "2011-06-30": "23.18900", "2011-03-31": "7.74500", "2010-12-31": "16.00900", "2010-09-30": "15.84100", "2010-06-30": "17.93800", "2010-03-31": "12.99200", "2009-12-31": "17.68600", "2009-09-30": "17.10800", "2009-06-30": "18.13900", "2009-03-31": "18.10800", "2008-12-31": "12.11000", "2008-09-30": "23.77800", "2008-06-30": "18.79800", "2008-03-31": "17.77400", "2007-12-31": "20.83600", "2007-09-30": "32.88300", "2007-06-30": "26.11200", "2007-03-31": "21.63100", "2006-12-31": "31.22500", "2006-09-30": "23.07200", "2006-06-30": "26.00300", "2006-03-31": "26.97300", "2005-12-31": "28.45700", "2005-09-30": "35.74800", "2005-06-30": "36.61200", "2005-03-31": "34.32700"}, "Other Income": {"2020-12-31": "", "2020-09-30": "", "2020-06-30": "", "2020-03-31": "", "2019-12-31": "", "2019-09-30": "", "2019-06-30": "", "2019-03-31": "", "2018-12-31": "", "2018-09-30": "", "2018-06-30": "", "2018-03-31": "", "2017-12-31": "", "2017-09-30": "", "2017-06-30": "", "2017-03-31": "", "2016-12-31": "", "2016-09-30": "", "2016-06-30": "", "2016-03-31": "", "2015-12-31": "", "2015-09-30": "", "2015-06-30": "", "2015-03-31": "", "2014-12-31": "", "2014-09-30": "", "2014-06-30": "", "2014-03-31": "", "2013-12-31": "", "2013-09-30": "", "2013-06-30": "", "2013-03-31": "", "2012-12-31": "", "2012-09-30": "", "2012-06-30": "", "2012-03-31": "", "2011-12-31": "", "2011-09-30": "", "2011-06-30": "", "2011-03-31": "", "2010-12-31": "", "2010-09-30": "", "2010-06-30": "", "2010-03-31": "", "2009-12-31": "", "2009-09-30": "", "2009-06-30": "", "2009-03-31": "", "2008-12-31": "", "2008-09-30": "", "2008-06-30": "", "2008-03-31": "", "2007-12-31": "", "2007-09-30": "", "2007-06-30": "", "2007-03-31": "", "2006-12-31": "", "2006-09-30": "", "2006-06-30": "", "2006-03-31": "", "2005-12-31": "", "2005-09-30": "", "2005-06-30": "", "2005-03-31": ""}, "Income From Continuous Operations": {"2020-12-31": "86.49200", "2020-09-30": "59.12600", "2020-06-30": "64.07600", "2020-03-31": "58.28800", "2019-12-31": "54.92100", "2019-09-30": "54.58400", "2019-06-30": "64.15200", "2019-03-31": "33.38100", "2018-12-31": "40.00700", "2018-09-30": "32.71300", "2018-06-30": "29.72100", "2018-03-31": "31.16900", "2017-12-31": "32.87900", "2017-09-30": "45.20200", "2017-06-30": "25.22700", "2017-03-31": "25.08400", "2016-12-31": "37.90100", "2016-09-30": "32.10400", "2016-06-30": "34.98700", "2016-03-31": "23.11600", "2015-12-31": "19.24100", "2015-09-30": "33.31900", "2015-06-30": "19.90600", "2015-03-31": "18.87000", "2014-12-31": "14.40700", "2014-09-30": "36.60300", "2014-06-30": "20.54800", "2014-03-31": "20.75100", "2013-12-31": "16.97700", "2013-09-30": "28.55700", "2013-06-30": "19.62200", "2013-03-31": "18.49500", "2012-12-31": "23.42100", "2012-09-30": "21.24600", "2012-06-30": "20.74900", "2012-03-31": "20.01200", "2011-12-31": "29.99700", "2011-09-30": "24.61900", "2011-06-30": "23.18900", "2011-03-31": "7.74500", "2010-12-31": "16.00900", "2010-09-30": "15.84100", "2010-06-30": "17.93800", "2010-03-31": "12.99200", "2009-12-31": "17.68600", "2009-09-30": "17.10800", "2009-06-30": "18.13900", "2009-03-31": "18.10800", "2008-12-31": "12.11000", "2008-09-30": "23.77800", "2008-06-30": "18.79800", "2008-03-31": "17.77400", "2007-12-31": "20.83600", "2007-09-30": "32.88300", "2007-06-30": "26.11200", "2007-03-31": "21.63100", "2006-12-31": "31.22500", "2006-09-30": "23.07200", "2006-06-30": "26.00300", "2006-03-31": "26.97300", "2005-12-31": "28.45700", "2005-09-30": "35.74800", "2005-06-30": "36.61200", "2005-03-31": "34.32700"}, "Income From Discontinued Operations": {"2020-12-31": "", "2020-09-30": "", "2020-06-30": "", "2020-03-31": "", "2019-12-31": "", "2019-09-30": "", "2019-06-30": "", "2019-03-31": "", "2018-12-31": "", "2018-09-30": "", "2018-06-30": "", "2018-03-31": "", "2017-12-31": "", "2017-09-30": "", "2017-06-30": "", "2017-03-31": "", "2016-12-31": "", "2016-09-30": "", "2016-06-30": "", "2016-03-31": "", "2015-12-31": "", "2015-09-30": "", "2015-06-30": "", "2015-03-31": "", "2014-12-31": "", "2014-09-30": "", "2014-06-30": "", "2014-03-31": "", "2013-12-31": "", "2013-09-30": "", "2013-06-30": "", "2013-03-31": "", "2012-12-31": "", "2012-09-30": "", "2012-06-30": "", "2012-03-31": "", "2011-12-31": "", "2011-09-30": "", "2011-06-30": "", "2011-03-31": "", "2010-12-31": "", "2010-09-30": "", "2010-06-30": "", "2010-03-31": "", "2009-12-31": "", "2009-09-30": "", "2009-06-30": "", "2009-03-31": "-0.36300", "2008-12-31": "", "2008-09-30": "0.00000", "2008-06-30": "7.70300", "2008-03-31": "-4.28700", "2007-12-31": "-0.65000", "2007-09-30": "-4.66400", "2007-06-30": "-2.34400", "2007-03-31": "-0.19300", "2006-12-31": "", "2006-09-30": "", "2006-06-30": "", "2006-03-31": "", "2005-12-31": "", "2005-09-30": "", "2005-06-30": "", "2005-03-31": ""}, "Net Income": {"2020-12-31": "86.49200", "2020-09-30": "59.12600", "2020-06-30": "64.07600", "2020-03-31": "58.28800", "2019-12-31": "54.92100", "2019-09-30": "54.58400", "2019-06-30": "64.15200", "2019-03-31": "33.38100", "2018-12-31": "40.00700", "2018-09-30": "32.71300", "2018-06-30": "29.72100", "2018-03-31": "31.16900", "2017-12-31": "32.87900", "2017-09-30": "45.20200", "2017-06-30": "25.22700", "2017-03-31": "25.08400", "2016-12-31": "37.90100", "2016-09-30": "32.10400", "2016-06-30": "34.98700", "2016-03-31": "23.11600", "2015-12-31": "19.24100", "2015-09-30": "33.31900", "2015-06-30": "19.90600", "2015-03-31": "18.87000", "2014-12-31": "14.40700", "2014-09-30": "36.60300", "2014-06-30": "20.54800", "2014-03-31": "20.75100", "2013-12-31": "16.97700", "2013-09-30": "28.55700", "2013-06-30": "19.62200", "2013-03-31": "18.49500", "2012-12-31": "23.42100", "2012-09-30": "21.24600", "2012-06-30": "20.74900", "2012-03-31": "20.01200", "2011-12-31": "29.99700", "2011-09-30": "24.61900", "2011-06-30": "23.18900", "2011-03-31": "7.74500", "2010-12-31": "16.00900", "2010-09-30": "15.84100", "2010-06-30": "17.93800", "2010-03-31": "12.99200", "2009-12-31": "17.68600", "2009-09-30": "17.10800", "2009-06-30": "18.13900", "2009-03-31": "17.74500", "2008-12-31": "12.11000", "2008-09-30": "23.77800", "2008-06-30": "26.50100", "2008-03-31": "13.48700", "2007-12-31": "20.18600", "2007-09-30": "28.21900", "2007-06-30": "23.76800", "2007-03-31": "21.43800", "2006-12-31": "31.22500", "2006-09-30": "22.05300", "2006-06-30": "26.00300", "2006-03-31": "26.97300", "2005-12-31": "28.45700", "2005-09-30": "35.74800", "2005-06-30": "36.61200", "2005-03-31": "34.32700"}, "EBITDA": {"2020-12-31": "101.74700", "2020-09-30": "92.30800", "2020-06-30": "90.88500", "2020-03-31": "83.40500", "2019-12-31": "59.73800", "2019-09-30": "78.16500", "2019-06-30": "93.65600", "2019-03-31": "56.36800", "2018-12-31": "56.97100", "2018-09-30": "55.41100", "2018-06-30": "51.77100", "2018-03-31": "53.80300", "2017-12-31": "44.55600", "2017-09-30": "74.54900", "2017-06-30": "50.62000", "2017-03-31": "49.21900", "2016-12-31": "43.98500", "2016-09-30": "53.42100", "2016-06-30": "63.27800", "2016-03-31": "46.25100", "2015-12-31": "38.27500", "2015-09-30": "48.96800", "2015-06-30": "46.10000", "2015-03-31": "43.33900", "2014-12-31": "32.98700", "2014-09-30": "59.87600", "2014-06-30": "44.60500", "2014-03-31": "46.58200", "2013-12-31": "43.43700", "2013-09-30": "58.23900", "2013-06-30": "43.93500", "2013-03-31": "41.66600", "2012-12-31": "50.97500", "2012-09-30": "47.93700", "2012-06-30": "41.69600", "2012-03-31": "42.77500", "2011-12-31": "57.72000", "2011-09-30": "46.78800", "2011-06-30": "43.33700", "2011-03-31": "25.57500", "2010-12-31": "36.38800", "2010-09-30": "35.24000", "2010-06-30": "39.31900", "2010-03-31": "31.66200", "2009-12-31": "40.22000", "2009-09-30": "42.66600", "2009-06-30": "43.07900", "2009-03-31": "40.48100", "2008-12-31": "29.99700", "2008-09-30": "39.30900", "2008-06-30": "40.20300", "2008-03-31": "38.79900", "2007-12-31": "44.04500", "2007-09-30": "49.67100", "2007-06-30": "52.29700", "2007-03-31": "49.40100", "2006-12-31": "58.08400", "2006-09-30": "45.39700", "2006-06-30": "48.65000", "2006-03-31": "52.91100", "2005-12-31": "56.13700", "2005-09-30": "65.44600", "2005-06-30": "61.67100", "2005-03-31": "59.92500"}, "EBIT": {"2020-12-31": "94.72100", "2020-09-30": "85.49000", "2020-06-30": "82.87100", "2020-03-31": "75.72600", "2019-12-31": "51.88200", "2019-09-30": "70.28700", "2019-06-30": "85.70800", "2019-03-31": "48.54900", "2018-12-31": "49.00400", "2018-09-30": "47.55800", "2018-06-30": "44.53700", "2018-03-31": "46.43900", "2017-12-31": "36.82500", "2017-09-30": "65.76200", "2017-06-30": "41.42900", "2017-03-31": "40.04100", "2016-12-31": "34.92700", "2016-09-30": "44.91500", "2016-06-30": "55.31900", "2016-03-31": "38.52400", "2015-12-31": "30.83400", "2015-09-30": "41.17200", "2015-06-30": "37.05400", "2015-03-31": "34.39900", "2014-12-31": "24.88000", "2014-09-30": "51.44000", "2014-06-30": "36.42100", "2014-03-31": "38.73700", "2013-12-31": "35.27000", "2013-09-30": "50.18500", "2013-06-30": "35.20800", "2013-03-31": "33.20600", "2012-12-31": "42.99400", "2012-09-30": "40.92200", "2012-06-30": "37.16800", "2012-03-31": "38.19600", "2011-12-31": "52.07200", "2011-09-30": "41.10300", "2011-06-30": "37.40600", "2011-03-31": "19.19200", "2010-12-31": "29.63600", "2010-09-30": "27.57800", "2010-06-30": "31.07700", "2010-03-31": "23.06100", "2009-12-31": "31.63300", "2009-09-30": "32.84300", "2009-06-30": "33.22900", "2009-03-31": "30.44900", "2008-12-31": "20.22600", "2008-09-30": "29.35900", "2008-06-30": "30.12000", "2008-03-31": "28.51600", "2007-12-31": "34.28800", "2007-09-30": "38.76500", "2007-06-30": "40.12200", "2007-03-31": "36.53900", "2006-12-31": "44.90100", "2006-09-30": "33.30700", "2006-06-30": "36.33200", "2006-03-31": "40.71800", "2005-12-31": "44.04300", "2005-09-30": "53.11000", "2005-06-30": "48.84600", "2005-03-31": "46.62900"}, "Basic Shares Outstanding": {"2020-12-31": "29.12700", "2020-09-30": "29.06700", "2020-06-30": "29.00500", "2020-03-31": "29.19400", "2019-12-31": "29.02500", "2019-09-30": "28.98000", "2019-06-30": "28.96700", "2019-03-31": "29.07400", "2018-12-31": "28.96100", "2018-09-30": "29.71100", "2018-06-30": "29.70800", "2018-03-31": "29.98500", "2017-12-31": "30.07800", "2017-09-30": "30.86200", "2017-06-30": "30.91400", "2017-03-31": "31.01700", "2016-12-31": "30.98900", "2016-09-30": "31.12900", "2016-06-30": "31.14900", "2016-03-31": "31.26800", "2015-12-31": "31.18500", "2015-09-30": "31.40200", "2015-06-30": "31.11800", "2015-03-31": "31.33500", "2014-12-31": "31.93600", "2014-09-30": "33.87000", "2014-06-30": "34.21000", "2014-03-31": "34.50000", "2013-12-31": "34.69900", "2013-09-30": "35.33200", "2013-06-30": "35.49900", "2013-03-31": "35.66400", "2012-12-31": "35.04300", "2012-09-30": "34.90900", "2012-06-30": "34.00400", "2012-03-31": "35.33100", "2011-12-31": "36.03400", "2011-09-30": "39.35900", "2011-06-30": "39.45100", "2011-03-31": "40.01000", "2010-12-31": "39.92300", "2010-09-30": "44.90300", "2010-06-30": "44.44600", "2010-03-31": "46.44700", "2009-12-31": "47.60600", "2009-09-30": "48.65800", "2009-06-30": "48.83500", "2009-03-31": "48.81300", "2008-12-31": "48.47800", "2008-09-30": "48.94000", "2008-06-30": "48.52100", "2008-03-31": "48.76000", "2007-12-31": "50.04200", "2007-09-30": "56.05400", "2007-06-30": "55.77600", "2007-03-31": "56.94000", "2006-12-31": "58.05700", "2006-09-30": "63.57900", "2006-06-30": "63.66400", "2006-03-31": "65.05200", "2005-12-31": "64.21100", "2005-09-30": "66.55600", "2005-06-30": "66.21500", "2005-03-31": "66.97900"}, "Shares Outstanding": {"2020-12-31": "29.78900", "2020-09-30": "29.93200", "2020-06-30": "29.74400", "2020-03-31": "29.98500", "2019-12-31": "30.16900", "2019-09-30": "30.29400", "2019-06-30": "30.29200", "2019-03-31": "30.25900", "2018-12-31": "30.33600", "2018-09-30": "31.18000", "2018-06-30": "31.16100", "2018-03-31": "31.30000", "2017-12-31": "31.56100", "2017-09-30": "32.24500", "2017-06-30": "32.22400", "2017-03-31": "32.26000", "2016-12-31": "32.53600", "2016-09-30": "32.30800", "2016-06-30": "32.31300", "2016-03-31": "32.26200", "2015-12-31": "32.43600", "2015-09-30": "32.60900", "2015-06-30": "32.36300", "2015-03-31": "32.44800", "2014-12-31": "33.12800", "2014-09-30": "34.86400", "2014-06-30": "35.16200", "2014-03-31": "35.31100", "2013-12-31": "35.82000", "2013-09-30": "36.29200", "2013-06-30": "36.38500", "2013-03-31": "36.49200", "2012-12-31": "36.15100", "2012-09-30": "36.06300", "2012-06-30": "35.29300", "2012-03-31": "36.55200", "2011-12-31": "36.88700", "2011-09-30": "39.98800", "2011-06-30": "40.24100", "2011-03-31": "40.61800", "2010-12-31": "40.43900", "2010-09-30": "45.30800", "2010-06-30": "44.88500", "2010-03-31": "46.87000", "2009-12-31": "47.91500", "2009-09-30": "48.77600", "2009-06-30": "48.98600", "2009-03-31": "48.82800", "2008-12-31": "48.52200", "2008-09-30": "49.37300", "2008-06-30": "48.72700", "2008-03-31": "48.96100", "2007-12-31": "51.20000", "2007-09-30": "57.54800", "2007-06-30": "56.89600", "2007-03-31": "58.65900", "2006-12-31": "59.98500", "2006-09-30": "65.12500", "2006-06-30": "64.97300", "2006-03-31": "66.83400", "2005-12-31": "66.21900", "2005-09-30": "73.58400", "2005-06-30": "68.53100", "2005-03-31": "78.38500"}, "Basic EPS": {"2020-12-31": "2.97000", "2020-09-30": "2.03000", "2020-06-30": "2.21000", "2020-03-31": "2.00000", "2019-12-31": "1.89000", "2019-09-30": "1.89000", "2019-06-30": "2.21000", "2019-03-31": "1.15000", "2018-12-31": "1.38000", "2018-09-30": "1.13000", "2018-06-30": "1.00000", "2018-03-31": "1.04000", "2017-12-31": "1.09000", "2017-09-30": "1.47000", "2017-06-30": "0.82000", "2017-03-31": "0.81000", "2016-12-31": "1.22000", "2016-09-30": "1.04000", "2016-06-30": "1.12000", "2016-03-31": "0.74000", "2015-12-31": "0.62000", "2015-09-30": "1.06000", "2015-06-30": "0.64000", "2015-03-31": "0.60000", "2014-12-31": "0.45000", "2014-09-30": "1.11000", "2014-06-30": "0.60000", "2014-03-31": "0.60000", "2013-12-31": "0.49000", "2013-09-30": "0.81000", "2013-06-30": "0.55000", "2013-03-31": "0.52000", "2012-12-31": "0.67000", "2012-09-30": "0.63000", "2012-06-30": "0.61000", "2012-03-31": "0.57000", "2011-12-31": "0.83000", "2011-09-30": "0.64000", "2011-06-30": "0.59000", "2011-03-31": "0.19000", "2010-12-31": "0.40000", "2010-09-30": "0.39000", "2010-06-30": "0.40000", "2010-03-31": "0.28000", "2009-12-31": "0.37000", "2009-09-30": "0.36000", "2009-06-30": "0.37000", "2009-03-31": "0.36000", "2008-12-31": "0.25000", "2008-09-30": "0.49000", "2008-06-30": "0.55000", "2008-03-31": "0.28000", "2007-12-31": "0.40000", "2007-09-30": "0.52000", "2007-06-30": "0.43000", "2007-03-31": "0.38000", "2006-12-31": "0.54000", "2006-09-30": "0.37000", "2006-06-30": "0.41000", "2006-03-31": "0.41000", "2005-12-31": "0.44000", "2005-09-30": "0.55000", "2005-06-30": "0.55000", "2005-03-31": "0.51000"}, "EPS - Earnings Per Share": {"2020-12-31": "2.90000", "2020-09-30": "1.99000", "2020-06-30": "2.15000", "2020-03-31": "1.94000", "2019-12-31": "1.82000", "2019-09-30": "1.80000", "2019-06-30": "2.12000", "2019-03-31": "1.10000", "2018-12-31": "1.32000", "2018-09-30": "1.07000", "2018-06-30": "0.95000", "2018-03-31": "1.00000", "2017-12-31": "1.04000", "2017-09-30": "1.42000", "2017-06-30": "0.78000", "2017-03-31": "0.78000", "2016-12-31": "1.16000", "2016-09-30": "1.00000", "2016-06-30": "1.08000", "2016-03-31": "0.72000", "2015-12-31": "0.59000", "2015-09-30": "1.02000", "2015-06-30": "0.62000", "2015-03-31": "0.58000", "2014-12-31": "0.43000", "2014-09-30": "1.08000", "2014-06-30": "0.58000", "2014-03-31": "0.59000", "2013-12-31": "0.47000", "2013-09-30": "0.78000", "2013-06-30": "0.54000", "2013-03-31": "0.51000", "2012-12-31": "0.65000", "2012-09-30": "0.60000", "2012-06-30": "0.59000", "2012-03-31": "0.55000", "2011-12-31": "0.81000", "2011-09-30": "0.62000", "2011-06-30": "0.58000", "2011-03-31": "0.19000", "2010-12-31": "0.40000", "2010-09-30": "0.37000", "2010-06-30": "0.40000", "2010-03-31": "0.28000", "2009-12-31": "0.37000", "2009-09-30": "0.35000", "2009-06-30": "0.37000", "2009-03-31": "0.36000", "2008-12-31": "0.25000", "2008-09-30": "0.49000", "2008-06-30": "0.54000", "2008-03-31": "0.28000", "2007-12-31": "0.39000", "2007-09-30": "0.51000", "2007-06-30": "0.42000", "2007-03-31": "0.37000", "2006-12-31": "0.52000", "2006-09-30": "0.36000", "2006-06-30": "0.40000", "2006-03-31": "0.40000", "2005-12-31": "0.43000", "2005-09-30": "0.52000", "2005-06-30": "0.53000", "2005-03-31": "0.45000"}}, "balance sheet": {"Cash On Hand": {"2020-09-30": "157.39400", "2019-09-30": "106.42600", "2018-09-30": "90.02300", "2017-09-30": "105.61800", "2016-09-30": "75.92600", "2015-09-30": "86.12000", "2014-09-30": "105.07500", "2013-09-30": "83.17800", "2012-09-30": "93.61700", "2011-09-30": "241.57800", "2010-09-30": "214.81400", "2009-09-30": "317.83000", "2008-09-30": "186.72700", "2007-09-30": "220.61100", "2006-09-30": "227.29500", "2005-09-30": "228.96800"}, "Receivables": {"2020-09-30": "334.18000", "2019-09-30": "297.42700", "2018-09-30": "266.74200", "2017-09-30": "168.58600", "2016-09-30": "167.78600", "2015-09-30": "158.77300", "2014-09-30": "155.29500", "2013-09-30": "143.73300", "2012-09-30": "142.59500", "2011-09-30": "104.97400", "2010-09-30": "113.18700", "2009-09-30": "101.74200", "2008-09-30": "141.57100", "2007-09-30": "169.29300", "2006-09-30": "165.80600", "2005-09-30": "156.37500"}, "Inventory": {"2020-09-30": "", "2019-09-30": "", "2018-09-30": "", "2017-09-30": "", "2016-09-30": "", "2015-09-30": "", "2014-09-30": "", "2013-09-30": "", "2012-09-30": "", "2011-09-30": "", "2010-09-30": "", "2009-09-30": "", "2008-09-30": "", "2007-09-30": "", "2006-09-30": "", "2005-09-30": ""}, "Pre-Paid Expenses": {"2020-09-30": "42.50400", "2019-09-30": "51.85300", "2018-09-30": "39.62400", "2017-09-30": "36.72700", "2016-09-30": "23.92600", "2015-09-30": "41.70900", "2014-09-30": "28.15700", "2013-09-30": "22.27700", "2012-09-30": "23.11300", "2011-09-30": "17.92900", "2010-09-30": "19.17400", "2009-09-30": "22.98600", "2008-09-30": "23.40400", "2007-09-30": "23.00800", "2006-09-30": "17.99800", "2005-09-30": "20.24900"}, "Other Current Assets": {"2020-09-30": "", "2019-09-30": "", "2018-09-30": "", "2017-09-30": "", "2016-09-30": "", "2015-09-30": "", "2014-09-30": "", "2013-09-30": "", "2012-09-30": "", "2011-09-30": "", "2010-09-30": "", "2009-09-30": "", "2008-09-30": "", "2007-09-30": "", "2006-09-30": "", "2005-09-30": ""}, "Total Current Assets": {"2020-09-30": "534.07800", "2019-09-30": "455.70600", "2018-09-30": "396.38900", "2017-09-30": "310.93100", "2016-09-30": "267.63800", "2015-09-30": "286.60200", "2014-09-30": "288.52700", "2013-09-30": "249.18800", "2012-09-30": "259.32500", "2011-09-30": "364.48100", "2010-09-30": "347.17500", "2009-09-30": "442.55800", "2008-09-30": "351.70200", "2007-09-30": "422.75100", "2006-09-30": "413.31000", "2005-09-30": "412.68000"}, "Property, Plant, And Equipment": {"2020-09-30": "46.41900", "2019-09-30": "53.02700", "2018-09-30": "48.83700", "2017-09-30": "40.70300", "2016-09-30": "45.12200", "2015-09-30": "38.20800", "2014-09-30": "36.67700", "2013-09-30": "45.15500", "2012-09-30": "41.08000", "2011-09-30": "33.01700", "2010-09-30": "30.97500", "2009-09-30": "34.34000", "2008-09-30": "46.36000", "2007-09-30": "51.00700", "2006-09-30": "56.61100", "2005-09-30": "48.43600"}, "Long-Term Investments": {"2020-09-30": "26.57300", "2019-09-30": "21.86500", "2018-09-30": "19.75600", "2017-09-30": "25.51500", "2016-09-30": "21.93600", "2015-09-30": "20.52500", "2014-09-30": "19.78400", "2013-09-30": "18.14000", "2012-09-30": "16.50000", "2011-09-30": "15.10400", "2010-09-30": "15.44100", "2009-09-30": "72.44500", "2008-09-30": "84.47500", "2007-09-30": "26.15000", "2006-09-30": "40.47900", "2005-09-30": "59.08700"}, "Goodwill And Intangible Assets": {"2020-09-30": "821.60000", "2019-09-30": "817.68100", "2018-09-30": "815.42600", "2017-09-30": "825.59900", "2016-09-30": "832.03400", "2015-09-30": "862.07100", "2014-09-30": "827.84200", "2013-09-30": "831.29210", "2012-09-30": "809.80300", "2011-09-30": "684.18600", "2010-09-30": "693.19700", "2009-09-30": "705.89500", "2008-09-30": "738.55000", "2007-09-30": "740.18510", "2006-09-30": "786.06200", "2005-09-30": "803.30600"}, "Other Long-Term Assets": {"2020-09-30": "105.28500", "2019-09-30": "79.16300", "2018-09-30": "36.25400", "2017-09-30": "5.66800", "2016-09-30": "6.34800", "2015-09-30": "7.56100", "2014-09-30": "6.40700", "2013-09-30": "6.64000", "2012-09-30": "9.04700", "2011-09-30": "7.64800", "2010-09-30": "9.15400", "2009-09-30": "10.55000", "2008-09-30": "8.38000", "2007-09-30": "4.04000", "2006-09-30": "4.73300", "2005-09-30": "7.65000"}, "Total Long-Term Assets": {"2020-09-30": "1072.16200", "2019-09-30": "977.74200", "2018-09-30": "934.07810", "2017-09-30": "944.68900", "2016-09-30": "953.03800", "2015-09-30": "943.56090", "2014-09-30": "903.77090", "2013-09-30": "912.35910", "2012-09-30": "899.28610", "2011-09-30": "764.98690", "2010-09-30": "776.54100", "2009-09-30": "861.33000", "2008-09-30": "923.55100", "2007-09-30": "853.02000", "2006-09-30": "907.89500", "2005-09-30": "938.38100"}, "Total Assets": {"2020-09-30": "1606.24000", "2019-09-30": "1433.44800", "2018-09-30": "1330.46700", "2017-09-30": "1255.62000", "2016-09-30": "1220.67600", "2015-09-30": "1230.16300", "2014-09-30": "1192.29800", "2013-09-30": "1161.54700", "2012-09-30": "1158.61100", "2011-09-30": "1129.46800", "2010-09-30": "1123.71600", "2009-09-30": "1303.88800", "2008-09-30": "1275.25300", "2007-09-30": "1275.77100", "2006-09-30": "1321.20500", "2005-09-30": "1351.06100"}, "Total Current Liabilities": {"2020-09-30": "414.51100", "2019-09-30": "490.82800", "2018-09-30": "473.90300", "2017-09-30": "326.65500", "2016-09-30": "246.07700", "2015-09-30": "243.87500", "2014-09-30": "341.40400", "2013-09-30": "165.88000", "2012-09-30": "209.60500", "2011-09-30": "146.49800", "2010-09-30": "122.14700", "2009-09-30": "114.58800", "2008-09-30": "122.63100", "2007-09-30": "525.92400", "2006-09-30": "537.02900", "2005-09-30": "138.15700"}, "Long Term Debt": {"2020-09-30": "739.43500", "2019-09-30": "606.79000", "2018-09-30": "528.94400", "2017-09-30": "462.80100", "2016-09-30": "493.62400", "2015-09-30": "516.00000", "2014-09-30": "376.00000", "2013-09-30": "447.00000", "2012-09-30": "455.00000", "2011-09-30": "504.00000", "2010-09-30": "512.00000", "2009-09-30": "570.00000", "2008-09-30": "570.00000", "2007-09-30": "170.00000", "2006-09-30": "", "2005-09-30": "400.00000"}, "Other Non-Current Liabilities": {"2020-09-30": "48.00500", "2019-09-30": "46.06300", "2018-09-30": "40.18300", "2017-09-30": "39.62700", "2016-09-30": "34.14700", "2015-09-30": "33.29000", "2014-09-30": "20.28000", "2013-09-30": "17.99000", "2012-09-30": "19.60000", "2011-09-30": "13.47600", "2010-09-30": "14.65500", "2009-09-30": "19.03100", "2008-09-30": "20.68100", "2007-09-30": "13.53300", "2006-09-30": "14.14800", "2005-09-30": "7.81000"}, "Total Long Term Liabilities": {"2020-09-30": "860.64700", "2019-09-30": "652.85300", "2018-09-30": "569.12700", "2017-09-30": "502.42800", "2016-09-30": "527.77100", "2015-09-30": "549.29000", "2014-09-30": "396.28000", "2013-09-30": "464.99000", "2012-09-30": "474.60000", "2011-09-30": "517.47600", "2010-09-30": "526.65500", "2009-09-30": "589.03100", "2008-09-30": "590.68100", "2007-09-30": "183.53300", "2006-09-30": "14.14800", "2005-09-30": "407.81000"}, "Total Liabilities": {"2020-09-30": "1275.15800", "2019-09-30": "1143.68100", "2018-09-30": "1043.03000", "2017-09-30": "829.08300", "2016-09-30": "773.84800", "2015-09-30": "793.16500", "2014-09-30": "737.68400", "2013-09-30": "630.87000", "2012-09-30": "684.20500", "2011-09-30": "663.97400", "2010-09-30": "648.80200", "2009-09-30": "703.61900", "2008-09-30": "713.31200", "2007-09-30": "709.45700", "2006-09-30": "551.17700", "2005-09-30": "545.96700"}, "Common Stock Net": {"2020-09-30": "0.29100", "2019-09-30": "0.28900", "2018-09-30": "0.29000", "2017-09-30": "0.30200", "2016-09-30": "0.30900", "2015-09-30": "0.31300", "2014-09-30": "0.32000", "2013-09-30": "0.34800", "2012-09-30": "0.34800", "2011-09-30": "0.37100", "2010-09-30": "0.39900", "2009-09-30": "0.48200", "2008-09-30": "0.48500", "2007-09-30": "0.51100", "2006-09-30": "0.59400", "2005-09-30": "0.63800"}, "Retained Earnings (Accumulated Deficit)": {"2020-09-30": "2193.05900", "2019-09-30": "1956.64800", "2018-09-30": "1764.52400", "2017-09-30": "1598.39500", "2016-09-30": "1471.37700", "2015-09-30": "1368.25500", "2014-09-30": "1284.26100", "2013-09-30": "1192.09600", "2012-09-30": "1104.82500", "2011-09-30": "1015.62400", "2010-09-30": "947.20200", "2009-09-30": "886.32400", "2008-09-30": "825.10900", "2007-09-30": "745.05400", "2006-09-30": "644.83600", "2005-09-30": "546.45000"}, "Comprehensive Income": {"2020-09-30": "-82.99500", "2019-09-30": "-90.08500", "2018-09-30": "-76.42100", "2017-09-30": "-66.49400", "2016-09-30": "-77.01100", "2015-09-30": "-50.71500", "2014-09-30": "-23.18900", "2013-09-30": "-20.90800", "2012-09-30": "-15.80800", "2011-09-30": "-21.70900", "2010-09-30": "-19.67800", "2009-09-30": "-17.42900", "2008-09-30": "0.63700", "2007-09-30": "13.81500", "2006-09-30": "3.69100", "2005-09-30": "-2.48800"}, "Other Share Holders Equity": {"2020-09-30": "", "2019-09-30": "", "2018-09-30": "", "2017-09-30": "", "2016-09-30": "", "2015-09-30": "", "2014-09-30": "", "2013-09-30": "", "2012-09-30": "", "2011-09-30": "", "2010-09-30": "", "2009-09-30": "", "2008-09-30": "", "2007-09-30": "", "2006-09-30": "", "2005-09-30": ""}, "Share Holder Equity": {"2020-09-30": "331.08200", "2019-09-30": "289.76700", "2018-09-30": "287.43700", "2017-09-30": "426.53700", "2016-09-30": "446.82800", "2015-09-30": "436.99800", "2014-09-30": "454.61400", "2013-09-30": "530.67700", "2012-09-30": "474.40600", "2011-09-30": "465.49400", "2010-09-30": "474.91400", "2009-09-30": "600.26900", "2008-09-30": "561.94100", "2007-09-30": "566.31400", "2006-09-30": "770.02800", "2005-09-30": "805.09400"}, "Total Liabilities And Share Holders Equity": {"2020-09-30": "1606.24000", "2019-09-30": "1433.44800", "2018-09-30": "1330.46700", "2017-09-30": "1255.62000", "2016-09-30": "1220.67600", "2015-09-30": "1230.16300", "2014-09-30": "1192.29800", "2013-09-30": "1161.54700", "2012-09-30": "1158.61100", "2011-09-30": "1129.46800", "2010-09-30": "1123.71600", "2009-09-30": "1303.88800", "2008-09-30": "1275.25300", "2007-09-30": "1275.77100", "2006-09-30": "1321.20500", "2005-09-30": "1351.06100"}}, "balance sheet, quarterly": {"Cash On Hand": {"2020-12-31": "144.66200", "2020-09-30": "157.39400", "2020-06-30": "125.67300", "2020-03-31": "108.96600", "2019-12-31": "111.21600", "2019-09-30": "106.42600", "2019-06-30": "78.80800", "2019-03-31": "76.88500", "2018-12-31": "79.89600", "2018-09-30": "90.02300", "2018-06-30": "119.92900", "2018-03-31": "107.86800", "2017-12-31": "94.21300", "2017-09-30": "105.61800", "2017-06-30": "130.66700", "2017-03-31": "115.84800", "2016-12-31": "88.10100", "2016-09-30": "75.92600", "2016-06-30": "118.15500", "2016-03-31": "85.37400", "2015-12-31": "90.71000", "2015-09-30": "86.12000", "2015-06-30": "84.35800", "2015-03-31": "86.84100", "2014-12-31": "94.65100", "2014-09-30": "105.07500", "2014-06-30": "93.10900", "2014-03-31": "108.17600", "2013-12-31": "95.93700", "2013-09-30": "83.17800", "2013-06-30": "93.01900", "2013-03-31": "131.15000", "2012-12-31": "90.83900", "2012-09-30": "93.61700", "2012-06-30": "150.70300", "2012-03-31": "191.08500", "2011-12-31": "231.58700", "2011-09-30": "241.57800", "2011-06-30": "258.51000", "2011-03-31": "258.29400", "2010-12-31": "243.29100", "2010-09-30": "214.81400", "2010-06-30": "241.78500", "2010-03-31": "342.51900", "2009-12-31": "337.25800", "2009-09-30": "317.83000", "2009-06-30": "316.08900", "2009-03-31": "260.51800", "2008-12-31": "212.38000", "2008-09-30": "186.72700", "2008-06-30": "155.77100", "2008-03-31": "108.88100", "2007-12-31": "157.97100", "2007-09-30": "220.61100", "2007-06-30": "241.57000", "2007-03-31": "272.89600", "2006-12-31": "221.96100", "2006-09-30": "227.29500", "2006-06-30": "316.13400", "2006-03-31": "388.46000", "2005-12-31": "319.86300", "2005-09-30": "228.96800", "2005-06-30": "254.41100", "2005-03-31": "328.96700"}, "Receivables": {"2020-12-31": "310.62600", "2020-09-30": "334.18000", "2020-06-30": "303.55800", "2020-03-31": "307.30700", "2019-12-31": "281.64000", "2019-09-30": "297.42700", "2019-06-30": "318.04400", "2019-03-31": "271.63200", "2018-12-31": "247.56600", "2018-09-30": "266.74200", "2018-06-30": "182.41900", "2018-03-31": "188.53800", "2017-12-31": "164.66000", "2017-09-30": "168.58600", "2017-06-30": "140.26500", "2017-03-31": "141.39400", "2016-12-31": "155.71400", "2016-09-30": "167.78600", "2016-06-30": "155.19600", "2016-03-31": "155.20700", "2015-12-31": "139.07800", "2015-09-30": "158.77300", "2015-06-30": "147.30400", "2015-03-31": "169.93200", "2014-12-31": "147.12300", "2014-09-30": "155.29500", "2014-06-30": "155.49500", "2014-03-31": "140.36800", "2013-12-31": "141.11200", "2013-09-30": "143.73300", "2013-06-30": "132.71700", "2013-03-31": "132.90600", "2012-12-31": "138.15900", "2012-09-30": "142.59500", "2012-06-30": "111.86300", "2012-03-31": "107.43600", "2011-12-31": "117.30100", "2011-09-30": "104.97400", "2011-06-30": "102.03000", "2011-03-31": "106.89300", "2010-12-31": "105.21500", "2010-09-30": "113.18700", "2010-06-30": "107.80400", "2010-03-31": "88.41200", "2009-12-31": "98.40700", "2009-09-30": "101.74200", "2009-06-30": "98.60400", "2009-03-31": "105.03800", "2008-12-31": "114.39500", "2008-09-30": "141.57100", "2008-06-30": "152.56400", "2008-03-31": "159.33700", "2007-12-31": "158.53400", "2007-09-30": "169.29300", "2007-06-30": "179.44300", "2007-03-31": "178.70300", "2006-12-31": "176.54700", "2006-09-30": "165.80600", "2006-06-30": "161.02100", "2006-03-31": "160.62100", "2005-12-31": "156.40300", "2005-09-30": "156.37500", "2005-06-30": "164.23600", "2005-03-31": "166.43400"}, "Inventory": {"2020-12-31": "", "2020-09-30": "", "2020-06-30": "", "2020-03-31": "", "2019-12-31": "", "2019-09-30": "", "2019-06-30": "", "2019-03-31": "", "2018-12-31": "", "2018-09-30": "", "2018-06-30": "", "2018-03-31": "", "2017-12-31": "", "2017-09-30": "", "2017-06-30": "", "2017-03-31": "", "2016-12-31": "", "2016-09-30": "", "2016-06-30": "", "2016-03-31": "", "2015-12-31": "", "2015-09-30": "", "2015-06-30": "", "2015-03-31": "", "2014-12-31": "", "2014-09-30": "", "2014-06-30": "", "2014-03-31": "", "2013-12-31": "", "2013-09-30": "", "2013-06-30": "", "2013-03-31": "", "2012-12-31": "", "2012-09-30": "", "2012-06-30": "", "2012-03-31": "", "2011-12-31": "", "2011-09-30": "", "2011-06-30": "", "2011-03-31": "", "2010-12-31": "", "2010-09-30": "", "2010-06-30": "", "2010-03-31": "", "2009-12-31": "", "2009-09-30": "", "2009-06-30": "", "2009-03-31": "", "2008-12-31": "", "2008-09-30": "", "2008-06-30": "", "2008-03-31": "", "2007-12-31": "", "2007-09-30": "", "2007-06-30": "", "2007-03-31": "", "2006-12-31": "", "2006-09-30": "", "2006-06-30": "", "2006-03-31": "", "2005-12-31": "", "2005-09-30": "", "2005-06-30": "", "2005-03-31": ""}, "Pre-Paid Expenses": {"2020-12-31": "53.15300", "2020-09-30": "42.50400", "2020-06-30": "53.78000", "2020-03-31": "67.39800", "2019-12-31": "68.13800", "2019-09-30": "51.85300", "2019-06-30": "38.21200", "2019-03-31": "48.48300", "2018-12-31": "48.38000", "2018-09-30": "39.62400", "2018-06-30": "32.94400", "2018-03-31": "36.81300", "2017-12-31": "40.26300", "2017-09-30": "36.72700", "2017-06-30": "51.03300", "2017-03-31": "51.98700", "2016-12-31": "40.92900", "2016-09-30": "23.92600", "2016-06-30": "22.44300", "2016-03-31": "36.00500", "2015-12-31": "57.75700", "2015-09-30": "41.70900", "2015-06-30": "37.42800", "2015-03-31": "44.98200", "2014-12-31": "38.09600", "2014-09-30": "28.15700", "2014-06-30": "24.69100", "2014-03-31": "21.08200", "2013-12-31": "20.63900", "2013-09-30": "22.27700", "2013-06-30": "21.02600", "2013-03-31": "21.17400", "2012-12-31": "22.37600", "2012-09-30": "23.11300", "2012-06-30": "16.85000", "2012-03-31": "16.77700", "2011-12-31": "16.15100", "2011-09-30": "17.92900", "2011-06-30": "15.86600", "2011-03-31": "15.89800", "2010-12-31": "16.70300", "2010-09-30": "19.17400", "2010-06-30": "22.22300", "2010-03-31": "24.87200", "2009-12-31": "23.79400", "2009-09-30": "22.98600", "2009-06-30": "25.47700", "2009-03-31": "20.39400", "2008-12-31": "22.99100", "2008-09-30": "23.40400", "2008-06-30": "21.93000", "2008-03-31": "18.42900", "2007-12-31": "19.07000", "2007-09-30": "23.00800", "2007-06-30": "22.16200", "2007-03-31": "22.37600", "2006-12-31": "16.68000", "2006-09-30": "17.99800", "2006-06-30": "20.53500", "2006-03-31": "17.24200", "2005-12-31": "17.45200", "2005-09-30": "20.24900", "2005-06-30": "18.19900", "2005-03-31": "15.92200"}, "Other Current Assets": {"2020-12-31": "", "2020-09-30": "", "2020-06-30": "", "2020-03-31": "", "2019-12-31": "", "2019-09-30": "", "2019-06-30": "", "2019-03-31": "", "2018-12-31": "", "2018-09-30": "", "2018-06-30": "", "2018-03-31": "", "2017-12-31": "", "2017-09-30": "", "2017-06-30": "", "2017-03-31": "", "2016-12-31": "", "2016-09-30": "", "2016-06-30": "", "2016-03-31": "", "2015-12-31": "", "2015-09-30": "", "2015-06-30": "", "2015-03-31": "", "2014-12-31": "", "2014-09-30": "", "2014-06-30": "", "2014-03-31": "", "2013-12-31": "", "2013-09-30": "", "2013-06-30": "", "2013-03-31": "", "2012-12-31": "", "2012-09-30": "", "2012-06-30": "", "2012-03-31": "", "2011-12-31": "", "2011-09-30": "", "2011-06-30": "", "2011-03-31": "", "2010-12-31": "", "2010-09-30": "", "2010-06-30": "", "2010-03-31": "", "2009-12-31": "", "2009-09-30": "", "2009-06-30": "", "2009-03-31": "", "2008-12-31": "", "2008-09-30": "", "2008-06-30": "", "2008-03-31": "10.98900", "2007-12-31": "", "2007-09-30": "", "2007-06-30": "", "2007-03-31": "", "2006-12-31": "", "2006-09-30": "", "2006-06-30": "", "2006-03-31": "", "2005-12-31": "", "2005-09-30": "", "2005-06-30": "", "2005-03-31": ""}, "Total Current Assets": {"2020-12-31": "508.44100", "2020-09-30": "534.07800", "2020-06-30": "483.01100", "2020-03-31": "483.67100", "2019-12-31": "460.99400", "2019-09-30": "455.70600", "2019-06-30": "435.06400", "2019-03-31": "397.00000", "2018-12-31": "375.84200", "2018-09-30": "396.38900", "2018-06-30": "335.29200", "2018-03-31": "333.21900", "2017-12-31": "299.13600", "2017-09-30": "310.93100", "2017-06-30": "321.96500", "2017-03-31": "309.22900", "2016-12-31": "284.74400", "2016-09-30": "267.63800", "2016-06-30": "295.79400", "2016-03-31": "276.58600", "2015-12-31": "287.54500", "2015-09-30": "286.60200", "2015-06-30": "269.09000", "2015-03-31": "301.75500", "2014-12-31": "279.87000", "2014-09-30": "288.52700", "2014-06-30": "273.29500", "2014-03-31": "269.62600", "2013-12-31": "257.68800", "2013-09-30": "249.18800", "2013-06-30": "246.76200", "2013-03-31": "285.23000", "2012-12-31": "251.37400", "2012-09-30": "259.32500", "2012-06-30": "279.41600", "2012-03-31": "315.29800", "2011-12-31": "365.03900", "2011-09-30": "364.48100", "2011-06-30": "376.40600", "2011-03-31": "381.08500", "2010-12-31": "365.20900", "2010-09-30": "347.17500", "2010-06-30": "371.81200", "2010-03-31": "455.80300", "2009-12-31": "459.45900", "2009-09-30": "442.55800", "2009-06-30": "440.17000", "2009-03-31": "385.95000", "2008-12-31": "349.76600", "2008-09-30": "351.70200", "2008-06-30": "330.26500", "2008-03-31": "299.02700", "2007-12-31": "336.29600", "2007-09-30": "422.75100", "2007-06-30": "443.17500", "2007-03-31": "473.97500", "2006-12-31": "415.18800", "2006-09-30": "413.31000", "2006-06-30": "500.75400", "2006-03-31": "572.89500", "2005-12-31": "502.03800", "2005-09-30": "412.68000", "2005-06-30": "442.81400", "2005-03-31": "534.92300"}, "Property, Plant, And Equipment": {"2020-12-31": "39.01100", "2020-09-30": "46.41900", "2020-06-30": "60.33600", "2020-03-31": "59.49100", "2019-12-31": "56.15600", "2019-09-30": "53.02700", "2019-06-30": "52.90000", "2019-03-31": "44.76000", "2018-12-31": "46.86400", "2018-09-30": "48.83700", "2018-06-30": "51.51700", "2018-03-31": "45.11100", "2017-12-31": "38.80800", "2017-09-30": "40.70300", "2017-06-30": "42.14300", "2017-03-31": "42.72800", "2016-12-31": "43.95900", "2016-09-30": "45.12200", "2016-06-30": "41.10600", "2016-03-31": "38.58900", "2015-12-31": "38.42200", "2015-09-30": "38.20800", "2015-06-30": "38.70600", "2015-03-31": "40.01100", "2014-12-31": "36.79100", "2014-09-30": "36.67700", "2014-06-30": "37.28000", "2014-03-31": "39.23200", "2013-12-31": "41.99700", "2013-09-30": "45.15500", "2013-06-30": "47.14000", "2013-03-31": "48.63000", "2012-12-31": "45.78800", "2012-09-30": "41.08000", "2012-06-30": "38.13800", "2012-03-31": "35.13800", "2011-12-31": "33.32900", "2011-09-30": "33.01700", "2011-06-30": "27.27800", "2011-03-31": "29.03800", "2010-12-31": "29.75100", "2010-09-30": "30.97500", "2010-06-30": "31.42100", "2010-03-31": "32.80000", "2009-12-31": "33.70100", "2009-09-30": "34.34000", "2009-06-30": "38.26900", "2009-03-31": "40.98600", "2008-12-31": "44.99300", "2008-09-30": "46.36000", "2008-06-30": "48.36000", "2008-03-31": "49.83500", "2007-12-31": "50.70500", "2007-09-30": "51.00700", "2007-06-30": "53.51000", "2007-03-31": "53.88900", "2006-12-31": "54.65000", "2006-09-30": "56.61100", "2006-06-30": "55.43300", "2006-03-31": "44.72500", "2005-12-31": "45.02000", "2005-09-30": "48.43600", "2005-06-30": "51.80800", "2005-03-31": "54.08900"}, "Long-Term Investments": {"2020-12-31": "29.78200", "2020-09-30": "26.57300", "2020-06-30": "25.13600", "2020-03-31": "21.13800", "2019-12-31": "25.38800", "2019-09-30": "21.86500", "2019-06-30": "21.72600", "2019-03-31": "20.59000", "2018-12-31": "18.88900", "2018-09-30": "19.75600", "2018-06-30": "28.64100", "2018-03-31": "27.91200", "2017-12-31": "27.55000", "2017-09-30": "25.51500", "2017-06-30": "24.74600", "2017-03-31": "23.14400", "2016-12-31": "23.18200", "2016-09-30": "21.93600", "2016-06-30": "21.56500", "2016-03-31": "21.30900", "2015-12-31": "20.62000", "2015-09-30": "20.52500", "2015-06-30": "20.86500", "2015-03-31": "20.66400", "2014-12-31": "20.48800", "2014-09-30": "19.78400", "2014-06-30": "19.72200", "2014-03-31": "19.33300", "2013-12-31": "18.70900", "2013-09-30": "18.14000", "2013-06-30": "17.81700", "2013-03-31": "17.52500", "2012-12-31": "16.52900", "2012-09-30": "16.50000", "2012-06-30": "16.09000", "2012-03-31": "16.16900", "2011-12-31": "15.33200", "2011-09-30": "15.10400", "2011-06-30": "15.84500", "2011-03-31": "16.12200", "2010-12-31": "15.84500", "2010-09-30": "15.44100", "2010-06-30": "30.08900", "2010-03-31": "50.55800", "2009-12-31": "45.22200", "2009-09-30": "72.44500", "2009-06-30": "66.54100", "2009-03-31": "81.61300", "2008-12-31": "86.44900", "2008-09-30": "84.47500", "2008-06-30": "88.88600", "2008-03-31": "91.44000", "2007-12-31": "80.63300", "2007-09-30": "26.15000", "2007-06-30": "28.88800", "2007-03-31": "31.03900", "2006-12-31": "49.73600", "2006-09-30": "40.47900", "2006-06-30": "37.01700", "2006-03-31": "37.19500", "2005-12-31": "52.36000", "2005-09-30": "59.08700", "2005-06-30": "55.93600", "2005-03-31": "39.29300"}, "Goodwill And Intangible Assets": {"2020-12-31": "826.14400", "2020-09-30": "821.60000", "2020-06-30": "814.64700", "2020-03-31": "815.82700", "2019-12-31": "825.33400", "2019-09-30": "817.68100", "2019-06-30": "807.44600", "2019-03-31": "812.11800", "2018-12-31": "811.70300", "2018-09-30": "815.42600", "2018-06-30": "818.12000", "2018-03-31": "831.25800", "2017-12-31": "825.84590", "2017-09-30": "825.59900", "2017-06-30": "823.37300", "2017-03-31": "818.73100", "2016-12-31": "818.93000", "2016-09-30": "832.03400", "2016-06-30": "839.41400", "2016-03-31": "847.87200", "2015-12-31": "853.08100", "2015-09-30": "862.07100", "2015-06-30": "870.22100", "2015-03-31": "862.69900", "2014-12-31": "818.32500", "2014-09-30": "827.84200", "2014-06-30": "839.26200", "2014-03-31": "830.53900", "2013-12-31": "831.88600", "2013-09-30": "831.29210", "2013-06-30": "824.96000", "2013-03-31": "821.02100", "2012-12-31": "835.26300", "2012-09-30": "809.80300", "2012-06-30": "697.08500", "2012-03-31": "683.21800", "2011-12-31": "681.50300", "2011-09-30": "684.18600", "2011-06-30": "688.63200", "2011-03-31": "690.85400", "2010-12-31": "689.47000", "2010-09-30": "693.19700", "2010-06-30": "689.85400", "2010-03-31": "693.65800", "2009-12-31": "703.65200", "2009-09-30": "705.89500", "2009-06-30": "712.79500", "2009-03-31": "705.89400", "2008-12-31": "711.08900", "2008-09-30": "738.55000", "2008-06-30": "759.27100", "2008-03-31": "762.09700", "2007-12-31": "750.93510", "2007-09-30": "740.18510", "2007-06-30": "763.59100", "2007-03-31": "766.34100", "2006-12-31": "786.53500", "2006-09-30": "786.06200", "2006-06-30": "788.80000", "2006-03-31": "788.68900", "2005-12-31": "794.07600", "2005-09-30": "803.30600", "2005-06-30": "809.10300", "2005-03-31": "807.24300"}, "Other Long-Term Assets": {"2020-12-31": "102.45200", "2020-09-30": "105.28500", "2020-06-30": "89.77400", "2020-03-31": "77.76600", "2019-12-31": "81.59100", "2019-09-30": "79.16300", "2019-06-30": "43.17900", "2019-03-31": "39.96500", "2018-12-31": "38.26200", "2018-09-30": "36.25400", "2018-06-30": "12.96400", "2018-03-31": "12.01200", "2017-12-31": "8.80600", "2017-09-30": "5.66800", "2017-06-30": "5.27100", "2017-03-31": "5.47500", "2016-12-31": "5.78500", "2016-09-30": "6.34800", "2016-06-30": "6.72400", "2016-03-31": "7.08400", "2015-12-31": "7.35600", "2015-09-30": "7.56100", "2015-06-30": "7.74600", "2015-03-31": "7.23700", "2014-12-31": "7.52100", "2014-09-30": "6.40700", "2014-06-30": "6.42300", "2014-03-31": "6.16200", "2013-12-31": "6.29300", "2013-09-30": "6.64000", "2013-06-30": "7.05800", "2013-03-31": "7.66200", "2012-12-31": "9.00200", "2012-09-30": "9.04700", "2012-06-30": "8.70200", "2012-03-31": "7.71400", "2011-12-31": "7.07900", "2011-09-30": "7.64800", "2011-06-30": "7.47100", "2011-03-31": "7.79700", "2010-12-31": "8.51200", "2010-09-30": "9.15400", "2010-06-30": "8.35400", "2010-03-31": "8.91500", "2009-12-31": "9.87100", "2009-09-30": "10.55000", "2009-06-30": "10.10000", "2009-03-31": "10.06000", "2008-12-31": "8.82000", "2008-09-30": "8.38000", "2008-06-30": "5.37900", "2008-03-31": "4.33500", "2007-12-31": "3.76300", "2007-09-30": "4.04000", "2007-06-30": "3.08200", "2007-03-31": "3.93700", "2006-12-31": "4.42400", "2006-09-30": "4.73300", "2006-06-30": "5.46400", "2006-03-31": "6.28500", "2005-12-31": "6.59700", "2005-09-30": "7.65000", "2005-06-30": "8.24000", "2005-03-31": "9.34900"}, "Total Long-Term Assets": {"2020-12-31": "1068.42200", "2020-09-30": "1072.16200", "2020-06-30": "1081.10900", "2020-03-31": "1068.46100", "2019-12-31": "1084.04400", "2019-09-30": "977.74200", "2019-06-30": "938.73390", "2019-03-31": "931.11100", "2018-12-31": "929.78400", "2018-09-30": "934.07810", "2018-06-30": "951.77800", "2018-03-31": "957.67600", "2017-12-31": "941.70900", "2017-09-30": "944.68900", "2017-06-30": "936.38900", "2017-03-31": "937.83890", "2016-12-31": "939.65390", "2016-09-30": "953.03800", "2016-06-30": "930.91800", "2016-03-31": "938.35500", "2015-12-31": "927.70500", "2015-09-30": "943.56090", "2015-06-30": "947.03700", "2015-03-31": "934.89590", "2014-12-31": "888.05200", "2014-09-30": "903.77090", "2014-06-30": "912.45200", "2014-03-31": "907.62700", "2013-12-31": "908.58800", "2013-09-30": "912.35910", "2013-06-30": "917.38100", "2013-03-31": "913.11100", "2012-12-31": "924.74010", "2012-09-30": "899.28610", "2012-06-30": "786.87910", "2012-03-31": "765.29300", "2011-12-31": "760.64100", "2011-09-30": "764.98690", "2011-06-30": "765.28000", "2011-03-31": "771.34100", "2010-12-31": "770.93500", "2010-09-30": "776.54100", "2010-06-30": "790.58500", "2010-03-31": "821.57600", "2009-12-31": "829.11490", "2009-09-30": "861.33000", "2009-06-30": "872.75490", "2009-03-31": "886.08910", "2008-12-31": "898.18400", "2008-09-30": "923.55100", "2008-06-30": "917.96700", "2008-03-31": "931.72800", "2007-12-31": "902.32900", "2007-09-30": "853.02000", "2007-06-30": "867.08800", "2007-03-31": "873.31700", "2006-12-31": "912.98200", "2006-09-30": "907.89500", "2006-06-30": "911.47200", "2006-03-31": "902.21590", "2005-12-31": "920.99600", "2005-09-30": "938.38100", "2005-06-30": "941.70610", "2005-03-31": "931.65010"}, "Total Assets": {"2020-12-31": "1576.86300", "2020-09-30": "1606.24000", "2020-06-30": "1564.12000", "2020-03-31": "1552.13200", "2019-12-31": "1545.03800", "2019-09-30": "1433.44800", "2019-06-30": "1373.79800", "2019-03-31": "1328.11100", "2018-12-31": "1305.62600", "2018-09-30": "1330.46700", "2018-06-30": "1287.07000", "2018-03-31": "1290.89500", "2017-12-31": "1240.84500", "2017-09-30": "1255.62000", "2017-06-30": "1258.35400", "2017-03-31": "1247.06800", "2016-12-31": "1224.39800", "2016-09-30": "1220.67600", "2016-06-30": "1226.71200", "2016-03-31": "1214.94100", "2015-12-31": "1215.25000", "2015-09-30": "1230.16300", "2015-06-30": "1216.12700", "2015-03-31": "1236.65100", "2014-12-31": "1167.92200", "2014-09-30": "1192.29800", "2014-06-30": "1185.74700", "2014-03-31": "1177.25300", "2013-12-31": "1166.27600", "2013-09-30": "1161.54700", "2013-06-30": "1164.14300", "2013-03-31": "1198.34100", "2012-12-31": "1176.11400", "2012-09-30": "1158.61100", "2012-06-30": "1066.29500", "2012-03-31": "1080.59100", "2011-12-31": "1125.68000", "2011-09-30": "1129.46800", "2011-06-30": "1141.68600", "2011-03-31": "1152.42600", "2010-12-31": "1136.14400", "2010-09-30": "1123.71600", "2010-06-30": "1162.39700", "2010-03-31": "1277.37900", "2009-12-31": "1288.57400", "2009-09-30": "1303.88800", "2009-06-30": "1312.92500", "2009-03-31": "1272.03900", "2008-12-31": "1247.95000", "2008-09-30": "1275.25300", "2008-06-30": "1248.23200", "2008-03-31": "1230.75500", "2007-12-31": "1238.62500", "2007-09-30": "1275.77100", "2007-06-30": "1310.26300", "2007-03-31": "1347.29200", "2006-12-31": "1328.17000", "2006-09-30": "1321.20500", "2006-06-30": "1412.22600", "2006-03-31": "1475.11100", "2005-12-31": "1423.03400", "2005-09-30": "1351.06100", "2005-06-30": "1384.52000", "2005-03-31": "1466.57300"}, "Total Current Liabilities": {"2020-12-31": "391.04200", "2020-09-30": "414.51100", "2020-06-30": "460.18700", "2020-03-31": "479.82400", "2019-12-31": "442.03200", "2019-09-30": "490.82800", "2019-06-30": "457.71300", "2019-03-31": "436.62000", "2018-12-31": "433.34700", "2018-09-30": "473.90300", "2018-06-30": "397.21300", "2018-03-31": "368.54600", "2017-12-31": "353.28000", "2017-09-30": "326.65500", "2017-06-30": "399.02500", "2017-03-31": "264.27900", "2016-12-31": "249.71500", "2016-09-30": "246.07700", "2016-06-30": "250.24300", "2016-03-31": "241.33100", "2015-12-31": "243.09000", "2015-09-30": "243.87500", "2015-06-30": "218.91700", "2015-03-31": "256.08300", "2014-12-31": "365.72300", "2014-09-30": "341.40400", "2014-06-30": "313.00200", "2014-03-31": "179.16100", "2013-12-31": "161.64000", "2013-09-30": "165.88000", "2013-06-30": "181.24500", "2013-03-31": "191.27300", "2012-12-31": "189.00300", "2012-09-30": "209.60500", "2012-06-30": "143.68000", "2012-03-31": "142.24500", "2011-12-31": "139.79900", "2011-09-30": "146.49800", "2011-06-30": "134.68300", "2011-03-31": "125.83100", "2010-12-31": "118.09600", "2010-09-30": "122.14700", "2010-06-30": "128.63400", "2010-03-31": "120.77700", "2009-12-31": "113.88300", "2009-09-30": "114.58800", "2009-06-30": "119.87500", "2009-03-31": "114.77600", "2008-12-31": "106.37100", "2008-09-30": "122.63100", "2008-06-30": "374.24400", "2008-03-31": "481.72600", "2007-12-31": "507.71200", "2007-09-30": "525.92400", "2007-06-30": "606.85900", "2007-03-31": "608.93100", "2006-12-31": "614.30800", "2006-09-30": "537.02900", "2006-06-30": "149.62600", "2006-03-31": "151.65900", "2005-12-31": "147.94000", "2005-09-30": "138.15700", "2005-06-30": "133.78500", "2005-03-31": "161.45400"}, "Long Term Debt": {"2020-12-31": "739.83100", "2020-09-30": "739.43500", "2020-06-30": "739.03900", "2020-03-31": "738.63200", "2019-12-31": "738.25900", "2019-09-30": "606.79000", "2019-06-30": "604.58200", "2019-03-31": "604.36900", "2018-12-31": "604.15700", "2018-09-30": "528.94400", "2018-06-30": "556.71300", "2018-03-31": "512.86800", "2017-12-31": "462.83400", "2017-09-30": "462.80100", "2017-06-30": "387.76700", "2017-03-31": "518.72000", "2016-12-31": "518.67200", "2016-09-30": "493.62400", "2016-06-30": "516.00000", "2016-03-31": "516.00000", "2015-12-31": "516.00000", "2015-09-30": "516.00000", "2015-06-30": "576.00000", "2015-03-31": "576.00000", "2014-12-31": "376.00000", "2014-09-30": "376.00000", "2014-06-30": "376.00000", "2014-03-31": "447.00000", "2013-12-31": "447.00000", "2013-09-30": "447.00000", "2013-06-30": "447.00000", "2013-03-31": "455.00000", "2012-12-31": "455.00000", "2012-09-30": "455.00000", "2012-06-30": "496.00000", "2012-03-31": "504.00000", "2011-12-31": "504.00000", "2011-09-30": "504.00000", "2011-06-30": "504.00000", "2011-03-31": "512.00000", "2010-12-31": "512.00000", "2010-09-30": "512.00000", "2010-06-30": "512.00000", "2010-03-31": "570.00000", "2009-12-31": "570.00000", "2009-09-30": "570.00000", "2009-06-30": "570.00000", "2009-03-31": "570.00000", "2008-12-31": "570.00000", "2008-09-30": "570.00000", "2008-06-30": "313.00000", "2008-03-31": "213.00000", "2007-12-31": "190.00000", "2007-09-30": "170.00000", "2007-06-30": "", "2007-03-31": "", "2006-12-31": "", "2006-09-30": "", "2006-06-30": "400.00000", "2006-03-31": "400.00000", "2005-12-31": "400.00000", "2005-09-30": "400.00000", "2005-06-30": "400.00000", "2005-03-31": "400.00000"}, "Other Non-Current Liabilities": {"2020-12-31": "52.05400", "2020-09-30": "48.00500", "2020-06-30": "43.60800", "2020-03-31": "42.04000", "2019-12-31": "43.36200", "2019-09-30": "46.06300", "2019-06-30": "43.18600", "2019-03-31": "39.64400", "2018-12-31": "40.22700", "2018-09-30": "40.18300", "2018-06-30": "38.50000", "2018-03-31": "38.77800", "2017-12-31": "39.08900", "2017-09-30": "39.62700", "2017-06-30": "38.80700", "2017-03-31": "36.96800", "2016-12-31": "34.10500", "2016-09-30": "34.14700", "2016-06-30": "32.42800", "2016-03-31": "32.23000", "2015-12-31": "33.99200", "2015-09-30": "33.29000", "2015-06-30": "24.54800", "2015-03-31": "23.40600", "2014-12-31": "22.97800", "2014-09-30": "20.28000", "2014-06-30": "17.57100", "2014-03-31": "17.51100", "2013-12-31": "18.21300", "2013-09-30": "17.99000", "2013-06-30": "20.66100", "2013-03-31": "21.84300", "2012-12-31": "23.38300", "2012-09-30": "19.60000", "2012-06-30": "20.25500", "2012-03-31": "21.15200", "2011-12-31": "19.62300", "2011-09-30": "13.47600", "2011-06-30": "15.21700", "2011-03-31": "16.31800", "2010-12-31": "14.59000", "2010-09-30": "14.65500", "2010-06-30": "14.64700", "2010-03-31": "16.15200", "2009-12-31": "18.11600", "2009-09-30": "19.03100", "2009-06-30": "18.80200", "2009-03-31": "22.68000", "2008-12-31": "22.01500", "2008-09-30": "20.68100", "2008-06-30": "16.74500", "2008-03-31": "16.85400", "2007-12-31": "17.40400", "2007-09-30": "13.53300", "2007-06-30": "13.40300", "2007-03-31": "13.35600", "2006-12-31": "14.16600", "2006-09-30": "14.14800", "2006-06-30": "5.33900", "2006-03-31": "5.40600", "2005-12-31": "5.57700", "2005-09-30": "7.81000", "2005-06-30": "8.46900", "2005-03-31": "8.99400"}, "Total Long Term Liabilities": {"2020-12-31": "861.70000", "2020-09-30": "860.64700", "2020-06-30": "856.64700", "2020-03-31": "858.15700", "2019-12-31": "862.04500", "2019-09-30": "652.85300", "2019-06-30": "647.76790", "2019-03-31": "644.01300", "2018-12-31": "644.38400", "2018-09-30": "569.12700", "2018-06-30": "595.21300", "2018-03-31": "551.64600", "2017-12-31": "501.92300", "2017-09-30": "502.42800", "2017-06-30": "426.57400", "2017-03-31": "555.68800", "2016-12-31": "552.77700", "2016-09-30": "527.77100", "2016-06-30": "548.42800", "2016-03-31": "548.23000", "2015-12-31": "549.99200", "2015-09-30": "549.29000", "2015-06-30": "600.54800", "2015-03-31": "599.40600", "2014-12-31": "398.97800", "2014-09-30": "396.28000", "2014-06-30": "393.57100", "2014-03-31": "464.51100", "2013-12-31": "465.21300", "2013-09-30": "464.99000", "2013-06-30": "467.66100", "2013-03-31": "476.84300", "2012-12-31": "478.38300", "2012-09-30": "474.60000", "2012-06-30": "516.25500", "2012-03-31": "525.15200", "2011-12-31": "523.62300", "2011-09-30": "517.47600", "2011-06-30": "519.21700", "2011-03-31": "528.31800", "2010-12-31": "526.59000", "2010-09-30": "526.65500", "2010-06-30": "526.64700", "2010-03-31": "586.15200", "2009-12-31": "588.11600", "2009-09-30": "589.03100", "2009-06-30": "588.80200", "2009-03-31": "592.68000", "2008-12-31": "592.01500", "2008-09-30": "590.68100", "2008-06-30": "329.74500", "2008-03-31": "229.85400", "2007-12-31": "207.40400", "2007-09-30": "183.53300", "2007-06-30": "13.40300", "2007-03-31": "13.35600", "2006-12-31": "14.16600", "2006-09-30": "14.14800", "2006-06-30": "405.33900", "2006-03-31": "405.40600", "2005-12-31": "405.57700", "2005-09-30": "407.81000", "2005-06-30": "408.46900", "2005-03-31": "408.99400"}, "Total Liabilities": {"2020-12-31": "1252.74200", "2020-09-30": "1275.15800", "2020-06-30": "1316.83400", "2020-03-31": "1337.98100", "2019-12-31": "1304.07700", "2019-09-30": "1143.68100", "2019-06-30": "1105.48100", "2019-03-31": "1080.63300", "2018-12-31": "1077.73100", "2018-09-30": "1043.03000", "2018-06-30": "992.42600", "2018-03-31": "920.19200", "2017-12-31": "855.20300", "2017-09-30": "829.08300", "2017-06-30": "825.59900", "2017-03-31": "819.96700", "2016-12-31": "802.49200", "2016-09-30": "773.84800", "2016-06-30": "798.67100", "2016-03-31": "789.56100", "2015-12-31": "793.08200", "2015-09-30": "793.16500", "2015-06-30": "819.46500", "2015-03-31": "855.48900", "2014-12-31": "764.70100", "2014-09-30": "737.68400", "2014-06-30": "706.57300", "2014-03-31": "643.67200", "2013-12-31": "626.85300", "2013-09-30": "630.87000", "2013-06-30": "648.90600", "2013-03-31": "668.11600", "2012-12-31": "667.38600", "2012-09-30": "684.20500", "2012-06-30": "659.93500", "2012-03-31": "667.39700", "2011-12-31": "663.42200", "2011-09-30": "663.97400", "2011-06-30": "653.90000", "2011-03-31": "654.14900", "2010-12-31": "644.68600", "2010-09-30": "648.80200", "2010-06-30": "655.28100", "2010-03-31": "706.92900", "2009-12-31": "701.99900", "2009-09-30": "703.61900", "2009-06-30": "708.67700", "2009-03-31": "707.45600", "2008-12-31": "698.38600", "2008-09-30": "713.31200", "2008-06-30": "703.98900", "2008-03-31": "711.58000", "2007-12-31": "715.11600", "2007-09-30": "709.45700", "2007-06-30": "620.26200", "2007-03-31": "622.28700", "2006-12-31": "628.47400", "2006-09-30": "551.17700", "2006-06-30": "554.96500", "2006-03-31": "557.06500", "2005-12-31": "553.51700", "2005-09-30": "545.96700", "2005-06-30": "542.25400", "2005-03-31": "570.44800"}, "Common Stock Net": {"2020-12-31": "0.29200", "2020-09-30": "0.29100", "2020-06-30": "0.29000", "2020-03-31": "0.29100", "2019-12-31": "0.29200", "2019-09-30": "0.28900", "2019-06-30": "0.28900", "2019-03-31": "0.29100", "2018-12-31": "0.29100", "2018-09-30": "0.29000", "2018-06-30": "0.29300", "2018-03-31": "0.29800", "2017-12-31": "0.30200", "2017-09-30": "0.30200", "2017-06-30": "0.30700", "2017-03-31": "0.31000", "2016-12-31": "0.31200", "2016-09-30": "0.30900", "2016-06-30": "0.31000", "2016-03-31": "0.31200", "2015-12-31": "0.31400", "2015-09-30": "0.31300", "2015-06-30": "0.31100", "2015-03-31": "0.31400", "2014-12-31": "0.31700", "2014-09-30": "0.32000", "2014-06-30": "0.32900", "2014-03-31": "0.34300", "2013-12-31": "0.34900", "2013-09-30": "0.34800", "2013-06-30": "0.35200", "2013-03-31": "0.35900", "2012-12-31": "0.35500", "2012-09-30": "0.34800", "2012-06-30": "0.33700", "2012-03-31": "0.34300", "2011-12-31": "0.36000", "2011-09-30": "0.37100", "2011-06-30": "0.38700", "2011-03-31": "0.39800", "2010-12-31": "0.40100", "2010-09-30": "0.39900", "2010-06-30": "0.42300", "2010-03-31": "0.45900", "2009-12-31": "0.46500", "2009-09-30": "0.48200", "2009-06-30": "0.48900", "2009-03-31": "0.48800", "2008-12-31": "0.48800", "2008-09-30": "0.48500", "2008-06-30": "0.48400", "2008-03-31": "0.48600", "2007-12-31": "0.49500", "2007-09-30": "0.51100", "2007-06-30": "0.55300", "2007-03-31": "0.57100", "2006-12-31": "0.57000", "2006-09-30": "0.59400", "2006-06-30": "0.62800", "2006-03-31": "0.65200", "2005-12-31": "0.64900", "2005-09-30": "0.63800", "2005-06-30": "0.65300", "2005-03-31": "0.67300"}, "Retained Earnings (Accumulated Deficit)": {"2020-12-31": "2279.55100", "2020-09-30": "2193.05900", "2020-06-30": "2133.93300", "2020-03-31": "2069.85700", "2019-12-31": "2011.56900", "2019-09-30": "1956.64800", "2019-06-30": "1902.06400", "2019-03-31": "1837.91200", "2018-12-31": "1804.53100", "2018-09-30": "1764.52400", "2018-06-30": "1690.33000", "2018-03-31": "1657.96900", "2017-12-31": "1625.69400", "2017-09-30": "1598.39500", "2017-06-30": "1562.18800", "2017-03-31": "1536.96100", "2016-12-31": "1512.49700", "2016-09-30": "1471.37700", "2016-06-30": "1443.73000", "2016-03-31": "1409.36700", "2015-12-31": "1386.87400", "2015-09-30": "1368.25500", "2015-06-30": "1335.56200", "2015-03-31": "1316.27800", "2014-12-31": "1298.03300", "2014-09-30": "1284.26100", "2014-06-30": "1248.29800", "2014-03-31": "1228.43400", "2013-12-31": "1208.37900", "2013-09-30": "1192.09600", "2013-06-30": "1164.24000", "2013-03-31": "1145.32500", "2012-12-31": "1127.54400", "2012-09-30": "1104.82500", "2012-06-30": "1084.27100", "2012-03-31": "1064.20700", "2011-12-31": "1044.90400", "2011-09-30": "1015.62400", "2011-06-30": "991.75600", "2011-03-31": "969.35700", "2010-12-31": "962.41300", "2010-09-30": "947.20200", "2010-06-30": "932.16800", "2010-03-31": "915.12500", "2009-12-31": "903.06300", "2009-09-30": "886.32400", "2009-06-30": "870.18000", "2009-03-31": "853.01800", "2008-12-31": "836.24900", "2008-09-30": "825.10900", "2008-06-30": "802.30000", "2008-03-31": "776.77200", "2007-12-31": "764.25500", "2007-09-30": "745.05400", "2007-06-30": "717.88300", "2007-03-31": "695.21500", "2006-12-31": "674.92500", "2006-09-30": "644.83600", "2006-06-30": "624.00700", "2006-03-31": "599.28400", "2005-12-31": "573.61200", "2005-09-30": "546.45000", "2005-06-30": "511.97700", "2005-03-31": "476.69000"}, "Comprehensive Income": {"2020-12-31": "-65.94700", "2020-09-30": "-82.99500", "2020-06-30": "-94.21700", "2020-03-31": "-95.04900", "2019-12-31": "-75.99300", "2019-09-30": "-90.08500", "2019-06-30": "-80.95000", "2019-03-31": "-76.76100", "2018-12-31": "-79.68600", "2018-09-30": "-76.42100", "2018-06-30": "-73.09400", "2018-03-31": "-54.29800", "2017-12-31": "-63.42300", "2017-09-30": "-66.49400", "2017-06-30": "-74.87400", "2017-03-31": "-85.26900", "2016-12-31": "-91.35800", "2016-09-30": "-77.01100", "2016-06-30": "-71.89500", "2016-03-31": "-57.73900", "2015-12-31": "-56.83400", "2015-09-30": "-50.71500", "2015-06-30": "-40.92900", "2015-03-31": "-53.70800", "2014-12-31": "-34.64000", "2014-09-30": "-23.18900", "2014-06-30": "-8.30500", "2014-03-31": "-14.01000", "2013-12-31": "-16.90300", "2013-09-30": "-20.90800", "2013-06-30": "-31.51300", "2013-03-31": "-30.22900", "2012-12-31": "-17.19900", "2012-09-30": "-15.80800", "2012-06-30": "-23.98300", "2012-03-31": "-18.26300", "2011-12-31": "-24.40800", "2011-09-30": "-21.70900", "2011-06-30": "-16.01200", "2011-03-31": "-15.97200", "2010-12-31": "-21.92900", "2010-09-30": "-19.67800", "2010-06-30": "-28.14800", "2010-03-31": "-26.63800", "2009-12-31": "-16.57300", "2009-09-30": "-17.42900", "2009-06-30": "-12.99400", "2009-03-31": "-35.57200", "2008-12-31": "-31.78300", "2008-09-30": "0.63700", "2008-06-30": "11.70900", "2008-03-31": "11.60700", "2007-12-31": "12.46200", "2007-09-30": "13.81500", "2007-06-30": "11.95800", "2007-03-31": "9.28500", "2006-12-31": "9.46000", "2006-09-30": "3.69100", "2006-06-30": "0.72400", "2006-03-31": "-4.02300", "2005-12-31": "-4.76200", "2005-09-30": "-2.48800", "2005-06-30": "0.81800", "2005-03-31": "5.15900"}, "Other Share Holders Equity": {"2020-12-31": "", "2020-09-30": "", "2020-06-30": "", "2020-03-31": "", "2019-12-31": "", "2019-09-30": "", "2019-06-30": "", "2019-03-31": "", "2018-12-31": "", "2018-09-30": "", "2018-06-30": "", "2018-03-31": "", "2017-12-31": "", "2017-09-30": "", "2017-06-30": "", "2017-03-31": "", "2016-12-31": "", "2016-09-30": "", "2016-06-30": "", "2016-03-31": "", "2015-12-31": "", "2015-09-30": "", "2015-06-30": "", "2015-03-31": "", "2014-12-31": "", "2014-09-30": "", "2014-06-30": "", "2014-03-31": "", "2013-12-31": "", "2013-09-30": "", "2013-06-30": "", "2013-03-31": "", "2012-12-31": "", "2012-09-30": "", "2012-06-30": "", "2012-03-31": "", "2011-12-31": "", "2011-09-30": "", "2011-06-30": "", "2011-03-31": "", "2010-12-31": "", "2010-09-30": "", "2010-06-30": "", "2010-03-31": "", "2009-12-31": "", "2009-09-30": "", "2009-06-30": "", "2009-03-31": "", "2008-12-31": "", "2008-09-30": "", "2008-06-30": "", "2008-03-31": "", "2007-12-31": "", "2007-09-30": "", "2007-06-30": "", "2007-03-31": "", "2006-12-31": "", "2006-09-30": "", "2006-06-30": "", "2006-03-31": "", "2005-12-31": "", "2005-09-30": "", "2005-06-30": "", "2005-03-31": ""}, "Share Holder Equity": {"2020-12-31": "324.12100", "2020-09-30": "331.08200", "2020-06-30": "247.28600", "2020-03-31": "214.15100", "2019-12-31": "240.96100", "2019-09-30": "289.76700", "2019-06-30": "268.31700", "2019-03-31": "247.47800", "2018-12-31": "227.89500", "2018-09-30": "287.43700", "2018-06-30": "294.64400", "2018-03-31": "370.70300", "2017-12-31": "385.64200", "2017-09-30": "426.53700", "2017-06-30": "432.75500", "2017-03-31": "427.10100", "2016-12-31": "421.90600", "2016-09-30": "446.82800", "2016-06-30": "428.04100", "2016-03-31": "425.38000", "2015-12-31": "422.16800", "2015-09-30": "436.99800", "2015-06-30": "396.66200", "2015-03-31": "381.16200", "2014-12-31": "403.22100", "2014-09-30": "454.61400", "2014-06-30": "479.17400", "2014-03-31": "533.58100", "2013-12-31": "539.42300", "2013-09-30": "530.67700", "2013-06-30": "515.23700", "2013-03-31": "530.22500", "2012-12-31": "508.72800", "2012-09-30": "474.40600", "2012-06-30": "406.36000", "2012-03-31": "413.19400", "2011-12-31": "462.25800", "2011-09-30": "465.49400", "2011-06-30": "487.78600", "2011-03-31": "498.27700", "2010-12-31": "491.45800", "2010-09-30": "474.91400", "2010-06-30": "507.11600", "2010-03-31": "570.45000", "2009-12-31": "586.57500", "2009-09-30": "600.26900", "2009-06-30": "604.24800", "2009-03-31": "564.58300", "2008-12-31": "549.56400", "2008-09-30": "561.94100", "2008-06-30": "544.24300", "2008-03-31": "519.17500", "2007-12-31": "523.50900", "2007-09-30": "566.31400", "2007-06-30": "690.00100", "2007-03-31": "725.00500", "2006-12-31": "699.69600", "2006-09-30": "770.02800", "2006-06-30": "857.26100", "2006-03-31": "918.04600", "2005-12-31": "869.51700", "2005-09-30": "805.09400", "2005-06-30": "842.26600", "2005-03-31": "896.12500"}, "Total Liabilities And Share Holders Equity": {"2020-12-31": "1576.86300", "2020-09-30": "1606.24000", "2020-06-30": "1564.12000", "2020-03-31": "1552.13200", "2019-12-31": "1545.03800", "2019-09-30": "1433.44800", "2019-06-30": "1373.79800", "2019-03-31": "1328.11100", "2018-12-31": "1305.62600", "2018-09-30": "1330.46700", "2018-06-30": "1287.07000", "2018-03-31": "1290.89500", "2017-12-31": "1240.84500", "2017-09-30": "1255.62000", "2017-06-30": "1258.35400", "2017-03-31": "1247.06800", "2016-12-31": "1224.39800", "2016-09-30": "1220.67600", "2016-06-30": "1226.71200", "2016-03-31": "1214.94100", "2015-12-31": "1215.25000", "2015-09-30": "1230.16300", "2015-06-30": "1216.12700", "2015-03-31": "1236.65100", "2014-12-31": "1167.92200", "2014-09-30": "1192.29800", "2014-06-30": "1185.74700", "2014-03-31": "1177.25300", "2013-12-31": "1166.27600", "2013-09-30": "1161.54700", "2013-06-30": "1164.14300", "2013-03-31": "1198.34100", "2012-12-31": "1176.11400", "2012-09-30": "1158.61100", "2012-06-30": "1066.29500", "2012-03-31": "1080.59100", "2011-12-31": "1125.68000", "2011-09-30": "1129.46800", "2011-06-30": "1141.68600", "2011-03-31": "1152.42600", "2010-12-31": "1136.14400", "2010-09-30": "1123.71600", "2010-06-30": "1162.39700", "2010-03-31": "1277.37900", "2009-12-31": "1288.57400", "2009-09-30": "1303.88800", "2009-06-30": "1312.92500", "2009-03-31": "1272.03900", "2008-12-31": "1247.95000", "2008-09-30": "1275.25300", "2008-06-30": "1248.23200", "2008-03-31": "1230.75500", "2007-12-31": "1238.62500", "2007-09-30": "1275.77100", "2007-06-30": "1310.26300", "2007-03-31": "1347.29200", "2006-12-31": "1328.17000", "2006-09-30": "1321.20500", "2006-06-30": "1412.22600", "2006-03-31": "1475.11100", "2005-12-31": "1423.03400", "2005-09-30": "1351.06100", "2005-06-30": "1384.52000", "2005-03-31": "1466.57300"}}, "cash flow statement": {"Net Income/Loss": {"2020-09-30": "236.41100", "2019-09-30": "192.12400", "2018-09-30": "126.48200", "2017-09-30": "133.41400", "2016-09-30": "109.44800", "2015-09-30": "86.50200", "2014-09-30": "94.87900", "2013-09-30": "90.09500", "2012-09-30": "92.00400", "2011-09-30": "71.56200", "2010-09-30": "64.45700", "2009-09-30": "65.10200", "2008-09-30": "83.95200", "2007-09-30": "104.65000", "2006-09-30": "103.48600", "2005-09-30": "134.54800"}, "Total Depreciation And Amortization - Cash Flow": {"2020-09-30": "30.36700", "2019-09-30": "31.61200", "2018-09-30": "30.18200", "2017-09-30": "36.21400", "2016-09-30": "31.63300", "2015-09-30": "33.88900", "2014-09-30": "32.63200", "2013-09-30": "33.22200", "2012-09-30": "21.77000", "2011-09-30": "24.75100", "2010-09-30": "33.09200", "2009-09-30": "39.47600", "2008-09-30": "40.07300", "2007-09-30": "49.12600", "2006-09-30": "48.69500", "2005-09-30": "51.93700"}, "Other Non-Cash Items": {"2020-09-30": "139.44600", "2019-09-30": "92.08000", "2018-09-30": "74.80300", "2017-09-30": "56.62800", "2016-09-30": "55.70300", "2015-09-30": "54.11400", "2014-09-30": "21.03800", "2013-09-30": "26.72400", "2012-09-30": "12.04900", "2011-09-30": "12.07500", "2010-09-30": "18.76700", "2009-09-30": "8.68600", "2008-09-30": "10.67800", "2007-09-30": "48.24600", "2006-09-30": "48.95700", "2005-09-30": "32.67900"}, "Total Non-Cash Items": {"2020-09-30": "169.81300", "2019-09-30": "123.69200", "2018-09-30": "104.98500", "2017-09-30": "92.84200", "2016-09-30": "87.33600", "2015-09-30": "88.00300", "2014-09-30": "53.67000", "2013-09-30": "59.94600", "2012-09-30": "33.81900", "2011-09-30": "36.82600", "2010-09-30": "51.85900", "2009-09-30": "48.16200", "2008-09-30": "50.75100", "2007-09-30": "97.37200", "2006-09-30": "97.65200", "2005-09-30": "84.61600"}, "Change In Accounts Receivable": {"2020-09-30": "-59.88900", "2019-09-30": "-36.17600", "2018-09-30": "-8.26600", "2017-09-30": "2.85800", "2016-09-30": "-18.22500", "2015-09-30": "-4.60200", "2014-09-30": "-13.64900", "2013-09-30": "1.28600", "2012-09-30": "-26.49000", "2011-09-30": "8.57100", "2010-09-30": "-11.56100", "2009-09-30": "31.31600", "2008-09-30": "20.15300", "2007-09-30": "-15.83700", "2006-09-30": "-9.68600", "2005-09-30": "-7.52700"}, "Change In Inventories": {"2020-09-30": "", "2019-09-30": "", "2018-09-30": "", "2017-09-30": "", "2016-09-30": "", "2015-09-30": "", "2014-09-30": "", "2013-09-30": "", "2012-09-30": "", "2011-09-30": "", "2010-09-30": "", "2009-09-30": "", "2008-09-30": "", "2007-09-30": "", "2006-09-30": "", "2005-09-30": ""}, "Change In Accounts Payable": {"2020-09-30": "1.05900", "2019-09-30": "1.88500", "2018-09-30": "0.84300", "2017-09-30": "-2.02700", "2016-09-30": "0.56400", "2015-09-30": "-3.67200", "2014-09-30": "3.17400", "2013-09-30": "-0.59000", "2012-09-30": "6.81000", "2011-09-30": "-1.74900", "2010-09-30": "-0.31700", "2009-09-30": "-2.51900", "2008-09-30": "-1.56900", "2007-09-30": "1.58400", "2006-09-30": "0.12600", "2005-09-30": "-1.77300"}, "Change In Assets/Liabilities": {"2020-09-30": "5.45700", "2019-09-30": "-43.55500", "2018-09-30": "-8.34400", "2017-09-30": "-7.90700", "2016-09-30": "14.06600", "2015-09-30": "-17.95300", "2014-09-30": "19.51000", "2013-09-30": "-2.88800", "2012-09-30": "12.28900", "2011-09-30": "17.79200", "2010-09-30": "-4.07100", "2009-09-30": "10.54800", "2008-09-30": "19.22600", "2007-09-30": "-17.47000", "2006-09-30": "4.13800", "2005-09-30": "6.61300"}, "Total Change In Assets/Liabilities": {"2020-09-30": "-41.30800", "2019-09-30": "-55.46600", "2018-09-30": "-8.41500", "2017-09-30": "-0.61200", "2016-09-30": "13.48400", "2015-09-30": "-27.73300", "2014-09-30": "26.48500", "2013-09-30": "-13.92100", "2012-09-30": "3.92300", "2011-09-30": "27.76800", "2010-09-30": "-10.53600", "2009-09-30": "38.36900", "2008-09-30": "24.44700", "2007-09-30": "-22.85900", "2006-09-30": "-2.09600", "2005-09-30": "-5.08200"}, "Cash Flow From Operating Activities": {"2020-09-30": "364.91600", "2019-09-30": "260.35000", "2018-09-30": "223.05200", "2017-09-30": "225.64400", "2016-09-30": "210.26800", "2015-09-30": "146.77200", "2014-09-30": "175.03400", "2013-09-30": "136.12000", "2012-09-30": "129.74600", "2011-09-30": "136.15600", "2010-09-30": "105.78000", "2009-09-30": "151.63300", "2008-09-30": "159.15000", "2007-09-30": "179.16300", "2006-09-30": "199.04200", "2005-09-30": "214.08200"}, "Net Change In Property, Plant, And Equipment": {"2020-09-30": "-21.98900", "2019-09-30": "-23.98100", "2018-09-30": "-31.29900", "2017-09-30": "-19.82800", "2016-09-30": "-21.96900", "2015-09-30": "-24.99900", "2014-09-30": "-12.59000", "2013-09-30": "-24.14700", "2012-09-30": "-25.48300", "2011-09-30": "-14.02000", "2010-09-30": "-15.22100", "2009-09-30": "-9.95800", "2008-09-30": "-21.25300", "2007-09-30": "-6.41100", "2006-09-30": "-30.90900", "2005-09-30": "-15.66400"}, "Net Change In Intangible Assets": {"2020-09-30": "", "2019-09-30": "", "2018-09-30": "", "2017-09-30": "", "2016-09-30": "", "2015-09-30": "", "2014-09-30": "", "2013-09-30": "", "2012-09-30": "", "2011-09-30": "", "2010-09-30": "", "2009-09-30": "", "2008-09-30": "", "2007-09-30": "", "2006-09-30": "", "2005-09-30": ""}, "Net Acquisitions/Divestitures": {"2020-09-30": "", "2019-09-30": "-15.85500", "2018-09-30": "", "2017-09-30": "", "2016-09-30": "-5.68300", "2015-09-30": "-56.99200", "2014-09-30": "-7.25300", "2013-09-30": "-32.87400", "2012-09-30": "-123.63100", "2011-09-30": "", "2010-09-30": "", "2009-09-30": "", "2008-09-30": "-17.75500", "2007-09-30": "", "2006-09-30": "", "2005-09-30": "-18.64000"}, "Net Change In Short-term Investments": {"2020-09-30": "-2.64900", "2019-09-30": "-2.92400", "2018-09-30": "-2.82000", "2017-09-30": "0.00000", "2016-09-30": "0.00000", "2015-09-30": "", "2014-09-30": "", "2013-09-30": "22.00000", "2012-09-30": "83.59200", "2011-09-30": "-37.82100", "2010-09-30": "125.85800", "2009-09-30": "-73.28900", "2008-09-30": "7.88900", "2007-09-30": "54.06200", "2006-09-30": "13.88200", "2005-09-30": "32.00300"}, "Net Change In Long-Term Investments": {"2020-09-30": "", "2019-09-30": "", "2018-09-30": "20.00000", "2017-09-30": "", "2016-09-30": "", "2015-09-30": "", "2014-09-30": "", "2013-09-30": "", "2012-09-30": "", "2011-09-30": "", "2010-09-30": "", "2009-09-30": "", "2008-09-30": "", "2007-09-30": "-10.21300", "2006-09-30": "", "2005-09-30": "-0.60000"}, "Net Change In Investments - Total": {"2020-09-30": "-2.64900", "2019-09-30": "-2.92400", "2018-09-30": "17.18000", "2017-09-30": "", "2016-09-30": "", "2015-09-30": "", "2014-09-30": "", "2013-09-30": "22.00000", "2012-09-30": "83.59200", "2011-09-30": "-37.82100", "2010-09-30": "125.85800", "2009-09-30": "-73.28900", "2008-09-30": "7.88900", "2007-09-30": "43.84900", "2006-09-30": "13.88200", "2005-09-30": "31.40300"}, "Investing Activities - Other": {"2020-09-30": "0.05500", "2019-09-30": "", "2018-09-30": "", "2017-09-30": "-0.77700", "2016-09-30": "0.03700", "2015-09-30": "0.07500", "2014-09-30": "", "2013-09-30": "0.05000", "2012-09-30": "-0.14800", "2011-09-30": "0.14000", "2010-09-30": "", "2009-09-30": "1.30000", "2008-09-30": "", "2007-09-30": "", "2006-09-30": "", "2005-09-30": ""}, "Cash Flow From Investing Activities": {"2020-09-30": "-24.58300", "2019-09-30": "-42.76000", "2018-09-30": "-14.11900", "2017-09-30": "-20.60500", "2016-09-30": "-27.61500", "2015-09-30": "-81.91600", "2014-09-30": "-19.84300", "2013-09-30": "-34.97100", "2012-09-30": "-65.67000", "2011-09-30": "-51.70100", "2010-09-30": "110.63700", "2009-09-30": "-81.94700", "2008-09-30": "-31.11900", "2007-09-30": "37.43800", "2006-09-30": "-17.02700", "2005-09-30": "-2.90100"}, "Net Long-Term Debt": {"2020-09-30": "263.28400", "2019-09-30": "-28.94500", "2018-09-30": "269.00000", "2017-09-30": "-72.00000", "2016-09-30": "-60.00000", "2015-09-30": "-71.00000", "2014-09-30": "-8.00000", "2013-09-30": "-49.00000", "2012-09-30": "-8.00000", "2011-09-30": "-8.00000", "2010-09-30": "245.00000", "2009-09-30": "", "2008-09-30": "-115.06700", "2007-09-30": "-9.03700", "2006-09-30": "", "2005-09-30": ""}, "Net Current Debt": {"2020-09-30": "-250.00000", "2019-09-30": "88.00000", "2018-09-30": "-104.00000", "2017-09-30": "106.00000", "2016-09-30": "23.00000", "2015-09-30": "133.00000", "2014-09-30": "84.00000", "2013-09-30": "11.32400", "2012-09-30": "-5.46600", "2011-09-30": "", "2010-09-30": "-295.00000", "2009-09-30": "", "2008-09-30": "125.00000", "2007-09-30": "170.00000", "2006-09-30": "", "2005-09-30": ""}, "Debt Issuance/Retirement Net - Total": {"2020-09-30": "13.28400", "2019-09-30": "59.05500", "2018-09-30": "165.00000", "2017-09-30": "34.00000", "2016-09-30": "-37.00000", "2015-09-30": "62.00000", "2014-09-30": "76.00000", "2013-09-30": "-37.67600", "2012-09-30": "-13.46600", "2011-09-30": "-8.00000", "2010-09-30": "-50.00000", "2009-09-30": "", "2008-09-30": "9.93300", "2007-09-30": "160.96300", "2006-09-30": "", "2005-09-30": ""}, "Net Common Equity Issued/Repurchased": {"2020-09-30": "-192.96500", "2019-09-30": "-206.10600", "2018-09-30": "-331.57300", "2017-09-30": "-173.15500", "2016-09-30": "-120.57100", "2015-09-30": "-112.46100", "2014-09-30": "-198.18800", "2013-09-30": "-42.64500", "2012-09-30": "-120.26300", "2011-09-30": "-83.80900", "2010-09-30": "-194.70900", "2009-09-30": "-15.21100", "2008-09-30": "-96.85600", "2007-09-30": "-367.00100", "2006-09-30": "-192.28700", "2005-09-30": "-256.67000"}, "Net Total Equity Issued/Repurchased": {"2020-09-30": "-192.96500", "2019-09-30": "-206.10600", "2018-09-30": "-331.57300", "2017-09-30": "-173.15500", "2016-09-30": "-120.57100", "2015-09-30": "-112.46100", "2014-09-30": "-198.18800", "2013-09-30": "-42.64500", "2012-09-30": "-120.26300", "2011-09-30": "-83.80900", "2010-09-30": "-194.70900", "2009-09-30": "-15.21100", "2008-09-30": "-96.85600", "2007-09-30": "-367.00100", "2006-09-30": "-192.28700", "2005-09-30": "-256.67000"}, "Total Common And Preferred Stock Dividends Paid": {"2020-09-30": "", "2019-09-30": "", "2018-09-30": "", "2017-09-30": "-1.23800", "2016-09-30": "-2.48900", "2015-09-30": "-2.50800", "2014-09-30": "-2.71400", "2013-09-30": "-2.82400", "2012-09-30": "-2.80300", "2011-09-30": "-3.14000", "2010-09-30": "-3.57900", "2009-09-30": "-3.88700", "2008-09-30": "-3.89700", "2007-09-30": "-4.43200", "2006-09-30": "-5.10000", "2005-09-30": "-5.31600"}, "Financial Activities - Other": {"2020-09-30": "-109.74300", "2019-09-30": "-52.99600", "2018-09-30": "-52.05400", "2017-09-30": "-40.23200", "2016-09-30": "-29.95500", "2015-09-30": "-19.46100", "2014-09-30": "-5.48900", "2013-09-30": "-3.48900", "2012-09-30": "8.07900", "2011-09-30": "0.92800", "2010-09-30": "-0.18500", "2009-09-30": "0.28000", "2008-09-30": "-0.13500", "2007-09-30": "11.76500", "2006-09-30": "7.09400", "2005-09-30": ""}, "Cash Flow From Financial Activities": {"2020-09-30": "-289.42400", "2019-09-30": "-200.04700", "2018-09-30": "-218.62700", "2017-09-30": "-180.62500", "2016-09-30": "-190.01500", "2015-09-30": "-72.43000", "2014-09-30": "-130.39100", "2013-09-30": "-86.63400", "2012-09-30": "-128.45300", "2011-09-30": "-94.02100", "2010-09-30": "-248.47300", "2009-09-30": "-18.81800", "2008-09-30": "-90.95500", "2007-09-30": "-198.70500", "2006-09-30": "-190.29300", "2005-09-30": "-261.98600"}, "Net Cash Flow": {"2020-09-30": "50.96800", "2019-09-30": "16.40300", "2018-09-30": "-15.59500", "2017-09-30": "29.69200", "2016-09-30": "-10.19400", "2015-09-30": "-18.95500", "2014-09-30": "21.89700", "2013-09-30": "11.56900", "2012-09-30": "-64.14300", "2011-09-30": "-10.44700", "2010-09-30": "-31.95800", "2009-09-30": "48.47900", "2008-09-30": "34.39400", "2007-09-30": "20.13000", "2006-09-30": "-7.72600", "2005-09-30": "-51.19000"}, "Stock-Based Compensation": {"2020-09-30": "93.68100", "2019-09-30": "82.97300", "2018-09-30": "74.81400", "2017-09-30": "61.22200", "2016-09-30": "55.50900", "2015-09-30": "45.30800", "2014-09-30": "36.36200", "2013-09-30": "25.85000", "2012-09-30": "21.22900", "2011-09-30": "15.50000", "2010-09-30": "17.30500", "2009-09-30": "19.93500", "2008-09-30": "27.98100", "2007-09-30": "36.26100", "2006-09-30": "42.08500", "2005-09-30": "2.92700"}, "Common Stock Dividends Paid": {"2020-09-30": "", "2019-09-30": "", "2018-09-30": "", "2017-09-30": "-1.23800", "2016-09-30": "-2.48900", "2015-09-30": "-2.50800", "2014-09-30": "-2.71400", "2013-09-30": "-2.82400", "2012-09-30": "-2.80300", "2011-09-30": "-3.14000", "2010-09-30": "-3.57900", "2009-09-30": "-3.88700", "2008-09-30": "-3.89700", "2007-09-30": "-4.43200", "2006-09-30": "-5.10000", "2005-09-30": "-5.31600"}}, "cash flow statement, quarterly": {"Net Income/Loss": {"2020-12-31": "86.49200", "2020-09-30": 59.126, "2020-06-30": 64.076, "2020-03-31": 58.288, "2019-12-31": "54.92100", "2019-09-30": 54.584, "2019-06-30": 64.152, "2019-03-31": 33.381, "2018-12-31": "40.00700", "2018-09-30": 32.713, "2018-06-30": 29.721, "2018-03-31": 31.169, "2017-12-31": "32.87900", "2017-09-30": 45.202, "2017-06-30": 25.227, "2017-03-31": 25.084, "2016-12-31": "37.90100", "2016-09-30": 32.104, "2016-06-30": 34.987, "2016-03-31": 23.116, "2015-12-31": "19.24100", "2015-09-30": 33.319, "2015-06-30": 19.906, "2015-03-31": 18.87, "2014-12-31": "14.40700", "2014-09-30": 36.603, "2014-06-30": 20.548, "2014-03-31": 20.751, "2013-12-31": "16.97700", "2013-09-30": 28.557, "2013-06-30": 19.622, "2013-03-31": 18.495, "2012-12-31": "23.42100", "2012-09-30": 21.246, "2012-06-30": 20.749, "2012-03-31": 20.012, "2011-12-31": "29.99700", "2011-09-30": 24.619, "2011-06-30": 23.189, "2011-03-31": 7.745, "2010-12-31": "16.00900", "2010-09-30": 15.841, "2010-06-30": 17.938, "2010-03-31": 12.992, "2009-12-31": "17.68600", "2009-09-30": 17.108, "2009-06-30": 18.139, "2009-03-31": 17.745, "2008-12-31": "12.11000", "2008-09-30": 23.778, "2008-06-30": 26.501, "2008-03-31": 13.487, "2007-12-31": "20.18600", "2007-09-30": 28.219, "2007-06-30": 23.768, "2007-03-31": 21.438, "2006-12-31": "31.22500", "2006-09-30": 22.053, "2006-06-30": 26.003, "2006-03-31": 26.973, "2005-12-31": "28.45700", "2005-09-30": 35.748, "2005-06-30": 36.612, "2005-03-31": 62.188}, "Total Depreciation And Amortization - Cash Flow": {"2020-12-31": "7.02600", "2020-09-30": 6.818, "2020-06-30": 8.014, "2020-03-31": 7.679, "2019-12-31": "7.85600", "2019-09-30": 7.878, "2019-06-30": 7.948, "2019-03-31": 7.819, "2018-12-31": "7.96700", "2018-09-30": 7.853, "2018-06-30": 7.234, "2018-03-31": 7.364, "2017-12-31": "7.73100", "2017-09-30": 8.787, "2017-06-30": 9.191, "2017-03-31": 9.178, "2016-12-31": "9.05800", "2016-09-30": 8.506, "2016-06-30": 7.959, "2016-03-31": 7.727, "2015-12-31": "7.44100", "2015-09-30": 7.796, "2015-06-30": 9.046, "2015-03-31": 8.94, "2014-12-31": "8.10700", "2014-09-30": 8.436, "2014-06-30": 8.184, "2014-03-31": 7.845, "2013-12-31": "8.16700", "2013-09-30": 8.054, "2013-06-30": 8.727, "2013-03-31": 8.46, "2012-12-31": "7.98100", "2012-09-30": 7.015, "2012-06-30": 4.528, "2012-03-31": 4.579, "2011-12-31": "5.64800", "2011-09-30": 5.685, "2011-06-30": 5.931, "2011-03-31": 6.383, "2010-12-31": "6.75200", "2010-09-30": 7.662, "2010-06-30": 8.242, "2010-03-31": 8.601, "2009-12-31": "8.58700", "2009-09-30": 9.823, "2009-06-30": 9.85, "2009-03-31": 10.032, "2008-12-31": "9.77100", "2008-09-30": 9.95, "2008-06-30": 10.083, "2008-03-31": 10.283, "2007-12-31": "9.75700", "2007-09-30": 10.906, "2007-06-30": 12.175, "2007-03-31": 12.862, "2006-12-31": "13.18300", "2006-09-30": 12.09, "2006-06-30": 12.318, "2006-03-31": 12.193, "2005-12-31": "12.09400", "2005-09-30": 12.336, "2005-06-30": 12.825, "2005-03-31": 26.776}, "Other Non-Cash Items": {"2020-12-31": "20.01300", "2020-09-30": 55.677, "2020-06-30": 24.005, "2020-03-31": 33.757, "2019-12-31": "26.00700", "2019-09-30": 28.736, "2019-06-30": 19.248, "2019-03-31": 19.084, "2018-12-31": "25.01200", "2018-09-30": 23.881, "2018-06-30": 18.014, "2018-03-31": 18.421, "2017-12-31": "14.48700", "2017-09-30": 11.67, "2017-06-30": 14.792, "2017-03-31": 15.184, "2016-12-31": "14.98200", "2016-09-30": -2.555, "2016-06-30": 17.636, "2016-03-31": 9.883, "2015-12-31": "30.73900", "2015-09-30": 21.726, "2015-06-30": 8.637, "2015-03-31": 9.387, "2014-12-31": "14.36400", "2014-09-30": 2.072, "2014-06-30": 7.54, "2014-03-31": 5.844, "2013-12-31": "5.58200", "2013-09-30": 15.484, "2013-06-30": 4.597, "2013-03-31": 3.824, "2012-12-31": "2.81900", "2012-09-30": -0.861, "2012-06-30": 5.745, "2012-03-31": 2.331, "2011-12-31": "4.83400", "2011-09-30": 3.215, "2011-06-30": 1.535, "2011-03-31": 3.409, "2010-12-31": "3.91600", "2010-09-30": 9.437, "2010-06-30": 5.159, "2010-03-31": 1.995, "2009-12-31": "2.17600", "2009-09-30": -6.493, "2009-06-30": 5.801, "2009-03-31": 1.754, "2008-12-31": "7.62400", "2008-09-30": -17.694, "2008-06-30": 5.034, "2008-03-31": 14.899, "2007-12-31": "8.43900", "2007-09-30": 10.057, "2007-06-30": 11.396, "2007-03-31": 7.821, "2006-12-31": "18.97200", "2006-09-30": 17.165, "2006-06-30": 11.194, "2006-03-31": 10.771, "2005-12-31": "9.82700", "2005-09-30": 8.624, "2005-06-30": 13.163, "2005-03-31": 10.892}, "Total Non-Cash Items": {"2020-12-31": "27.03900", "2020-09-30": 62.495, "2020-06-30": 32.019, "2020-03-31": 41.436, "2019-12-31": "33.86300", "2019-09-30": 36.614, "2019-06-30": 27.196, "2019-03-31": 26.903, "2018-12-31": "32.97900", "2018-09-30": 31.734, "2018-06-30": 25.248, "2018-03-31": 25.785, "2017-12-31": "22.21800", "2017-09-30": 20.457, "2017-06-30": 23.983, "2017-03-31": 24.362, "2016-12-31": "24.04000", "2016-09-30": 5.951, "2016-06-30": 25.595, "2016-03-31": 17.61, "2015-12-31": "38.18000", "2015-09-30": 29.522, "2015-06-30": 17.683, "2015-03-31": 18.327, "2014-12-31": "22.47100", "2014-09-30": 10.508, "2014-06-30": 15.724, "2014-03-31": 13.689, "2013-12-31": "13.74900", "2013-09-30": 23.538, "2013-06-30": 13.324, "2013-03-31": 12.284, "2012-12-31": "10.80000", "2012-09-30": 6.154, "2012-06-30": 10.273, "2012-03-31": 6.91, "2011-12-31": "10.48200", "2011-09-30": 8.9, "2011-06-30": 7.466, "2011-03-31": 9.792, "2010-12-31": "10.66800", "2010-09-30": 17.099, "2010-06-30": 13.401, "2010-03-31": 10.596, "2009-12-31": "10.76300", "2009-09-30": 3.33, "2009-06-30": 15.651, "2009-03-31": 11.786, "2008-12-31": "17.39500", "2008-09-30": -7.744, "2008-06-30": 15.117, "2008-03-31": 25.182, "2007-12-31": "18.19600", "2007-09-30": 20.963, "2007-06-30": 23.571, "2007-03-31": 20.683, "2006-12-31": "32.15500", "2006-09-30": 29.255, "2006-06-30": 23.512, "2006-03-31": 22.964, "2005-12-31": "21.92100", "2005-09-30": 20.96, "2005-06-30": 25.988, "2005-03-31": 37.668}, "Change In Accounts Receivable": {"2020-12-31": "33.13000", "2020-09-30": -40.928, "2020-06-30": -5.138, "2020-03-31": -36.214, "2019-12-31": "22.39100", "2019-09-30": 17.112, "2019-06-30": -48.273, "2019-03-31": -23.206, "2018-12-31": "18.19100", "2018-09-30": -11.188, "2018-06-30": 11.941, "2018-03-31": -13.535, "2017-12-31": "4.51600", "2017-09-30": -22.747, "2017-06-30": 1.895, "2017-03-31": 15.457, "2016-12-31": "8.25300", "2016-09-30": -15.041, "2016-06-30": -3.75, "2016-03-31": -17.439, "2015-12-31": "18.00500", "2015-09-30": -15.211, "2015-06-30": 25.681, "2015-03-31": -20.935, "2014-12-31": "5.86300", "2014-09-30": -3.715, "2014-06-30": -13.621, "2014-03-31": 0.932, "2013-12-31": "2.75500", "2013-09-30": -8.691, "2013-06-30": 0.343, "2013-03-31": 2.88, "2012-12-31": "6.75400", "2012-09-30": -20.341, "2012-06-30": -4.469, "2012-03-31": 10.909, "2011-12-31": "-12.58900", "2011-09-30": -3.691, "2011-06-30": 4.987, "2011-03-31": -0.542, "2010-12-31": "7.81700", "2010-09-30": -3.709, "2010-06-30": -20.176, "2010-03-31": 8.618, "2009-12-31": "3.70600", "2009-09-30": -3.935, "2009-06-30": 6.832, "2009-03-31": 8.664, "2008-12-31": "19.75500", "2008-09-30": 6.577, "2008-06-30": 5.443, "2008-03-31": -9.567, "2007-12-31": "17.70000", "2007-09-30": 1.826, "2007-06-30": -0.817, "2007-03-31": -6.777, "2006-12-31": "-10.06900", "2006-09-30": -4.817, "2006-06-30": 0.522, "2006-03-31": -4.581, "2005-12-31": "-0.81000", "2005-09-30": 5.328, "2005-06-30": 0.504, "2005-03-31": -13.359}, "Change In Inventories": {"2020-12-31": "", "2020-09-30": 0, "2020-06-30": 0, "2020-03-31": 0, "2019-12-31": "", "2019-09-30": 0, "2019-06-30": 0, "2019-03-31": 0, "2018-12-31": "", "2018-09-30": 0, "2018-06-30": 0, "2018-03-31": 0, "2017-12-31": "", "2017-09-30": 0, "2017-06-30": 0, "2017-03-31": 0, "2016-12-31": "", "2016-09-30": 0, "2016-06-30": 0, "2016-03-31": 0, "2015-12-31": "", "2015-09-30": 0, "2015-06-30": 0, "2015-03-31": 0, "2014-12-31": "", "2014-09-30": 0, "2014-06-30": 0, "2014-03-31": 0, "2013-12-31": "", "2013-09-30": 0, "2013-06-30": 0, "2013-03-31": 0, "2012-12-31": "", "2012-09-30": 0, "2012-06-30": 0, "2012-03-31": 0, "2011-12-31": "", "2011-09-30": 0, "2011-06-30": 0, "2011-03-31": 0, "2010-12-31": "", "2010-09-30": 0, "2010-06-30": 0, "2010-03-31": 0, "2009-12-31": "", "2009-09-30": 0, "2009-06-30": 0, "2009-03-31": 0, "2008-12-31": "", "2008-09-30": 0, "2008-06-30": 0, "2008-03-31": 0, "2007-12-31": "", "2007-09-30": 0, "2007-06-30": 0, "2007-03-31": 0, "2006-12-31": "", "2006-09-30": 0, "2006-06-30": 0, "2006-03-31": 0, "2005-12-31": "", "2005-09-30": 0, "2005-06-30": 0, "2005-03-31": 0}, "Change In Accounts Payable": {"2020-12-31": "-1.47900", "2020-09-30": 2.874, "2020-06-30": -3.648, "2020-03-31": -8.516, "2019-12-31": "10.34900", "2019-09-30": 1.254, "2019-06-30": 2.841, "2019-03-31": -3.881, "2018-12-31": "1.67100", "2018-09-30": -1.78, "2018-06-30": 3.138, "2018-03-31": -0.396, "2017-12-31": "-0.11900", "2017-09-30": 3.405, "2017-06-30": -1.898, "2017-03-31": -2.809, "2016-12-31": "-0.72500", "2016-09-30": 2.199, "2016-06-30": -1.868, "2016-03-31": -1.789, "2015-12-31": "2.02200", "2015-09-30": -5.996, "2015-06-30": -8.331, "2015-03-31": 6.769, "2014-12-31": "3.88600", "2014-09-30": 1.552, "2014-06-30": 2.356, "2014-03-31": -2.582, "2013-12-31": "1.84800", "2013-09-30": -5.577, "2013-06-30": 1.978, "2013-03-31": 1.261, "2012-12-31": "1.74800", "2012-09-30": -0.16, "2012-06-30": 2.341, "2012-03-31": -2.263, "2011-12-31": "6.89200", "2011-09-30": -7.557, "2011-06-30": -0.449, "2011-03-31": 2.932, "2010-12-31": "3.32500", "2010-09-30": -0.341, "2010-06-30": 0.004, "2010-03-31": 0.736, "2009-12-31": "-0.71600", "2009-09-30": -1.655, "2009-06-30": -3.882, "2009-03-31": 3.466, "2008-12-31": "-0.44800", "2008-09-30": 1.59, "2008-06-30": -3.73, "2008-03-31": 0.864, "2007-12-31": "-0.29300", "2007-09-30": -3.069, "2007-06-30": 1.667, "2007-03-31": 0.141, "2006-12-31": "2.84500", "2006-09-30": -4.354, "2006-06-30": -1.664, "2006-03-31": 3.898, "2005-12-31": "2.24600", "2005-09-30": -0.763, "2005-06-30": -3.189, "2005-03-31": 2.179}, "Change In Assets/Liabilities": {"2020-12-31": "-20.53100", "2020-09-30": 30.407, "2020-06-30": -7.63, "2020-03-31": 8.273, "2019-12-31": "-25.59300", "2019-09-30": -32.313, "2019-06-30": 1.187, "2019-03-31": 2.644, "2018-12-31": "-15.07300", "2018-09-30": -0.845, "2018-06-30": -3.642, "2018-03-31": -1.812, "2017-12-31": "-2.04500", "2017-09-30": -6.877, "2017-06-30": 8.465, "2017-03-31": -2.034, "2016-12-31": "-7.46100", "2016-09-30": -7.193, "2016-06-30": 18.035, "2016-03-31": 13.662, "2015-12-31": "-10.43800", "2015-09-30": 0.544, "2015-06-30": -11.033, "2015-03-31": 11.757, "2014-12-31": "-19.22100", "2014-09-30": 11.799, "2014-06-30": -1.997, "2014-03-31": 5.779, "2013-12-31": "3.92900", "2013-09-30": -3.052, "2013-06-30": -4.779, "2013-03-31": -1.305, "2012-12-31": "6.24800", "2012-09-30": 4.895, "2012-06-30": -7.941, "2012-03-31": -1.09, "2011-12-31": "16.42500", "2011-09-30": 1.24, "2011-06-30": 4.892, "2011-03-31": 5.494, "2010-12-31": "6.16600", "2010-09-30": -9.095, "2010-06-30": -3.698, "2010-03-31": 1.711, "2009-12-31": "7.01100", "2009-09-30": 12.791, "2009-06-30": -2.343, "2009-03-31": 9.024, "2008-12-31": "-8.92400", "2008-09-30": 22.349, "2008-06-30": 2.229, "2008-03-31": -5.935, "2007-12-31": "0.58300", "2007-09-30": -1.319, "2007-06-30": -8.356, "2007-03-31": -5.818, "2006-12-31": "-1.97700", "2006-09-30": -0.93, "2006-06-30": -3.099, "2006-03-31": 1.831, "2005-12-31": "6.33600", "2005-09-30": 5.05, "2005-06-30": -26.63, "2005-03-31": 28.193}, "Total Change In Assets/Liabilities": {"2020-12-31": "-35.58400", "2020-09-30": 14.565, "2020-06-30": 10.776, "2020-03-31": -38.23, "2019-12-31": "-28.41900", "2019-09-30": 4.216, "2019-06-30": -23.058, "2019-03-31": -12.495, "2018-12-31": "-24.12900", "2018-09-30": -4.484, "2018-06-30": 30.11, "2018-03-31": -7.721, "2017-12-31": "-26.32000", "2017-09-30": -11.438, "2017-06-30": 22.816, "2017-03-31": 16.973, "2016-12-31": "-28.96300", "2016-09-30": -5.512, "2016-06-30": 24.809, "2016-03-31": 0.979, "2015-12-31": "-6.79200", "2015-09-30": -2.469, "2015-06-30": 5.529, "2015-03-31": 4.725, "2014-12-31": "-35.51800", "2014-09-30": 24.11, "2014-06-30": -7.546, "2014-03-31": 12.269, "2013-12-31": "-2.34800", "2013-09-30": -16.152, "2013-06-30": -1.723, "2013-03-31": 9.446, "2012-12-31": "-5.49200", "2012-09-30": -4.062, "2012-06-30": -8.09, "2012-03-31": 15.405, "2011-12-31": "0.67000", "2011-09-30": -2.416, "2011-06-30": 14.78, "2011-03-31": 9.201, "2010-12-31": "6.20300", "2010-09-30": -11.185, "2010-06-30": -17.279, "2010-03-31": 15.121, "2009-12-31": "2.80700", "2009-09-30": 6.849, "2009-06-30": 4.24, "2009-03-31": 20.121, "2008-12-31": "7.15900", "2008-09-30": 29.273, "2008-06-30": 1.956, "2008-03-31": -16.436, "2007-12-31": "9.65400", "2007-09-30": 0.76, "2007-06-30": -6.522, "2007-03-31": -13.365, "2006-12-31": "-3.73200", "2006-09-30": -6.177, "2006-06-30": -5.289, "2006-03-31": -0.996, "2005-12-31": "10.36600", "2005-09-30": 7.222, "2005-06-30": -32.005, "2005-03-31": 19.701}, "Cash Flow From Operating Activities": {"2020-12-31": "77.94700", "2020-09-30": 136.186, "2020-06-30": 106.871, "2020-03-31": 61.494, "2019-12-31": "60.36500", "2019-09-30": 95.414, "2019-06-30": 68.29, "2019-03-31": 47.789, "2018-12-31": "48.85700", "2018-09-30": 59.963, "2018-06-30": 85.079, "2018-03-31": 49.233, "2017-12-31": "28.77700", "2017-09-30": 54.221, "2017-06-30": 72.026, "2017-03-31": 66.419, "2016-12-31": "32.97800", "2016-09-30": 32.543, "2016-06-30": 85.391, "2016-03-31": 41.705, "2015-12-31": "50.62900", "2015-09-30": 60.372, "2015-06-30": 43.118, "2015-03-31": 41.922, "2014-12-31": "1.36000", "2014-09-30": 71.221, "2014-06-30": 28.726, "2014-03-31": 46.709, "2013-12-31": "28.37800", "2013-09-30": 35.943, "2013-06-30": 31.223, "2013-03-31": 40.225, "2012-12-31": "28.72900", "2012-09-30": 23.338, "2012-06-30": 22.932, "2012-03-31": 42.327, "2011-12-31": "41.14900", "2011-09-30": 31.103, "2011-06-30": 45.435, "2011-03-31": 26.738, "2010-12-31": "32.88000", "2010-09-30": 21.755, "2010-06-30": 14.06, "2010-03-31": 38.709, "2009-12-31": "31.25600", "2009-09-30": 27.287, "2009-06-30": 38.03, "2009-03-31": 49.652, "2008-12-31": "36.66400", "2008-09-30": 45.307, "2008-06-30": 43.574, "2008-03-31": 22.233, "2007-12-31": "48.03600", "2007-09-30": 49.942, "2007-06-30": 40.817, "2007-03-31": 28.756, "2006-12-31": "59.64800", "2006-09-30": 45.131, "2006-06-30": 44.226, "2006-03-31": 48.941, "2005-12-31": "60.74400", "2005-09-30": 63.93, "2005-06-30": 30.595, "2005-03-31": 119.557}, "Net Change In Property, Plant, And Equipment": {"2020-12-31": "5.24600", "2020-09-30": -0.916, "2020-06-30": -7.907, "2020-03-31": -6.666, "2019-12-31": "-6.50000", "2019-09-30": -5.811, "2019-06-30": -7.526, "2019-03-31": -4.17, "2018-12-31": "-6.47400", "2018-09-30": -7.079, "2018-06-30": -13.109, "2018-03-31": -7.067, "2017-12-31": "-4.04400", "2017-09-30": -5.036, "2017-06-30": -5.188, "2017-03-31": -5.285, "2016-12-31": "-4.31900", "2016-09-30": -9.428, "2016-06-30": -4.734, "2016-03-31": -3.513, "2015-12-31": "-4.29400", "2015-09-30": -6.733, "2015-06-30": -8.015, "2015-03-31": -4.584, "2014-12-31": "-5.66700", "2014-09-30": -5.502, "2014-06-30": -2.792, "2014-03-31": -2.142, "2013-12-31": "-2.15400", "2013-09-30": -3.712, "2013-06-30": -3.312, "2013-03-31": -8.111, "2012-12-31": "-9.01200", "2012-09-30": -5.867, "2012-06-30": -6.252, "2012-03-31": -5.607, "2011-12-31": "-7.75700", "2011-09-30": -5.697, "2011-06-30": -3.217, "2011-03-31": -3.778, "2010-12-31": "-1.32800", "2010-09-30": -4.707, "2010-06-30": -3.044, "2010-03-31": -3.379, "2009-12-31": "-4.09100", "2009-09-30": 0.325, "2009-06-30": -1.78, "2009-03-31": -2.949, "2008-12-31": "-5.55400", "2008-09-30": -5.192, "2008-06-30": -4.172, "2008-03-31": -5.811, "2007-12-31": "-6.07800", "2007-09-30": -3, "2007-06-30": -5.664, "2007-03-31": 7.378, "2006-12-31": "-5.12500", "2006-09-30": -6.588, "2006-06-30": -16.196, "2006-03-31": -5.58, "2005-12-31": "-2.54500", "2005-09-30": -1.655, "2005-06-30": -3.997, "2005-03-31": -10.012}, "Net Change In Intangible Assets": {"2020-12-31": "", "2020-09-30": 0, "2020-06-30": 0, "2020-03-31": 0, "2019-12-31": "", "2019-09-30": 0, "2019-06-30": 0, "2019-03-31": 0, "2018-12-31": "", "2018-09-30": 0, "2018-06-30": 0, "2018-03-31": 0, "2017-12-31": "", "2017-09-30": 0, "2017-06-30": 0, "2017-03-31": 0, "2016-12-31": "", "2016-09-30": 0, "2016-06-30": 0, "2016-03-31": 0, "2015-12-31": "", "2015-09-30": 0, "2015-06-30": 0, "2015-03-31": 0, "2014-12-31": "", "2014-09-30": 0, "2014-06-30": 0, "2014-03-31": 0, "2013-12-31": "", "2013-09-30": 0, "2013-06-30": 0, "2013-03-31": 0, "2012-12-31": "", "2012-09-30": 0, "2012-06-30": 0, "2012-03-31": 0, "2011-12-31": "", "2011-09-30": 0, "2011-06-30": 0, "2011-03-31": 0, "2010-12-31": "", "2010-09-30": 0, "2010-06-30": 0, "2010-03-31": 0, "2009-12-31": "", "2009-09-30": 0, "2009-06-30": 0, "2009-03-31": 0, "2008-12-31": "", "2008-09-30": 0, "2008-06-30": 0, "2008-03-31": 0, "2007-12-31": "", "2007-09-30": 0, "2007-06-30": 0, "2007-03-31": 0, "2006-12-31": "", "2006-09-30": 0, "2006-06-30": 0, "2006-03-31": 0, "2005-12-31": "", "2005-09-30": 0, "2005-06-30": 0, "2005-03-31": 0}, "Net Acquisitions/Divestitures": {"2020-12-31": "", "2020-09-30": 0, "2020-06-30": 0, "2020-03-31": 0, "2019-12-31": "", "2019-09-30": -15.855, "2019-06-30": 0, "2019-03-31": 0, "2018-12-31": "", "2018-09-30": 0, "2018-06-30": 0, "2018-03-31": 0, "2017-12-31": "", "2017-09-30": 0, "2017-06-30": 0, "2017-03-31": 0, "2016-12-31": "", "2016-09-30": 0, "2016-06-30": -5.683, "2016-03-31": 0, "2015-12-31": "", "2015-09-30": 0, "2015-06-30": -0.371, "2015-03-31": -56.621, "2014-12-31": "", "2014-09-30": 0, "2014-06-30": -7.253, "2014-03-31": 0, "2013-12-31": "", "2013-09-30": 0, "2013-06-30": -4.436, "2013-03-31": -0.833, "2012-12-31": "-27.60500", "2012-09-30": -105.439, "2012-06-30": -18.192, "2012-03-31": 0, "2011-12-31": "", "2011-09-30": 0, "2011-06-30": 0, "2011-03-31": 0, "2010-12-31": "", "2010-09-30": 0, "2010-06-30": 0, "2010-03-31": 0, "2009-12-31": "", "2009-09-30": 0, "2009-06-30": 0, "2009-03-31": 0, "2008-12-31": "", "2008-09-30": 1.381, "2008-06-30": 12.805, "2008-03-31": -31.941, "2007-12-31": "", "2007-09-30": 0, "2007-06-30": 0, "2007-03-31": 0, "2006-12-31": "", "2006-09-30": 0, "2006-06-30": 0, "2006-03-31": 0, "2005-12-31": "", "2005-09-30": -8.745, "2005-06-30": -0.001, "2005-03-31": -9.894}, "Net Change In Short-term Investments": {"2020-12-31": "-1.17400", "2020-09-30": -0.321, "2020-06-30": -0.481, "2020-03-31": 0.719, "2019-12-31": "-2.56600", "2019-09-30": -0.294, "2019-06-30": -0.501, "2019-03-31": 0.072, "2018-12-31": "-2.20100", "2018-09-30": -0.316, "2018-06-30": -0.359, "2018-03-31": -0.21, "2017-12-31": "-1.93500", "2017-09-30": 0, "2017-06-30": 0, "2017-03-31": 0, "2016-12-31": "0.00000", "2016-09-30": 0, "2016-06-30": 0, "2016-03-31": 0, "2015-12-31": "", "2015-09-30": 0, "2015-06-30": 0, "2015-03-31": 0, "2014-12-31": "", "2014-09-30": 0, "2014-06-30": 0, "2014-03-31": 0, "2013-12-31": "", "2013-09-30": 0, "2013-06-30": 0, "2013-03-31": 0, "2012-12-31": "22.00000", "2012-09-30": 10, "2012-06-30": 13.004, "2012-03-31": 11.115, "2011-12-31": "49.47300", "2011-09-30": 11.665, "2011-06-30": -117.675, "2011-03-31": 46.774, "2010-12-31": "21.41500", "2010-09-30": 75.034, "2010-06-30": 41.907, "2010-03-31": -26.318, "2009-12-31": "35.23500", "2009-09-30": -70.061, "2009-06-30": -1.306, "2009-03-31": -0.31, "2008-12-31": "-1.61200", "2008-09-30": -0.721, "2008-06-30": -2.194, "2008-03-31": -1.323, "2007-12-31": "12.12700", "2007-09-30": 29.315, "2007-06-30": 12.01, "2007-03-31": -8.655, "2006-12-31": "21.39200", "2006-09-30": 26.947, "2006-06-30": -16.904, "2006-03-31": -18.997, "2005-12-31": "22.83600", "2005-09-30": 11.703, "2005-06-30": -15.093, "2005-03-31": 35.393}, "Net Change In Long-Term Investments": {"2020-12-31": "", "2020-09-30": 0, "2020-06-30": 0, "2020-03-31": 0, "2019-12-31": "", "2019-09-30": 0, "2019-06-30": 0, "2019-03-31": 0, "2018-12-31": "", "2018-09-30": 20, "2018-06-30": 0, "2018-03-31": 0, "2017-12-31": "", "2017-09-30": 0.777, "2017-06-30": -0.777, "2017-03-31": 0, "2016-12-31": "", "2016-09-30": 0, "2016-06-30": 0, "2016-03-31": 0, "2015-12-31": "", "2015-09-30": 0, "2015-06-30": 0, "2015-03-31": 0, "2014-12-31": "", "2014-09-30": 0, "2014-06-30": 0, "2014-03-31": 0, "2013-12-31": "", "2013-09-30": 0, "2013-06-30": 0, "2013-03-31": 0, "2012-12-31": "", "2012-09-30": 0, "2012-06-30": 0, "2012-03-31": 0, "2011-12-31": "", "2011-09-30": 0, "2011-06-30": 0, "2011-03-31": 0, "2010-12-31": "", "2010-09-30": 0, "2010-06-30": 0, "2010-03-31": 0, "2009-12-31": "", "2009-09-30": 0, "2009-06-30": 0, "2009-03-31": 0, "2008-12-31": "", "2008-09-30": 0, "2008-06-30": 0, "2008-03-31": 0, "2007-12-31": "", "2007-09-30": 0, "2007-06-30": -10, "2007-03-31": 0, "2006-12-31": "-0.21300", "2006-09-30": 0, "2006-06-30": 0, "2006-03-31": 0, "2005-12-31": "", "2005-09-30": 0, "2005-06-30": -0.6, "2005-03-31": 0}, "Net Change In Investments - Total": {"2020-12-31": "-1.17400", "2020-09-30": -0.321, "2020-06-30": -0.481, "2020-03-31": 0.719, "2019-12-31": "-2.56600", "2019-09-30": -0.294, "2019-06-30": -0.501, "2019-03-31": 0.072, "2018-12-31": "-2.20100", "2018-09-30": 19.684, "2018-06-30": -0.359, "2018-03-31": -0.21, "2017-12-31": "-1.93500", "2017-09-30": 0.777, "2017-06-30": -0.777, "2017-03-31": 0, "2016-12-31": "", "2016-09-30": 0, "2016-06-30": 0, "2016-03-31": 0, "2015-12-31": "", "2015-09-30": 0, "2015-06-30": 0, "2015-03-31": 0, "2014-12-31": "", "2014-09-30": 0, "2014-06-30": 0, "2014-03-31": 0, "2013-12-31": "", "2013-09-30": 0, "2013-06-30": 0, "2013-03-31": 0, "2012-12-31": "22.00000", "2012-09-30": 10, "2012-06-30": 13.004, "2012-03-31": 11.115, "2011-12-31": "49.47300", "2011-09-30": 11.665, "2011-06-30": -117.675, "2011-03-31": 46.774, "2010-12-31": "21.41500", "2010-09-30": 75.034, "2010-06-30": 41.907, "2010-03-31": -26.318, "2009-12-31": "35.23500", "2009-09-30": -70.061, "2009-06-30": -1.306, "2009-03-31": -0.31, "2008-12-31": "-1.61200", "2008-09-30": -0.721, "2008-06-30": -2.194, "2008-03-31": -1.323, "2007-12-31": "12.12700", "2007-09-30": 29.315, "2007-06-30": 2.01, "2007-03-31": -8.655, "2006-12-31": "21.17900", "2006-09-30": 26.947, "2006-06-30": -16.904, "2006-03-31": -18.997, "2005-12-31": "22.83600", "2005-09-30": 11.703, "2005-06-30": -15.693, "2005-03-31": 35.393}, "Investing Activities - Other": {"2020-12-31": "-0.21000", "2020-09-30": 0, "2020-06-30": 0, "2020-03-31": 0, "2019-12-31": "0.05500", "2019-09-30": 0, "2019-06-30": 0, "2019-03-31": 0, "2018-12-31": "", "2018-09-30": 0, "2018-06-30": 0, "2018-03-31": 0, "2017-12-31": "", "2017-09-30": -0.777, "2017-06-30": 0, "2017-03-31": 0, "2016-12-31": "", "2016-09-30": 0, "2016-06-30": 0.037, "2016-03-31": 0, "2015-12-31": "", "2015-09-30": 0, "2015-06-30": 0, "2015-03-31": 0, "2014-12-31": "0.07500", "2014-09-30": 0, "2014-06-30": 0, "2014-03-31": 0, "2013-12-31": "", "2013-09-30": 0, "2013-06-30": 0, "2013-03-31": 0, "2012-12-31": "0.05000", "2012-09-30": 0.001, "2012-06-30": 0.05, "2012-03-31": -0.199, "2011-12-31": "", "2011-09-30": 0.065, "2011-06-30": 0, "2011-03-31": 0.075, "2010-12-31": "", "2010-09-30": 0, "2010-06-30": 0, "2010-03-31": 0, "2009-12-31": "", "2009-09-30": 0, "2009-06-30": 0, "2009-03-31": 0, "2008-12-31": "1.30000", "2008-09-30": 0, "2008-06-30": 0, "2008-03-31": 0, "2007-12-31": "", "2007-09-30": 0, "2007-06-30": 0, "2007-03-31": 0, "2006-12-31": "", "2006-09-30": 0, "2006-06-30": 0, "2006-03-31": 0, "2005-12-31": "", "2005-09-30": 0, "2005-06-30": 0, "2005-03-31": 0}, "Cash Flow From Investing Activities": {"2020-12-31": "3.86200", "2020-09-30": -1.237, "2020-06-30": -8.388, "2020-03-31": -5.947, "2019-12-31": "-9.01100", "2019-09-30": -21.96, "2019-06-30": -8.027, "2019-03-31": -4.098, "2018-12-31": "-8.67500", "2018-09-30": 12.605, "2018-06-30": -13.468, "2018-03-31": -7.277, "2017-12-31": "-5.97900", "2017-09-30": -5.036, "2017-06-30": -5.965, "2017-03-31": -5.285, "2016-12-31": "-4.31900", "2016-09-30": -9.428, "2016-06-30": -10.38, "2016-03-31": -3.513, "2015-12-31": "-4.29400", "2015-09-30": -6.733, "2015-06-30": -8.386, "2015-03-31": -61.205, "2014-12-31": "-5.59200", "2014-09-30": -5.502, "2014-06-30": -10.045, "2014-03-31": -2.142, "2013-12-31": "-2.15400", "2013-09-30": -3.712, "2013-06-30": -7.748, "2013-03-31": -8.944, "2012-12-31": "-14.56700", "2012-09-30": -101.305, "2012-06-30": -11.39, "2012-03-31": 5.309, "2011-12-31": "41.71600", "2011-09-30": 6.033, "2011-06-30": -120.892, "2011-03-31": 43.071, "2010-12-31": "20.08700", "2010-09-30": 70.327, "2010-06-30": 38.863, "2010-03-31": -29.697, "2009-12-31": "31.14400", "2009-09-30": -69.736, "2009-06-30": -3.086, "2009-03-31": -3.259, "2008-12-31": "-5.86600", "2008-09-30": -4.532, "2008-06-30": 6.439, "2008-03-31": -39.075, "2007-12-31": "6.04900", "2007-09-30": 26.315, "2007-06-30": -3.654, "2007-03-31": -1.277, "2006-12-31": "16.05400", "2006-09-30": 20.359, "2006-06-30": -33.1, "2006-03-31": -24.577, "2005-12-31": "20.29100", "2005-09-30": 1.303, "2005-06-30": -19.691, "2005-03-31": 15.487}, "Net Long-Term Debt": {"2020-12-31": "-0.17600", "2020-09-30": -85.905, "2020-06-30": -0.099, "2020-03-31": -0.287, "2019-12-31": "349.57500", "2019-09-30": -28.945, "2019-06-30": 0, "2019-03-31": 0, "2018-12-31": "", "2018-09-30": 0, "2018-06-30": 269, "2018-03-31": 0, "2017-12-31": "", "2017-09-30": -72, "2017-06-30": 0, "2017-03-31": 0, "2016-12-31": "", "2016-09-30": -60, "2016-06-30": 0, "2016-03-31": 0, "2015-12-31": "", "2015-09-30": 0, "2015-06-30": -71, "2015-03-31": 0, "2014-12-31": "", "2014-09-30": 0, "2014-06-30": -8, "2014-03-31": 0, "2013-12-31": "", "2013-09-30": 0, "2013-06-30": -49, "2013-03-31": 0, "2012-12-31": "", "2012-09-30": 0, "2012-06-30": -8, "2012-03-31": 0, "2011-12-31": "", "2011-09-30": 0, "2011-06-30": -8, "2011-03-31": 0, "2010-12-31": "", "2010-09-30": 245, "2010-06-30": 0, "2010-03-31": 0, "2009-12-31": "", "2009-09-30": 0, "2009-06-30": 0, "2009-03-31": 0, "2008-12-31": "", "2008-09-30": -267.259, "2008-06-30": 175.54, "2008-03-31": -23.348, "2007-12-31": "", "2007-09-30": -9.037, "2007-06-30": 0, "2007-03-31": 0, "2006-12-31": "", "2006-09-30": 0, "2006-06-30": 0, "2006-03-31": 0, "2005-12-31": "", "2005-09-30": 0, "2005-06-30": 0, "2005-03-31": 0}, "Net Current Debt": {"2020-12-31": "36.00000", "2020-09-30": -8, "2020-06-30": -21, "2020-03-31": 29, "2019-12-31": "-250.00000", "2019-09-30": 30, "2019-06-30": 0, "2019-03-31": -10, "2018-12-31": "68.00000", "2018-09-30": 5, "2018-06-30": -208, "2018-03-31": 40, "2017-12-31": "59.00000", "2017-09-30": 65, "2017-06-30": -14, "2017-03-31": 5, "2016-12-31": "50.00000", "2016-09-30": 30, "2016-06-30": -10, "2016-03-31": -8, "2015-12-31": "11.00000", "2015-09-30": -40, "2015-06-30": 61, "2015-03-31": 51, "2014-12-31": "61.00000", "2014-09-30": 16, "2014-06-30": 55, "2014-03-31": 5, "2013-12-31": "8.00000", "2013-09-30": -15, "2013-06-30": 29.257, "2013-03-31": 0, "2012-12-31": "-2.93300", "2012-09-30": -5.466, "2012-06-30": 0, "2012-03-31": 0, "2011-12-31": "", "2011-09-30": 0, "2011-06-30": 0, "2011-03-31": 0, "2010-12-31": "", "2010-09-30": -245, "2010-06-30": -50, "2010-03-31": 0, "2009-12-31": "", "2009-09-30": 0, "2009-06-30": 0, "2009-03-31": 0, "2008-12-31": "", "2008-09-30": 257, "2008-06-30": -175, "2008-03-31": 23, "2007-12-31": "20.00000", "2007-09-30": 100, "2007-06-30": 0, "2007-03-31": 0, "2006-12-31": "70.00000", "2006-09-30": 0, "2006-06-30": 0, "2006-03-31": 0, "2005-12-31": "", "2005-09-30": 0, "2005-06-30": 0, "2005-03-31": 0}, "Debt Issuance/Retirement Net - Total": {"2020-12-31": "35.82400", "2020-09-30": -93.905, "2020-06-30": -21.099, "2020-03-31": 28.713, "2019-12-31": "99.57500", "2019-09-30": 1.055, "2019-06-30": 0, "2019-03-31": -10, "2018-12-31": "68.00000", "2018-09-30": 5, "2018-06-30": 61, "2018-03-31": 40, "2017-12-31": "59.00000", "2017-09-30": -7, "2017-06-30": -14, "2017-03-31": 5, "2016-12-31": "50.00000", "2016-09-30": -30, "2016-06-30": -10, "2016-03-31": -8, "2015-12-31": "11.00000", "2015-09-30": -40, "2015-06-30": -10, "2015-03-31": 51, "2014-12-31": "61.00000", "2014-09-30": 16, "2014-06-30": 47, "2014-03-31": 5, "2013-12-31": "8.00000", "2013-09-30": -15, "2013-06-30": -19.743, "2013-03-31": 0, "2012-12-31": "-2.93300", "2012-09-30": -5.466, "2012-06-30": -8, "2012-03-31": 0, "2011-12-31": "", "2011-09-30": 0, "2011-06-30": -8, "2011-03-31": 0, "2010-12-31": "", "2010-09-30": 0, "2010-06-30": -50, "2010-03-31": 0, "2009-12-31": "", "2009-09-30": 0, "2009-06-30": 0, "2009-03-31": 0, "2008-12-31": "", "2008-09-30": -10.259, "2008-06-30": 0.54, "2008-03-31": -0.348, "2007-12-31": "20.00000", "2007-09-30": 90.963, "2007-06-30": 0, "2007-03-31": 0, "2006-12-31": "70.00000", "2006-09-30": 0, "2006-06-30": 0, "2006-03-31": 0, "2005-12-31": "", "2005-09-30": 0, "2005-06-30": 0, "2005-03-31": 0}, "Net Common Equity Issued/Repurchased": {"2020-12-31": "-49.95400", "2020-09-30": -9.2, "2020-06-30": -58.973, "2020-03-31": -69.874, "2019-12-31": "-54.91800", "2019-09-30": -43.253, "2019-06-30": -55.98, "2019-03-31": -31.723, "2018-12-31": "-75.15000", "2018-09-30": -104.525, "2018-06-30": -104.039, "2018-03-31": -68.439, "2017-12-31": "-54.57000", "2017-09-30": -69.926, "2017-06-30": -37.696, "2017-03-31": -38.754, "2016-12-31": "-26.77900", "2016-09-30": -32.806, "2016-06-30": -26.132, "2016-03-31": -34.45, "2015-12-31": "-27.18300", "2015-09-30": 4.615, "2015-06-30": -28.216, "2015-03-31": -34.98, "2014-12-31": "-53.88000", "2014-09-30": -63.9, "2014-06-30": -80.403, "2014-03-31": -37.592, "2013-12-31": "-16.29300", "2013-09-30": -18.624, "2013-06-30": -40.019, "2013-03-31": 9.809, "2012-12-31": "6.18900", "2012-09-30": 31.184, "2012-06-30": -28.075, "2012-03-31": -80.71, "2011-12-31": "-42.66200", "2011-09-30": -37.95, "2011-06-30": -33.437, "2011-03-31": -10.321, "2010-12-31": "-2.10100", "2010-09-30": -59.193, "2010-06-30": -80.142, "2010-03-31": -21.52, "2009-12-31": "-33.85400", "2009-09-30": -18.033, "2009-06-30": -0.152, "2009-03-31": -0.248, "2008-12-31": "3.22200", "2008-09-30": 0.194, "2008-06-30": -5.148, "2008-03-31": -22.692, "2007-12-31": "-69.21000", "2007-09-30": -161.839, "2007-06-30": -70.557, "2007-03-31": -10.947, "2006-12-31": "-123.65800", "2006-09-30": -124.401, "2006-06-30": -100.697, "2006-03-31": 9.423, "2005-12-31": "23.38800", "2005-09-30": -74.189, "2005-06-30": -82.786, "2005-03-31": -99.695}, "Net Total Equity Issued/Repurchased": {"2020-12-31": "-49.95400", "2020-09-30": -9.2, "2020-06-30": -58.973, "2020-03-31": -69.874, "2019-12-31": "-54.91800", "2019-09-30": -43.253, "2019-06-30": -55.98, "2019-03-31": -31.723, "2018-12-31": "-75.15000", "2018-09-30": -104.525, "2018-06-30": -104.039, "2018-03-31": -68.439, "2017-12-31": "-54.57000", "2017-09-30": -69.926, "2017-06-30": -37.696, "2017-03-31": -38.754, "2016-12-31": "-26.77900", "2016-09-30": -32.806, "2016-06-30": -26.132, "2016-03-31": -34.45, "2015-12-31": "-27.18300", "2015-09-30": 4.615, "2015-06-30": -28.216, "2015-03-31": -34.98, "2014-12-31": "-53.88000", "2014-09-30": -63.9, "2014-06-30": -80.403, "2014-03-31": -37.592, "2013-12-31": "-16.29300", "2013-09-30": -18.624, "2013-06-30": -40.019, "2013-03-31": 9.809, "2012-12-31": "6.18900", "2012-09-30": 31.184, "2012-06-30": -28.075, "2012-03-31": -80.71, "2011-12-31": "-42.66200", "2011-09-30": -37.95, "2011-06-30": -33.437, "2011-03-31": -10.321, "2010-12-31": "-2.10100", "2010-09-30": -59.193, "2010-06-30": -80.142, "2010-03-31": -21.52, "2009-12-31": "-33.85400", "2009-09-30": -18.033, "2009-06-30": -0.152, "2009-03-31": -0.248, "2008-12-31": "3.22200", "2008-09-30": 0.194, "2008-06-30": -5.148, "2008-03-31": -22.692, "2007-12-31": "-69.21000", "2007-09-30": -161.839, "2007-06-30": -70.557, "2007-03-31": -10.947, "2006-12-31": "-123.65800", "2006-09-30": -124.401, "2006-06-30": -100.697, "2006-03-31": 9.423, "2005-12-31": "23.38800", "2005-09-30": -74.189, "2005-06-30": -82.786, "2005-03-31": -99.695}, "Total Common And Preferred Stock Dividends Paid": {"2020-12-31": "", "2020-09-30": 0, "2020-06-30": 0, "2020-03-31": 0, "2019-12-31": "", "2019-09-30": 0, "2019-06-30": 0, "2019-03-31": 0, "2018-12-31": "", "2018-09-30": 0, "2018-06-30": 0, "2018-03-31": 0, "2017-12-31": "", "2017-09-30": 0, "2017-06-30": 0, "2017-03-31": -0.62, "2016-12-31": "-0.61800", "2016-09-30": -0.62, "2016-06-30": -0.624, "2016-03-31": -0.623, "2015-12-31": "-0.62200", "2015-09-30": -0.626, "2015-06-30": -0.622, "2015-03-31": -0.625, "2014-12-31": "-0.63500", "2014-09-30": -0.64, "2014-06-30": -0.684, "2014-03-31": -0.696, "2013-12-31": "-0.69400", "2013-09-30": -0.701, "2013-06-30": -0.707, "2013-03-31": -0.714, "2012-12-31": "-0.70200", "2012-09-30": -0.692, "2012-06-30": -0.685, "2012-03-31": -0.709, "2011-12-31": "-0.71700", "2011-09-30": -0.751, "2011-06-30": -0.79, "2011-03-31": -0.801, "2010-12-31": "-0.79800", "2010-09-30": -0.807, "2010-06-30": -0.895, "2010-03-31": -0.93, "2009-12-31": "-0.94700", "2009-09-30": -0.964, "2009-06-30": -0.977, "2009-03-31": -0.976, "2008-12-31": "-0.97000", "2008-09-30": -0.969, "2008-06-30": -0.973, "2008-03-31": -0.97, "2007-12-31": "-0.98500", "2007-09-30": -1.048, "2007-06-30": -1.1, "2007-03-31": -1.148, "2006-12-31": "-1.13600", "2006-09-30": -1.224, "2006-06-30": -1.28, "2006-03-31": -1.301, "2005-12-31": "-1.29500", "2005-09-30": -1.275, "2005-06-30": -1.325, "2005-03-31": -2.716}, "Financial Activities - Other": {"2020-12-31": "-85.67800", "2020-09-30": -2.836, "2020-06-30": -3.067, "2020-03-31": -10.988, "2019-12-31": "-92.85200", "2019-09-30": -1.788, "2019-06-30": -2.738, "2019-03-31": -5.483, "2018-12-31": "-42.98700", "2018-09-30": -1.313, "2018-06-30": -10.053, "2018-03-31": -1.581, "2017-12-31": "-39.10700", "2017-09-30": -0.908, "2017-06-30": -2.41, "2017-03-31": -1.316, "2016-12-31": "-35.59800", "2016-09-30": -1.411, "2016-06-30": -2.663, "2016-03-31": -1.419, "2015-12-31": "-24.46200", "2015-09-30": -12.723, "2015-06-30": 0.638, "2015-03-31": 1.146, "2014-12-31": "-8.52200", "2014-09-30": -0.633, "2014-06-30": -0.363, "2014-03-31": -0.223, "2013-12-31": "-4.27000", "2013-09-30": -8.562, "2013-06-30": 0.822, "2013-03-31": 1.311, "2012-12-31": "2.94000", "2012-09-30": 3.677, "2012-06-30": 0.988, "2012-03-31": 1.743, "2011-12-31": "1.67100", "2011-09-30": -0.384, "2011-06-30": 0.185, "2011-03-31": 0.692, "2010-12-31": "0.43500", "2010-09-30": -1.237, "2010-06-30": 0.014, "2010-03-31": 0.805, "2009-12-31": "0.23300", "2009-09-30": 0.159, "2009-06-30": 0, "2009-03-31": 0.004, "2008-12-31": "0.11700", "2008-09-30": 0.041, "2008-06-30": -1.392, "2008-03-31": 0.537, "2007-12-31": "0.67900", "2007-09-30": -0.001, "2007-06-30": 2.095, "2007-03-31": 7.901, "2006-12-31": "1.77000", "2006-09-30": 0.997, "2006-06-30": 0.793, "2006-03-31": 1.657, "2005-12-31": "3.64700", "2005-09-30": 0, "2005-06-30": 0, "2005-03-31": 0}, "Cash Flow From Financial Activities": {"2020-12-31": "-99.80800", "2020-09-30": -105.941, "2020-06-30": -83.139, "2020-03-31": -52.149, "2019-12-31": "-48.19500", "2019-09-30": -43.986, "2019-06-30": -58.718, "2019-03-31": -47.206, "2018-12-31": "-50.13700", "2018-09-30": -100.838, "2018-06-30": -53.092, "2018-03-31": -30.02, "2017-12-31": "-34.67700", "2017-09-30": -77.834, "2017-06-30": -54.106, "2017-03-31": -35.69, "2016-12-31": "-12.99500", "2016-09-30": -64.837, "2016-06-30": -39.419, "2016-03-31": -44.492, "2015-12-31": "-41.26700", "2015-09-30": -48.734, "2015-06-30": -38.2, "2015-03-31": 16.541, "2014-12-31": "-2.03700", "2014-09-30": -49.173, "2014-06-30": -34.45, "2014-03-31": -33.511, "2013-12-31": "-13.25700", "2013-09-30": -42.887, "2013-06-30": -59.647, "2013-03-31": 10.406, "2012-12-31": "5.49400", "2012-09-30": 28.703, "2012-06-30": -35.772, "2012-03-31": -79.676, "2011-12-31": "-41.70800", "2011-09-30": -39.085, "2011-06-30": -42.042, "2011-03-31": -10.43, "2010-12-31": "-2.46400", "2010-09-30": -61.237, "2010-06-30": -131.023, "2010-03-31": -21.645, "2009-12-31": "-34.56800", "2009-09-30": -18.838, "2009-06-30": -1.129, "2009-03-31": -1.22, "2008-12-31": "2.36900", "2008-09-30": -10.993, "2008-06-30": -6.973, "2008-03-31": -23.473, "2007-12-31": "-49.51600", "2007-09-30": -71.925, "2007-06-30": -69.562, "2007-03-31": -4.194, "2006-12-31": "-53.02400", "2006-09-30": -124.628, "2006-06-30": -101.184, "2006-03-31": 9.779, "2005-12-31": "25.74000", "2005-09-30": -75.464, "2005-06-30": -84.111, "2005-03-31": -102.411}, "Net Cash Flow": {"2020-12-31": "-12.73200", "2020-09-30": 31.721, "2020-06-30": 16.707, "2020-03-31": -2.25, "2019-12-31": "4.79000", "2019-09-30": 27.618, "2019-06-30": 1.923, "2019-03-31": -3.011, "2018-12-31": "-10.12700", "2018-09-30": -29.906, "2018-06-30": 12.061, "2018-03-31": 13.655, "2017-12-31": "-11.40500", "2017-09-30": -25.049, "2017-06-30": 14.819, "2017-03-31": 27.747, "2016-12-31": "12.17500", "2016-09-30": -42.229, "2016-06-30": 32.781, "2016-03-31": -5.336, "2015-12-31": "4.59000", "2015-09-30": 1.762, "2015-06-30": -2.483, "2015-03-31": -7.81, "2014-12-31": "-10.42400", "2014-09-30": 11.966, "2014-06-30": -15.067, "2014-03-31": 12.239, "2013-12-31": "12.75900", "2013-09-30": -9.841, "2013-06-30": -38.131, "2013-03-31": 40.311, "2012-12-31": "19.23000", "2012-09-30": -47.072, "2012-06-30": -27.355, "2012-03-31": -29.339, "2011-12-31": "39.62300", "2011-09-30": -5.165, "2011-06-30": -117.377, "2011-03-31": 61.862, "2010-12-31": "50.23300", "2010-09-30": 33.587, "2010-06-30": -78.298, "2010-03-31": -15.297, "2009-12-31": "28.05000", "2009-09-30": -62.189, "2009-06-30": 39.06, "2009-03-31": 44.08, "2008-12-31": "27.52800", "2008-09-30": 26.802, "2008-06-30": 42.913, "2008-03-31": -39.9, "2007-12-31": "4.57900", "2007-09-30": 5.042, "2007-06-30": -32.205, "2007-03-31": 23.298, "2006-12-31": "23.99500", "2006-09-30": -58.81, "2006-06-30": -89.499, "2006-03-31": 34.167, "2005-12-31": "106.41600", "2005-09-30": -10.246, "2005-06-30": -74.233, "2005-03-31": 33.289}, "Stock-Based Compensation": {"2020-12-31": "25.13200", "2020-09-30": 25.484, "2020-06-30": 22.264, "2020-03-31": 22.788, "2019-12-31": "23.14500", "2019-09-30": 21.042, "2019-06-30": 19.595, "2019-03-31": 20.482, "2018-12-31": "21.85400", "2018-09-30": 20.183, "2018-06-30": 18.882, "2018-03-31": 19.239, "2017-12-31": "16.51000", "2017-09-30": 17.676, "2017-06-30": 14.315, "2017-03-31": 14.712, "2016-12-31": "14.51900", "2016-09-30": 13.805, "2016-06-30": 13.404, "2016-03-31": 13.6, "2015-12-31": "14.70000", "2015-09-30": 12.546, "2015-06-30": 12.166, "2015-03-31": 11.802, "2014-12-31": "8.79400", "2014-09-30": 10.731, "2014-06-30": 9.345, "2014-03-31": 9.051, "2013-12-31": "7.23500", "2013-09-30": 6.953, "2013-06-30": 6.652, "2013-03-31": 6.413, "2012-12-31": "5.83200", "2012-09-30": 5.763, "2012-06-30": 6.082, "2012-03-31": 4.627, "2011-12-31": "4.75700", "2011-09-30": 3.738, "2011-06-30": 3.557, "2011-03-31": 4.171, "2010-12-31": "4.03400", "2010-09-30": 4.07, "2010-06-30": 3.853, "2010-03-31": 4.847, "2009-12-31": "4.53500", "2009-09-30": 4.593, "2009-06-30": 4.694, "2009-03-31": 5.177, "2008-12-31": "5.47100", "2008-09-30": 6.268, "2008-06-30": 6.787, "2008-03-31": 6.833, "2007-12-31": "8.09300", "2007-09-30": 8.029, "2007-06-30": 6.151, "2007-03-31": 12.509, "2006-12-31": "9.57200", "2006-09-30": 12.061, "2006-06-30": 10.384, "2006-03-31": 10.126, "2005-12-31": "9.51400", "2005-09-30": 1.835, "2005-06-30": 0.462, "2005-03-31": 0.63}, "Common Stock Dividends Paid": {"2020-12-31": "", "2020-09-30": 0, "2020-06-30": 0, "2020-03-31": 0, "2019-12-31": "", "2019-09-30": 0, "2019-06-30": 0, "2019-03-31": 0, "2018-12-31": "", "2018-09-30": 0, "2018-06-30": 0, "2018-03-31": 0, "2017-12-31": "", "2017-09-30": 0, "2017-06-30": 0, "2017-03-31": -0.62, "2016-12-31": "-0.61800", "2016-09-30": -0.62, "2016-06-30": -0.624, "2016-03-31": -0.623, "2015-12-31": "-0.62200", "2015-09-30": -0.626, "2015-06-30": -0.622, "2015-03-31": -0.625, "2014-12-31": "-0.63500", "2014-09-30": -0.64, "2014-06-30": -0.684, "2014-03-31": -0.696, "2013-12-31": "-0.69400", "2013-09-30": -0.701, "2013-06-30": -0.707, "2013-03-31": -0.714, "2012-12-31": "-0.70200", "2012-09-30": -0.692, "2012-06-30": -0.685, "2012-03-31": -0.709, "2011-12-31": "-0.71700", "2011-09-30": -0.751, "2011-06-30": -0.79, "2011-03-31": -0.801, "2010-12-31": "-0.79800", "2010-09-30": -0.807, "2010-06-30": -0.895, "2010-03-31": -0.93, "2009-12-31": "-0.94700", "2009-09-30": -0.964, "2009-06-30": -0.977, "2009-03-31": -0.976, "2008-12-31": "-0.97000", "2008-09-30": -0.969, "2008-06-30": -0.973, "2008-03-31": -0.97, "2007-12-31": "-0.98500", "2007-09-30": -1.048, "2007-06-30": -1.1, "2007-03-31": -1.148, "2006-12-31": "-1.13600", "2006-09-30": -1.224, "2006-06-30": -1.28, "2006-03-31": -1.301, "2005-12-31": "-1.29500", "2005-09-30": -1.275, "2005-06-30": -1.325, "2005-03-31": -2.716}}, "financial ratios": {"Current Ratio": {"2020-09-30": "1.28850", "2019-09-30": "0.92840", "2018-09-30": "0.83640", "2017-09-30": "0.95190", "2016-09-30": "1.08760", "2015-09-30": "1.17520", "2014-09-30": "0.84510", "2013-09-30": "1.50220", "2012-09-30": "1.23720", "2011-09-30": "2.48800", "2010-09-30": "2.84230", "2009-09-30": "3.86220", "2008-09-30": "2.86800", "2007-09-30": "0.80380", "2006-09-30": "0.76960", "2005-09-30": "2.98700"}, "Long-term Debt / Capital": {"2020-09-30": "0.69070", "2019-09-30": "0.67680", "2018-09-30": "0.64790", "2017-09-30": "0.52040", "2016-09-30": "0.52490", "2015-09-30": "0.54140", "2014-09-30": "0.45270", "2013-09-30": "0.45720", "2012-09-30": "0.48960", "2011-09-30": "0.51990", "2010-09-30": "0.51880", "2009-09-30": "0.48710", "2008-09-30": "0.50360", "2007-09-30": "0.23090", "2006-09-30": "", "2005-09-30": "0.33190"}, "Debt/Equity Ratio": {"2020-09-30": "2.52030", "2019-09-30": "2.84640", "2018-09-30": "2.65780", "2017-09-30": "1.41790", "2016-09-30": "1.27710", "2015-09-30": "1.39130", "2014-09-30": "1.20100", "2013-09-30": "0.88570", "2012-09-30": "1.06240", "2011-09-30": "1.09990", "2010-09-30": "1.09490", "2009-09-30": "0.94960", "2008-09-30": "1.01430", "2007-09-30": "0.99060", "2006-09-30": "0.51950", "2005-09-30": "0.49680"}, "Gross Margin": {"2020-09-30": "72.10320", "2019-09-30": "70.96370", "2018-09-30": "68.71480", "2017-09-30": "69.23930", "2016-09-30": "69.91310", "2015-09-30": "67.74660", "2014-09-30": "68.40490", "2013-09-30": "69.13450", "2012-09-30": "70.73620", "2011-09-30": "69.90880", "2010-09-30": "70.12560", "2009-09-30": "67.26870", "2008-09-30": "63.09060", "2007-09-30": "66.91480", "2006-09-30": "68.41760", "2005-09-30": "65.55970"}, "Operating Margin": {"2020-09-30": "22.86250", "2019-09-30": "21.85600", "2018-09-30": "17.53330", "2017-09-30": "19.48260", "2016-09-30": "19.24220", "2015-09-30": "16.39340", "2014-09-30": "20.51600", "2013-09-30": "21.73570", "2012-09-30": "24.88950", "2011-09-30": "20.54870", "2010-09-30": "18.71550", "2009-09-30": "18.50970", "2008-09-30": "16.41730", "2007-09-30": "20.44500", "2006-09-30": "19.71920", "2005-09-30": "24.16650"}, "EBIT Margin": {"2020-09-30": "22.86250", "2019-09-30": "21.85600", "2018-09-30": "17.53330", "2017-09-30": "19.48260", "2016-09-30": "19.24220", "2015-09-30": "16.39340", "2014-09-30": "20.51600", "2013-09-30": "21.73570", "2012-09-30": "24.88950", "2011-09-30": "20.54870", "2010-09-30": "18.71550", "2009-09-30": "18.50970", "2008-09-30": "16.41730", "2007-09-30": "20.44500", "2006-09-30": "19.71920", "2005-09-30": "24.16650"}, "EBITDA Margin": {"2020-09-30": "25.20820", "2019-09-30": "24.58100", "2018-09-30": "20.55110", "2017-09-30": "23.35580", "2016-09-30": "22.83130", "2015-09-30": "20.43370", "2014-09-30": "24.65190", "2013-09-30": "26.20440", "2012-09-30": "28.10790", "2011-09-30": "24.54290", "2010-09-30": "24.17940", "2009-09-30": "24.76840", "2008-09-30": "21.79740", "2007-09-30": "26.70950", "2006-09-30": "25.93820", "2005-09-30": "30.66950"}, "Pre-Tax Profit Margin": {"2020-09-30": "19.85230", "2019-09-30": "18.62560", "2018-09-30": "15.69090", "2017-09-30": "16.71510", "2016-09-30": "16.40300", "2015-09-30": "13.02340", "2014-09-30": "16.87370", "2013-09-30": "17.75310", "2012-09-30": "20.14170", "2011-09-30": "15.72660", "2010-09-30": "15.24070", "2009-09-30": "15.46930", "2008-09-30": "15.17030", "2007-09-30": "20.59650", "2006-09-30": "20.54530", "2005-09-30": "24.30140"}, "Net Profit Margin": {"2020-09-30": "18.26190", "2019-09-30": "16.56120", "2018-09-30": "12.64640", "2017-09-30": "14.26910", "2016-09-30": "12.41810", "2015-09-30": "10.31280", "2014-09-30": "12.02550", "2013-09-30": "12.11860", "2012-09-30": "13.60160", "2011-09-30": "11.54820", "2010-09-30": "10.64270", "2009-09-30": "10.32160", "2008-09-30": "11.27110", "2007-09-30": "13.34500", "2006-09-30": "13.21670", "2005-09-30": "16.84650"}, "Asset Turnover": {"2020-09-30": "0.80600", "2019-09-30": "0.80930", "2018-09-30": "0.75170", "2017-09-30": "0.74460", "2016-09-30": "0.72200", "2015-09-30": "0.68180", "2014-09-30": "0.66170", "2013-09-30": "0.64000", "2012-09-30": "0.58380", "2011-09-30": "0.54870", "2010-09-30": "0.53900", "2009-09-30": "0.48370", "2008-09-30": "0.58410", "2007-09-30": "0.61470", "2006-09-30": "0.59260", "2005-09-30": "0.59110"}, "Inventory Turnover Ratio": {"2020-09-30": "", "2019-09-30": "", "2018-09-30": "", "2017-09-30": "", "2016-09-30": "", "2015-09-30": "", "2014-09-30": "", "2013-09-30": "", "2012-09-30": "", "2011-09-30": "", "2010-09-30": "", "2009-09-30": "", "2008-09-30": "", "2007-09-30": "", "2006-09-30": "", "2005-09-30": ""}, "Receiveable Turnover": {"2020-09-30": "3.87380", "2019-09-30": "3.90040", "2018-09-30": "3.74950", "2017-09-30": "5.54600", "2016-09-30": "5.25290", "2015-09-30": "5.28290", "2014-09-30": "5.08060", "2013-09-30": "5.17240", "2012-09-30": "4.74370", "2011-09-30": "5.90320", "2010-09-30": "5.35080", "2009-09-30": "6.19940", "2008-09-30": "5.26130", "2007-09-30": "4.63210", "2006-09-30": "4.72240", "2005-09-30": "5.10740"}, "Days Sales In Receivables": {"2020-09-30": "94.22160", "2019-09-30": "93.58030", "2018-09-30": "97.34660", "2017-09-30": "65.81290", "2016-09-30": "69.48600", "2015-09-30": "69.09090", "2014-09-30": "71.84250", "2013-09-30": "70.56690", "2012-09-30": "76.94470", "2011-09-30": "61.83080", "2010-09-30": "68.21390", "2009-09-30": "58.87710", "2008-09-30": "69.37500", "2007-09-30": "78.79740", "2006-09-30": "77.29190", "2005-09-30": "71.46480"}, "ROE - Return On Equity": {"2020-09-30": "71.40550", "2019-09-30": "66.30300", "2018-09-30": "44.00340", "2017-09-30": "31.27840", "2016-09-30": "24.49440", "2015-09-30": "19.79460", "2014-09-30": "20.87020", "2013-09-30": "16.97740", "2012-09-30": "19.39350", "2011-09-30": "15.37340", "2010-09-30": "13.57240", "2009-09-30": "10.90590", "2008-09-30": "14.44740", "2007-09-30": "19.75070", "2006-09-30": "13.57160", "2005-09-30": "16.71210"}, "Return On Tangible Equity": {"2020-09-30": "-48.19620", "2019-09-30": "-36.39310", "2018-09-30": "-23.95540", "2017-09-30": "-33.43190", "2016-09-30": "-28.41290", "2015-09-30": "-20.34990", "2014-09-30": "-25.42120", "2013-09-30": "-29.97020", "2012-09-30": "-27.43140", "2011-09-30": "-32.72270", "2010-09-30": "-29.52910", "2009-09-30": "-61.97810", "2008-09-30": "-45.96940", "2007-09-30": "-64.32990", "2006-09-30": "-651.76890", "2005-09-30": "7524.69500"}, "ROA - Return On Assets": {"2020-09-30": "14.71830", "2019-09-30": "13.40290", "2018-09-30": "9.50660", "2017-09-30": "10.62540", "2016-09-30": "8.96620", "2015-09-30": "7.03180", "2014-09-30": "7.95770", "2013-09-30": "7.75650", "2012-09-30": "7.94090", "2011-09-30": "6.33590", "2010-09-30": "5.73610", "2009-09-30": "5.02080", "2008-09-30": "6.36630", "2007-09-30": "8.76730", "2006-09-30": "7.90980", "2005-09-30": "9.95870"}, "ROI - Return On Investment": {"2020-09-30": "22.08380", "2019-09-30": "21.42910", "2018-09-30": "15.49300", "2017-09-30": "15.00150", "2016-09-30": "11.63780", "2015-09-30": "9.07680", "2014-09-30": "11.42280", "2013-09-30": "9.21520", "2012-09-30": "9.89920", "2011-09-30": "7.38140", "2010-09-30": "6.53120", "2009-09-30": "5.59400", "2008-09-30": "7.17230", "2007-09-30": "15.19070", "2006-09-30": "13.57160", "2005-09-30": "11.16490"}, "Book Value Per Share": {"2020-09-30": "11.37900", "2019-09-30": "10.01130", "2018-09-30": "9.90650", "2017-09-30": "14.10370", "2016-09-30": "14.44410", "2015-09-30": "13.96610", "2014-09-30": "14.18590", "2013-09-30": "15.25550", "2012-09-30": "13.61710", "2011-09-30": "12.55240", "2010-09-30": "11.90800", "2009-09-30": "12.46510", "2008-09-30": "11.59290", "2007-09-30": "11.09030", "2006-09-30": "12.97020", "2005-09-30": "12.61190"}, "Operating Cash Flow Per Share": {"2020-09-30": 3.5974, "2019-09-30": 1.4404, "2018-09-30": 0.1559, "2017-09-30": 0.4896, "2016-09-30": 2.0072, "2015-09-30": -0.5195, "2014-09-30": 1.2698, "2013-09-30": 0.1529, "2012-09-30": 0.1929, "2011-09-30": 1.0702, "2010-09-30": -0.7741, "2009-09-30": -0.1146, "2008-09-30": 0.1101, "2007-09-30": 0.057, "2006-09-30": 0.1469, "2005-09-30": 2.9094}, "Free Cash Flow Per Share": {"2020-09-30": 3.6544, "2019-09-30": 1.6526, "2018-09-30": -0.233, "2017-09-30": 0.5547, "2016-09-30": 2.0939, "2015-09-30": -0.9251, "2014-09-30": 1.5741, "2013-09-30": 0.1942, "2012-09-30": -0.1632, "2011-09-30": 1.0556, "2010-09-30": -0.9059, "2009-09-30": 0.1116, "2008-09-30": -0.2089, "2007-09-30": 0.4202, "2006-09-30": -0.1148, "2005-09-30": 2.6965}}, "financial ratios, quarterly": {"Current Ratio": {"2020-12-31": "1.30020", "2020-09-30": "1.28850", "2020-06-30": "1.04960", "2020-03-31": "1.00800", "2019-12-31": "1.04290", "2019-09-30": "0.92840", "2019-06-30": "0.95050", "2019-03-31": "0.90930", "2018-12-31": "0.86730", "2018-09-30": "0.83640", "2018-06-30": "0.84410", "2018-03-31": "0.90410", "2017-12-31": "0.84670", "2017-09-30": "0.95190", "2017-06-30": "0.80690", "2017-03-31": "1.17010", "2016-12-31": "1.14030", "2016-09-30": "1.08760", "2016-06-30": "1.18200", "2016-03-31": "1.14610", "2015-12-31": "1.18290", "2015-09-30": "1.17520", "2015-06-30": "1.22920", "2015-03-31": "1.17830", "2014-12-31": "0.76530", "2014-09-30": "0.84510", "2014-06-30": "0.87310", "2014-03-31": "1.50490", "2013-12-31": "1.59420", "2013-09-30": "1.50220", "2013-06-30": "1.36150", "2013-03-31": "1.49120", "2012-12-31": "1.33000", "2012-09-30": "1.23720", "2012-06-30": "1.94470", "2012-03-31": "2.21660", "2011-12-31": "2.61120", "2011-09-30": "2.48800", "2011-06-30": "2.79480", "2011-03-31": "3.02850", "2010-12-31": "3.09250", "2010-09-30": "2.84230", "2010-06-30": "2.89050", "2010-03-31": "3.77390", "2009-12-31": "4.03450", "2009-09-30": "3.86220", "2009-06-30": "3.67190", "2009-03-31": "3.36260", "2008-12-31": "3.28820", "2008-09-30": "2.86800", "2008-06-30": "0.88250", "2008-03-31": "0.62070", "2007-12-31": "0.66240", "2007-09-30": "0.80380", "2007-06-30": "0.73030", "2007-03-31": "0.77840", "2006-12-31": "0.67590", "2006-09-30": "0.76960", "2006-06-30": "3.34670", "2006-03-31": "3.77750", "2005-12-31": "3.39350", "2005-09-30": "2.98700", "2005-06-30": "3.30990", "2005-03-31": "3.31320"}, "Long-term Debt / Capital": {"2020-12-31": "0.69540", "2020-09-30": "0.69070", "2020-06-30": "0.74930", "2020-03-31": "0.77520", "2019-12-31": "0.75390", "2019-09-30": "0.67680", "2019-06-30": "0.69260", "2019-03-31": "0.70950", "2018-12-31": "0.72610", "2018-09-30": "0.64790", "2018-06-30": "0.65390", "2018-03-31": "0.58040", "2017-12-31": "0.54550", "2017-09-30": "0.52040", "2017-06-30": "0.47260", "2017-03-31": "0.54840", "2016-12-31": "0.55140", "2016-09-30": "0.52490", "2016-06-30": "0.54660", "2016-03-31": "0.54810", "2015-12-31": "0.55000", "2015-09-30": "0.54140", "2015-06-30": "0.59220", "2015-03-31": "0.60180", "2014-12-31": "0.48250", "2014-09-30": "0.45270", "2014-06-30": "0.43970", "2014-03-31": "0.45590", "2013-12-31": "0.45320", "2013-09-30": "0.45720", "2013-06-30": "0.46450", "2013-03-31": "0.46180", "2012-12-31": "0.47210", "2012-09-30": "0.48960", "2012-06-30": "0.54970", "2012-03-31": "0.54950", "2011-12-31": "0.52160", "2011-09-30": "0.51990", "2011-06-30": "0.50820", "2011-03-31": "0.50680", "2010-12-31": "0.51020", "2010-09-30": "0.51880", "2010-06-30": "0.50240", "2010-03-31": "0.49980", "2009-12-31": "0.49280", "2009-09-30": "0.48710", "2009-06-30": "0.48540", "2009-03-31": "0.50240", "2008-12-31": "0.50910", "2008-09-30": "0.50360", "2008-06-30": "0.36510", "2008-03-31": "0.29090", "2007-12-31": "0.26630", "2007-09-30": "0.23090", "2007-06-30": "", "2007-03-31": "", "2006-12-31": "", "2006-09-30": "", "2006-06-30": "0.31820", "2006-03-31": "0.30350", "2005-12-31": "0.31510", "2005-09-30": "0.33190", "2005-06-30": "0.32200", "2005-03-31": "0.30860"}, "Debt/Equity Ratio": {"2020-12-31": "2.68670", "2020-09-30": "2.52030", "2020-06-30": "3.74890", "2020-03-31": "4.42510", "2019-12-31": "3.81080", "2019-09-30": "2.84640", "2019-06-30": "3.06570", "2019-03-31": "3.32300", "2018-12-31": "3.65150", "2018-09-30": "2.65780", "2018-06-30": "2.57500", "2018-03-31": "1.89870", "2017-12-31": "1.72140", "2017-09-30": "1.41790", "2017-06-30": "1.41370", "2017-03-31": "1.46500", "2016-12-31": "1.47110", "2016-09-30": "1.27710", "2016-06-30": "1.40410", "2016-03-31": "1.43640", "2015-12-31": "1.46620", "2015-09-30": "1.39130", "2015-06-30": "1.63360", "2015-03-31": "1.72630", "2014-12-31": "1.50540", "2014-09-30": "1.20100", "2014-06-30": "1.10610", "2014-03-31": "0.90520", "2013-12-31": "0.88610", "2013-09-30": "0.88570", "2013-06-30": "0.94130", "2013-03-31": "0.95050", "2012-12-31": "0.99070", "2012-09-30": "1.06240", "2012-06-30": "1.24030", "2012-03-31": "1.23910", "2011-12-31": "1.10760", "2011-09-30": "1.09990", "2011-06-30": "1.04960", "2011-03-31": "1.04360", "2010-12-31": "1.05810", "2010-09-30": "1.09490", "2010-06-30": "1.02540", "2010-03-31": "0.99920", "2009-12-31": "0.97170", "2009-09-30": "0.94960", "2009-06-30": "0.94330", "2009-03-31": "1.00960", "2008-12-31": "1.03720", "2008-09-30": "1.01430", "2008-06-30": "1.06620", "2008-03-31": "1.11770", "2007-12-31": "1.10970", "2007-09-30": "0.99060", "2007-06-30": "0.68120", "2007-03-31": "0.64830", "2006-12-31": "0.67170", "2006-09-30": "0.51950", "2006-06-30": "0.46660", "2006-03-31": "0.43570", "2005-12-31": "0.46000", "2005-09-30": "0.49680", "2005-06-30": "0.47490", "2005-03-31": "0.44640"}, "Gross Margin": {"2020-12-31": "71.34320", "2020-09-30": "74.97680", "2020-06-30": "71.76910", "2020-03-31": "71.38070", "2019-12-31": "69.59570", "2019-09-30": "71.18140", "2019-06-30": "72.24650", "2019-03-31": "69.24600", "2018-12-31": "70.99550", "2018-09-30": "68.82960", "2018-06-30": "69.01440", "2018-03-31": "68.97960", "2017-12-31": "67.96710", "2017-09-30": "70.43740", "2017-06-30": "69.78480", "2017-03-31": "68.41600", "2016-12-31": "68.12520", "2016-09-30": "68.49430", "2016-06-30": "72.19850", "2016-03-31": "69.85750", "2015-12-31": "68.91530", "2015-09-30": "71.19640", "2015-06-30": "68.37980", "2015-03-31": "65.72290", "2014-12-31": "65.02240", "2014-09-30": "67.94380", "2014-06-30": "68.24450", "2014-03-31": "68.62810", "2013-12-31": "68.90630", "2013-09-30": "70.15190", "2013-06-30": "68.62690", "2013-03-31": "67.17920", "2012-12-31": "70.45150", "2012-09-30": "70.26630", "2012-06-30": "70.19400", "2012-03-31": "69.39960", "2011-12-31": "73.01190", "2011-09-30": "69.57050", "2011-06-30": "71.19840", "2011-03-31": "68.26020", "2010-12-31": "70.62610", "2010-09-30": "68.75780", "2010-06-30": "70.82580", "2010-03-31": "68.93890", "2009-12-31": "71.93390", "2009-09-30": "69.85760", "2009-06-30": "69.13180", "2009-03-31": "66.43800", "2008-12-31": "63.89390", "2008-09-30": "62.79750", "2008-06-30": "62.51860", "2008-03-31": "62.24990", "2007-12-31": "64.77120", "2007-09-30": "69.07060", "2007-06-30": "66.79450", "2007-03-31": "65.78520", "2006-12-31": "66.10960", "2006-09-30": "78.41180", "2006-06-30": "65.48190", "2006-03-31": "64.86110", "2005-12-31": "66.93870", "2005-09-30": "66.89180", "2005-06-30": "66.46880", "2005-03-31": "64.46910"}, "Operating Margin": {"2020-12-31": "30.31910", "2020-09-30": "22.83660", "2020-06-30": "26.41470", "2020-03-31": "24.58870", "2019-12-31": "17.38070", "2019-09-30": "23.01890", "2019-06-30": "27.27390", "2019-03-31": "17.44900", "2018-12-31": "18.68560", "2018-09-30": "18.53880", "2018-06-30": "17.46600", "2018-03-31": "18.12180", "2017-12-31": "15.84820", "2017-09-30": "25.68640", "2017-06-30": "17.93570", "2017-03-31": "17.53280", "2016-12-31": "15.90480", "2016-09-30": "19.04600", "2016-06-30": "23.16760", "2016-03-31": "18.63960", "2015-12-31": "15.41110", "2015-09-30": "17.68890", "2015-06-30": "17.69820", "2015-03-31": "16.60910", "2014-12-31": "13.12580", "2014-09-30": "23.21610", "2014-06-30": "18.43080", "2014-03-31": "20.88680", "2013-12-31": "19.13280", "2013-09-30": "26.36780", "2013-06-30": "19.15850", "2013-03-31": "18.51720", "2012-12-31": "22.62600", "2012-09-30": "21.99220", "2012-06-30": "23.16080", "2012-03-31": "23.94420", "2011-12-31": "30.56780", "2011-09-30": "25.64940", "2011-06-30": "24.82500", "2011-03-31": "12.55820", "2010-12-31": "19.00580", "2010-09-30": "17.78100", "2010-06-30": "20.00720", "2010-03-31": "16.04580", "2009-12-31": "20.88040", "2009-09-30": "21.61830", "2009-06-30": "21.29820", "2009-03-31": "19.11010", "2008-12-31": "12.37370", "2008-09-30": "16.47650", "2008-06-30": "16.43070", "2008-03-31": "14.75720", "2007-12-31": "18.03630", "2007-09-30": "20.54760", "2007-06-30": "20.40510", "2007-03-31": "19.16300", "2006-12-31": "21.56350", "2006-09-30": "20.19600", "2006-06-30": "17.54080", "2006-03-31": "19.56120", "2005-12-31": "21.71850", "2005-09-30": "26.12430", "2005-06-30": "23.96680", "2005-03-31": "23.78780"}, "EBIT Margin": {"2020-12-31": "30.31910", "2020-09-30": "22.83660", "2020-06-30": "26.41470", "2020-03-31": "24.58870", "2019-12-31": "17.38070", "2019-09-30": "23.01890", "2019-06-30": "27.27390", "2019-03-31": "17.44900", "2018-12-31": "18.68560", "2018-09-30": "18.53880", "2018-06-30": "17.46600", "2018-03-31": "18.12180", "2017-12-31": "15.84820", "2017-09-30": "25.68640", "2017-06-30": "17.93570", "2017-03-31": "17.53280", "2016-12-31": "15.90480", "2016-09-30": "19.04600", "2016-06-30": "23.16760", "2016-03-31": "18.63960", "2015-12-31": "15.41110", "2015-09-30": "17.68890", "2015-06-30": "17.69820", "2015-03-31": "16.60910", "2014-12-31": "13.12580", "2014-09-30": "23.21610", "2014-06-30": "18.43080", "2014-03-31": "20.88680", "2013-12-31": "19.13280", "2013-09-30": "26.36780", "2013-06-30": "19.15850", "2013-03-31": "18.51720", "2012-12-31": "22.62600", "2012-09-30": "21.99220", "2012-06-30": "23.16080", "2012-03-31": "23.94420", "2011-12-31": "30.56780", "2011-09-30": "25.64950", "2011-06-30": "24.82500", "2011-03-31": "12.55820", "2010-12-31": "19.00580", "2010-09-30": "17.78100", "2010-06-30": "20.00720", "2010-03-31": "16.04580", "2009-12-31": "20.88040", "2009-09-30": "21.61830", "2009-06-30": "21.29820", "2009-03-31": "19.11010", "2008-12-31": "12.37370", "2008-09-30": "16.47650", "2008-06-30": "16.43070", "2008-03-31": "14.75720", "2007-12-31": "18.03630", "2007-09-30": "20.54760", "2007-06-30": "20.40510", "2007-03-31": "19.16300", "2006-12-31": "21.56350", "2006-09-30": "20.19600", "2006-06-30": "17.54080", "2006-03-31": "19.56120", "2005-12-31": "21.71850", "2005-09-30": "26.12430", "2005-06-30": "23.96680", "2005-03-31": "23.78780"}, "EBITDA Margin": {"2020-12-31": "", "2020-09-30": "", "2020-06-30": "", "2020-03-31": "", "2019-12-31": "", "2019-09-30": "", "2019-06-30": "", "2019-03-31": "", "2018-12-31": "", "2018-09-30": "", "2018-06-30": "", "2018-03-31": "", "2017-12-31": "", "2017-09-30": "", "2017-06-30": "", "2017-03-31": "", "2016-12-31": "", "2016-09-30": "", "2016-06-30": "", "2016-03-31": "", "2015-12-31": "", "2015-09-30": "", "2015-06-30": "", "2015-03-31": "", "2014-12-31": "", "2014-09-30": "", "2014-06-30": "", "2014-03-31": "", "2013-12-31": "", "2013-09-30": "", "2013-06-30": "", "2013-03-31": "", "2012-12-31": "", "2012-09-30": "", "2012-06-30": "", "2012-03-31": "", "2011-12-31": "", "2011-09-30": "", "2011-06-30": "", "2011-03-31": "", "2010-12-31": "", "2010-09-30": "", "2010-06-30": "", "2010-03-31": "", "2009-12-31": "", "2009-09-30": "", "2009-06-30": "", "2009-03-31": "", "2008-12-31": "", "2008-09-30": "", "2008-06-30": "", "2008-03-31": "", "2007-12-31": "", "2007-09-30": "", "2007-06-30": "", "2007-03-31": "", "2006-12-31": "", "2006-09-30": "", "2006-06-30": "", "2006-03-31": "", "2005-12-31": "", "2005-09-30": "", "2005-06-30": "", "2005-03-31": ""}, "Pre-Tax Profit Margin": {"2020-12-31": "28.15500", "2020-09-30": "20.41720", "2020-06-30": "24.29090", "2020-03-31": "20.28240", "2019-12-31": "14.03500", "2019-09-30": "19.94080", "2019-06-30": "24.83830", "2019-03-31": "14.36700", "2018-12-31": "14.16780", "2018-09-30": "19.09700", "2018-06-30": "14.86390", "2018-03-31": "15.28210", "2017-12-31": "13.28880", "2017-09-30": "23.10810", "2017-06-30": "15.29570", "2017-03-31": "14.50930", "2016-12-31": "13.04870", "2016-09-30": "16.26590", "2016-06-30": "21.06140", "2016-03-31": "15.55270", "2015-12-31": "11.88350", "2015-09-30": "14.78670", "2015-06-30": "14.55060", "2015-03-31": "12.56970", "2014-12-31": "9.66710", "2014-09-30": "20.02080", "2014-06-30": "15.33370", "2014-03-31": "16.86980", "2013-12-31": "14.74590", "2013-09-30": "22.55750", "2013-06-30": "15.57420", "2013-03-31": "14.15700", "2012-12-31": "18.44170", "2012-09-30": "17.56280", "2012-06-30": "18.85240", "2012-03-31": "18.60820", "2011-12-31": "25.60920", "2011-09-30": "20.63100", "2011-06-30": "21.19540", "2011-03-31": "7.22010", "2010-12-31": "13.73880", "2010-09-30": "12.92090", "2010-06-30": "17.19510", "2010-03-31": "13.33980", "2009-12-31": "17.41500", "2009-09-30": "18.39760", "2009-06-30": "18.31970", "2009-03-31": "15.60800", "2008-12-31": "9.89170", "2008-09-30": "14.30800", "2008-06-30": "15.32990", "2008-03-31": "14.09590", "2007-12-31": "16.91690", "2007-09-30": "20.53020", "2007-06-30": "20.49870", "2007-03-31": "19.47870", "2006-12-31": "21.77240", "2006-09-30": "21.05460", "2006-06-30": "18.85060", "2006-03-31": "20.27940", "2005-12-31": "22.13520", "2005-09-30": "26.65360", "2005-06-30": "24.04580", "2005-03-31": "23.53780"}, "Net Profit Margin": {"2020-12-31": "27.68510", "2020-09-30": "15.79410", "2020-06-30": "20.42390", "2020-03-31": "18.92650", "2019-12-31": "18.39880", "2019-09-30": "17.87620", "2019-06-30": "20.41440", "2019-03-31": "11.99750", "2018-12-31": "15.25490", "2018-09-30": "12.75200", "2018-06-30": "11.65560", "2018-03-31": "12.16300", "2017-12-31": "14.15000", "2017-09-30": "17.65570", "2017-06-30": "10.92140", "2017-03-31": "10.98350", "2016-12-31": "17.25910", "2016-09-30": "13.61350", "2016-06-30": "14.65250", "2016-03-31": "11.18460", "2015-12-31": "9.61680", "2015-09-30": "14.31500", "2015-06-30": "9.50780", "2015-03-31": "9.11110", "2014-12-31": "7.60060", "2014-09-30": "16.51980", "2014-06-30": "10.39830", "2014-03-31": "11.18880", "2013-12-31": "9.20950", "2013-09-30": "15.00420", "2013-06-30": "10.67740", "2013-03-31": "10.31370", "2012-12-31": "12.32550", "2012-09-30": "11.41800", "2012-06-30": "12.92950", "2012-03-31": "12.54510", "2011-12-31": "17.60910", "2011-09-30": "15.36300", "2011-06-30": "15.38970", "2011-03-31": "5.06790", "2010-12-31": "10.26670", "2010-09-30": "10.21350", "2010-06-30": "11.54840", "2010-03-31": "9.03980", "2009-12-31": "11.67420", "2009-09-30": "11.26100", "2009-06-30": "11.62620", "2009-03-31": "11.13690", "2008-12-31": "7.40850", "2008-09-30": "13.34440", "2008-06-30": "14.45650", "2008-03-31": "6.97960", "2007-12-31": "10.61830", "2007-09-30": "14.95770", "2007-06-30": "12.08790", "2007-03-31": "11.24320", "2006-12-31": "14.99570", "2006-09-30": "13.37200", "2006-06-30": "12.55400", "2006-03-31": "12.95800", "2005-12-31": "14.03270", "2005-09-30": "17.58410", "2005-06-30": "17.96410", "2005-03-31": "17.51190"}, "Asset Turnover": {"2020-12-31": "0.19810", "2020-09-30": "0.23310", "2020-06-30": "0.20060", "2020-03-31": "0.19840", "2019-12-31": "0.19320", "2019-09-30": "0.21300", "2019-06-30": "0.22870", "2019-03-31": "0.20950", "2018-12-31": "0.20090", "2018-09-30": "0.19280", "2018-06-30": "0.19810", "2018-03-31": "0.19850", "2017-12-31": "0.18730", "2017-09-30": "0.20390", "2017-06-30": "0.18360", "2017-03-31": "0.18310", "2016-12-31": "0.17940", "2016-09-30": "0.19320", "2016-06-30": "0.19460", "2016-03-31": "0.17010", "2015-12-31": "0.16460", "2015-09-30": "0.18920", "2015-06-30": "0.17220", "2015-03-31": "0.16750", "2014-12-31": "0.16230", "2014-09-30": "0.18580", "2014-06-30": "0.16670", "2014-03-31": "0.15750", "2013-12-31": "0.15810", "2013-09-30": "0.16390", "2013-06-30": "0.15790", "2013-03-31": "0.14960", "2012-12-31": "0.16160", "2012-09-30": "0.16060", "2012-06-30": "0.15050", "2012-03-31": "0.14760", "2011-12-31": "0.15130", "2011-09-30": "0.14190", "2011-06-30": "0.13200", "2011-03-31": "0.13260", "2010-12-31": "0.13720", "2010-09-30": "0.13800", "2010-06-30": "0.13360", "2010-03-31": "0.11250", "2009-12-31": "0.11760", "2009-09-30": "0.11650", "2009-06-30": "0.11880", "2009-03-31": "0.12530", "2008-12-31": "0.13100", "2008-09-30": "0.13970", "2008-06-30": "0.14690", "2008-03-31": "0.15700", "2007-12-31": "0.15350", "2007-09-30": "0.14790", "2007-06-30": "0.15010", "2007-03-31": "0.14150", "2006-12-31": "0.15680", "2006-09-30": "0.12480", "2006-06-30": "0.14670", "2006-03-31": "0.14110", "2005-12-31": "0.14250", "2005-09-30": "0.15050", "2005-06-30": "0.14720", "2005-03-31": "0.13370"}, "Inventory Turnover Ratio": {"2020-12-31": "", "2020-09-30": "", "2020-06-30": "", "2020-03-31": "", "2019-12-31": "", "2019-09-30": "", "2019-06-30": "", "2019-03-31": "", "2018-12-31": "", "2018-09-30": "", "2018-06-30": "", "2018-03-31": "", "2017-12-31": "", "2017-09-30": "", "2017-06-30": "", "2017-03-31": "", "2016-12-31": "", "2016-09-30": "", "2016-06-30": "", "2016-03-31": "", "2015-12-31": "", "2015-09-30": "", "2015-06-30": "", "2015-03-31": "", "2014-12-31": "", "2014-09-30": "", "2014-06-30": "", "2014-03-31": "", "2013-12-31": "", "2013-09-30": "", "2013-06-30": "", "2013-03-31": "", "2012-12-31": "", "2012-09-30": "", "2012-06-30": "", "2012-03-31": "", "2011-12-31": "", "2011-09-30": "", "2011-06-30": "", "2011-03-31": "", "2010-12-31": "", "2010-09-30": "", "2010-06-30": "", "2010-03-31": "", "2009-12-31": "", "2009-09-30": "", "2009-06-30": "", "2009-03-31": "", "2008-12-31": "", "2008-09-30": "", "2008-06-30": "", "2008-03-31": "", "2007-12-31": "", "2007-09-30": "", "2007-06-30": "", "2007-03-31": "", "2006-12-31": "", "2006-09-30": "", "2006-06-30": "", "2006-03-31": "", "2005-12-31": "", "2005-09-30": "", "2005-06-30": "", "2005-03-31": ""}, "Receiveable Turnover": {"2020-12-31": "1.00580", "2020-09-30": "1.12020", "2020-06-30": "1.03350", "2020-03-31": "1.00220", "2019-12-31": "1.05990", "2019-09-30": "1.02660", "2019-06-30": "0.98810", "2019-03-31": "1.02430", "2018-12-31": "1.05930", "2018-09-30": "0.96170", "2018-06-30": "1.39780", "2018-03-31": "1.35920", "2017-12-31": "1.41120", "2017-09-30": "1.51860", "2017-06-30": "1.64680", "2017-03-31": "1.61520", "2016-12-31": "1.41030", "2016-09-30": "1.40550", "2016-06-30": "1.53860", "2016-03-31": "1.33160", "2015-12-31": "1.43860", "2015-09-30": "1.46600", "2015-06-30": "1.42130", "2015-03-31": "1.21880", "2014-12-31": "1.28840", "2014-09-30": "1.42680", "2014-06-30": "1.27080", "2014-03-31": "1.32130", "2013-12-31": "1.30640", "2013-09-30": "1.32420", "2013-06-30": "1.38470", "2013-03-31": "1.34930", "2012-12-31": "1.37540", "2012-09-30": "1.30490", "2012-06-30": "1.43460", "2012-03-31": "1.48480", "2011-12-31": "1.45220", "2011-09-30": "1.52660", "2011-06-30": "1.47680", "2011-03-31": "1.42970", "2010-12-31": "1.48200", "2010-09-30": "1.37030", "2010-06-30": "1.44080", "2010-03-31": "1.62560", "2009-12-31": "1.53950", "2009-09-30": "1.49320", "2009-06-30": "1.58230", "2009-03-31": "1.51690", "2008-12-31": "1.42890", "2008-09-30": "1.25860", "2008-06-30": "1.20160", "2008-03-31": "1.21270", "2007-12-31": "1.19920", "2007-09-30": "1.11440", "2007-06-30": "1.09580", "2007-03-31": "1.06700", "2006-12-31": "1.17940", "2006-09-30": "0.99470", "2006-06-30": "1.28630", "2006-03-31": "1.29600", "2005-12-31": "1.29660", "2005-09-30": "1.30010", "2005-06-30": "1.24090", "2005-03-31": "1.17780"}, "Days Sales In Receivables": {"2020-12-31": "89.48490", "2020-09-30": "80.34120", "2020-06-30": "87.08170", "2020-03-31": "89.80600", "2019-12-31": "84.91550", "2019-09-30": "87.66650", "2019-06-30": "91.08690", "2019-03-31": "87.86450", "2018-12-31": "84.95870", "2018-09-30": "93.58200", "2018-06-30": "64.38500", "2018-03-31": "66.21560", "2017-12-31": "63.77750", "2017-09-30": "59.26410", "2017-06-30": "54.65200", "2017-03-31": "55.72100", "2016-12-31": "63.81720", "2016-09-30": "64.03390", "2016-06-30": "58.49640", "2016-03-31": "67.58640", "2015-12-31": "62.56130", "2015-09-30": "61.39290", "2015-06-30": "63.32150", "2015-03-31": "73.84460", "2014-12-31": "69.85530", "2014-09-30": "63.07960", "2014-06-30": "70.81900", "2014-03-31": "68.11700", "2013-12-31": "68.89380", "2013-09-30": "67.96710", "2013-06-30": "64.99650", "2013-03-31": "66.70310", "2012-12-31": "65.43680", "2012-09-30": "68.96980", "2012-06-30": "62.73550", "2012-03-31": "60.61420", "2011-12-31": "61.97330", "2011-09-30": "58.95610", "2011-06-30": "60.94210", "2011-03-31": "62.95070", "2010-12-31": "60.72780", "2010-09-30": "65.67990", "2010-06-30": "62.46330", "2010-03-31": "55.36520", "2009-12-31": "58.46120", "2009-09-30": "60.27290", "2009-06-30": "56.88040", "2009-03-31": "59.33050", "2008-12-31": "62.98510", "2008-09-30": "71.50570", "2008-06-30": "74.90250", "2008-03-31": "74.21230", "2007-12-31": "75.05320", "2007-09-30": "80.76140", "2007-06-30": "82.13450", "2007-03-31": "84.34910", "2006-12-31": "76.30720", "2006-09-30": "90.48410", "2006-06-30": "69.96550", "2006-03-31": "69.44710", "2005-12-31": "69.41300", "2005-09-30": "69.22750", "2005-06-30": "72.52570", "2005-03-31": "76.41560"}, "ROE - Return On Equity": {"2020-12-31": "26.68510", "2020-09-30": "17.85840", "2020-06-30": "25.91170", "2020-03-31": "27.21820", "2019-12-31": "22.79250", "2019-09-30": "18.83720", "2019-06-30": "23.90910", "2019-03-31": "13.48850", "2018-12-31": "17.55500", "2018-09-30": "11.38090", "2018-06-30": "10.08710", "2018-03-31": "8.40810", "2017-12-31": "8.52580", "2017-09-30": "10.59740", "2017-06-30": "5.82940", "2017-03-31": "5.87310", "2016-12-31": "8.98330", "2016-09-30": "7.18490", "2016-06-30": "8.17380", "2016-03-31": "5.43420", "2015-12-31": "4.55770", "2015-09-30": "7.62450", "2015-06-30": "5.01840", "2015-03-31": "4.95070", "2014-12-31": "3.57300", "2014-09-30": "8.05140", "2014-06-30": "4.28820", "2014-03-31": "3.88900", "2013-12-31": "3.14730", "2013-09-30": "5.38120", "2013-06-30": "3.80830", "2013-03-31": "3.48810", "2012-12-31": "4.60380", "2012-09-30": "4.47840", "2012-06-30": "5.10610", "2012-03-31": "4.84320", "2011-12-31": "6.48920", "2011-09-30": "5.28880", "2011-06-30": "4.75390", "2011-03-31": "1.55440", "2010-12-31": "3.25750", "2010-09-30": "3.33560", "2010-06-30": "3.53730", "2010-03-31": "2.27750", "2009-12-31": "3.01510", "2009-09-30": "2.85010", "2009-06-30": "3.00190", "2009-03-31": "3.20730", "2008-12-31": "2.20360", "2008-09-30": "4.23140", "2008-06-30": "3.45400", "2008-03-31": "3.42350", "2007-12-31": "3.98010", "2007-09-30": "5.80650", "2007-06-30": "3.78430", "2007-03-31": "2.98360", "2006-12-31": "4.46270", "2006-09-30": "2.99630", "2006-06-30": "3.03330", "2006-03-31": "2.93810", "2005-12-31": "3.27270", "2005-09-30": "4.44020", "2005-06-30": "4.34680", "2005-03-31": "3.83060"}, "Return On Tangible Equity": {"2020-12-31": "-17.22870", "2020-09-30": "-12.05380", "2020-06-30": "-11.29370", "2020-03-31": "-9.68760", "2019-12-31": "-9.39830", "2019-09-30": "-10.33960", "2019-06-30": "-11.89920", "2019-03-31": "-5.91190", "2018-12-31": "-6.85280", "2018-09-30": "-6.19580", "2018-06-30": "-5.67760", "2018-03-31": "-6.76770", "2017-12-31": "-7.46900", "2017-09-30": "-11.32710", "2017-06-30": "-6.45820", "2017-03-31": "-6.40500", "2016-12-31": "-9.54630", "2016-09-30": "-8.33420", "2016-06-30": "-8.50490", "2016-03-31": "-5.47130", "2015-12-31": "-4.46520", "2015-09-30": "-7.83840", "2015-06-30": "-4.20350", "2015-03-31": "-3.91870", "2014-12-31": "-3.47070", "2014-09-30": "-9.80710", "2014-06-30": "-5.70640", "2014-03-31": "-6.98790", "2013-12-31": "-5.80480", "2013-09-30": "-9.49950", "2013-06-30": "-6.33530", "2013-03-31": "-6.36010", "2012-12-31": "-7.17260", "2012-09-30": "-6.33460", "2012-06-30": "-7.13700", "2012-03-31": "-7.41120", "2011-12-31": "-13.68200", "2011-09-30": "-11.25740", "2011-06-30": "-11.54570", "2011-03-31": "-4.02180", "2010-12-31": "-8.08490", "2010-09-30": "-7.25710", "2010-06-30": "-9.81620", "2010-03-31": "-10.54480", "2009-12-31": "-15.10630", "2009-09-30": "-16.19680", "2009-06-30": "-16.71070", "2009-03-31": "-12.81430", "2008-12-31": "-7.49730", "2008-09-30": "-13.46360", "2008-06-30": "-8.74210", "2008-03-31": "-7.31680", "2007-12-31": "-9.16170", "2007-09-30": "-18.91230", "2007-06-30": "-35.48300", "2007-03-31": "-52.32970", "2006-12-31": "-35.95740", "2006-09-30": "-143.89370", "2006-06-30": "37.98230", "2006-03-31": "20.85160", "2005-12-31": "37.72090", "2005-09-30": "1999.23300", "2005-06-30": "110.40030", "2005-03-31": "38.62090"}, "ROA - Return On Assets": {"2020-12-31": "5.48510", "2020-09-30": "3.68100", "2020-06-30": "4.09660", "2020-03-31": "3.75540", "2019-12-31": "3.55470", "2019-09-30": "3.80790", "2019-06-30": "4.66970", "2019-03-31": "2.51340", "2018-12-31": "3.06420", "2018-09-30": "2.45880", "2018-06-30": "2.30920", "2018-03-31": "2.41450", "2017-12-31": "2.64970", "2017-09-30": "3.60000", "2017-06-30": "2.00480", "2017-03-31": "2.01140", "2016-12-31": "3.09550", "2016-09-30": "2.63000", "2016-06-30": "2.85210", "2016-03-31": "1.90260", "2015-12-31": "1.58330", "2015-09-30": "2.70850", "2015-06-30": "1.63680", "2015-03-31": "1.52590", "2014-12-31": "1.23360", "2014-09-30": "3.07000", "2014-06-30": "1.73290", "2014-03-31": "1.76270", "2013-12-31": "1.45570", "2013-09-30": "2.45850", "2013-06-30": "1.68550", "2013-03-31": "1.54340", "2012-12-31": "1.99140", "2012-09-30": "1.83370", "2012-06-30": "1.94590", "2012-03-31": "1.85200", "2011-12-31": "2.66480", "2011-09-30": "2.17970", "2011-06-30": "2.03110", "2011-03-31": "0.67210", "2010-12-31": "1.40910", "2010-09-30": "1.40970", "2010-06-30": "1.54320", "2010-03-31": "1.01710", "2009-12-31": "1.37250", "2009-09-30": "1.31210", "2009-06-30": "1.38160", "2009-03-31": "1.42350", "2008-12-31": "0.97040", "2008-09-30": "1.86460", "2008-06-30": "1.50600", "2008-03-31": "1.44420", "2007-12-31": "1.68220", "2007-09-30": "2.57750", "2007-06-30": "1.99290", "2007-03-31": "1.60550", "2006-12-31": "2.35100", "2006-09-30": "1.74630", "2006-06-30": "1.84130", "2006-03-31": "1.82850", "2005-12-31": "1.99970", "2005-09-30": "2.64590", "2005-06-30": "2.64440", "2005-03-31": "2.34060"}, "ROI - Return On Investment": {"2020-12-31": "8.12930", "2020-09-30": "5.52310", "2020-06-30": "6.49640", "2020-03-31": "6.11770", "2019-12-31": "5.60860", "2019-09-30": "6.08820", "2019-06-30": "7.34930", "2019-03-31": "3.91870", "2018-12-31": "4.80820", "2018-09-30": "4.00710", "2018-06-30": "3.49100", "2018-03-31": "3.52760", "2017-12-31": "3.87510", "2017-09-30": "5.08270", "2017-06-30": "3.07450", "2017-03-31": "2.65210", "2016-12-31": "4.02950", "2016-09-30": "3.41370", "2016-06-30": "3.70610", "2016-03-31": "2.45550", "2015-12-31": "2.05090", "2015-09-30": "3.49620", "2015-06-30": "2.04650", "2015-03-31": "1.97150", "2014-12-31": "1.84890", "2014-09-30": "4.40670", "2014-06-30": "2.40280", "2014-03-31": "2.11620", "2013-12-31": "1.72110", "2013-09-30": "2.92090", "2013-06-30": "2.03920", "2013-03-31": "1.87720", "2012-12-31": "2.43030", "2012-09-30": "2.28600", "2012-06-30": "2.29940", "2012-03-31": "2.18190", "2011-12-31": "3.10450", "2011-09-30": "2.53940", "2011-06-30": "2.33810", "2011-03-31": "0.76660", "2010-12-31": "1.59540", "2010-09-30": "1.60510", "2010-06-30": "1.76020", "2010-03-31": "1.13920", "2009-12-31": "1.52920", "2009-09-30": "1.46190", "2009-06-30": "1.54470", "2009-03-31": "1.59600", "2008-12-31": "1.08170", "2008-09-30": "2.10060", "2008-06-30": "2.19280", "2008-03-31": "2.42760", "2007-12-31": "2.92020", "2007-09-30": "4.46590", "2007-06-30": "3.78430", "2007-03-31": "2.98360", "2006-12-31": "4.46270", "2006-09-30": "2.99630", "2006-06-30": "2.06820", "2006-03-31": "2.04640", "2005-12-31": "2.24160", "2005-09-30": "2.96640", "2005-06-30": "2.94720", "2005-03-31": "2.64840"}, "Book Value Per Share": {"2020-12-31": "11.08640", "2020-09-30": "11.37900", "2020-06-30": "8.52740", "2020-03-31": "7.36370", "2019-12-31": "8.25600", "2019-09-30": "10.01130", "2019-06-30": "9.27440", "2019-03-31": "8.51730", "2018-12-31": "7.84330", "2018-09-30": "9.90650", "2018-06-30": "10.05030", "2018-03-31": "12.42510", "2017-12-31": "12.75020", "2017-09-30": "14.10370", "2017-06-30": "14.08710", "2017-03-31": "13.79440", "2016-12-31": "13.54130", "2016-09-30": "14.44410", "2016-06-30": "13.82920", "2016-03-31": "13.65190", "2015-12-31": "13.45680", "2015-09-30": "13.96610", "2015-06-30": "12.73930", "2015-03-31": "12.15130", "2014-12-31": "12.71030", "2014-09-30": "14.18590", "2014-06-30": "14.58450", "2014-03-31": "15.57580", "2013-12-31": "15.45230", "2013-09-30": "15.25550", "2013-06-30": "14.64660", "2013-03-31": "14.78800", "2012-12-31": "14.33930", "2012-09-30": "13.61710", "2012-06-30": "12.06100", "2012-03-31": "12.06020", "2011-12-31": "12.84300", "2011-09-30": "12.55240", "2011-06-30": "12.60920", "2011-03-31": "12.51200", "2010-12-31": "12.26740", "2010-09-30": "11.90800", "2010-06-30": "11.99680", "2010-03-31": "12.43870", "2009-12-31": "12.60210", "2009-09-30": "12.46510", "2009-06-30": "12.36820", "2009-03-31": "11.55890", "2008-12-31": "11.25970", "2008-09-30": "11.59290", "2008-06-30": "11.23870", "2008-03-31": "10.68500", "2007-12-31": "10.58360", "2007-09-30": "11.09030", "2007-06-30": "12.46840", "2007-03-31": "12.69070", "2006-12-31": "12.27450", "2006-09-30": "12.97020", "2006-06-30": "13.65720", "2006-03-31": "14.07490", "2005-12-31": "13.40130", "2005-09-30": "12.61190", "2005-06-30": "12.89170", "2005-03-31": "13.31910"}, "Operating Cash Flow Per Share": {"2020-12-31": "2.61660", "2020-09-30": 4.5015, "2020-06-30": 3.626, "2020-03-31": 2.0631, "2019-12-31": "2.00090", "2019-09-30": 3.1492, "2019-06-30": 2.2509, "2019-03-31": 1.5835, "2018-12-31": "1.61050", "2018-09-30": 1.9199, "2018-06-30": 2.7415, "2018-03-31": 1.5805, "2017-12-31": "0.91180", "2017-09-30": 1.6781, "2017-06-30": 2.2386, "2017-03-31": 2.0675, "2016-12-31": "1.01360", "2016-09-30": 1.0081, "2016-06-30": 2.6381, "2016-03-31": 1.3011, "2015-12-31": "1.56090", "2015-09-30": 1.8313, "2015-06-30": 1.3358, "2015-03-31": 1.2928, "2014-12-31": "0.04110", "2014-09-30": 2.0681, "2014-06-30": 0.826, "2014-03-31": 1.3342, "2013-12-31": "0.79220", "2013-09-30": 0.9974, "2013-06-30": 0.8637, "2013-03-31": 1.0949, "2012-12-31": "0.79470", "2012-09-30": 0.5828, "2012-06-30": 0.7312, "2012-03-31": 1.1683, "2011-12-31": "1.11550", "2011-09-30": 0.7943, "2011-06-30": 1.1428, "2011-03-31": 0.6547, "2010-12-31": "0.81310", "2010-09-30": 0.4627, "2010-06-30": 0.3793, "2010-03-31": 0.8404, "2009-12-31": "0.65230", "2009-09-30": 0.5704, "2009-06-30": 0.7706, "2009-03-31": 1.0122, "2008-12-31": "0.75560", "2008-09-30": 0.8871, "2008-06-30": 0.9011, "2008-03-31": 0.497, "2007-12-31": "0.93820", "2007-09-30": 0.8421, "2007-06-30": 0.7641, "2007-03-31": 0.5127, "2006-12-31": "0.99440", "2006-09-30": 0.6875, "2006-06-30": 0.7276, "2006-03-31": 0.7239, "2005-12-31": "0.91730", "2005-09-30": 0.7184, "2005-06-30": 0.6657, "2005-03-31": 1.5253}, "Free Cash Flow Per Share": {"2020-12-31": "2.79270", "2020-09-30": 4.4754, "2020-06-30": 3.3566, "2020-03-31": 1.8395, "2019-12-31": "1.78540", "2019-09-30": 2.9575, "2019-06-30": 2.0028, "2019-03-31": 1.4451, "2018-12-31": "1.39710", "2018-09-30": 1.6934, "2018-06-30": 2.3192, "2018-03-31": 1.3536, "2017-12-31": "0.78370", "2017-09-30": 1.5222, "2017-06-30": 2.0773, "2017-03-31": 1.9026, "2016-12-31": "0.88080", "2016-09-30": 0.7162, "2016-06-30": 2.492, "2016-03-31": 1.1915, "2015-12-31": "1.42850", "2015-09-30": 1.629, "2015-06-30": 1.0873, "2015-03-31": 1.148, "2014-12-31": "-0.13000", "2014-09-30": 1.9086, "2014-06-30": 0.746, "2014-03-31": 1.2727, "2013-12-31": "0.73210", "2013-09-30": 0.8937, "2013-06-30": 0.7713, "2013-03-31": 0.8749, "2012-12-31": "0.54540", "2012-09-30": 0.4319, "2012-06-30": 0.5411, "2012-03-31": 1.0128, "2011-12-31": "0.90530", "2011-09-30": 0.6505, "2011-06-30": 1.0617, "2011-03-31": 0.5619, "2010-12-31": "0.78020", "2010-09-30": 0.3609, "2010-06-30": 0.3044, "2010-03-31": 0.7665, "2009-12-31": "0.56690", "2009-09-30": 0.5761, "2009-06-30": 0.7349, "2009-03-31": 0.9524, "2008-12-31": "0.64120", "2008-09-30": 0.7863, "2008-06-30": 0.8143, "2008-03-31": 0.3729, "2007-12-31": "0.81950", "2007-09-30": 0.7907, "2007-06-30": 0.6657, "2007-03-31": 0.6366, "2006-12-31": "0.90890", "2006-09-30": 0.5872, "2006-06-30": 0.4749, "2006-03-31": 0.6407, "2005-12-31": "0.87890", "2005-09-30": 0.7099, "2005-06-30": 0.5891, "2005-03-31": 1.3975}}, "revenue": {"Fair Isaac Annual Revenue (Millions of US $)": {"2020": "$1,295", "2019": "$1,160", "2018": "$1,000", "2017": "$935", "2016": "$881", "2015": "$839", "2014": "$789", "2013": "$743", "2012": "$676", "2011": "$620", "2010": "$606", "2009": "$631", "2008": "$745", "2007": "$784", "2006": "$783", "2005": "$799"}, "Fair Isaac Quarterly Revenue (Millions of US $)": {"2020-12-31": "$312", "2020-09-30": "$374", "2020-06-30": "$314", "2020-03-31": "$308", "2019-12-31": "$299", "2019-09-30": "$305", "2019-06-30": "$314", "2019-03-31": "$278", "2018-12-31": "$262", "2018-09-30": "$257", "2018-06-30": "$255", "2018-03-31": "$256", "2017-12-31": "$232", "2017-09-30": "$256", "2017-06-30": "$231", "2017-03-31": "$228", "2016-12-31": "$220", "2016-09-30": "$236", "2016-06-30": "$239", "2016-03-31": "$207", "2015-12-31": "$200", "2015-09-30": "$233", "2015-06-30": "$209", "2015-03-31": "$207", "2014-12-31": "$190", "2014-09-30": "$222", "2014-06-30": "$198", "2014-03-31": "$185", "2013-12-31": "$184", "2013-09-30": "$190", "2013-06-30": "$184", "2013-03-31": "$179", "2012-12-31": "$190", "2012-09-30": "$186", "2012-06-30": "$160", "2012-03-31": "$160", "2011-12-31": "$170", "2011-09-30": "$160", "2011-06-30": "$151", "2011-03-31": "$153", "2010-12-31": "$156", "2010-09-30": "$155", "2010-06-30": "$155", "2010-03-31": "$144", "2009-12-31": "$151", "2009-09-30": "$152", "2009-06-30": "$156", "2009-03-31": "$159", "2008-12-31": "$163", "2008-09-30": "$178", "2008-06-30": "$183", "2008-03-31": "$193", "2007-12-31": "$190", "2007-09-30": "$189", "2007-06-30": "$197", "2007-03-31": "$191", "2006-12-31": "$208", "2006-09-30": "$165", "2006-06-30": "$207", "2006-03-31": "$208", "2005-12-31": "$203", "2005-09-30": "$203", "2005-06-30": "$204", "2005-03-31": "$196"}}, "gross-profit": {"Fair Isaac Annual Gross Profit (Millions of US $)": {"2020": "$933", "2019": "$823", "2018": "$687", "2017": "$647", "2016": "$616", "2015": "$568", "2014": "$540", "2013": "$514", "2012": "$478", "2011": "$433", "2010": "$425", "2009": "$424", "2008": "$470", "2007": "$525", "2006": "$536", "2005": "$524"}, "Fair Isaac Quarterly Gross Profit (Millions of US $)": {"2020-12-31": "$223", "2020-09-30": "$281", "2020-06-30": "$225", "2020-03-31": "$220", "2019-12-31": "$208", "2019-09-30": "$217", "2019-06-30": "$227", "2019-03-31": "$193", "2018-12-31": "$186", "2018-09-30": "$177", "2018-06-30": "$176", "2018-03-31": "$177", "2017-12-31": "$158", "2017-09-30": "$180", "2017-06-30": "$161", "2017-03-31": "$156", "2016-12-31": "$150", "2016-09-30": "$162", "2016-06-30": "$172", "2016-03-31": "$144", "2015-12-31": "$138", "2015-09-30": "$166", "2015-06-30": "$143", "2015-03-31": "$136", "2014-12-31": "$123", "2014-09-30": "$151", "2014-06-30": "$135", "2014-03-31": "$127", "2013-12-31": "$127", "2013-09-30": "$134", "2013-06-30": "$126", "2013-03-31": "$120", "2012-12-31": "$134", "2012-09-30": "$131", "2012-06-30": "$113", "2012-03-31": "$111", "2011-12-31": "$124", "2011-09-30": "$111", "2011-06-30": "$107", "2011-03-31": "$104", "2010-12-31": "$110", "2010-09-30": "$107", "2010-06-30": "$110", "2010-03-31": "$99", "2009-12-31": "$109", "2009-09-30": "$106", "2009-06-30": "$108", "2009-03-31": "$106", "2008-12-31": "$104", "2008-09-30": "$112", "2008-06-30": "$115", "2008-03-31": "$120", "2007-12-31": "$123", "2007-09-30": "$130", "2007-06-30": "$131", "2007-03-31": "$125", "2006-12-31": "$138", "2006-09-30": "$129", "2006-06-30": "$136", "2006-03-31": "$135", "2005-12-31": "$136", "2005-09-30": "$136", "2005-06-30": "$135", "2005-03-31": "$126"}}, "operating-income": {"Fair Isaac Annual Operating Income (Millions of US $)": {"2020": "$296", "2019": "$254", "2018": "$175", "2017": "$182", "2016": "$170", "2015": "$138", "2014": "$162", "2013": "$162", "2012": "$168", "2011": "$127", "2010": "$113", "2009": "$117", "2008": "$122", "2007": "$160", "2006": "$154", "2005": "$193"}, "Fair Isaac Quarterly Operating Income (Millions of US $)": {"2020-12-31": "$95", "2020-09-30": "$85", "2020-06-30": "$83", "2020-03-31": "$76", "2019-12-31": "$52", "2019-09-30": "$70", "2019-06-30": "$86", "2019-03-31": "$49", "2018-12-31": "$49", "2018-09-30": "$48", "2018-06-30": "$45", "2018-03-31": "$46", "2017-12-31": "$37", "2017-09-30": "$66", "2017-06-30": "$41", "2017-03-31": "$40", "2016-12-31": "$35", "2016-09-30": "$45", "2016-06-30": "$55", "2016-03-31": "$39", "2015-12-31": "$31", "2015-09-30": "$41", "2015-06-30": "$37", "2015-03-31": "$34", "2014-12-31": "$25", "2014-09-30": "$51", "2014-06-30": "$36", "2014-03-31": "$39", "2013-12-31": "$35", "2013-09-30": "$50", "2013-06-30": "$35", "2013-03-31": "$33", "2012-12-31": "$43", "2012-09-30": "$41", "2012-06-30": "$37", "2012-03-31": "$38", "2011-12-31": "$52", "2011-09-30": "$41", "2011-06-30": "$37", "2011-03-31": "$19", "2010-12-31": "$30", "2010-09-30": "$28", "2010-06-30": "$31", "2010-03-31": "$23", "2009-12-31": "$32", "2009-09-30": "$33", "2009-06-30": "$33", "2009-03-31": "$30", "2008-12-31": "$20", "2008-09-30": "$29", "2008-06-30": "$30", "2008-03-31": "$29", "2007-12-31": "$34", "2007-09-30": "$39", "2007-06-30": "$40", "2007-03-31": "$37", "2006-12-31": "$45", "2006-09-30": "$33", "2006-06-30": "$36", "2006-03-31": "$41", "2005-12-31": "$44", "2005-09-30": "$53", "2005-06-30": "$49", "2005-03-31": "$47"}}, "ebitda": {"Fair Isaac Annual EBITDA (Millions of US $)": {"2020": "$326", "2019": "$285", "2018": "$206", "2017": "$218", "2016": "$201", "2015": "$171", "2014": "$195", "2013": "$195", "2012": "$190", "2011": "$152", "2010": "$146", "2009": "$156", "2008": "$162", "2007": "$209", "2006": "$203", "2005": "$245"}, "Fair Isaac Quarterly EBITDA (Millions of US $)": {"2020-12-31": "$102", "2020-09-30": "$92", "2020-06-30": "$91", "2020-03-31": "$83", "2019-12-31": "$60", "2019-09-30": "$78", "2019-06-30": "$94", "2019-03-31": "$56", "2018-12-31": "$57", "2018-09-30": "$55", "2018-06-30": "$52", "2018-03-31": "$54", "2017-12-31": "$45", "2017-09-30": "$75", "2017-06-30": "$51", "2017-03-31": "$49", "2016-12-31": "$44", "2016-09-30": "$53", "2016-06-30": "$63", "2016-03-31": "$46", "2015-12-31": "$38", "2015-09-30": "$49", "2015-06-30": "$46", "2015-03-31": "$43", "2014-12-31": "$33", "2014-09-30": "$60", "2014-06-30": "$45", "2014-03-31": "$47", "2013-12-31": "$43", "2013-09-30": "$58", "2013-06-30": "$44", "2013-03-31": "$42", "2012-12-31": "$51", "2012-09-30": "$48", "2012-06-30": "$42", "2012-03-31": "$43", "2011-12-31": "$58", "2011-09-30": "$47", "2011-06-30": "$43", "2011-03-31": "$26", "2010-12-31": "$36", "2010-09-30": "$35", "2010-06-30": "$39", "2010-03-31": "$32", "2009-12-31": "$40", "2009-09-30": "$43", "2009-06-30": "$43", "2009-03-31": "$40", "2008-12-31": "$30", "2008-09-30": "$39", "2008-06-30": "$40", "2008-03-31": "$39", "2007-12-31": "$44", "2007-09-30": "$50", "2007-06-30": "$52", "2007-03-31": "$49", "2006-12-31": "$58", "2006-09-30": "$45", "2006-06-30": "$49", "2006-03-31": "$53", "2005-12-31": "$56", "2005-09-30": "$65", "2005-06-30": "$62", "2005-03-31": "$60"}}, "net-income": {"Fair Isaac Annual Net Income (Millions of US $)": {"2020": "$236", "2019": "$192", "2018": "$126", "2017": "$133", "2016": "$109", "2015": "$87", "2014": "$95", "2013": "$90", "2012": "$92", "2011": "$72", "2010": "$64", "2009": "$65", "2008": "$84", "2007": "$105", "2006": "$103", "2005": "$135"}, "Fair Isaac Quarterly Net Income (Millions of US $)": {"2020-12-31": "$86", "2020-09-30": "$59", "2020-06-30": "$64", "2020-03-31": "$58", "2019-12-31": "$55", "2019-09-30": "$55", "2019-06-30": "$64", "2019-03-31": "$33", "2018-12-31": "$40", "2018-09-30": "$33", "2018-06-30": "$30", "2018-03-31": "$31", "2017-12-31": "$33", "2017-09-30": "$45", "2017-06-30": "$25", "2017-03-31": "$25", "2016-12-31": "$38", "2016-09-30": "$32", "2016-06-30": "$35", "2016-03-31": "$23", "2015-12-31": "$19", "2015-09-30": "$33", "2015-06-30": "$20", "2015-03-31": "$19", "2014-12-31": "$14", "2014-09-30": "$37", "2014-06-30": "$21", "2014-03-31": "$21", "2013-12-31": "$17", "2013-09-30": "$29", "2013-06-30": "$20", "2013-03-31": "$18", "2012-12-31": "$23", "2012-09-30": "$21", "2012-06-30": "$21", "2012-03-31": "$20", "2011-12-31": "$30", "2011-09-30": "$25", "2011-06-30": "$23", "2011-03-31": "$8", "2010-12-31": "$16", "2010-09-30": "$16", "2010-06-30": "$18", "2010-03-31": "$13", "2009-12-31": "$18", "2009-09-30": "$17", "2009-06-30": "$18", "2009-03-31": "$18", "2008-12-31": "$12", "2008-09-30": "$24", "2008-06-30": "$27", "2008-03-31": "$13", "2007-12-31": "$20", "2007-09-30": "$28", "2007-06-30": "$24", "2007-03-31": "$21", "2006-12-31": "$31", "2006-09-30": "$22", "2006-06-30": "$26", "2006-03-31": "$27", "2005-12-31": "$28", "2005-09-30": "$36", "2005-06-30": "$37", "2005-03-31": "$34"}}, "eps-earnings-per-share-diluted": {"Fair Isaac Annual EPS": {"2020": "$7.90", "2019": "$6.34", "2018": "$4.06", "2017": "$4.14", "2016": "$3.39", "2015": "$2.65", "2014": "$2.72", "2013": "$2.48", "2012": "$2.55", "2011": "$1.79", "2010": "$1.42", "2009": "$1.33", "2008": "$1.70", "2007": "$1.82", "2006": "$1.59", "2005": "$1.86"}, "Fair Isaac Quarterly EPS": {"2020-12-31": "$2.90", "2020-09-30": "$1.99", "2020-06-30": "$2.15", "2020-03-31": "$1.94", "2019-12-31": "$1.82", "2019-09-30": "$1.80", "2019-06-30": "$2.12", "2019-03-31": "$1.10", "2018-12-31": "$1.32", "2018-09-30": "$1.07", "2018-06-30": "$0.95", "2018-03-31": "$1.00", "2017-12-31": "$1.04", "2017-09-30": "$1.42", "2017-06-30": "$0.78", "2017-03-31": "$0.78", "2016-12-31": "$1.16", "2016-09-30": "$1.00", "2016-06-30": "$1.08", "2016-03-31": "$0.72", "2015-12-31": "$0.59", "2015-09-30": "$1.02", "2015-06-30": "$0.62", "2015-03-31": "$0.58", "2014-12-31": "$0.43", "2014-09-30": "$1.08", "2014-06-30": "$0.58", "2014-03-31": "$0.59", "2013-12-31": "$0.47", "2013-09-30": "$0.78", "2013-06-30": "$0.54", "2013-03-31": "$0.51", "2012-12-31": "$0.65", "2012-09-30": "$0.60", "2012-06-30": "$0.59", "2012-03-31": "$0.55", "2011-12-31": "$0.81", "2011-09-30": "$0.62", "2011-06-30": "$0.58", "2011-03-31": "$0.19", "2010-12-31": "$0.40", "2010-09-30": "$0.37", "2010-06-30": "$0.40", "2010-03-31": "$0.28", "2009-12-31": "$0.37", "2009-09-30": "$0.35", "2009-06-30": "$0.37", "2009-03-31": "$0.36", "2008-12-31": "$0.25", "2008-09-30": "$0.49", "2008-06-30": "$0.54", "2008-03-31": "$0.28", "2007-12-31": "$0.39", "2007-09-30": "$0.51", "2007-06-30": "$0.42", "2007-03-31": "$0.37", "2006-12-31": "$0.52", "2006-09-30": "$0.36", "2006-06-30": "$0.40", "2006-03-31": "$0.40", "2005-12-31": "$0.43", "2005-09-30": "$0.52", "2005-06-30": "$0.53", "2005-03-31": "$0.45"}}, "shares-outstanding": {"Fair Isaac Annual Shares Outstanding (Millions of Shares)": {"2020": "30", "2019": "30", "2018": "31", "2017": "32", "2016": "32", "2015": "33", "2014": "35", "2013": "36", "2012": "36", "2011": "40", "2010": "45", "2009": "49", "2008": "49", "2007": "58", "2006": "65", "2005": "74"}, "Fair Isaac Quarterly Shares Outstanding (Millions of Shares)": {"2020-12-31": "30", "2020-09-30": "30", "2020-06-30": "30", "2020-03-31": "30", "2019-12-31": "30", "2019-09-30": "30", "2019-06-30": "30", "2019-03-31": "30", "2018-12-31": "30", "2018-09-30": "31", "2018-06-30": "31", "2018-03-31": "31", "2017-12-31": "32", "2017-09-30": "32", "2017-06-30": "32", "2017-03-31": "32", "2016-12-31": "33", "2016-09-30": "32", "2016-06-30": "32", "2016-03-31": "32", "2015-12-31": "32", "2015-09-30": "33", "2015-06-30": "32", "2015-03-31": "32", "2014-12-31": "33", "2014-09-30": "35", "2014-06-30": "35", "2014-03-31": "35", "2013-12-31": "36", "2013-09-30": "36", "2013-06-30": "36", "2013-03-31": "36", "2012-12-31": "36", "2012-09-30": "36", "2012-06-30": "35", "2012-03-31": "37", "2011-12-31": "37", "2011-09-30": "40", "2011-06-30": "40", "2011-03-31": "41", "2010-12-31": "40", "2010-09-30": "45", "2010-06-30": "45", "2010-03-31": "47", "2009-12-31": "48", "2009-09-30": "49", "2009-06-30": "49", "2009-03-31": "49", "2008-12-31": "49", "2008-09-30": "49", "2008-06-30": "49", "2008-03-31": "49", "2007-12-31": "51", "2007-09-30": "58", "2007-06-30": "57", "2007-03-31": "59", "2006-12-31": "60", "2006-09-30": "65", "2006-06-30": "65", "2006-03-31": "67", "2005-12-31": "66", "2005-09-30": "74", "2005-06-30": "69", "2005-03-31": "78"}}, "total-assets": {"Fair Isaac Annual Total Assets (Millions of US $)": {"2020": "$1,606", "2019": "$1,433", "2018": "$1,330", "2017": "$1,256", "2016": "$1,221", "2015": "$1,230", "2014": "$1,192", "2013": "$1,162", "2012": "$1,159", "2011": "$1,129", "2010": "$1,124", "2009": "$1,304", "2008": "$1,275", "2007": "$1,276", "2006": "$1,321", "2005": "$1,351"}, "Fair Isaac Quarterly Total Assets (Millions of US $)": {"2020-12-31": "$1,577", "2020-09-30": "$1,606", "2020-06-30": "$1,564", "2020-03-31": "$1,552", "2019-12-31": "$1,545", "2019-09-30": "$1,433", "2019-06-30": "$1,374", "2019-03-31": "$1,328", "2018-12-31": "$1,306", "2018-09-30": "$1,330", "2018-06-30": "$1,287", "2018-03-31": "$1,291", "2017-12-31": "$1,241", "2017-09-30": "$1,256", "2017-06-30": "$1,258", "2017-03-31": "$1,247", "2016-12-31": "$1,224", "2016-09-30": "$1,221", "2016-06-30": "$1,227", "2016-03-31": "$1,215", "2015-12-31": "$1,215", "2015-09-30": "$1,230", "2015-06-30": "$1,216", "2015-03-31": "$1,237", "2014-12-31": "$1,168", "2014-09-30": "$1,192", "2014-06-30": "$1,186", "2014-03-31": "$1,177", "2013-12-31": "$1,166", "2013-09-30": "$1,162", "2013-06-30": "$1,164", "2013-03-31": "$1,198", "2012-12-31": "$1,176", "2012-09-30": "$1,159", "2012-06-30": "$1,066", "2012-03-31": "$1,081", "2011-12-31": "$1,126", "2011-09-30": "$1,129", "2011-06-30": "$1,142", "2011-03-31": "$1,152", "2010-12-31": "$1,136", "2010-09-30": "$1,124", "2010-06-30": "$1,162", "2010-03-31": "$1,277", "2009-12-31": "$1,289", "2009-09-30": "$1,304", "2009-06-30": "$1,313", "2009-03-31": "$1,272", "2008-12-31": "$1,248", "2008-09-30": "$1,275", "2008-06-30": "$1,248", "2008-03-31": "$1,231", "2007-12-31": "$1,239", "2007-09-30": "$1,276", "2007-06-30": "$1,310", "2007-03-31": "$1,347", "2006-12-31": "$1,328", "2006-09-30": "$1,321", "2006-06-30": "$1,412", "2006-03-31": "$1,475", "2005-12-31": "$1,423", "2005-09-30": "$1,351", "2005-06-30": "$1,385", "2005-03-31": "$1,467"}}, "cash-on-hand": {"Fair Isaac Annual Cash on Hand (Millions of US $)": {"2020": "$157", "2019": "$106", "2018": "$90", "2017": "$106", "2016": "$76", "2015": "$86", "2014": "$105", "2013": "$83", "2012": "$94", "2011": "$242", "2010": "$215", "2009": "$318", "2008": "$187", "2007": "$221", "2006": "$227", "2005": "$229"}, "Fair Isaac Quarterly Cash on Hand (Millions of US $)": {"2020-12-31": "$145", "2020-09-30": "$157", "2020-06-30": "$126", "2020-03-31": "$109", "2019-12-31": "$111", "2019-09-30": "$106", "2019-06-30": "$79", "2019-03-31": "$77", "2018-12-31": "$80", "2018-09-30": "$90", "2018-06-30": "$120", "2018-03-31": "$108", "2017-12-31": "$94", "2017-09-30": "$106", "2017-06-30": "$131", "2017-03-31": "$116", "2016-12-31": "$88", "2016-09-30": "$76", "2016-06-30": "$118", "2016-03-31": "$85", "2015-12-31": "$91", "2015-09-30": "$86", "2015-06-30": "$84", "2015-03-31": "$87", "2014-12-31": "$95", "2014-09-30": "$105", "2014-06-30": "$93", "2014-03-31": "$108", "2013-12-31": "$96", "2013-09-30": "$83", "2013-06-30": "$93", "2013-03-31": "$131", "2012-12-31": "$91", "2012-09-30": "$94", "2012-06-30": "$151", "2012-03-31": "$191", "2011-12-31": "$232", "2011-09-30": "$242", "2011-06-30": "$259", "2011-03-31": "$258", "2010-12-31": "$243", "2010-09-30": "$215", "2010-06-30": "$242", "2010-03-31": "$343", "2009-12-31": "$337", "2009-09-30": "$318", "2009-06-30": "$316", "2009-03-31": "$261", "2008-12-31": "$212", "2008-09-30": "$187", "2008-06-30": "$156", "2008-03-31": "$109", "2007-12-31": "$158", "2007-09-30": "$221", "2007-06-30": "$242", "2007-03-31": "$273", "2006-12-31": "$222", "2006-09-30": "$227", "2006-06-30": "$316", "2006-03-31": "$388", "2005-12-31": "$320", "2005-09-30": "$229", "2005-06-30": "$254", "2005-03-31": "$329"}}, "long-term-debt": {"Fair Isaac Annual Long Term Debt (Millions of US $)": {"2020": "$739", "2019": "$607", "2018": "$529", "2017": "$463", "2016": "$494", "2015": "$516", "2014": "$376", "2013": "$447", "2012": "$455", "2011": "$504", "2010": "$512", "2009": "$570", "2008": "$570", "2007": "$170", "2006": "$", "2005": "$400"}, "Fair Isaac Quarterly Long Term Debt (Millions of US $)": {"2020-12-31": "$740", "2020-09-30": "$739", "2020-06-30": "$739", "2020-03-31": "$739", "2019-12-31": "$738", "2019-09-30": "$607", "2019-06-30": "$605", "2019-03-31": "$604", "2018-12-31": "$604", "2018-09-30": "$529", "2018-06-30": "$557", "2018-03-31": "$513", "2017-12-31": "$463", "2017-09-30": "$463", "2017-06-30": "$388", "2017-03-31": "$519", "2016-12-31": "$519", "2016-09-30": "$494", "2016-06-30": "$516", "2016-03-31": "$516", "2015-12-31": "$516", "2015-09-30": "$516", "2015-06-30": "$576", "2015-03-31": "$576", "2014-12-31": "$376", "2014-09-30": "$376", "2014-06-30": "$376", "2014-03-31": "$447", "2013-12-31": "$447", "2013-09-30": "$447", "2013-06-30": "$447", "2013-03-31": "$455", "2012-12-31": "$455", "2012-09-30": "$455", "2012-06-30": "$496", "2012-03-31": "$504", "2011-12-31": "$504", "2011-09-30": "$504", "2011-06-30": "$504", "2011-03-31": "$512", "2010-12-31": "$512", "2010-09-30": "$512", "2010-06-30": "$512", "2010-03-31": "$570", "2009-12-31": "$570", "2009-09-30": "$570", "2009-06-30": "$570", "2009-03-31": "$570", "2008-12-31": "$570", "2008-09-30": "$570", "2008-06-30": "$313", "2008-03-31": "$213", "2007-12-31": "$190", "2007-09-30": "$170", "2007-06-30": "", "2007-03-31": "", "2006-12-31": "", "2006-09-30": "", "2006-06-30": "$400", "2006-03-31": "$400", "2005-12-31": "$400", "2005-09-30": "$400", "2005-06-30": "$400", "2005-03-31": "$400"}}, "total-liabilities": {"Fair Isaac Annual Total Liabilities (Millions of US $)": {"2020": "$1,275", "2019": "$1,144", "2018": "$1,043", "2017": "$829", "2016": "$774", "2015": "$793", "2014": "$738", "2013": "$631", "2012": "$684", "2011": "$664", "2010": "$649", "2009": "$704", "2008": "$713", "2007": "$709", "2006": "$551", "2005": "$546"}, "Fair Isaac Quarterly Total Liabilities (Millions of US $)": {"2020-12-31": "$1,253", "2020-09-30": "$1,275", "2020-06-30": "$1,317", "2020-03-31": "$1,338", "2019-12-31": "$1,304", "2019-09-30": "$1,144", "2019-06-30": "$1,105", "2019-03-31": "$1,081", "2018-12-31": "$1,078", "2018-09-30": "$1,043", "2018-06-30": "$992", "2018-03-31": "$920", "2017-12-31": "$855", "2017-09-30": "$829", "2017-06-30": "$826", "2017-03-31": "$820", "2016-12-31": "$802", "2016-09-30": "$774", "2016-06-30": "$799", "2016-03-31": "$790", "2015-12-31": "$793", "2015-09-30": "$793", "2015-06-30": "$819", "2015-03-31": "$855", "2014-12-31": "$765", "2014-09-30": "$738", "2014-06-30": "$707", "2014-03-31": "$644", "2013-12-31": "$627", "2013-09-30": "$631", "2013-06-30": "$649", "2013-03-31": "$668", "2012-12-31": "$667", "2012-09-30": "$684", "2012-06-30": "$660", "2012-03-31": "$667", "2011-12-31": "$663", "2011-09-30": "$664", "2011-06-30": "$654", "2011-03-31": "$654", "2010-12-31": "$645", "2010-09-30": "$649", "2010-06-30": "$655", "2010-03-31": "$707", "2009-12-31": "$702", "2009-09-30": "$704", "2009-06-30": "$709", "2009-03-31": "$707", "2008-12-31": "$698", "2008-09-30": "$713", "2008-06-30": "$704", "2008-03-31": "$712", "2007-12-31": "$715", "2007-09-30": "$709", "2007-06-30": "$620", "2007-03-31": "$622", "2006-12-31": "$628", "2006-09-30": "$551", "2006-06-30": "$555", "2006-03-31": "$557", "2005-12-31": "$554", "2005-09-30": "$546", "2005-06-30": "$542", "2005-03-31": "$570"}}, "total-share-holder-equity": {"Fair Isaac Annual Share Holder Equity (Millions of US $)": {"2020": "$331", "2019": "$290", "2018": "$287", "2017": "$427", "2016": "$447", "2015": "$437", "2014": "$455", "2013": "$531", "2012": "$474", "2011": "$465", "2010": "$475", "2009": "$600", "2008": "$562", "2007": "$566", "2006": "$770", "2005": "$805"}, "Fair Isaac Quarterly Share Holder Equity (Millions of US $)": {"2020-12-31": "$324", "2020-09-30": "$331", "2020-06-30": "$247", "2020-03-31": "$214", "2019-12-31": "$241", "2019-09-30": "$290", "2019-06-30": "$268", "2019-03-31": "$247", "2018-12-31": "$228", "2018-09-30": "$287", "2018-06-30": "$295", "2018-03-31": "$371", "2017-12-31": "$386", "2017-09-30": "$427", "2017-06-30": "$433", "2017-03-31": "$427", "2016-12-31": "$422", "2016-09-30": "$447", "2016-06-30": "$428", "2016-03-31": "$425", "2015-12-31": "$422", "2015-09-30": "$437", "2015-06-30": "$397", "2015-03-31": "$381", "2014-12-31": "$403", "2014-09-30": "$455", "2014-06-30": "$479", "2014-03-31": "$534", "2013-12-31": "$539", "2013-09-30": "$531", "2013-06-30": "$515", "2013-03-31": "$530", "2012-12-31": "$509", "2012-09-30": "$474", "2012-06-30": "$406", "2012-03-31": "$413", "2011-12-31": "$462", "2011-09-30": "$465", "2011-06-30": "$488", "2011-03-31": "$498", "2010-12-31": "$491", "2010-09-30": "$475", "2010-06-30": "$507", "2010-03-31": "$570", "2009-12-31": "$587", "2009-09-30": "$600", "2009-06-30": "$604", "2009-03-31": "$565", "2008-12-31": "$550", "2008-09-30": "$562", "2008-06-30": "$544", "2008-03-31": "$519", "2007-12-31": "$524", "2007-09-30": "$566", "2007-06-30": "$690", "2007-03-31": "$725", "2006-12-31": "$700", "2006-09-30": "$770", "2006-06-30": "$857", "2006-03-31": "$918", "2005-12-31": "$870", "2005-09-30": "$805", "2005-06-30": "$842", "2005-03-31": "$896"}}, "profit-margins": {"current": "20.48%"}, "gross margin": {"2020-12-31": "72.55%", "2020-09-30": "72.12%", "2020-06-30": "70.96%", "2020-03-31": "71.13%", "2019-12-31": "70.65%", "2019-09-30": "71.01%", "2019-06-30": "70.48%", "2019-03-31": "69.58%", "2018-12-31": "69.51%", "2018-09-30": "68.80%", "2018-06-30": "69.17%", "2018-03-31": "69.33%", "2017-12-31": "69.17%", "2017-09-30": "69.20%", "2017-06-30": "68.74%", "2017-03-31": "69.34%", "2016-12-31": "69.62%", "2016-09-30": "69.84%", "2016-06-30": "70.53%", "2016-03-31": "69.61%", "2015-12-31": "68.67%", "2015-09-30": "67.70%", "2015-06-30": "66.79%", "2015-03-31": "66.71%", "2014-12-31": "67.42%", "2014-09-30": "68.44%", "2014-06-30": "69.09%", "2014-03-31": "69.18%", "2013-12-31": "68.79%", "2013-09-30": "69.18%", "2013-06-30": "69.15%", "2013-03-31": "69.65%", "2012-12-31": "70.26%", "2012-09-30": "70.86%", "2012-06-30": "70.62%", "2012-03-31": "70.67%", "2011-12-31": "70.35%", "2011-09-30": "69.68%", "2011-06-30": "69.59%", "2011-03-31": "69.63%", "2010-12-31": "69.84%", "2010-09-30": "70.25%", "2010-06-30": "70.43%", "2010-03-31": "69.98%", "2009-12-31": "69.42%", "2009-09-30": "67.30%", "2009-06-30": "65.55%", "2009-03-31": "63.98%", "2008-12-31": "62.90%", "2008-09-30": "63.17%", "2008-06-30": "64.64%", "2008-03-31": "65.54%", "2007-12-31": "66.36%", "2007-09-30": "66.75%", "2007-06-30": "68.73%", "2007-03-31": "68.48%", "2006-12-31": "68.27%", "2006-09-30": "68.45%", "2006-06-30": "66.14%", "2006-03-31": "66.26%", "2005-12-31": "66.13%"}, "operating margin": {"2020-12-31": "25.92%", "2020-09-30": "22.86%", "2020-06-30": "22.92%", "2020-03-31": "23.16%", "2019-12-31": "21.49%", "2019-09-30": "21.92%", "2019-06-30": "20.88%", "2019-03-31": "18.16%", "2018-12-31": "18.25%", "2018-09-30": "17.60%", "2018-06-30": "19.42%", "2018-03-31": "19.49%", "2017-12-31": "19.43%", "2017-09-30": "19.47%", "2017-06-30": "17.60%", "2017-03-31": "18.96%", "2016-12-31": "19.29%", "2016-09-30": "19.27%", "2016-06-30": "18.89%", "2016-03-31": "17.43%", "2015-12-31": "16.84%", "2015-09-30": "16.33%", "2015-06-30": "17.75%", "2015-03-31": "17.87%", "2014-12-31": "18.99%", "2014-09-30": "20.41%", "2014-06-30": "21.14%", "2014-03-31": "21.40%", "2013-12-31": "20.76%", "2013-09-30": "21.67%", "2013-06-30": "20.57%", "2013-03-31": "21.54%", "2012-12-31": "22.84%", "2012-09-30": "24.85%", "2012-06-30": "25.85%", "2012-03-31": "26.21%", "2011-12-31": "23.50%", "2011-09-30": "20.48%", "2011-06-30": "18.54%", "2011-03-31": "17.45%", "2010-12-31": "18.36%", "2010-09-30": "18.84%", "2010-06-30": "19.77%", "2010-03-31": "20.07%", "2009-12-31": "20.71%", "2009-09-30": "18.41%", "2009-06-30": "17.07%", "2009-03-31": "15.96%", "2008-12-31": "15.06%", "2008-09-30": "16.40%", "2008-06-30": "17.48%", "2008-03-31": "18.47%", "2007-12-31": "19.56%", "2007-09-30": "20.51%", "2007-06-30": "20.37%", "2007-03-31": "19.58%", "2006-12-31": "19.67%", "2006-09-30": "19.67%", "2006-06-30": "21.19%", "2006-03-31": "22.86%", "2005-12-31": "23.95%"}, "ebitda margin": {"2020-12-31": "28.13%", "2020-09-30": "25.17%", "2020-06-30": "25.45%", "2020-03-31": "25.69%", "2019-12-31": "24.08%", "2019-09-30": "24.59%", "2019-06-30": "23.58%", "2019-03-31": "20.91%", "2018-12-31": "21.17%", "2018-09-30": "20.60%", "2018-06-30": "22.62%", "2018-03-31": "23.08%", "2017-12-31": "23.23%", "2017-09-30": "23.42%", "2017-06-30": "21.53%", "2017-03-31": "22.64%", "2016-12-31": "22.84%", "2016-09-30": "22.68%", "2016-06-30": "22.30%", "2016-03-31": "21.08%", "2015-12-31": "20.73%", "2015-09-30": "20.38%", "2015-06-30": "21.98%", "2015-03-31": "22.15%", "2014-12-31": "23.27%", "2014-09-30": "24.71%", "2014-06-30": "25.50%", "2014-03-31": "25.84%", "2013-12-31": "25.37%", "2013-09-30": "26.24%", "2013-06-30": "25.03%", "2013-03-31": "25.59%", "2012-12-31": "26.44%", "2012-09-30": "28.25%", "2012-06-30": "29.23%", "2012-03-31": "29.80%", "2011-12-31": "27.44%", "2011-09-30": "24.52%", "2011-06-30": "22.76%", "2011-03-31": "21.97%", "2010-12-31": "23.28%", "2010-09-30": "24.13%", "2010-06-30": "25.58%", "2010-03-31": "26.20%", "2009-12-31": "26.86%", "2009-09-30": "24.76%", "2009-06-30": "23.17%", "2009-03-31": "21.82%", "2008-12-31": "20.64%", "2008-09-30": "21.77%", "2008-06-30": "22.91%", "2008-03-31": "24.06%", "2007-12-31": "25.42%", "2007-09-30": "26.62%", "2007-06-30": "26.81%", "2007-03-31": "26.07%", "2006-12-31": "26.02%", "2006-09-30": "25.93%", "2006-06-30": "27.16%", "2006-03-31": "28.85%", "2005-12-31": "30.15%"}, "pre tax profit margin": {"2020-12-31": "23.09%", "2020-09-30": "19.77%", "2020-06-30": "19.66%", "2020-03-31": "19.82%", "2019-12-31": "18.48%", "2019-09-30": "18.64%", "2019-06-30": "18.36%", "2019-03-31": "15.59%", "2018-12-31": "15.83%", "2018-09-30": "15.70%", "2018-06-30": "16.72%", "2018-03-31": "16.82%", "2017-12-31": "16.68%", "2017-09-30": "16.68%", "2017-06-30": "14.75%", "2017-03-31": "16.25%", "2016-12-31": "16.52%", "2016-09-30": "16.33%", "2016-06-30": "15.93%", "2016-03-31": "14.13%", "2015-12-31": "13.43%", "2015-09-30": "12.87%", "2015-06-30": "14.25%", "2015-03-31": "14.44%", "2014-12-31": "15.47%", "2014-09-30": "16.73%", "2014-06-30": "17.31%", "2014-03-31": "17.50%", "2013-12-31": "16.82%", "2013-09-30": "17.77%", "2013-06-30": "16.51%", "2013-03-31": "17.20%", "2012-12-31": "18.39%", "2012-09-30": "20.27%", "2012-06-30": "21.08%", "2012-03-31": "21.68%", "2011-12-31": "18.93%", "2011-09-30": "15.65%", "2011-06-30": "13.66%", "2011-03-31": "12.76%", "2010-12-31": "14.26%", "2010-09-30": "15.21%", "2010-06-30": "16.61%", "2010-03-31": "16.92%", "2009-12-31": "17.48%", "2009-09-30": "15.56%", "2009-06-30": "14.48%", "2009-03-31": "13.76%", "2008-12-31": "13.39%", "2008-09-30": "15.05%", "2008-06-30": "16.69%", "2008-03-31": "17.95%", "2007-12-31": "19.30%", "2007-09-30": "20.51%", "2007-06-30": "20.63%", "2007-03-31": "20.23%", "2006-12-31": "20.43%", "2006-09-30": "20.56%", "2006-06-30": "21.92%", "2006-03-31": "23.23%", "2005-12-31": "24.07%"}, "net profit margin": {"2020-12-31": "20.41%", "2020-09-30": "18.22%", "2020-06-30": "18.92%", "2020-03-31": "18.92%", "2019-12-31": "17.31%", "2019-09-30": "16.57%", "2019-06-30": "15.30%", "2019-03-31": "12.93%", "2018-12-31": "13.01%", "2018-09-30": "12.70%", "2018-06-30": "13.91%", "2018-03-31": "13.74%", "2017-12-31": "13.52%", "2017-09-30": "14.22%", "2017-06-30": "13.11%", "2017-03-31": "14.08%", "2016-12-31": "14.19%", "2016-09-30": "12.36%", "2016-06-30": "12.51%", "2016-03-31": "11.19%", "2015-12-31": "10.72%", "2015-09-30": "10.25%", "2015-06-30": "10.87%", "2015-03-31": "11.14%", "2014-12-31": "11.70%", "2014-09-30": "12.17%", "2014-06-30": "11.62%", "2014-03-31": "11.71%", "2013-12-31": "11.40%", "2013-09-30": "12.11%", "2013-06-30": "11.10%", "2013-03-31": "11.61%", "2012-12-31": "12.21%", "2012-09-30": "13.61%", "2012-06-30": "14.77%", "2012-03-31": "15.29%", "2011-12-31": "13.56%", "2011-09-30": "11.61%", "2011-06-30": "10.24%", "2011-03-31": "9.37%", "2010-12-31": "10.33%", "2010-09-30": "10.74%", "2010-06-30": "10.96%", "2010-03-31": "10.95%", "2009-12-31": "11.49%", "2009-09-30": "10.32%", "2009-06-30": "10.98%", "2009-03-31": "11.86%", "2008-12-31": "10.60%", "2008-09-30": "11.29%", "2008-06-30": "11.66%", "2008-03-31": "11.05%", "2007-12-31": "12.13%", "2007-09-30": "13.25%", "2007-06-30": "12.88%", "2007-03-31": "12.97%", "2006-12-31": "13.45%", "2006-09-30": "13.15%", "2006-06-30": "14.25%", "2006-03-31": "15.65%", "2005-12-31": "16.75%"}, "pe ratio": {"current": "54.31", "2021-02-05": "78.73", "2020-12-31": "84.19", "2020-09-30": "53.91", "2020-06-30": "54.22", "2020-03-31": "40.06", "2019-12-31": "54.78", "2019-09-30": "47.87", "2019-06-30": "50.81", "2019-03-31": "53.26", "2018-12-31": "37.18", "2018-09-30": "50.01", "2018-06-30": "46.25", "2018-03-31": "43.21", "2017-12-31": "41.74", "2017-09-30": "35.39", "2017-06-30": "37.48", "2017-03-31": "32.08", "2016-12-31": "30.10", "2016-09-30": "36.74", "2016-06-30": "33.03", "2016-03-31": "35.82", "2015-12-31": "33.37", "2015-09-30": "31.73", "2015-06-30": "33.21", "2015-03-31": "32.93", "2014-12-31": "26.73", "2014-09-30": "20.07", "2014-06-30": "26.18", "2014-03-31": "23.08", "2013-12-31": "27.12", "2013-09-30": "22.12", "2013-06-30": "19.85", "2013-03-31": "19.36", "2012-12-31": "17.50", "2012-09-30": "17.27", "2012-06-30": "16.23", "2012-03-31": "16.91", "2011-12-31": "16.04", "2011-09-30": "11.97", "2011-06-30": "19.33", "2011-03-31": "22.87", "2010-12-31": "15.86", "2010-09-30": "17.07", "2010-06-30": "15.39", "2010-03-31": "18.28", "2009-12-31": "14.51", "2009-09-30": "15.93", "2009-06-30": "10.36", "2009-03-31": "8.44", "2008-12-31": "10.62", "2008-09-30": "13.30", "2008-06-30": "11.77", "2008-03-31": "13.09", "2007-12-31": "18.50", "2007-09-30": "19.30", "2007-06-30": "23.62", "2007-03-31": "23.04", "2006-12-31": "23.77"}, "price sales": {"2021-02-05": "10.91", "2020-12-31": "11.66", "2020-09-30": "9.84", "2020-06-30": "10.25", "2020-03-31": "7.58", "2019-12-31": "9.48", "2019-09-30": "7.93", "2019-06-30": "8.62", "2019-03-31": "7.93", "2018-12-31": "5.63", "2018-09-30": "7.15", "2018-06-30": "6.10", "2018-03-31": "5.52", "2017-12-31": "5.18", "2017-09-30": "4.86", "2017-06-30": "4.93", "2017-03-31": "4.52", "2016-12-31": "4.28", "2016-09-30": "4.57", "2016-06-30": "4.17", "2016-03-31": "4.05", "2015-12-31": "3.60", "2015-09-30": "3.28", "2015-06-30": "3.64", "2015-03-31": "3.68", "2014-12-31": "3.14", "2014-09-30": "2.46", "2014-06-30": "2.99", "2014-03-31": "2.67", "2013-12-31": "3.08", "2013-09-30": "2.69", "2013-06-30": "2.24", "2013-03-31": "2.29", "2012-12-31": "2.16", "2012-09-30": "2.36", "2012-06-30": "2.40", "2012-03-31": "2.61", "2011-12-31": "2.21", "2011-09-30": "1.41", "2011-06-30": "2.03", "2011-03-31": "2.16", "2010-12-31": "1.68", "2010-09-30": "1.86", "2010-06-30": "1.68", "2010-03-31": "2.00", "2009-12-31": "1.65", "2009-09-30": "1.64", "2009-06-30": "1.13", "2009-03-31": "0.99", "2008-12-31": "1.13", "2008-09-30": "1.50", "2008-06-30": "1.38", "2008-03-31": "1.46", "2007-12-31": "2.30", "2007-09-30": "2.62", "2007-06-30": "3.09", "2007-03-31": "3.04", "2006-12-31": "3.23"}, "price book": {"current": "43.11", "2021-02-05": "43.11", "2020-12-31": "46.10", "2020-09-30": "37.38", "2020-06-30": "49.02", "2020-03-31": "41.78", "2019-12-31": "45.38", "2019-09-30": "30.32", "2019-06-30": "33.86", "2019-03-31": "31.89", "2018-12-31": "23.84", "2018-09-30": "23.07", "2018-06-30": "19.24", "2018-03-31": "13.63", "2017-12-31": "12.02", "2017-09-30": "9.96", "2017-06-30": "9.90", "2017-03-31": "9.35", "2016-12-31": "8.80", "2016-09-30": "8.62", "2016-06-30": "8.17", "2016-03-31": "7.77", "2015-12-31": "6.99", "2015-09-30": "6.04", "2015-06-30": "7.12", "2015-03-31": "7.29", "2014-12-31": "5.68", "2014-09-30": "3.88", "2014-06-30": "4.36", "2014-03-31": "3.54", "2013-12-31": "4.05", "2013-09-30": "3.61", "2013-06-30": "3.12", "2013-03-31": "3.08", "2012-12-31": "2.92", "2012-09-30": "3.23", "2012-06-30": "3.49", "2012-03-31": "3.62", "2011-12-31": "2.77", "2011-09-30": "1.73", "2011-06-30": "2.38", "2011-03-31": "2.50", "2010-12-31": "1.89", "2010-09-30": "2.05", "2010-06-30": "1.80", "2010-03-31": "2.01", "2009-12-31": "1.67", "2009-09-30": "1.70", "2009-06-30": "1.23", "2009-03-31": "1.20", "2008-12-31": "1.47", "2008-09-30": "1.95", "2008-06-30": "1.81", "2008-03-31": "1.97", "2007-12-31": "2.97", "2007-09-30": "3.18", "2007-06-30": "3.14", "2007-03-31": "2.98", "2006-12-31": "3.23", "2006-09-30": "2.75", "2006-06-30": "2.59", "2006-03-31": "2.74"}, "price fcf": {"2021-02-05": "", "2020-12-31": "$12.46", "2020-09-30": "$11.46", "2020-06-30": "$9.94", "2020-03-31": "$8.59", "2019-12-31": "$8.19", "2019-09-30": "$7.80", "2019-06-30": "$6.54", "2019-03-31": "$6.85", "2018-12-31": "$6.76", "2018-09-30": "$6.15", "2018-06-30": "$5.98", "2018-03-31": "$5.74", "2017-12-31": "$6.29", "2017-09-30": "$6.38", "2017-06-30": "$5.58", "2017-03-31": "$5.99", "2016-12-31": "$5.28", "2016-09-30": "$5.83", "2016-06-30": "$6.74", "2016-03-31": "$5.34", "2015-12-31": "$5.29", "2015-09-30": "$3.73", "2015-06-30": "$4.01", "2015-03-31": "$3.67", "2014-12-31": "$3.80", "2014-09-30": "$4.66", "2014-06-30": "$3.64", "2014-03-31": "$3.67", "2013-12-31": "$3.27", "2013-09-30": "$3.09", "2013-06-30": "$2.62", "2013-03-31": "$2.39", "2012-12-31": "$2.53", "2012-09-30": "$2.89", "2012-06-30": "$3.11", "2012-03-31": "$3.63", "2011-12-31": "$3.18", "2011-09-30": "$3.05", "2011-06-30": "$2.76", "2011-03-31": "$2.01", "2010-12-31": "$2.21", "2010-09-30": "$2.00", "2010-06-30": "$2.21", "2010-03-31": "$2.64", "2009-12-31": "$2.83", "2009-09-30": "$2.90", "2009-06-30": "$3.11", "2009-03-31": "$3.19", "2008-12-31": "$2.61", "2008-09-30": "$2.79", "2008-06-30": "$2.80", "2008-03-31": "$2.65", "2007-12-31": "$2.91", "2007-09-30": "$3.00", "2007-06-30": "$2.80", "2007-03-31": "$2.61", "2006-12-31": "$3.49"}, "net worth": {"value": "$13.97B"}, "current ratio": {"current": "1.30", "2020-12-31": "1.30", "2020-09-30": "1.29", "2020-06-30": "1.05", "2020-03-31": "1.01", "2019-12-31": "1.04", "2019-09-30": "0.93", "2019-06-30": "0.95", "2019-03-31": "0.91", "2018-12-31": "0.87", "2018-09-30": "0.84", "2018-06-30": "0.84", "2018-03-31": "0.90", "2017-12-31": "0.85", "2017-09-30": "0.95", "2017-06-30": "0.81", "2017-03-31": "1.17", "2016-12-31": "1.14", "2016-09-30": "1.09", "2016-06-30": "1.18", "2016-03-31": "1.15", "2015-12-31": "1.18", "2015-09-30": "1.18", "2015-06-30": "1.23", "2015-03-31": "1.18", "2014-12-31": "0.77", "2014-09-30": "0.85", "2014-06-30": "0.87", "2014-03-31": "1.51", "2013-12-31": "1.59", "2013-09-30": "1.50", "2013-06-30": "1.36", "2013-03-31": "1.49", "2012-12-31": "1.33", "2012-09-30": "1.24", "2012-06-30": "1.95", "2012-03-31": "2.22", "2011-12-31": "2.61", "2011-09-30": "2.49", "2011-06-30": "2.80", "2011-03-31": "3.03", "2010-12-31": "3.09", "2010-09-30": "2.84", "2010-06-30": "2.89", "2010-03-31": "3.77", "2009-12-31": "4.03", "2009-09-30": "3.86", "2009-06-30": "3.67", "2009-03-31": "3.36", "2008-12-31": "3.29", "2008-09-30": "2.87", "2008-06-30": "0.88", "2008-03-31": "0.62", "2007-12-31": "0.66", "2007-09-30": "0.80", "2007-06-30": "0.73", "2007-03-31": "0.78", "2006-12-31": "0.68", "2006-09-30": "0.77", "2006-06-30": "3.35", "2006-03-31": "3.78", "2005-12-31": "3.39", "2005-09-30": "2.99", "2005-06-30": "3.31", "2005-03-31": "3.31"}, "quick ratio": {"2020-12-31": "0.00", "2020-09-30": "0.00", "2020-06-30": "0.00", "2020-03-31": "0.00", "2019-12-31": "0.00", "2019-09-30": "0.00", "2019-06-30": "0.00", "2019-03-31": "0.00", "2018-12-31": "0.00", "2018-09-30": "0.00", "2018-06-30": "0.00", "2018-03-31": "0.00", "2017-12-31": "0.00", "2017-09-30": "0.00", "2017-06-30": "0.00", "2017-03-31": "0.00", "2016-12-31": "0.00", "2016-09-30": "0.00", "2016-06-30": "0.00", "2016-03-31": "0.00", "2015-12-31": "0.00", "2015-09-30": "0.00", "2015-06-30": "0.00", "2015-03-31": "0.00", "2014-12-31": "0.00", "2014-09-30": "0.00", "2014-06-30": "0.00", "2014-03-31": "0.00", "2013-12-31": "0.00", "2013-09-30": "0.00", "2013-06-30": "0.00", "2013-03-31": "0.00", "2012-12-31": "0.00", "2012-09-30": "0.00", "2012-06-30": "0.00", "2012-03-31": "0.00", "2011-12-31": "0.00", "2011-09-30": "0.00", "2011-06-30": "0.00", "2011-03-31": "0.00", "2010-12-31": "0.00", "2010-09-30": "0.00", "2010-06-30": "0.00", "2010-03-31": "0.00", "2009-12-31": "0.00", "2009-09-30": "0.00", "2009-06-30": "0.00", "2009-03-31": "0.00", "2008-12-31": "0.00", "2008-09-30": "0.00", "2008-06-30": "0.00", "2008-03-31": "0.00", "2007-12-31": "0.00", "2007-09-30": "0.00", "2007-06-30": "0.00", "2007-03-31": "0.00", "2006-12-31": "0.00", "2006-09-30": "0.00", "2006-06-30": "0.00", "2006-03-31": "0.00", "2005-12-31": "0.00", "2005-09-30": "0.00", "2005-06-30": "0.00", "2005-03-31": "0.00"}, "debt equity ratio": {"current": "2.28", "2020-12-31": "3.87", "2020-09-30": "3.85", "2020-06-30": "5.33", "2020-03-31": "6.25", "2019-12-31": "5.41", "2019-09-30": "3.95", "2019-06-30": "4.12", "2019-03-31": "4.37", "2018-12-31": "4.73", "2018-09-30": "3.63", "2018-06-30": "3.37", "2018-03-31": "2.48", "2017-12-31": "2.22", "2017-09-30": "1.94", "2017-06-30": "1.91", "2017-03-31": "1.92", "2016-12-31": "1.90", "2016-09-30": "1.73", "2016-06-30": "1.87", "2016-03-31": "1.86", "2015-12-31": "1.88", "2015-09-30": "1.82", "2015-06-30": "2.07", "2015-03-31": "2.24", "2014-12-31": "1.90", "2014-09-30": "1.62", "2014-06-30": "1.48", "2014-03-31": "1.21", "2013-12-31": "1.16", "2013-09-30": "1.19", "2013-06-30": "1.26", "2013-03-31": "1.26", "2012-12-31": "1.31", "2012-09-30": "1.44", "2012-06-30": "1.62", "2012-03-31": "1.62", "2011-12-31": "1.44", "2011-09-30": "1.43", "2011-06-30": "1.34", "2011-03-31": "1.31", "2010-12-31": "1.31", "2010-09-30": "1.37", "2010-06-30": "1.29", "2010-03-31": "1.24", "2009-12-31": "1.20", "2009-09-30": "1.17", "2009-06-30": "1.17", "2009-03-31": "1.25", "2008-12-31": "1.27", "2008-09-30": "1.27", "2008-06-30": "1.29", "2008-03-31": "1.37", "2007-12-31": "1.37", "2007-09-30": "1.25", "2007-06-30": "0.90", "2007-03-31": "0.86", "2006-12-31": "0.90", "2006-09-30": "0.72", "2006-06-30": "0.65", "2006-03-31": "0.61", "2005-12-31": "0.64", "2005-09-30": "0.68", "2005-06-30": "0.64", "2005-03-31": "0.64"}, "return on equity": {"2020-12-31": "95.70%", "2020-09-30": "91.38%", "2020-06-30": "93.55%", "2020-03-31": "91.61%", "2019-12-31": "79.16%", "2019-09-30": "74.35%", "2019-06-30": "66.02%", "2019-03-31": "51.47%", "2018-12-31": "45.39%", "2018-09-30": "37.94%", "2018-06-30": "37.59%", "2018-03-31": "33.15%", "2017-12-31": "30.60%", "2017-09-30": "31.13%", "2017-06-30": "27.76%", "2017-03-31": "30.16%", "2016-12-31": "29.73%", "2016-09-30": "25.32%", "2016-06-30": "25.70%", "2016-03-31": "22.61%", "2015-12-31": "22.24%", "2015-09-30": "21.26%", "2015-06-30": "22.00%", "2015-03-31": "21.19%", "2014-12-31": "19.88%", "2014-09-30": "19.13%", "2014-06-30": "16.90%", "2014-03-31": "16.42%", "2013-12-31": "15.89%", "2013-09-30": "17.27%", "2013-06-30": "16.17%", "2013-03-31": "17.30%", "2012-12-31": "18.87%", "2012-09-30": "20.97%", "2012-06-30": "21.99%", "2012-03-31": "21.44%", "2011-12-31": "17.98%", "2011-09-30": "14.83%", "2011-06-30": "12.91%", "2011-03-31": "11.77%", "2010-12-31": "12.33%", "2010-09-30": "12.16%", "2010-06-30": "11.66%", "2010-03-31": "11.18%", "2009-12-31": "12.05%", "2009-09-30": "11.21%", "2009-06-30": "12.63%", "2009-03-31": "14.59%", "2008-12-31": "13.98%", "2008-09-30": "15.64%", "2008-06-30": "16.35%", "2008-03-31": "14.79%", "2007-12-31": "14.85%", "2007-09-30": "15.52%", "2007-06-30": "13.59%", "2007-03-31": "13.11%", "2006-12-31": "13.07%", "2006-09-30": "12.06%", "2006-06-30": "13.57%", "2006-03-31": "14.91%", "2005-12-31": "15.82%"}, "return on assets": {"2020-12-31": "16.96%", "2020-09-30": "15.06%", "2020-06-30": "15.23%", "2020-03-31": "15.72%", "2019-12-31": "14.58%", "2019-09-30": "14.12%", "2019-06-30": "12.74%", "2019-03-31": "10.36%", "2018-12-31": "10.28%", "2018-09-30": "9.87%", "2018-06-30": "10.96%", "2018-03-31": "10.62%", "2017-12-31": "10.24%", "2017-09-30": "10.67%", "2017-06-30": "9.70%", "2017-03-31": "10.57%", "2016-12-31": "10.48%", "2016-09-30": "8.94%", "2016-06-30": "9.00%", "2016-03-31": "7.79%", "2015-12-31": "7.43%", "2015-09-30": "7.09%", "2015-06-30": "7.48%", "2015-03-31": "7.61%", "2014-12-31": "7.88%", "2014-09-30": "8.13%", "2014-06-30": "7.50%", "2014-03-31": "7.45%", "2013-12-31": "7.16%", "2013-09-30": "7.66%", "2013-06-30": "6.98%", "2013-03-31": "7.22%", "2012-12-31": "7.59%", "2012-09-30": "8.30%", "2012-06-30": "8.72%", "2012-03-31": "8.75%", "2011-12-31": "7.56%", "2011-09-30": "6.32%", "2011-06-30": "5.53%", "2011-03-31": "5.07%", "2010-12-31": "5.36%", "2010-09-30": "5.36%", "2010-06-30": "5.25%", "2010-03-31": "5.09%", "2009-12-31": "5.48%", "2009-09-30": "5.06%", "2009-06-30": "5.64%", "2009-03-31": "6.42%", "2008-12-31": "6.08%", "2008-09-30": "6.73%", "2008-06-30": "7.05%", "2008-03-31": "6.72%", "2007-12-31": "7.19%", "2007-09-30": "7.91%", "2007-06-30": "7.39%", "2007-03-31": "7.40%", "2006-12-31": "7.66%", "2006-09-30": "7.32%", "2006-06-30": "8.27%", "2006-03-31": "9.09%", "2005-12-31": "9.60%"}, "return on investments": {"2020-12-31": "33.28%", "2020-09-30": "29.68%", "2020-06-30": "29.46%", "2020-03-31": "30.69%", "2019-12-31": "28.55%", "2019-09-30": "29.42%", "2019-06-30": "27.51%", "2019-03-31": "22.80%", "2018-12-31": "22.23%", "2018-09-30": "20.71%", "2018-06-30": "22.35%", "2018-03-31": "22.08%", "2017-12-31": "21.00%", "2017-09-30": "20.24%", "2017-06-30": "17.65%", "2017-03-31": "18.56%", "2016-12-31": "18.48%", "2016-09-30": "18.07%", "2016-06-30": "17.58%", "2016-03-31": "15.56%", "2015-12-31": "14.97%", "2015-09-30": "14.96%", "2015-06-30": "16.61%", "2015-03-31": "17.07%", "2014-12-31": "17.53%", "2014-09-30": "17.63%", "2014-06-30": "16.84%", "2014-03-31": "16.28%", "2013-12-31": "15.65%", "2013-09-30": "16.56%", "2013-06-30": "15.83%", "2013-03-31": "16.30%", "2012-12-31": "17.13%", "2012-09-30": "18.09%", "2012-06-30": "17.90%", "2012-03-31": "17.48%", "2011-12-31": "15.14%", "2011-09-30": "12.78%", "2011-06-30": "11.42%", "2011-03-31": "10.75%", "2010-12-31": "10.80%", "2010-09-30": "10.60%", "2010-06-30": "10.61%", "2010-03-31": "10.43%", "2009-12-31": "11.04%", "2009-09-30": "10.09%", "2009-06-30": "9.82%", "2009-03-31": "10.27%", "2008-12-31": "11.25%", "2008-09-30": "14.21%", "2008-06-30": "17.37%", "2008-03-31": "26.03%", "2007-12-31": "41.38%", "2007-09-30": "87.50%", "2007-06-30": "inf%", "2007-03-31": "48.05%", "2006-12-31": "24.08%", "2006-09-30": "16.02%", "2006-06-30": "13.78%", "2006-03-31": "14.86%", "2005-12-31": "15.40%"}, "return on tangible equity": {"2020-12-31": "-49.40%", "2020-09-30": "-42.07%", "2020-06-30": "-40.68%", "2020-03-31": "-41.19%", "2019-12-31": "-37.36%", "2019-09-30": "-34.66%", "2019-06-30": "-30.69%", "2019-03-31": "-24.73%", "2018-12-31": "-25.57%", "2018-09-30": "-26.02%", "2018-06-30": "-30.50%", "2018-03-31": "-31.70%", "2017-12-31": "-31.57%", "2017-09-30": "-33.69%", "2017-06-30": "-30.67%", "2017-03-31": "-32.81%", "2016-12-31": "-31.70%", "2016-09-30": "-26.44%", "2016-06-30": "-26.05%", "2016-03-31": "-21.69%", "2015-12-31": "-20.09%", "2015-09-30": "-19.15%", "2015-06-30": "-20.64%", "2015-03-31": "-22.33%", "2014-12-31": "-25.74%", "2014-09-30": "-29.05%", "2014-06-30": "-28.16%", "2014-03-31": "-29.00%", "2013-12-31": "-28.14%", "2013-09-30": "-29.29%", "2013-06-30": "-25.97%", "2013-03-31": "-26.69%", "2012-12-31": "-27.80%", "2012-09-30": "-33.00%", "2012-06-30": "-38.44%", "2012-03-31": "-43.12%", "2011-12-31": "-41.35%", "2011-09-30": "-35.51%", "2011-06-30": "-31.11%", "2011-03-31": "-29.29%", "2010-12-31": "-34.90%", "2010-09-30": "-40.56%", "2010-06-30": "-49.91%", "2010-03-31": "-58.02%", "2009-12-31": "-60.04%", "2009-09-30": "-50.19%", "2009-06-30": "-48.90%", "2009-03-31": "-46.62%", "2008-12-31": "-38.14%", "2008-09-30": "-38.98%", "2008-06-30": "-40.98%", "2008-03-31": "-47.35%", "2007-12-31": "-72.09%", "2007-09-30": "-110.64%", "2007-06-30": "-179.82%", "2007-03-31": "-526.32%", "2006-12-31": "451.06%", "2006-09-30": "160.94%", "2006-06-30": "170.80%", "2006-03-31": "214.23%", "2005-12-31": "271.36%"}, "dividend yield history": {"last payout": "$0.00", "last yield": "0.00%"}}