{"ticker": "FAST", "price": {"title": "Fastenal Historical Annual Stock Price Data", "value": 47.07, "historical": {"2021": {"Average Stock Price": "48.3468", "Year Open": "47.6500", "Year High": "51.6200", "Year Low": "45.5900", "Year Close": "47.0700", "Annual % Change": "-3.60%"}, "2020": {"Average Stock Price": "41.6655", "Year Open": "37.2300", "Year High": "50.0500", "Year Low": "28.1800", "Year Close": "48.8300", "Annual % Change": "32.15%"}, "2019": {"Average Stock Price": "32.5040", "Year Open": "25.7050", "Year High": "37.6600", "Year Low": "24.9750", "Year Close": "36.9500", "Annual % Change": "41.33%"}, "2018": {"Average Stock Price": "27.2309", "Year Open": "27.2700", "Year High": "30.4350", "Year Low": "23.8450", "Year Close": "26.1450", "Annual % Change": "-4.39%"}, "2017": {"Average Stock Price": "23.4519", "Year Open": "23.4750", "Year High": "27.5700", "Year Low": "19.9850", "Year Close": "27.3450", "Annual % Change": "16.41%"}, "2016": {"Average Stock Price": "21.9526", "Year Open": "20.0950", "Year High": "24.9350", "Year Low": "18.2650", "Year Close": "23.4900", "Annual % Change": "15.09%"}, "2015": {"Average Stock Price": "20.5245", "Year Open": "23.7000", "Year High": "23.7000", "Year Low": "17.7500", "Year Close": "20.4100", "Annual % Change": "-14.17%"}, "2014": {"Average Stock Price": "23.3387", "Year Open": "23.3500", "Year High": "25.6000", "Year Low": "20.3900", "Year Close": "23.7800", "Annual % Change": "0.11%"}, "2013": {"Average Stock Price": "24.2999", "Year Open": "23.9150", "Year High": "26.5900", "Year Low": "21.9950", "Year Close": "23.7550", "Annual % Change": "1.84%"}, "2012": {"Average Stock Price": "22.5485", "Year Open": "21.8800", "Year High": "27.3250", "Year Low": "19.1850", "Year Close": "23.3250", "Annual % Change": "6.97%"}, "2011": {"Average Stock Price": "17.0147", "Year Open": "15.2125", "Year High": "22.1600", "Year Low": "14.4400", "Year Close": "21.8050", "Annual % Change": "45.59%"}, "2010": {"Average Stock Price": "12.6318", "Year Open": "10.5075", "Year High": "15.0275", "Year Low": "10.3025", "Year Close": "14.9775", "Annual % Change": "43.88%"}, "2009": {"Average Stock Price": "8.8521", "Year Open": "9.1275", "Year High": "10.5475", "Year Low": "6.5400", "Year Close": "10.4100", "Annual % Change": "19.48%"}, "2008": {"Average Stock Price": "10.9377", "Year Open": "9.7375", "Year High": "13.8625", "Year Low": "7.9675", "Year Close": "8.7125", "Annual % Change": "-13.78%"}, "2007": {"Average Stock Price": "10.3242", "Year Open": "9.0075", "Year High": "12.7675", "Year Low": "8.5075", "Year Close": "10.1050", "Annual % Change": "12.65%"}, "2006": {"Average Stock Price": "10.0517", "Year Open": "9.7850", "Year High": "12.2100", "Year Low": "8.3075", "Year Close": "8.9700", "Annual % Change": "-8.31%"}, "2005": {"Average Stock Price": "7.8894", "Year Open": "7.6000", "Year High": "10.4125", "Year Low": "6.3913", "Year Close": "9.7825", "Annual % Change": "27.13%"}, "2004": {"Average Stock Price": "6.9302", "Year Open": "6.2375", "Year High": "7.9813", "Year Low": "5.5863", "Year Close": "7.6950", "Annual % Change": "23.74%"}, "2003": {"Average Stock Price": "4.7242", "Year Open": "4.8463", "Year High": "6.3225", "Year Low": "3.4888", "Year Close": "6.2188", "Annual % Change": "33.06%"}, "2002": {"Average Stock Price": "4.5401", "Year Open": "4.1188", "Year High": "5.3950", "Year Low": "3.4075", "Year Close": "4.6738", "Annual % Change": "12.57%"}, "2001": {"Average Stock Price": "3.7557", "Year Open": "3.2538", "Year High": "4.4638", "Year Low": "2.9569", "Year Close": "4.1519", "Annual % Change": "21.05%"}, "2000": {"Average Stock Price": "3.4304", "Year Open": "2.6525", "Year High": "4.4456", "Year Low": "2.2306", "Year Close": "3.4300", "Annual % Change": "22.12%"}, "1999": {"Average Stock Price": "2.8200", "Year Open": "2.8281", "Year High": "3.7656", "Year Low": "2.1388", "Year Close": "2.8088", "Annual % Change": "2.14%"}, "1998": {"Average Stock Price": "2.6051", "Year Open": "2.5469", "Year High": "3.4963", "Year Low": "1.3594", "Year Close": "2.7500", "Annual % Change": "15.03%"}, "1997": {"Average Stock Price": "2.9419", "Year Open": "2.8438", "Year High": "3.7188", "Year Low": "2.0238", "Year Close": "2.3906", "Annual % Change": "-16.40%"}, "1996": {"Average Stock Price": "2.5922", "Year Open": "2.6250", "Year High": "3.0938", "Year Low": "1.8125", "Year Close": "2.8594", "Annual % Change": "8.29%"}, "1995": {"Average Stock Price": "1.8910", "Year Open": "1.2734", "Year High": "2.6406", "Year Low": "1.2559", "Year Close": "2.6406", "Annual % Change": "103.61%"}, "1994": {"Average Stock Price": "1.1474", "Year Open": "0.9844", "Year High": "1.4181", "Year Low": "0.9141", "Year Close": "1.2969", "Annual % Change": "33.87%"}, "1993": {"Average Stock Price": "0.7862", "Year Open": "0.6328", "Year High": "0.9766", "Year Low": "0.5938", "Year Close": "0.9688", "Annual % Change": "49.41%"}, "1992": {"Average Stock Price": "0.5373", "Year Open": "0.5117", "Year High": "0.6797", "Year Low": "0.4531", "Year Close": "0.6484", "Annual % Change": "26.25%"}, "1991": {"Average Stock Price": "0.3750", "Year Open": "0.2578", "Year High": "0.5136", "Year Low": "0.2578", "Year Close": "0.5136", "Annual % Change": "100.70%"}}}, "market cap": {"value": "$27.17B"}, "income statement": {"Revenue": {"2020-12-31": "5647.30000", "2019-12-31": "5333.70000", "2018-12-31": "4965.10000", "2017-12-31": "4390.50000", "2016-12-31": "3962.00000", "2015-12-31": "3869.20000", "2014-12-31": "3733.50700", "2013-12-31": "3326.10600", "2012-12-31": "3133.57700", "2011-12-31": "2766.85900", "2010-12-31": "2269.47100", "2009-12-31": "1930.33000", "2008-12-31": "2340.42500", "2007-12-31": "2061.81900", "2006-12-31": "1809.33700", "2005-12-31": "1523.33300"}, "Cost Of Goods Sold": {"2020-12-31": "3079.50000", "2019-12-31": "2818.30000", "2018-12-31": "2566.20000", "2017-12-31": "2226.90000", "2016-12-31": "1997.20000", "2015-12-31": "1920.30000", "2014-12-31": "1836.10500", "2013-12-31": "1606.66100", "2012-12-31": "1519.05300", "2011-12-31": "1332.68700", "2010-12-31": "1094.63500", "2009-12-31": "946.89500", "2008-12-31": "1104.33300", "2007-12-31": "1014.24500", "2006-12-31": "901.66200", "2005-12-31": "765.23000"}, "Gross Profit": {"2020-12-31": "2567.80000", "2019-12-31": "2515.40000", "2018-12-31": "2398.90000", "2017-12-31": "2163.60000", "2016-12-31": "1964.80000", "2015-12-31": "1948.90000", "2014-12-31": "1897.40200", "2013-12-31": "1719.44500", "2012-12-31": "1614.52400", "2011-12-31": "1434.17200", "2010-12-31": "1174.83600", "2009-12-31": "983.43490", "2008-12-31": "1236.09200", "2007-12-31": "1047.57400", "2006-12-31": "907.67500", "2005-12-31": "758.10300"}, "Research And Development Expenses": {"2020-12-31": "", "2019-12-31": "", "2018-12-31": "", "2017-12-31": "", "2016-12-31": "", "2015-12-31": "", "2014-12-31": "", "2013-12-31": "", "2012-12-31": "", "2011-12-31": "", "2010-12-31": "", "2009-12-31": "", "2008-12-31": "", "2007-12-31": "", "2006-12-31": "", "2005-12-31": ""}, "SG&A Expenses": {"2020-12-31": "1427.40000", "2019-12-31": "1459.40000", "2018-12-31": "1400.20000", "2017-12-31": "1282.80000", "2016-12-31": "1169.50000", "2015-12-31": "1121.50000", "2014-12-31": "1110.77600", "2013-12-31": "1007.43100", "2012-12-31": "941.23600", "2011-12-31": "859.36900", "2010-12-31": "745.11200", "2009-12-31": "686.79200", "2008-12-31": "785.68800", "2007-12-31": "671.24800", "2006-12-31": "587.61000", "2005-12-31": "489.79200"}, "Other Operating Income Or Expenses": {"2020-12-31": "1.40000", "2019-12-31": "1.20000", "2018-12-31": "0.50000", "2017-12-31": "1.00000", "2016-12-31": "0.50000", "2015-12-31": "1.40000", "2014-12-31": "0.96400", "2013-12-31": "0.64300", "2012-12-31": "0.40300", "2011-12-31": "-0.19400", "2010-12-31": "-0.03500", "2009-12-31": "-0.85000", "2008-12-31": "-0.16700", "2007-12-31": "0.09900", "2006-12-31": "-0.22300", "2005-12-31": "-0.44700"}, "Operating Expenses": {"2020-12-31": "4505.50000", "2019-12-31": "4276.50000", "2018-12-31": "3965.90000", "2017-12-31": "3508.70000", "2016-12-31": "3166.20000", "2015-12-31": "3040.40000", "2014-12-31": "2945.91700", "2013-12-31": "2613.44900", "2012-12-31": "2459.88600", "2011-12-31": "2192.25000", "2010-12-31": "1839.78200", "2009-12-31": "1634.53700", "2008-12-31": "1890.18800", "2007-12-31": "1685.39400", "2006-12-31": "1489.49500", "2005-12-31": "1255.46900"}, "Operating Income": {"2020-12-31": "1141.80000", "2019-12-31": "1057.20000", "2018-12-31": "999.20020", "2017-12-31": "881.80000", "2016-12-31": "795.80000", "2015-12-31": "828.79980", "2014-12-31": "787.59030", "2013-12-31": "712.65700", "2012-12-31": "673.69090", "2011-12-31": "574.60860", "2010-12-31": "429.68880", "2009-12-31": "295.79300", "2008-12-31": "450.23710", "2007-12-31": "376.42520", "2006-12-31": "319.84200", "2005-12-31": "267.86400"}, "Total Non-Operating Income/Expense": {"2020-12-31": "-9.10000", "2019-12-31": "-13.50000", "2018-12-31": "-12.20000", "2017-12-31": "-8.70000", "2016-12-31": "-6.10000", "2015-12-31": "-2.70000", "2014-12-31": "-0.15600", "2013-12-31": "0.81100", "2012-12-31": "0.46400", "2011-12-31": "0.47200", "2010-12-31": "0.95100", "2009-12-31": "1.69700", "2008-12-31": "0.93000", "2007-12-31": "1.47400", "2006-12-31": "1.18700", "2005-12-31": "1.19200"}, "Pre-Tax Income": {"2020-12-31": "1132.70000", "2019-12-31": "1043.70000", "2018-12-31": "987.00000", "2017-12-31": "873.10000", "2016-12-31": "789.70000", "2015-12-31": "826.10000", "2014-12-31": "787.43400", "2013-12-31": "713.46800", "2012-12-31": "674.15500", "2011-12-31": "575.08100", "2010-12-31": "430.64000", "2009-12-31": "297.49000", "2008-12-31": "451.16700", "2007-12-31": "377.89900", "2006-12-31": "321.02900", "2005-12-31": "269.05600"}, "Income Taxes": {"2020-12-31": "273.60000", "2019-12-31": "252.80000", "2018-12-31": "235.10000", "2017-12-31": "294.50000", "2016-12-31": "290.30000", "2015-12-31": "309.70000", "2014-12-31": "293.28400", "2013-12-31": "264.83200", "2012-12-31": "253.61900", "2011-12-31": "217.15200", "2010-12-31": "165.28400", "2009-12-31": "113.13300", "2008-12-31": "171.46200", "2007-12-31": "145.27700", "2006-12-31": "121.99100", "2005-12-31": "102.24200"}, "Income After Taxes": {"2020-12-31": "859.10000", "2019-12-31": "790.90000", "2018-12-31": "751.90000", "2017-12-31": "578.60000", "2016-12-31": "499.40000", "2015-12-31": "516.40000", "2014-12-31": "494.15000", "2013-12-31": "448.63600", "2012-12-31": "420.53600", "2011-12-31": "357.92900", "2010-12-31": "265.35600", "2009-12-31": "184.35700", "2008-12-31": "279.70500", "2007-12-31": "232.62200", "2006-12-31": "199.03800", "2005-12-31": "166.81400"}, "Other Income": {"2020-12-31": "", "2019-12-31": "", "2018-12-31": "", "2017-12-31": "", "2016-12-31": "", "2015-12-31": "", "2014-12-31": "", "2013-12-31": "", "2012-12-31": "", "2011-12-31": "", "2010-12-31": "", "2009-12-31": "", "2008-12-31": "", "2007-12-31": "", "2006-12-31": "", "2005-12-31": ""}, "Income From Continuous Operations": {"2020-12-31": "859.10000", "2019-12-31": "790.90000", "2018-12-31": "751.90000", "2017-12-31": "578.60000", "2016-12-31": "499.40000", "2015-12-31": "516.40000", "2014-12-31": "494.15000", "2013-12-31": "448.63600", "2012-12-31": "420.53600", "2011-12-31": "357.92900", "2010-12-31": "265.35600", "2009-12-31": "184.35700", "2008-12-31": "279.70500", "2007-12-31": "232.62200", "2006-12-31": "199.03800", "2005-12-31": "166.81400"}, "Income From Discontinued Operations": {"2020-12-31": "", "2019-12-31": "", "2018-12-31": "", "2017-12-31": "", "2016-12-31": "", "2015-12-31": "", "2014-12-31": "", "2013-12-31": "", "2012-12-31": "", "2011-12-31": "", "2010-12-31": "", "2009-12-31": "", "2008-12-31": "", "2007-12-31": "", "2006-12-31": "", "2005-12-31": ""}, "Net Income": {"2020-12-31": "859.10000", "2019-12-31": "790.90000", "2018-12-31": "751.90000", "2017-12-31": "578.60000", "2016-12-31": "499.40000", "2015-12-31": "516.40000", "2014-12-31": "494.15000", "2013-12-31": "448.63600", "2012-12-31": "420.53600", "2011-12-31": "357.92900", "2010-12-31": "265.35600", "2009-12-31": "184.35700", "2008-12-31": "279.70500", "2007-12-31": "232.62200", "2006-12-31": "199.03800", "2005-12-31": "166.81400"}, "EBITDA": {"2020-12-31": "1304.20000", "2019-12-31": "1205.90000", "2018-12-31": "1137.40000", "2017-12-31": "1009.20000", "2016-12-31": "899.80000", "2015-12-31": "915.39980", "2014-12-31": "860.26230", "2013-12-31": "776.84800", "2012-12-31": "727.74290", "2011-12-31": "619.31460", "2010-12-31": "470.44380", "2009-12-31": "335.88000", "2008-12-31": "489.50510", "2007-12-31": "413.82420", "2006-12-31": "353.43900", "2005-12-31": "296.93700"}, "EBIT": {"2020-12-31": "1141.80000", "2019-12-31": "1057.20000", "2018-12-31": "999.20020", "2017-12-31": "881.80000", "2016-12-31": "795.80000", "2015-12-31": "828.79980", "2014-12-31": "787.59030", "2013-12-31": "712.65700", "2012-12-31": "673.69090", "2011-12-31": "574.60860", "2010-12-31": "429.68880", "2009-12-31": "295.79300", "2008-12-31": "450.23710", "2007-12-31": "376.42520", "2006-12-31": "319.84200", "2005-12-31": "267.86400"}, "Basic Shares Outstanding": {"2020-12-31": "573.80000", "2019-12-31": "573.20000", "2018-12-31": "573.90000", "2017-12-31": "576.40000", "2016-12-31": "577.80000", "2015-12-31": "583.00000", "2014-12-31": "592.98000", "2013-12-31": "593.50800", "2012-12-31": "592.17800", "2011-12-31": "590.10800", "2010-12-31": "589.72200", "2009-12-31": "593.43200", "2008-12-31": "595.32400", "2007-12-31": "602.22000", "2006-12-31": "604.13600", "2005-12-31": "605.08000"}, "Shares Outstanding": {"2020-12-31": "575.70000", "2019-12-31": "574.40000", "2018-12-31": "574.30000", "2017-12-31": "576.70000", "2016-12-31": "578.40000", "2015-12-31": "584.00000", "2014-12-31": "594.62600", "2013-12-31": "595.36800", "2012-12-31": "594.30200", "2011-12-31": "591.73800", "2010-12-31": "589.72200", "2009-12-31": "593.43200", "2008-12-31": "595.32400", "2007-12-31": "602.22000", "2006-12-31": "604.66000", "2005-12-31": "606.03200"}, "Basic EPS": {"2020-12-31": "1.50000", "2019-12-31": "1.38000", "2018-12-31": "1.31000", "2017-12-31": "1.00000", "2016-12-31": "0.86500", "2015-12-31": "0.88500", "2014-12-31": "0.83500", "2013-12-31": "0.75500", "2012-12-31": "0.71000", "2011-12-31": "0.60500", "2010-12-31": "0.45000", "2009-12-31": "0.31000", "2008-12-31": "0.47000", "2007-12-31": "0.38750", "2006-12-31": "0.33000", "2005-12-31": "0.27500"}, "EPS - Earnings Per Share": {"2020-12-31": "1.49000", "2019-12-31": "1.38000", "2018-12-31": "1.31000", "2017-12-31": "1.00000", "2016-12-31": "0.86500", "2015-12-31": "0.88500", "2014-12-31": "0.83000", "2013-12-31": "0.75500", "2012-12-31": "0.71000", "2011-12-31": "0.60500", "2010-12-31": "0.45000", "2009-12-31": "0.31000", "2008-12-31": "0.47000", "2007-12-31": "0.38750", "2006-12-31": "0.33000", "2005-12-31": "0.27500"}}, "income statement, quarterly": {"Revenue": {"2020-12-31": "1358.00000", "2020-09-30": "1413.30000", "2020-06-30": "1509.00000", "2020-03-31": "1367.00000", "2019-12-31": "1276.90000", "2019-09-30": "1379.10000", "2019-06-30": "1368.40000", "2019-03-31": "1309.30000", "2018-12-31": "1231.60000", "2018-09-30": "1279.80000", "2018-06-30": "1267.90000", "2018-03-31": "1185.80000", "2017-12-31": "1088.50000", "2017-09-30": "1132.80000", "2017-06-30": "1121.50000", "2017-03-31": "1047.70000", "2016-12-31": "947.89980", "2016-09-30": "1013.10000", "2016-06-30": "1014.30000", "2016-03-31": "986.70000", "2015-12-31": "922.80590", "2015-09-30": "995.25000", "2015-06-30": "997.82700", "2015-03-31": "953.31700", "2014-12-31": "926.25420", "2014-09-30": "980.81400", "2014-06-30": "949.93800", "2014-03-31": "876.50100", "2013-12-31": "813.75990", "2013-09-30": "858.42400", "2013-06-30": "847.59600", "2013-03-31": "806.32600", "2012-12-31": "757.23500", "2012-09-30": "802.57700", "2012-06-30": "804.89000", "2012-03-31": "768.87500", "2011-12-31": "697.80400", "2011-09-30": "726.74200", "2011-06-30": "701.73000", "2011-03-31": "640.58300", "2010-12-31": "573.76600", "2010-09-30": "603.75000", "2010-06-30": "571.18300", "2010-03-31": "520.77200", "2009-12-31": "476.74990", "2009-09-30": "489.33900", "2009-06-30": "474.89400", "2009-03-31": "489.34700", "2008-12-31": "544.95900", "2008-09-30": "625.03700", "2008-06-30": "604.21900", "2008-03-31": "566.21000", "2007-12-31": "519.20610", "2007-09-30": "533.75000", "2007-06-30": "519.70600", "2007-03-31": "489.15700", "2006-12-31": "448.72900", "2006-09-30": "470.08800", "2006-06-30": "458.81700", "2006-03-31": "431.70300", "2005-12-31": "384.04300", "2005-09-30": "402.21800", "2005-06-30": "383.26300", "2005-03-31": "353.80900"}, "Cost Of Goods Sold": {"2020-12-31": "739.20000", "2020-09-30": "772.70000", "2020-06-30": "837.40000", "2020-03-31": "730.20000", "2019-12-31": "678.50010", "2019-09-30": "728.00000", "2019-06-30": "727.20000", "2019-03-31": "684.60000", "2018-12-31": "643.80000", "2018-09-30": "664.00000", "2018-06-30": "650.20000", "2018-03-31": "608.20000", "2017-12-31": "557.29990", "2017-09-30": "576.90000", "2017-06-30": "563.00000", "2017-03-31": "529.70000", "2016-12-31": "475.99990", "2016-09-30": "513.30000", "2016-06-30": "512.70000", "2016-03-31": "495.20000", "2015-12-31": "462.26800", "2015-09-30": "493.02500", "2015-06-30": "495.74000", "2015-03-31": "469.26700", "2014-12-31": "458.69000", "2014-09-30": "482.12100", "2014-06-30": "467.27100", "2014-03-31": "428.02300", "2013-12-31": "402.31110", "2013-09-30": "415.02900", "2013-06-30": "404.87500", "2013-03-31": "384.44600", "2012-12-31": "366.41390", "2012-09-30": "388.20200", "2012-06-30": "389.73900", "2012-03-31": "374.69800", "2011-12-31": "340.62600", "2011-09-30": "349.36100", "2011-06-30": "335.49700", "2011-03-31": "307.20300", "2010-12-31": "275.14900", "2010-09-30": "291.10200", "2010-06-30": "273.52500", "2010-03-31": "254.85900", "2009-12-31": "239.03500", "2009-09-30": "244.77200", "2009-06-30": "232.38900", "2009-03-31": "230.69900", "2008-12-31": "253.76900", "2008-09-30": "294.15400", "2008-06-30": "286.83000", "2008-03-31": "269.58000", "2007-12-31": "254.64000", "2007-09-30": "261.72600", "2007-06-30": "258.23700", "2007-03-31": "239.64200", "2006-12-31": "224.78090", "2006-09-30": "232.85300", "2006-06-30": "229.81200", "2006-03-31": "214.21600", "2005-12-31": "190.61700", "2005-09-30": "203.09500", "2005-06-30": "192.47100", "2005-03-31": "179.04700"}, "Gross Profit": {"2020-12-31": "618.80000", "2020-09-30": "640.60000", "2020-06-30": "671.60000", "2020-03-31": "636.80000", "2019-12-31": "598.40000", "2019-09-30": "651.10000", "2019-06-30": "641.20000", "2019-03-31": "624.70010", "2018-12-31": "587.79990", "2018-09-30": "615.80000", "2018-06-30": "617.70000", "2018-03-31": "577.60000", "2017-12-31": "531.20010", "2017-09-30": "555.90000", "2017-06-30": "558.50000", "2017-03-31": "517.99990", "2016-12-31": "471.90000", "2016-09-30": "499.80000", "2016-06-30": "501.60000", "2016-03-31": "491.50000", "2015-12-31": "460.53790", "2015-09-30": "502.22500", "2015-06-30": "502.08700", "2015-03-31": "484.05000", "2014-12-31": "467.56410", "2014-09-30": "498.69300", "2014-06-30": "482.66700", "2014-03-31": "448.47800", "2013-12-31": "411.44890", "2013-09-30": "443.39500", "2013-06-30": "442.72100", "2013-03-31": "421.88000", "2012-12-31": "390.82100", "2012-09-30": "414.37500", "2012-06-30": "415.15100", "2012-03-31": "394.17700", "2011-12-31": "357.17790", "2011-09-30": "377.38100", "2011-06-30": "366.23300", "2011-03-31": "333.38000", "2010-12-31": "298.61690", "2010-09-30": "312.64800", "2010-06-30": "297.65800", "2010-03-31": "265.91300", "2009-12-31": "237.71490", "2009-09-30": "244.56700", "2009-06-30": "242.50500", "2009-03-31": "258.64800", "2008-12-31": "291.19000", "2008-09-30": "330.88300", "2008-06-30": "317.38900", "2008-03-31": "296.63000", "2007-12-31": "264.56610", "2007-09-30": "272.02400", "2007-06-30": "261.46900", "2007-03-31": "249.51500", "2006-12-31": "223.94810", "2006-09-30": "237.23500", "2006-06-30": "229.00500", "2006-03-31": "217.48700", "2005-12-31": "193.42600", "2005-09-30": "199.12300", "2005-06-30": "190.79200", "2005-03-31": "174.76200"}, "Research And Development Expenses": {"2020-12-31": "", "2020-09-30": "", "2020-06-30": "", "2020-03-31": "", "2019-12-31": "", "2019-09-30": "", "2019-06-30": "", "2019-03-31": "", "2018-12-31": "", "2018-09-30": "", "2018-06-30": "", "2018-03-31": "", "2017-12-31": "", "2017-09-30": "", "2017-06-30": "", "2017-03-31": "", "2016-12-31": "", "2016-09-30": "", "2016-06-30": "", "2016-03-31": "", "2015-12-31": "", "2015-09-30": "", "2015-06-30": "", "2015-03-31": "", "2014-12-31": "", "2014-09-30": "", "2014-06-30": "", "2014-03-31": "", "2013-12-31": "", "2013-09-30": "", "2013-06-30": "", "2013-03-31": "", "2012-12-31": "", "2012-09-30": "", "2012-06-30": "", "2012-03-31": "", "2011-12-31": "", "2011-09-30": "", "2011-06-30": "", "2011-03-31": "", "2010-12-31": "", "2010-09-30": "", "2010-06-30": "", "2010-03-31": "", "2009-12-31": "", "2009-09-30": "", "2009-06-30": "", "2009-03-31": "", "2008-12-31": "", "2008-09-30": "", "2008-06-30": "", "2008-03-31": "", "2007-12-31": "", "2007-09-30": "", "2007-06-30": "", "2007-03-31": "", "2006-12-31": "", "2006-09-30": "", "2006-06-30": "", "2006-03-31": "", "2005-12-31": "", "2005-09-30": "", "2005-06-30": "", "2005-03-31": ""}, "SG&A Expenses": {"2020-12-31": "354.70000", "2020-09-30": "351.50000", "2020-06-30": "355.30000", "2020-03-31": "365.90000", "2019-12-31": "359.89990", "2019-09-30": "369.20000", "2019-06-30": "366.70000", "2019-03-31": "363.60000", "2018-12-31": "354.39990", "2018-09-30": "353.80000", "2018-06-30": "349.30000", "2018-03-31": "342.70000", "2017-12-31": "327.80010", "2017-09-30": "327.50000", "2017-06-30": "321.60000", "2017-03-31": "305.90000", "2016-12-31": "289.60000", "2016-09-30": "297.10000", "2016-06-30": "292.60000", "2016-03-31": "290.20000", "2015-12-31": "282.09100", "2015-09-30": "282.37800", "2015-06-30": "276.64400", "2015-03-31": "280.38700", "2014-12-31": "278.78510", "2014-09-30": "286.13200", "2014-06-30": "276.01600", "2014-03-31": "269.84300", "2013-12-31": "254.39000", "2013-09-30": "254.95700", "2013-06-30": "250.75000", "2013-03-31": "247.33400", "2012-12-31": "232.91400", "2012-09-30": "238.81400", "2012-06-30": "236.53800", "2012-03-31": "232.97000", "2011-12-31": "216.55200", "2011-09-30": "222.25700", "2011-06-30": "215.86800", "2011-03-31": "204.69200", "2010-12-31": "191.77900", "2010-09-30": "192.14000", "2010-06-30": "185.78300", "2010-03-31": "175.41000", "2009-12-31": "166.62100", "2009-09-30": "168.11900", "2009-06-30": "172.14300", "2009-03-31": "179.90900", "2008-12-31": "191.91700", "2008-09-30": "213.31000", "2008-06-30": "193.89900", "2008-03-31": "186.56200", "2007-12-31": "172.95800", "2007-09-30": "173.17800", "2007-06-30": "164.26100", "2007-03-31": "160.85100", "2006-12-31": "150.98200", "2006-09-30": "150.03500", "2006-06-30": "146.08100", "2006-03-31": "140.51200", "2005-12-31": "130.46900", "2005-09-30": "125.37900", "2005-06-30": "118.85800", "2005-03-31": "115.08600"}, "Other Operating Income Or Expenses": {"2020-12-31": "0.30000", "2020-09-30": "1.00000", "2020-06-30": "-0.30000", "2020-03-31": "0.40000", "2019-12-31": "0.40000", "2019-09-30": "0.00000", "2019-06-30": "0.50000", "2019-03-31": "0.30000", "2018-12-31": "0.00000", "2018-09-30": "0.30000", "2018-06-30": "0.60000", "2018-03-31": "-0.40000", "2017-12-31": "-0.10000", "2017-09-30": "0.10000", "2017-06-30": "0.60000", "2017-03-31": "0.40000", "2016-12-31": "0.20000", "2016-09-30": "0.20000", "2016-06-30": "0.20000", "2016-03-31": "-0.10000", "2015-12-31": "0.74000", "2015-09-30": "0.16200", "2015-06-30": "0.39000", "2015-03-31": "0.10800", "2014-12-31": "0.24200", "2014-09-30": "0.31000", "2014-06-30": "0.19600", "2014-03-31": "0.21600", "2013-12-31": "0.07500", "2013-09-30": "0.11200", "2013-06-30": "0.24300", "2013-03-31": "0.21300", "2012-12-31": "0.13700", "2012-09-30": "0.15800", "2012-06-30": "0.28200", "2012-03-31": "-0.17400", "2011-12-31": "-0.01100", "2011-09-30": "0.10100", "2011-06-30": "-0.25900", "2011-03-31": "-0.02500", "2010-12-31": "0.06900", "2010-09-30": "0.00200", "2010-06-30": "-0.03900", "2010-03-31": "-0.06700", "2009-12-31": "-0.06000", "2009-09-30": "-0.03800", "2009-06-30": "-0.42400", "2009-03-31": "-0.32800", "2008-12-31": "0.03200", "2008-09-30": "0.04600", "2008-06-30": "-0.14100", "2008-03-31": "-0.10400", "2007-12-31": "0.01400", "2007-09-30": "0.00200", "2007-06-30": "0.19800", "2007-03-31": "-0.11500", "2006-12-31": "-0.04700", "2006-09-30": "-0.02600", "2006-06-30": "-0.11500", "2006-03-31": "-0.03500", "2005-12-31": "-0.13400", "2005-09-30": "0.13900", "2005-06-30": "-0.20400", "2005-03-31": "-0.24800"}, "Operating Expenses": {"2020-12-31": "1093.60000", "2020-09-30": "1123.20000", "2020-06-30": "1193.00000", "2020-03-31": "1095.70000", "2019-12-31": "1038.00000", "2019-09-30": "1097.20000", "2019-06-30": "1093.40000", "2019-03-31": "1047.90000", "2018-12-31": "998.19980", "2018-09-30": "1017.50000", "2018-06-30": "998.90000", "2018-03-31": "951.30000", "2017-12-31": "885.20000", "2017-09-30": "904.30000", "2017-06-30": "884.00000", "2017-03-31": "835.20000", "2016-12-31": "765.39990", "2016-09-30": "810.20000", "2016-06-30": "805.10000", "2016-03-31": "785.50000", "2015-12-31": "743.61910", "2015-09-30": "775.24100", "2015-06-30": "771.99400", "2015-03-31": "749.54600", "2014-12-31": "737.23260", "2014-09-30": "767.94300", "2014-06-30": "743.09100", "2014-03-31": "697.65000", "2013-12-31": "656.62590", "2013-09-30": "669.87400", "2013-06-30": "655.38200", "2013-03-31": "631.56700", "2012-12-31": "599.19110", "2012-09-30": "626.85800", "2012-06-30": "625.99500", "2012-03-31": "607.84200", "2011-12-31": "557.18930", "2011-09-30": "571.51700", "2011-06-30": "551.62400", "2011-03-31": "511.92000", "2010-12-31": "466.85920", "2010-09-30": "483.24000", "2010-06-30": "459.34700", "2010-03-31": "430.33600", "2009-12-31": "405.71600", "2009-09-30": "412.92900", "2009-06-30": "404.95600", "2009-03-31": "410.93600", "2008-12-31": "445.65410", "2008-09-30": "507.41800", "2008-06-30": "480.87000", "2008-03-31": "456.24600", "2007-12-31": "427.58400", "2007-09-30": "434.90200", "2007-06-30": "422.30000", "2007-03-31": "400.60800", "2006-12-31": "375.81010", "2006-09-30": "382.91400", "2006-06-30": "376.00800", "2006-03-31": "354.76300", "2005-12-31": "321.22010", "2005-09-30": "328.33500", "2005-06-30": "311.53300", "2005-03-31": "294.38100"}, "Operating Income": {"2020-12-31": "264.40000", "2020-09-30": "290.10010", "2020-06-30": "316.00000", "2020-03-31": "271.30000", "2019-12-31": "238.90010", "2019-09-30": "281.90000", "2019-06-30": "275.00000", "2019-03-31": "261.40010", "2018-12-31": "233.40000", "2018-09-30": "262.30000", "2018-06-30": "269.00000", "2018-03-31": "234.50000", "2017-12-31": "203.30000", "2017-09-30": "228.50000", "2017-06-30": "237.50000", "2017-03-31": "212.50000", "2016-12-31": "182.49990", "2016-09-30": "202.90000", "2016-06-30": "209.20000", "2016-03-31": "201.20000", "2015-12-31": "179.18680", "2015-09-30": "220.00900", "2015-06-30": "225.83300", "2015-03-31": "203.77100", "2014-12-31": "189.02150", "2014-09-30": "212.87100", "2014-06-30": "206.84700", "2014-03-31": "178.85100", "2013-12-31": "157.13410", "2013-09-30": "188.55000", "2013-06-30": "192.21400", "2013-03-31": "174.75900", "2012-12-31": "158.04390", "2012-09-30": "175.71910", "2012-06-30": "178.89500", "2012-03-31": "161.03300", "2011-12-31": "140.61460", "2011-09-30": "155.22500", "2011-06-30": "150.10600", "2011-03-31": "128.66300", "2010-12-31": "106.90680", "2010-09-30": "120.51000", "2010-06-30": "111.83600", "2010-03-31": "90.43600", "2009-12-31": "71.03400", "2009-09-30": "76.41000", "2009-06-30": "69.93800", "2009-03-31": "78.41100", "2008-12-31": "99.30500", "2008-09-30": "117.61900", "2008-06-30": "123.34900", "2008-03-31": "109.96410", "2007-12-31": "91.62210", "2007-09-30": "98.84800", "2007-06-30": "97.40600", "2007-03-31": "88.54900", "2006-12-31": "72.91900", "2006-09-30": "87.17400", "2006-06-30": "82.80900", "2006-03-31": "76.94000", "2005-12-31": "62.82290", "2005-09-30": "73.88300", "2005-06-30": "71.73000", "2005-03-31": "59.42800"}, "Total Non-Operating Income/Expense": {"2020-12-31": "-2.20000", "2020-09-30": "-2.50000", "2020-06-30": "-2.30000", "2020-03-31": "-2.10000", "2019-12-31": "-2.50000", "2019-09-30": "-3.50000", "2019-06-30": "-3.60000", "2019-03-31": "-3.90000", "2018-12-31": "-3.60000", "2018-09-30": "-2.90000", "2018-06-30": "-3.10000", "2018-03-31": "-2.60000", "2017-12-31": "-2.50000", "2017-09-30": "-2.50000", "2017-06-30": "-2.10000", "2017-03-31": "-1.60000", "2016-12-31": "-1.70000", "2016-09-30": "-1.70000", "2016-06-30": "-1.40000", "2016-03-31": "-1.30000", "2015-12-31": "-0.90200", "2015-09-30": "-0.80500", "2015-06-30": "-0.73400", "2015-03-31": "-0.25900", "2014-12-31": "-0.20200", "2014-09-30": "0.11700", "2014-06-30": "-0.06500", "2014-03-31": "-0.00600", "2013-12-31": "0.14000", "2013-09-30": "0.09300", "2013-06-30": "0.16500", "2013-03-31": "0.41300", "2012-12-31": "0.10700", "2012-09-30": "0.11700", "2012-06-30": "0.14400", "2012-03-31": "0.09600", "2011-12-31": "0.15400", "2011-09-30": "0.09400", "2011-06-30": "0.07600", "2011-03-31": "0.14800", "2010-12-31": "0.23700", "2010-09-30": "0.19200", "2010-06-30": "0.28900", "2010-03-31": "0.23300", "2009-12-31": "0.38500", "2009-09-30": "0.59200", "2009-06-30": "0.46400", "2009-03-31": "0.25600", "2008-12-31": "0.29500", "2008-09-30": "0.16700", "2008-06-30": "0.24700", "2008-03-31": "0.22100", "2007-12-31": "0.33400", "2007-09-30": "0.46400", "2007-06-30": "0.45400", "2007-03-31": "0.22200", "2006-12-31": "0.16300", "2006-09-30": "0.22600", "2006-06-30": "0.41000", "2006-03-31": "0.38800", "2005-12-31": "0.34700", "2005-09-30": "0.26500", "2005-06-30": "0.28100", "2005-03-31": "0.29900"}, "Pre-Tax Income": {"2020-12-31": "262.20000", "2020-09-30": "287.60000", "2020-06-30": "313.70000", "2020-03-31": "269.20000", "2019-12-31": "236.39990", "2019-09-30": "278.40000", "2019-06-30": "271.40000", "2019-03-31": "257.50000", "2018-12-31": "229.80000", "2018-09-30": "259.40000", "2018-06-30": "265.90000", "2018-03-31": "231.90000", "2017-12-31": "200.80000", "2017-09-30": "226.00000", "2017-06-30": "235.40000", "2017-03-31": "210.90000", "2016-12-31": "180.80000", "2016-09-30": "201.20000", "2016-06-30": "207.80000", "2016-03-31": "199.90000", "2015-12-31": "178.28500", "2015-09-30": "219.20400", "2015-06-30": "225.09900", "2015-03-31": "203.51200", "2014-12-31": "188.81910", "2014-09-30": "212.98800", "2014-06-30": "206.78200", "2014-03-31": "178.84500", "2013-12-31": "157.27400", "2013-09-30": "188.64300", "2013-06-30": "192.37900", "2013-03-31": "175.17200", "2012-12-31": "158.15100", "2012-09-30": "175.83600", "2012-06-30": "179.03900", "2012-03-31": "161.12900", "2011-12-31": "140.76900", "2011-09-30": "155.31900", "2011-06-30": "150.18200", "2011-03-31": "128.81100", "2010-12-31": "107.14400", "2010-09-30": "120.70200", "2010-06-30": "112.12500", "2010-03-31": "90.66900", "2009-12-31": "71.41900", "2009-09-30": "77.00200", "2009-06-30": "70.40200", "2009-03-31": "78.66700", "2008-12-31": "99.60000", "2008-09-30": "117.78600", "2008-06-30": "123.59600", "2008-03-31": "110.18500", "2007-12-31": "91.95600", "2007-09-30": "99.31200", "2007-06-30": "97.86000", "2007-03-31": "88.77100", "2006-12-31": "73.08200", "2006-09-30": "87.40000", "2006-06-30": "83.21900", "2006-03-31": "77.32800", "2005-12-31": "63.17000", "2005-09-30": "74.14800", "2005-06-30": "72.01100", "2005-03-31": "59.72700"}, "Income Taxes": {"2020-12-31": "66.10000", "2020-09-30": "66.10000", "2020-06-30": "74.80000", "2020-03-31": "66.60000", "2019-12-31": "57.70000", "2019-09-30": "64.90000", "2019-06-30": "66.80000", "2019-03-31": "63.40000", "2018-12-31": "61.00000", "2018-09-30": "61.80000", "2018-06-30": "54.70000", "2018-03-31": "57.60000", "2017-12-31": "48.40000", "2017-09-30": "82.90000", "2017-06-30": "86.50000", "2017-03-31": "76.70000", "2016-12-31": "66.00000", "2016-09-30": "74.30000", "2016-06-30": "76.30000", "2016-03-31": "73.70000", "2015-12-31": "66.34200", "2015-09-30": "82.71000", "2015-06-30": "84.74200", "2015-03-31": "75.90600", "2014-12-31": "70.42800", "2014-09-30": "79.67400", "2014-06-30": "76.26800", "2014-03-31": "66.91400", "2013-12-31": "58.04500", "2013-09-30": "69.29300", "2013-06-30": "71.37000", "2013-03-31": "66.12400", "2012-12-31": "59.43500", "2012-09-30": "66.51600", "2012-06-30": "66.73300", "2012-03-31": "60.93500", "2011-12-31": "53.29700", "2011-09-30": "58.52100", "2011-06-30": "56.07000", "2011-03-31": "49.26400", "2010-12-31": "41.98300", "2010-09-30": "45.70800", "2010-06-30": "42.95800", "2010-03-31": "34.63500", "2009-12-31": "26.88300", "2009-09-30": "29.41300", "2009-06-30": "26.86400", "2009-03-31": "29.97300", "2008-12-31": "37.06400", "2008-09-30": "44.87700", "2008-06-30": "47.43000", "2008-03-31": "42.09100", "2007-12-31": "35.76500", "2007-09-30": "37.17000", "2007-06-30": "37.60400", "2007-03-31": "34.73800", "2006-12-31": "27.51200", "2006-09-30": "33.29900", "2006-06-30": "31.70600", "2006-03-31": "29.47400", "2005-12-31": "24.00500", "2005-09-30": "28.17700", "2005-06-30": "27.36400", "2005-03-31": "22.69600"}, "Income After Taxes": {"2020-12-31": "196.10000", "2020-09-30": "221.50000", "2020-06-30": "238.90000", "2020-03-31": "202.60000", "2019-12-31": "178.70000", "2019-09-30": "213.50000", "2019-06-30": "204.60000", "2019-03-31": "194.10000", "2018-12-31": "168.80000", "2018-09-30": "197.60000", "2018-06-30": "211.20000", "2018-03-31": "174.30000", "2017-12-31": "152.40000", "2017-09-30": "143.10000", "2017-06-30": "148.90000", "2017-03-31": "134.20000", "2016-12-31": "114.80000", "2016-09-30": "126.90000", "2016-06-30": "131.50000", "2016-03-31": "126.20000", "2015-12-31": "111.94300", "2015-09-30": "136.49400", "2015-06-30": "140.35700", "2015-03-31": "127.60600", "2014-12-31": "118.39100", "2014-09-30": "133.31400", "2014-06-30": "130.51400", "2014-03-31": "111.93100", "2013-12-31": "99.22900", "2013-09-30": "119.35000", "2013-06-30": "121.00900", "2013-03-31": "109.04800", "2012-12-31": "98.71600", "2012-09-30": "109.32000", "2012-06-30": "112.30600", "2012-03-31": "100.19400", "2011-12-31": "87.47200", "2011-09-30": "96.79800", "2011-06-30": "94.11200", "2011-03-31": "79.54700", "2010-12-31": "65.16100", "2010-09-30": "74.99400", "2010-06-30": "69.16700", "2010-03-31": "56.03400", "2009-12-31": "44.53600", "2009-09-30": "47.58900", "2009-06-30": "43.53800", "2009-03-31": "48.69400", "2008-12-31": "62.53600", "2008-09-30": "72.90900", "2008-06-30": "76.16600", "2008-03-31": "68.09400", "2007-12-31": "56.19100", "2007-09-30": "62.14200", "2007-06-30": "60.25600", "2007-03-31": "54.03300", "2006-12-31": "45.57000", "2006-09-30": "54.10100", "2006-06-30": "51.51300", "2006-03-31": "47.85400", "2005-12-31": "39.16500", "2005-09-30": "45.97100", "2005-06-30": "44.64700", "2005-03-31": "37.03100"}, "Other Income": {"2020-12-31": "", "2020-09-30": "", "2020-06-30": "", "2020-03-31": "", "2019-12-31": "", "2019-09-30": "", "2019-06-30": "", "2019-03-31": "", "2018-12-31": "", "2018-09-30": "", "2018-06-30": "", "2018-03-31": "", "2017-12-31": "", "2017-09-30": "", "2017-06-30": "", "2017-03-31": "", "2016-12-31": "", "2016-09-30": "", "2016-06-30": "", "2016-03-31": "", "2015-12-31": "", "2015-09-30": "", "2015-06-30": "", "2015-03-31": "", "2014-12-31": "", "2014-09-30": "", "2014-06-30": "", "2014-03-31": "", "2013-12-31": "", "2013-09-30": "", "2013-06-30": "", "2013-03-31": "", "2012-12-31": "", "2012-09-30": "", "2012-06-30": "", "2012-03-31": "", "2011-12-31": "", "2011-09-30": "", "2011-06-30": "", "2011-03-31": "", "2010-12-31": "", "2010-09-30": "", "2010-06-30": "", "2010-03-31": "", "2009-12-31": "", "2009-09-30": "", "2009-06-30": "", "2009-03-31": "", "2008-12-31": "", "2008-09-30": "", "2008-06-30": "", "2008-03-31": "", "2007-12-31": "", "2007-09-30": "", "2007-06-30": "", "2007-03-31": "", "2006-12-31": "", "2006-09-30": "", "2006-06-30": "", "2006-03-31": "", "2005-12-31": "", "2005-09-30": "", "2005-06-30": "", "2005-03-31": ""}, "Income From Continuous Operations": {"2020-12-31": "196.10000", "2020-09-30": "221.50000", "2020-06-30": "238.90000", "2020-03-31": "202.60000", "2019-12-31": "178.70000", "2019-09-30": "213.50000", "2019-06-30": "204.60000", "2019-03-31": "194.10000", "2018-12-31": "168.80000", "2018-09-30": "197.60000", "2018-06-30": "211.20000", "2018-03-31": "174.30000", "2017-12-31": "152.40000", "2017-09-30": "143.10000", "2017-06-30": "148.90000", "2017-03-31": "134.20000", "2016-12-31": "114.80000", "2016-09-30": "126.90000", "2016-06-30": "131.50000", "2016-03-31": "126.20000", "2015-12-31": "111.94300", "2015-09-30": "136.49400", "2015-06-30": "140.35700", "2015-03-31": "127.60600", "2014-12-31": "118.39100", "2014-09-30": "133.31400", "2014-06-30": "130.51400", "2014-03-31": "111.93100", "2013-12-31": "99.22900", "2013-09-30": "119.35000", "2013-06-30": "121.00900", "2013-03-31": "109.04800", "2012-12-31": "98.71600", "2012-09-30": "109.32000", "2012-06-30": "112.30600", "2012-03-31": "100.19400", "2011-12-31": "87.47200", "2011-09-30": "96.79800", "2011-06-30": "94.11200", "2011-03-31": "79.54700", "2010-12-31": "65.16100", "2010-09-30": "74.99400", "2010-06-30": "69.16700", "2010-03-31": "56.03400", "2009-12-31": "44.53600", "2009-09-30": "47.58900", "2009-06-30": "43.53800", "2009-03-31": "48.69400", "2008-12-31": "62.53600", "2008-09-30": "72.90900", "2008-06-30": "76.16600", "2008-03-31": "68.09400", "2007-12-31": "56.19100", "2007-09-30": "62.14200", "2007-06-30": "60.25600", "2007-03-31": "54.03300", "2006-12-31": "45.57000", "2006-09-30": "54.10100", "2006-06-30": "51.51300", "2006-03-31": "47.85400", "2005-12-31": "39.16500", "2005-09-30": "45.97100", "2005-06-30": "44.64700", "2005-03-31": "37.03100"}, "Income From Discontinued Operations": {"2020-12-31": "", "2020-09-30": "", "2020-06-30": "", "2020-03-31": "", "2019-12-31": "", "2019-09-30": "", "2019-06-30": "", "2019-03-31": "", "2018-12-31": "", "2018-09-30": "", "2018-06-30": "", "2018-03-31": "", "2017-12-31": "", "2017-09-30": "", "2017-06-30": "", "2017-03-31": "", "2016-12-31": "", "2016-09-30": "", "2016-06-30": "", "2016-03-31": "", "2015-12-31": "", "2015-09-30": "", "2015-06-30": "", "2015-03-31": "", "2014-12-31": "", "2014-09-30": "", "2014-06-30": "", "2014-03-31": "", "2013-12-31": "", "2013-09-30": "", "2013-06-30": "", "2013-03-31": "", "2012-12-31": "", "2012-09-30": "", "2012-06-30": "", "2012-03-31": "", "2011-12-31": "", "2011-09-30": "", "2011-06-30": "", "2011-03-31": "", "2010-12-31": "", "2010-09-30": "", "2010-06-30": "", "2010-03-31": "", "2009-12-31": "", "2009-09-30": "", "2009-06-30": "", "2009-03-31": "", "2008-12-31": "", "2008-09-30": "", "2008-06-30": "", "2008-03-31": "", "2007-12-31": "", "2007-09-30": "", "2007-06-30": "", "2007-03-31": "", "2006-12-31": "", "2006-09-30": "", "2006-06-30": "", "2006-03-31": "", "2005-12-31": "", "2005-09-30": "", "2005-06-30": "", "2005-03-31": ""}, "Net Income": {"2020-12-31": "196.10000", "2020-09-30": "221.50000", "2020-06-30": "238.90000", "2020-03-31": "202.60000", "2019-12-31": "178.70000", "2019-09-30": "213.50000", "2019-06-30": "204.60000", "2019-03-31": "194.10000", "2018-12-31": "168.80000", "2018-09-30": "197.60000", "2018-06-30": "211.20000", "2018-03-31": "174.30000", "2017-12-31": "152.40000", "2017-09-30": "143.10000", "2017-06-30": "148.90000", "2017-03-31": "134.20000", "2016-12-31": "114.80000", "2016-09-30": "126.90000", "2016-06-30": "131.50000", "2016-03-31": "126.20000", "2015-12-31": "111.94300", "2015-09-30": "136.49400", "2015-06-30": "140.35700", "2015-03-31": "127.60600", "2014-12-31": "118.39100", "2014-09-30": "133.31400", "2014-06-30": "130.51400", "2014-03-31": "111.93100", "2013-12-31": "99.22900", "2013-09-30": "119.35000", "2013-06-30": "121.00900", "2013-03-31": "109.04800", "2012-12-31": "98.71600", "2012-09-30": "109.32000", "2012-06-30": "112.30600", "2012-03-31": "100.19400", "2011-12-31": "87.47200", "2011-09-30": "96.79800", "2011-06-30": "94.11200", "2011-03-31": "79.54700", "2010-12-31": "65.16100", "2010-09-30": "74.99400", "2010-06-30": "69.16700", "2010-03-31": "56.03400", "2009-12-31": "44.53600", "2009-09-30": "47.58900", "2009-06-30": "43.53800", "2009-03-31": "48.69400", "2008-12-31": "62.53600", "2008-09-30": "72.90900", "2008-06-30": "76.16600", "2008-03-31": "68.09400", "2007-12-31": "56.19100", "2007-09-30": "62.14200", "2007-06-30": "60.25600", "2007-03-31": "54.03300", "2006-12-31": "45.57000", "2006-09-30": "54.10100", "2006-06-30": "51.51300", "2006-03-31": "47.85400", "2005-12-31": "39.16500", "2005-09-30": "45.97100", "2005-06-30": "44.64700", "2005-03-31": "37.03100"}, "EBITDA": {"2020-12-31": "", "2020-09-30": "331.20010", "2020-06-30": "356.70000", "2020-03-31": "309.90010", "2019-12-31": "276.80020", "2019-09-30": "319.20000", "2019-06-30": "312.10000", "2019-03-31": "297.80010", "2018-12-31": "269.30000", "2018-09-30": "297.10000", "2018-06-30": "303.10000", "2018-03-31": "267.90000", "2017-12-31": "235.60000", "2017-09-30": "261.00000", "2017-06-30": "269.40000", "2017-03-31": "243.20000", "2016-12-31": "211.59990", "2016-09-30": "229.60000", "2016-06-30": "234.00000", "2016-03-31": "224.60000", "2015-12-31": "204.89180", "2015-09-30": "241.34600", "2015-06-30": "245.84700", "2015-03-31": "223.31500", "2014-12-31": "207.82250", "2014-09-30": "231.28900", "2014-06-30": "224.88700", "2014-03-31": "196.26400", "2013-12-31": "173.82310", "2013-09-30": "204.92500", "2013-06-30": "208.16300", "2013-03-31": "189.93700", "2012-12-31": "172.49790", "2012-09-30": "189.30810", "2012-06-30": "192.34100", "2012-03-31": "173.59600", "2011-12-31": "152.43460", "2011-09-30": "166.45100", "2011-06-30": "161.13700", "2011-03-31": "139.29200", "2010-12-31": "117.17980", "2010-09-30": "130.55400", "2010-06-30": "121.97000", "2010-03-31": "100.74000", "2009-12-31": "80.92400", "2009-09-30": "86.21000", "2009-06-30": "80.01800", "2009-03-31": "88.72800", "2008-12-31": "109.37000", "2008-09-30": "127.49200", "2008-06-30": "133.13800", "2008-03-31": "119.50510", "2007-12-31": "101.01210", "2007-09-30": "108.22300", "2007-06-30": "106.79700", "2007-03-31": "97.79200", "2006-12-31": "81.95400", "2006-09-30": "95.71400", "2006-06-30": "90.77900", "2006-03-31": "84.99200", "2005-12-31": "70.21890", "2005-09-30": "81.64100", "2005-06-30": "78.98600", "2005-03-31": "66.09100"}, "EBIT": {"2020-12-31": "264.40000", "2020-09-30": "290.10010", "2020-06-30": "316.00000", "2020-03-31": "271.30000", "2019-12-31": "238.90000", "2019-09-30": "281.90000", "2019-06-30": "275.00000", "2019-03-31": "261.40010", "2018-12-31": "233.40010", "2018-09-30": "262.30000", "2018-06-30": "269.00000", "2018-03-31": "234.50000", "2017-12-31": "203.30000", "2017-09-30": "228.50000", "2017-06-30": "237.50000", "2017-03-31": "212.50000", "2016-12-31": "182.50010", "2016-09-30": "202.90000", "2016-06-30": "209.20000", "2016-03-31": "201.20000", "2015-12-31": "179.18680", "2015-09-30": "220.00900", "2015-06-30": "225.83300", "2015-03-31": "203.77100", "2014-12-31": "189.02130", "2014-09-30": "212.87100", "2014-06-30": "206.84700", "2014-03-31": "178.85100", "2013-12-31": "157.13400", "2013-09-30": "188.55000", "2013-06-30": "192.21400", "2013-03-31": "174.75900", "2012-12-31": "158.04380", "2012-09-30": "175.71910", "2012-06-30": "178.89500", "2012-03-31": "161.03300", "2011-12-31": "140.61460", "2011-09-30": "155.22500", "2011-06-30": "150.10600", "2011-03-31": "128.66300", "2010-12-31": "106.90680", "2010-09-30": "120.51000", "2010-06-30": "111.83600", "2010-03-31": "90.43600", "2009-12-31": "71.03400", "2009-09-30": "76.41000", "2009-06-30": "69.93800", "2009-03-31": "78.41100", "2008-12-31": "99.30500", "2008-09-30": "117.61900", "2008-06-30": "123.34900", "2008-03-31": "109.96410", "2007-12-31": "91.62210", "2007-09-30": "98.84800", "2007-06-30": "97.40600", "2007-03-31": "88.54900", "2006-12-31": "72.91900", "2006-09-30": "87.17400", "2006-06-30": "82.80900", "2006-03-31": "76.94000", "2005-12-31": "62.82300", "2005-09-30": "73.88300", "2005-06-30": "71.73000", "2005-03-31": "59.42800"}, "Basic Shares Outstanding": {"2020-12-31": "574.10000", "2020-09-30": "573.90000", "2020-06-30": "573.20000", "2020-03-31": "573.90000", "2019-12-31": "573.20000", "2019-09-30": "573.50000", "2019-06-30": "573.20000", "2019-03-31": "572.20000", "2018-12-31": "573.90000", "2018-09-30": "574.00000", "2018-06-30": "574.30000", "2018-03-31": "575.20000", "2017-12-31": "576.40000", "2017-09-30": "575.00000", "2017-06-30": "577.40000", "2017-03-31": "578.40000", "2016-12-31": "577.80000", "2016-09-30": "578.00000", "2016-06-30": "577.80000", "2016-03-31": "577.60000", "2015-12-31": "583.00000", "2015-09-30": "579.83600", "2015-06-30": "582.35400", "2015-03-31": "590.47600", "2014-12-31": "592.98000", "2014-09-30": "593.19000", "2014-06-30": "593.38200", "2014-03-31": "593.28400", "2013-12-31": "593.50800", "2013-09-30": "593.68600", "2013-06-30": "593.55800", "2013-03-31": "593.28600", "2012-12-31": "592.17800", "2012-09-30": "592.47600", "2012-06-30": "592.22000", "2012-03-31": "591.07600", "2011-12-31": "590.10800", "2011-09-30": "590.28800", "2011-06-30": "589.94800", "2011-03-31": "589.72200", "2010-12-31": "589.72200", "2010-09-30": "589.72200", "2010-06-30": "589.72200", "2010-03-31": "589.72400", "2009-12-31": "593.43200", "2009-09-30": "594.12400", "2009-06-30": "594.12400", "2009-03-31": "594.12400", "2008-12-31": "595.32400", "2008-09-30": "594.29200", "2008-06-30": "596.45200", "2008-03-31": "596.48400", "2007-12-31": "602.22000", "2007-09-30": "601.84800", "2007-06-30": "603.95600", "2007-03-31": "604.71600", "2006-12-31": "604.13600", "2006-09-30": "603.62800", "2006-06-30": "604.22000", "2006-03-31": "604.22000", "2005-12-31": "605.08000", "2005-09-30": "604.21600", "2005-06-30": "604.94400", "2005-03-31": "607.01600"}, "Shares Outstanding": {"2020-12-31": "576.40000", "2020-09-30": "576.10000", "2020-06-30": "575.00000", "2020-03-31": "575.30000", "2019-12-31": "574.40000", "2019-09-30": "574.40000", "2019-06-30": "574.60000", "2019-03-31": "573.00000", "2018-12-31": "574.30000", "2018-09-30": "574.50000", "2018-06-30": "574.50000", "2018-03-31": "575.80000", "2017-12-31": "576.70000", "2017-09-30": "575.20000", "2017-06-30": "577.60000", "2017-03-31": "579.00000", "2016-12-31": "578.40000", "2016-09-30": "578.20000", "2016-06-30": "578.20000", "2016-03-31": "578.20000", "2015-12-31": "584.00000", "2015-09-30": "580.95000", "2015-06-30": "583.66000", "2015-03-31": "591.87400", "2014-12-31": "594.62600", "2014-09-30": "594.75600", "2014-06-30": "595.15600", "2014-03-31": "594.99000", "2013-12-31": "595.36800", "2013-09-30": "595.43200", "2013-06-30": "595.44400", "2013-03-31": "595.30400", "2012-12-31": "594.30200", "2012-09-30": "594.35800", "2012-06-30": "594.26000", "2012-03-31": "593.85400", "2011-12-31": "591.73800", "2011-09-30": "591.79000", "2011-06-30": "591.83200", "2011-03-31": "590.85800", "2010-12-31": "589.72200", "2010-09-30": "589.72200", "2010-06-30": "590.31800", "2010-03-31": "589.72400", "2009-12-31": "593.43200", "2009-09-30": "594.12400", "2009-06-30": "594.12400", "2009-03-31": "594.12400", "2008-12-31": "595.32400", "2008-09-30": "594.29200", "2008-06-30": "596.45200", "2008-03-31": "596.48400", "2007-12-31": "602.22000", "2007-09-30": "601.84800", "2007-06-30": "603.95600", "2007-03-31": "604.71600", "2006-12-31": "604.66000", "2006-09-30": "604.02800", "2006-06-30": "605.60800", "2006-03-31": "605.56000", "2005-12-31": "606.03200", "2005-09-30": "605.16800", "2005-06-30": "605.76000", "2005-03-31": "607.95200"}, "Basic EPS": {"2020-12-31": "0.34000", "2020-09-30": "0.39000", "2020-06-30": "0.42000", "2020-03-31": "0.35000", "2019-12-31": "0.31000", "2019-09-30": "0.37000", "2019-06-30": "0.36000", "2019-03-31": "0.34000", "2018-12-31": "0.29500", "2018-09-30": "0.34000", "2018-06-30": "0.37000", "2018-03-31": "0.30500", "2017-12-31": "0.26000", "2017-09-30": "0.25000", "2017-06-30": "0.26000", "2017-03-31": "0.23000", "2016-12-31": "0.19500", "2016-09-30": "0.22000", "2016-06-30": "0.23000", "2016-03-31": "0.22000", "2015-12-31": "0.19500", "2015-09-30": "0.23500", "2015-06-30": "0.24000", "2015-03-31": "0.21500", "2014-12-31": "0.20000", "2014-09-30": "0.22500", "2014-06-30": "0.22000", "2014-03-31": "0.19000", "2013-12-31": "0.16500", "2013-09-30": "0.20000", "2013-06-30": "0.20500", "2013-03-31": "0.18500", "2012-12-31": "0.16500", "2012-09-30": "0.18500", "2012-06-30": "0.19000", "2012-03-31": "0.17000", "2011-12-31": "0.14500", "2011-09-30": "0.16500", "2011-06-30": "0.16000", "2011-03-31": "0.13500", "2010-12-31": "0.11500", "2010-09-30": "0.12500", "2010-06-30": "0.11500", "2010-03-31": "0.09500", "2009-12-31": "0.07500", "2009-09-30": "0.08000", "2009-06-30": "0.07250", "2009-03-31": "0.08250", "2008-12-31": "0.10500", "2008-09-30": "0.12250", "2008-06-30": "0.12750", "2008-03-31": "0.11500", "2007-12-31": "0.09500", "2007-09-30": "0.10250", "2007-06-30": "0.10000", "2007-03-31": "0.09000", "2006-12-31": "0.07500", "2006-09-30": "0.09000", "2006-06-30": "0.08500", "2006-03-31": "0.08000", "2005-12-31": "0.06500", "2005-09-30": "0.07500", "2005-06-30": "0.07500", "2005-03-31": "0.06000"}, "EPS - Earnings Per Share": {"2020-12-31": "0.34000", "2020-09-30": "0.38000", "2020-06-30": "0.42000", "2020-03-31": "0.35000", "2019-12-31": "0.31000", "2019-09-30": "0.37000", "2019-06-30": "0.36000", "2019-03-31": "0.34000", "2018-12-31": "0.29500", "2018-09-30": "0.34000", "2018-06-30": "0.37000", "2018-03-31": "0.30500", "2017-12-31": "0.26000", "2017-09-30": "0.25000", "2017-06-30": "0.26000", "2017-03-31": "0.23000", "2016-12-31": "0.20000", "2016-09-30": "0.22000", "2016-06-30": "0.22500", "2016-03-31": "0.22000", "2015-12-31": "0.19500", "2015-09-30": "0.23500", "2015-06-30": "0.24000", "2015-03-31": "0.21500", "2014-12-31": "0.19500", "2014-09-30": "0.22500", "2014-06-30": "0.22000", "2014-03-31": "0.19000", "2013-12-31": "0.16500", "2013-09-30": "0.20000", "2013-06-30": "0.20500", "2013-03-31": "0.18500", "2012-12-31": "0.16500", "2012-09-30": "0.18500", "2012-06-30": "0.19000", "2012-03-31": "0.17000", "2011-12-31": "0.14500", "2011-09-30": "0.16500", "2011-06-30": "0.16000", "2011-03-31": "0.13500", "2010-12-31": "0.11500", "2010-09-30": "0.12500", "2010-06-30": "0.11500", "2010-03-31": "0.09500", "2009-12-31": "0.07500", "2009-09-30": "0.08000", "2009-06-30": "0.07250", "2009-03-31": "0.08250", "2008-12-31": "0.10500", "2008-09-30": "0.12250", "2008-06-30": "0.12750", "2008-03-31": "0.11500", "2007-12-31": "0.09500", "2007-09-30": "0.10250", "2007-06-30": "0.10000", "2007-03-31": "0.09000", "2006-12-31": "0.07500", "2006-09-30": "0.09000", "2006-06-30": "0.08500", "2006-03-31": "0.08000", "2005-12-31": "0.06500", "2005-09-30": "0.07500", "2005-06-30": "0.07500", "2005-03-31": "0.06000"}}, "balance sheet": {"Cash On Hand": {"2020-12-31": "245.70000", "2019-12-31": "174.90000", "2018-12-31": "167.20000", "2017-12-31": "116.90000", "2016-12-31": "112.70000", "2015-12-31": "129.01900", "2014-12-31": "114.49600", "2013-12-31": "58.95700", "2012-12-31": "79.96500", "2011-12-31": "144.84100", "2010-12-31": "169.76000", "2009-12-31": "189.25200", "2008-12-31": "86.74300", "2007-12-31": "57.37900", "2006-12-31": "30.18100", "2005-12-31": "56.87300"}, "Receivables": {"2020-12-31": "769.40000", "2019-12-31": "741.80000", "2018-12-31": "714.30000", "2017-12-31": "607.80000", "2016-12-31": "499.70000", "2015-12-31": "468.37500", "2014-12-31": "462.07700", "2013-12-31": "414.33100", "2012-12-31": "372.15900", "2011-12-31": "338.59400", "2010-12-31": "270.13300", "2009-12-31": "214.16900", "2008-12-31": "244.94000", "2007-12-31": "236.33100", "2006-12-31": "209.53200", "2005-12-31": "183.55600"}, "Inventory": {"2020-12-31": "1337.50000", "2019-12-31": "1366.40000", "2018-12-31": "1278.70000", "2017-12-31": "1092.90000", "2016-12-31": "993.00000", "2015-12-31": "913.26300", "2014-12-31": "869.22400", "2013-12-31": "784.06800", "2012-12-31": "715.38300", "2011-12-31": "646.15200", "2010-12-31": "557.36900", "2009-12-31": "508.40500", "2008-12-31": "564.24700", "2007-12-31": "504.59200", "2006-12-31": "455.99700", "2005-12-31": "361.56100"}, "Pre-Paid Expenses": {"2020-12-31": "6.70000", "2019-12-31": "16.70000", "2018-12-31": "9.00000", "2017-12-31": "0.00000", "2016-12-31": "12.90000", "2015-12-31": "22.55800", "2014-12-31": "0.00000", "2013-12-31": "24.86900", "2012-12-31": "7.36800", "2011-12-31": "0.00000", "2010-12-31": "", "2009-12-31": "11.65700", "2008-12-31": "", "2007-12-31": "", "2006-12-31": "", "2005-12-31": ""}, "Other Current Assets": {"2020-12-31": "140.30000", "2019-12-31": "157.40000", "2018-12-31": "147.00000", "2017-12-31": "118.10000", "2016-12-31": "102.50000", "2015-12-31": "131.56100", "2014-12-31": "115.70300", "2013-12-31": "107.98800", "2012-12-31": "97.36100", "2011-12-31": "89.83300", "2010-12-31": "70.53900", "2009-12-31": "45.96200", "2008-12-31": "63.56400", "2007-12-31": "67.76700", "2006-12-31": "60.35700", "2005-12-31": "37.09300"}, "Total Current Assets": {"2020-12-31": "2499.60000", "2019-12-31": "2457.20000", "2018-12-31": "2316.20000", "2017-12-31": "1935.70000", "2016-12-31": "1720.80000", "2015-12-31": "1664.77600", "2014-12-31": "1583.26500", "2013-12-31": "1408.46100", "2012-12-31": "1286.65600", "2011-12-31": "1236.13800", "2010-12-31": "1085.69800", "2009-12-31": "982.36400", "2008-12-31": "975.40300", "2007-12-31": "880.77100", "2006-12-31": "767.77600", "2005-12-31": "649.00800"}, "Property, Plant, And Equipment": {"2020-12-31": "1030.70000", "2019-12-31": "1023.20000", "2018-12-31": "924.80000", "2017-12-31": "893.60000", "2016-12-31": "899.70000", "2015-12-31": "818.88900", "2014-12-31": "763.88900", "2013-12-31": "654.85000", "2012-12-31": "516.42700", "2011-12-31": "435.60100", "2010-12-31": "363.41900", "2009-12-31": "335.00400", "2008-12-31": "324.18200", "2007-12-31": "276.62700", "2006-12-31": "264.03000", "2005-12-31": "224.44800"}, "Long-Term Investments": {"2020-12-31": "", "2019-12-31": "", "2018-12-31": "", "2017-12-31": "", "2016-12-31": "", "2015-12-31": "", "2014-12-31": "", "2013-12-31": "", "2012-12-31": "", "2011-12-31": "", "2010-12-31": "5.15200", "2009-12-31": "6.23800", "2008-12-31": "0.84600", "2007-12-31": "1.95000", "2006-12-31": "3.69500", "2005-12-31": "13.22800"}, "Goodwill And Intangible Assets": {"2020-12-31": "", "2019-12-31": "", "2018-12-31": "", "2017-12-31": "", "2016-12-31": "", "2015-12-31": "", "2014-12-31": "", "2013-12-31": "", "2012-12-31": "", "2011-12-31": "", "2010-12-31": "", "2009-12-31": "", "2008-12-31": "", "2007-12-31": "", "2006-12-31": "", "2005-12-31": ""}, "Other Long-Term Assets": {"2020-12-31": "191.40000", "2019-12-31": "76.30000", "2018-12-31": "80.50000", "2017-12-31": "81.20000", "2016-12-31": "48.40000", "2015-12-31": "48.79700", "2014-12-31": "11.94800", "2013-12-31": "12.47300", "2012-12-31": "12.74900", "2011-12-31": "13.20900", "2010-12-31": "14.01400", "2009-12-31": "3.75200", "2008-12-31": "3.71800", "2007-12-31": "3.71300", "2006-12-31": "3.51500", "2005-12-31": "3.35100"}, "Total Long-Term Assets": {"2020-12-31": "1465.10000", "2019-12-31": "1342.70000", "2018-12-31": "1005.30000", "2017-12-31": "974.80000", "2016-12-31": "948.10000", "2015-12-31": "867.68600", "2014-12-31": "775.83700", "2013-12-31": "667.32300", "2012-12-31": "529.17600", "2011-12-31": "448.81000", "2010-12-31": "382.58500", "2009-12-31": "344.99400", "2008-12-31": "328.74600", "2007-12-31": "282.29000", "2006-12-31": "271.24000", "2005-12-31": "241.02700"}, "Total Assets": {"2020-12-31": "3964.70000", "2019-12-31": "3799.90000", "2018-12-31": "3321.50000", "2017-12-31": "2910.50000", "2016-12-31": "2668.90000", "2015-12-31": "2532.46200", "2014-12-31": "2359.10200", "2013-12-31": "2075.78400", "2012-12-31": "1815.83200", "2011-12-31": "1684.94800", "2010-12-31": "1468.28300", "2009-12-31": "1327.35800", "2008-12-31": "1304.14900", "2007-12-31": "1163.06100", "2006-12-31": "1039.01600", "2005-12-31": "890.03500"}, "Total Current Liabilities": {"2020-12-31": "612.70000", "2019-12-31": "544.70000", "2018-12-31": "437.40000", "2017-12-31": "351.00000", "2016-12-31": "275.70000", "2015-12-31": "373.16600", "2014-12-31": "375.35300", "2013-12-31": "239.83200", "2012-12-31": "204.17400", "2011-12-31": "187.81800", "2010-12-31": "162.18500", "2009-12-31": "119.50900", "2008-12-31": "147.99300", "2007-12-31": "137.79100", "2006-12-31": "103.89600", "2005-12-31": "91.53800"}, "Long Term Debt": {"2020-12-31": "365.00000", "2019-12-31": "342.00000", "2018-12-31": "497.00000", "2017-12-31": "412.00000", "2016-12-31": "379.50000", "2015-12-31": "302.95000", "2014-12-31": "", "2013-12-31": "", "2012-12-31": "", "2011-12-31": "", "2010-12-31": "", "2009-12-31": "", "2008-12-31": "", "2007-12-31": "", "2006-12-31": "", "2005-12-31": ""}, "Other Non-Current Liabilities": {"2020-12-31": "", "2019-12-31": "", "2018-12-31": "", "2017-12-31": "", "2016-12-31": "", "2015-12-31": "", "2014-12-31": "", "2013-12-31": "", "2012-12-31": "", "2011-12-31": "", "2010-12-31": "", "2009-12-31": "", "2008-12-31": "", "2007-12-31": "", "2006-12-31": "", "2005-12-31": ""}, "Total Long Term Liabilities": {"2020-12-31": "618.80000", "2019-12-31": "589.60000", "2018-12-31": "581.40000", "2017-12-31": "462.60000", "2016-12-31": "460.10000", "2015-12-31": "358.00700", "2014-12-31": "68.53200", "2013-12-31": "63.25500", "2012-12-31": "51.29800", "2011-12-31": "38.15400", "2010-12-31": "23.58600", "2009-12-31": "17.00600", "2008-12-31": "13.89700", "2007-12-31": "15.10900", "2006-12-31": "13.02700", "2005-12-31": "14.94800"}, "Total Liabilities": {"2020-12-31": "1231.50000", "2019-12-31": "1134.30000", "2018-12-31": "1018.80000", "2017-12-31": "813.60000", "2016-12-31": "735.80000", "2015-12-31": "731.17300", "2014-12-31": "443.88500", "2013-12-31": "303.08700", "2012-12-31": "255.47200", "2011-12-31": "225.97200", "2010-12-31": "185.77100", "2009-12-31": "136.51500", "2008-12-31": "161.89000", "2007-12-31": "152.90000", "2006-12-31": "116.92300", "2005-12-31": "106.48600"}, "Common Stock Net": {"2020-12-31": "2.90000", "2019-12-31": "2.90000", "2018-12-31": "2.90000", "2017-12-31": "2.90000", "2016-12-31": "2.90000", "2015-12-31": "2.89600", "2014-12-31": "2.95900", "2013-12-31": "2.96800", "2012-12-31": "2.96600", "2011-12-31": "2.95300", "2010-12-31": "2.94800", "2009-12-31": "1.47400", "2008-12-31": "1.48500", "2007-12-31": "1.49100", "2006-12-31": "1.51200", "2005-12-31": "1.51100"}, "Retained Earnings (Accumulated Deficit)": {"2020-12-31": "2689.60000", "2019-12-31": "2633.90000", "2018-12-31": "2341.60000", "2017-12-31": "2110.60000", "2016-12-31": "1940.10000", "2015-12-31": "1842.77200", "2014-12-31": "1886.35000", "2013-12-31": "1688.78100", "2012-12-31": "1477.60100", "2011-12-31": "1424.37100", "2010-12-31": "1258.18300", "2009-12-31": "1175.64100", "2008-12-31": "1134.24400", "2007-12-31": "996.05000", "2006-12-31": "902.55000", "2005-12-31": "776.59800"}, "Comprehensive Income": {"2020-12-31": "-21.20000", "2019-12-31": "-38.40000", "2018-12-31": "-44.80000", "2017-12-31": "-25.10000", "2016-12-31": "-47.30000", "2015-12-31": "-46.40300", "2014-12-31": "-7.83600", "2013-12-31": "11.10100", "2012-12-31": "18.35700", "2011-12-31": "14.79600", "2010-12-31": "18.49200", "2009-12-31": "13.39500", "2008-12-31": "4.97100", "2007-12-31": "12.39300", "2006-12-31": "5.33400", "2005-12-31": "5.44000"}, "Other Share Holders Equity": {"2020-12-31": "", "2019-12-31": "", "2018-12-31": "", "2017-12-31": "", "2016-12-31": "", "2015-12-31": "", "2014-12-31": "", "2013-12-31": "", "2012-12-31": "", "2011-12-31": "", "2010-12-31": "", "2009-12-31": "", "2008-12-31": "", "2007-12-31": "", "2006-12-31": "", "2005-12-31": ""}, "Share Holder Equity": {"2020-12-31": "2733.20000", "2019-12-31": "2665.60000", "2018-12-31": "2302.70000", "2017-12-31": "2096.90000", "2016-12-31": "1933.10000", "2015-12-31": "1801.28900", "2014-12-31": "1915.21700", "2013-12-31": "1772.69700", "2012-12-31": "1560.36000", "2011-12-31": "1458.97600", "2010-12-31": "1282.51200", "2009-12-31": "1190.84300", "2008-12-31": "1142.25900", "2007-12-31": "1010.16100", "2006-12-31": "922.09300", "2005-12-31": "783.54900"}, "Total Liabilities And Share Holders Equity": {"2020-12-31": "3964.70000", "2019-12-31": "3799.90000", "2018-12-31": "3321.50000", "2017-12-31": "2910.50000", "2016-12-31": "2668.90000", "2015-12-31": "2532.46200", "2014-12-31": "2359.10200", "2013-12-31": "2075.78400", "2012-12-31": "1815.83200", "2011-12-31": "1684.94800", "2010-12-31": "1468.28300", "2009-12-31": "1327.35800", "2008-12-31": "1304.14900", "2007-12-31": "1163.06100", "2006-12-31": "1039.01600", "2005-12-31": "890.03500"}}, "balance sheet, quarterly": {"Cash On Hand": {"2020-12-31": "245.70000", "2020-09-30": "331.80000", "2020-06-30": "201.50000", "2020-03-31": "160.70000", "2019-12-31": "174.90000", "2019-09-30": "191.20000", "2019-06-30": "175.00000", "2019-03-31": "185.40000", "2018-12-31": "167.20000", "2018-09-30": "129.70000", "2018-06-30": "135.50000", "2018-03-31": "137.10000", "2017-12-31": "116.90000", "2017-09-30": "133.40000", "2017-06-30": "115.10000", "2017-03-31": "134.30000", "2016-12-31": "112.70000", "2016-09-30": "146.98300", "2016-06-30": "155.45800", "2016-03-31": "150.55200", "2015-12-31": "129.01900", "2015-09-30": "111.77500", "2015-06-30": "121.16600", "2015-03-31": "120.79000", "2014-12-31": "114.49600", "2014-09-30": "116.32900", "2014-06-30": "106.39300", "2014-03-31": "89.47400", "2013-12-31": "58.95700", "2013-09-30": "92.63100", "2013-06-30": "123.29000", "2013-03-31": "159.65700", "2012-12-31": "79.96500", "2012-09-30": "222.83100", "2012-06-30": "213.08200", "2012-03-31": "226.07200", "2011-12-31": "144.84100", "2011-09-30": "137.25100", "2011-06-30": "115.65200", "2011-03-31": "151.05600", "2010-12-31": "169.76000", "2010-09-30": "197.20600", "2010-06-30": "220.85600", "2010-03-31": "203.26200", "2009-12-31": "189.25200", "2009-09-30": "195.03900", "2009-06-30": "174.58300", "2009-03-31": "110.76600", "2008-12-31": "86.74300", "2008-09-30": "52.33500", "2008-06-30": "77.11600", "2008-03-31": "75.41900", "2007-12-31": "57.37900", "2007-09-30": "58.60500", "2007-06-30": "61.47500", "2007-03-31": "69.31200", "2006-12-31": "30.18100", "2006-09-30": "13.74300", "2006-06-30": "49.81900", "2006-03-31": "69.89900", "2005-12-31": "56.87300", "2005-09-30": "32.30900", "2005-06-30": "41.89300", "2005-03-31": "68.48200"}, "Receivables": {"2020-12-31": "769.40000", "2020-09-30": "834.50000", "2020-06-30": "881.50000", "2020-03-31": "833.90000", "2019-12-31": "741.80000", "2019-09-30": "817.30000", "2019-06-30": "819.80000", "2019-03-31": "793.00000", "2018-12-31": "714.30000", "2018-09-30": "772.50000", "2018-06-30": "733.70000", "2018-03-31": "688.60000", "2017-12-31": "607.80000", "2017-09-30": "632.10000", "2017-06-30": "613.50000", "2017-03-31": "574.70000", "2016-12-31": "499.70000", "2016-09-30": "543.74400", "2016-06-30": "537.34100", "2016-03-31": "533.48500", "2015-12-31": "468.37500", "2015-09-30": "537.05500", "2015-06-30": "537.65000", "2015-03-31": "521.09400", "2014-12-31": "462.07700", "2014-09-30": "522.26500", "2014-06-30": "502.33000", "2014-03-31": "473.18100", "2013-12-31": "414.33100", "2013-09-30": "453.65200", "2013-06-30": "436.45200", "2013-03-31": "418.73300", "2012-12-31": "372.15900", "2012-09-30": "411.03300", "2012-06-30": "399.99300", "2012-03-31": "386.88200", "2011-12-31": "338.59400", "2011-09-30": "361.07500", "2011-06-30": "357.19500", "2011-03-31": "325.68500", "2010-12-31": "270.13300", "2010-09-30": "301.72100", "2010-06-30": "280.82300", "2010-03-31": "262.46300", "2009-12-31": "214.16900", "2009-09-30": "239.32300", "2009-06-30": "228.25700", "2009-03-31": "240.65800", "2008-12-31": "244.94000", "2008-09-30": "309.18400", "2008-06-30": "292.05600", "2008-03-31": "273.36000", "2007-12-31": "236.33100", "2007-09-30": "258.73800", "2007-06-30": "255.10100", "2007-03-31": "238.65700", "2006-12-31": "209.53200", "2006-09-30": "232.09100", "2006-06-30": "229.67900", "2006-03-31": "212.51700", "2005-12-31": "183.55600", "2005-09-30": "204.34000", "2005-06-30": "195.12400", "2005-03-31": "183.43100"}, "Inventory": {"2020-12-31": "1337.50000", "2020-09-30": "1342.60000", "2020-06-30": "1401.50000", "2020-03-31": "1345.50000", "2019-12-31": "1366.40000", "2019-09-30": "1354.70000", "2019-06-30": "1345.70000", "2019-03-31": "1293.90000", "2018-12-31": "1278.70000", "2018-09-30": "1194.70000", "2018-06-30": "1163.40000", "2018-03-31": "1134.90000", "2017-12-31": "1092.90000", "2017-09-30": "1047.00000", "2017-06-30": "1044.30000", "2017-03-31": "1007.40000", "2016-12-31": "993.00000", "2016-09-30": "966.93100", "2016-06-30": "985.08500", "2016-03-31": "965.05400", "2015-12-31": "913.26300", "2015-09-30": "883.20700", "2015-06-30": "876.69700", "2015-03-31": "867.92200", "2014-12-31": "869.22400", "2014-09-30": "836.37900", "2014-06-30": "818.77100", "2014-03-31": "793.98700", "2013-12-31": "784.06800", "2013-09-30": "755.98500", "2013-06-30": "725.10700", "2013-03-31": "700.48400", "2012-12-31": "715.38300", "2012-09-30": "675.82800", "2012-06-30": "662.68900", "2012-03-31": "647.88600", "2011-12-31": "646.15200", "2011-09-30": "618.14900", "2011-06-30": "608.65700", "2011-03-31": "576.45100", "2010-12-31": "557.36900", "2010-09-30": "546.06300", "2010-06-30": "522.21400", "2010-03-31": "507.24300", "2009-12-31": "508.40500", "2009-09-30": "498.10600", "2009-06-30": "519.11900", "2009-03-31": "555.28300", "2008-12-31": "564.24700", "2008-09-30": "537.64300", "2008-06-30": "507.98900", "2008-03-31": "494.36000", "2007-12-31": "504.59200", "2007-09-30": "488.82400", "2007-06-30": "471.56100", "2007-03-31": "446.19200", "2006-12-31": "455.99700", "2006-09-30": "418.69500", "2006-06-30": "395.03000", "2006-03-31": "371.09500", "2005-12-31": "361.56100", "2005-09-30": "352.08600", "2005-06-30": "333.50400", "2005-03-31": "310.40400"}, "Pre-Paid Expenses": {"2020-12-31": "6.70000", "2020-09-30": "14.60000", "2020-06-30": "0.00000", "2020-03-31": "0.00000", "2019-12-31": "16.70000", "2019-09-30": "0.40000", "2019-06-30": "4.00000", "2019-03-31": "0.00000", "2018-12-31": "9.00000", "2018-09-30": "2.20000", "2018-06-30": "", "2018-03-31": "", "2017-12-31": "", "2017-09-30": "0.00000", "2017-06-30": "", "2017-03-31": "0.00000", "2016-12-31": "12.90000", "2016-09-30": "0.00000", "2016-06-30": "0.00000", "2016-03-31": "0.00000", "2015-12-31": "22.55800", "2015-09-30": "2.83900", "2015-06-30": "", "2015-03-31": "", "2014-12-31": "", "2014-09-30": "0.00000", "2014-06-30": "0.00000", "2014-03-31": "0.00000", "2013-12-31": "24.86900", "2013-09-30": "0.00000", "2013-06-30": "0.00000", "2013-03-31": "0.00000", "2012-12-31": "7.36800", "2012-09-30": "", "2012-06-30": "", "2012-03-31": "", "2011-12-31": "", "2011-09-30": "", "2011-06-30": "", "2011-03-31": "", "2010-12-31": "", "2010-09-30": "0.00000", "2010-06-30": "", "2010-03-31": "0.00000", "2009-12-31": "11.65700", "2009-09-30": "", "2009-06-30": "", "2009-03-31": "", "2008-12-31": "", "2008-09-30": "", "2008-06-30": "", "2008-03-31": "", "2007-12-31": "", "2007-09-30": "", "2007-06-30": "", "2007-03-31": "", "2006-12-31": "", "2006-09-30": "", "2006-06-30": "", "2006-03-31": "", "2005-12-31": "", "2005-09-30": "", "2005-06-30": "", "2005-03-31": ""}, "Other Current Assets": {"2020-12-31": "140.30000", "2020-09-30": "123.20000", "2020-06-30": "121.80000", "2020-03-31": "124.20000", "2019-12-31": "157.40000", "2019-09-30": "137.20000", "2019-06-30": "123.80000", "2019-03-31": "116.90000", "2018-12-31": "147.00000", "2018-09-30": "126.40000", "2018-06-30": "108.10000", "2018-03-31": "99.70000", "2017-12-31": "118.10000", "2017-09-30": "117.70000", "2017-06-30": "100.00000", "2017-03-31": "94.30000", "2016-12-31": "102.50000", "2016-09-30": "120.00400", "2016-06-30": "113.02200", "2016-03-31": "118.08900", "2015-12-31": "131.56100", "2015-09-30": "117.68700", "2015-06-30": "107.20700", "2015-03-31": "97.56300", "2014-12-31": "115.70300", "2014-09-30": "127.33400", "2014-06-30": "111.00900", "2014-03-31": "100.95700", "2013-12-31": "107.98800", "2013-09-30": "120.74700", "2013-06-30": "105.87600", "2013-03-31": "83.88300", "2012-12-31": "97.36100", "2012-09-30": "100.13400", "2012-06-30": "88.59100", "2012-03-31": "74.29700", "2011-12-31": "89.83300", "2011-09-30": "84.38700", "2011-06-30": "72.89800", "2011-03-31": "61.78200", "2010-12-31": "70.53900", "2010-09-30": "57.10300", "2010-06-30": "49.83300", "2010-03-31": "43.30700", "2009-12-31": "45.96200", "2009-09-30": "46.62600", "2009-06-30": "48.07100", "2009-03-31": "44.96400", "2008-12-31": "63.56400", "2008-09-30": "65.85200", "2008-06-30": "67.15600", "2008-03-31": "60.53400", "2007-12-31": "67.76700", "2007-09-30": "59.11000", "2007-06-30": "57.18500", "2007-03-31": "57.04100", "2006-12-31": "60.35700", "2006-09-30": "50.02600", "2006-06-30": "39.93700", "2006-03-31": "36.73400", "2005-12-31": "37.09300", "2005-09-30": "26.16000", "2005-06-30": "17.45900", "2005-03-31": "20.28600"}, "Total Current Assets": {"2020-12-31": "2499.60000", "2020-09-30": "2646.70000", "2020-06-30": "2606.30000", "2020-03-31": "2464.30000", "2019-12-31": "2457.20000", "2019-09-30": "2500.80000", "2019-06-30": "2468.30000", "2019-03-31": "2389.20000", "2018-12-31": "2316.20000", "2018-09-30": "2225.50000", "2018-06-30": "2140.70000", "2018-03-31": "2060.30000", "2017-12-31": "1935.70000", "2017-09-30": "1930.20000", "2017-06-30": "1872.90000", "2017-03-31": "1810.70000", "2016-12-31": "1720.80000", "2016-09-30": "1777.66200", "2016-06-30": "1790.90600", "2016-03-31": "1767.18000", "2015-12-31": "1664.77600", "2015-09-30": "1672.99000", "2015-06-30": "1663.37300", "2015-03-31": "1628.94700", "2014-12-31": "1583.26500", "2014-09-30": "1619.40500", "2014-06-30": "1555.78200", "2014-03-31": "1475.49200", "2013-12-31": "1408.46100", "2013-09-30": "1436.83000", "2013-06-30": "1405.31800", "2013-03-31": "1376.83600", "2012-12-31": "1286.65600", "2012-09-30": "1422.89000", "2012-06-30": "1378.09600", "2012-03-31": "1349.97500", "2011-12-31": "1236.13800", "2011-09-30": "1217.36400", "2011-06-30": "1171.81500", "2011-03-31": "1132.92100", "2010-12-31": "1085.69800", "2010-09-30": "1116.80300", "2010-06-30": "1088.48600", "2010-03-31": "1029.18300", "2009-12-31": "982.36400", "2009-09-30": "998.09000", "2009-06-30": "988.99700", "2009-03-31": "967.58000", "2008-12-31": "975.40300", "2008-09-30": "981.03400", "2008-06-30": "959.01900", "2008-03-31": "918.37500", "2007-12-31": "880.77100", "2007-09-30": "876.70400", "2007-06-30": "856.74900", "2007-03-31": "822.91100", "2006-12-31": "767.77600", "2006-09-30": "724.08900", "2006-06-30": "723.99900", "2006-03-31": "700.17000", "2005-12-31": "649.00800", "2005-09-30": "621.38900", "2005-06-30": "594.47400", "2005-03-31": "589.09700"}, "Property, Plant, And Equipment": {"2020-12-31": "1030.70000", "2020-09-30": "1023.70000", "2020-06-30": "1029.70000", "2020-03-31": "1027.70000", "2019-12-31": "1023.20000", "2019-09-30": "997.70000", "2019-06-30": "975.10000", "2019-03-31": "943.30000", "2018-12-31": "924.80000", "2018-09-30": "883.80000", "2018-06-30": "880.10000", "2018-03-31": "889.00000", "2017-12-31": "893.60000", "2017-09-30": "889.30000", "2017-06-30": "895.20000", "2017-03-31": "890.70000", "2016-12-31": "899.70000", "2016-09-30": "904.20100", "2016-06-30": "859.49000", "2016-03-31": "826.73600", "2015-12-31": "818.88900", "2015-09-30": "810.65200", "2015-06-30": "805.85400", "2015-03-31": "783.15100", "2014-12-31": "763.88900", "2014-09-30": "741.48900", "2014-06-30": "714.91200", "2014-03-31": "677.29500", "2013-12-31": "654.85000", "2013-09-30": "611.05100", "2013-06-30": "575.57100", "2013-03-31": "555.73400", "2012-12-31": "516.42700", "2012-09-30": "483.93500", "2012-06-30": "459.65200", "2012-03-31": "450.23900", "2011-12-31": "435.60100", "2011-09-30": "420.38800", "2011-06-30": "396.46100", "2011-03-31": "373.49800", "2010-12-31": "363.41900", "2010-09-30": "343.84800", "2010-06-30": "344.46500", "2010-03-31": "332.10300", "2009-12-31": "335.00400", "2009-09-30": "330.43700", "2009-06-30": "335.23200", "2009-03-31": "330.61400", "2008-12-31": "324.18200", "2008-09-30": "322.65700", "2008-06-30": "306.39900", "2008-03-31": "298.55300", "2007-12-31": "276.62700", "2007-09-30": "267.28800", "2007-06-30": "266.35900", "2007-03-31": "265.90200", "2006-12-31": "264.03000", "2006-09-30": "261.73200", "2006-06-30": "245.98500", "2006-03-31": "236.65500", "2005-12-31": "224.44800", "2005-09-30": "209.97100", "2005-06-30": "204.35300", "2005-03-31": "197.32900"}, "Long-Term Investments": {"2020-12-31": "", "2020-09-30": "", "2020-06-30": "", "2020-03-31": "", "2019-12-31": "", "2019-09-30": "", "2019-06-30": "", "2019-03-31": "", "2018-12-31": "", "2018-09-30": "", "2018-06-30": "", "2018-03-31": "", "2017-12-31": "", "2017-09-30": "", "2017-06-30": "", "2017-03-31": "", "2016-12-31": "", "2016-09-30": "", "2016-06-30": "", "2016-03-31": "", "2015-12-31": "", "2015-09-30": "", "2015-06-30": "", "2015-03-31": "", "2014-12-31": "", "2014-09-30": "", "2014-06-30": "", "2014-03-31": "", "2013-12-31": "", "2013-09-30": "", "2013-06-30": "", "2013-03-31": "", "2012-12-31": "", "2012-09-30": "", "2012-06-30": "", "2012-03-31": "", "2011-12-31": "", "2011-09-30": "", "2011-06-30": "", "2011-03-31": "4.54800", "2010-12-31": "5.15200", "2010-09-30": "5.16600", "2010-06-30": "5.19700", "2010-03-31": "5.21000", "2009-12-31": "6.23800", "2009-09-30": "5.55100", "2009-06-30": "0.80500", "2009-03-31": "0.81700", "2008-12-31": "0.84600", "2008-09-30": "1.46300", "2008-06-30": "1.49100", "2008-03-31": "1.92400", "2007-12-31": "1.95000", "2007-09-30": "2.06400", "2007-06-30": "2.19000", "2007-03-31": "2.76900", "2006-12-31": "3.69500", "2006-09-30": "7.95300", "2006-06-30": "7.09800", "2006-03-31": "13.16300", "2005-12-31": "13.22800", "2005-09-30": "13.50800", "2005-06-30": "18.27000", "2005-03-31": "18.73000"}, "Goodwill And Intangible Assets": {"2020-12-31": "", "2020-09-30": "", "2020-06-30": "", "2020-03-31": "", "2019-12-31": "", "2019-09-30": "", "2019-06-30": "", "2019-03-31": "", "2018-12-31": "", "2018-09-30": "", "2018-06-30": "", "2018-03-31": "", "2017-12-31": "", "2017-09-30": "", "2017-06-30": "", "2017-03-31": "", "2016-12-31": "", "2016-09-30": "", "2016-06-30": "", "2016-03-31": "", "2015-12-31": "", "2015-09-30": "", "2015-06-30": "", "2015-03-31": "", "2014-12-31": "", "2014-09-30": "", "2014-06-30": "", "2014-03-31": "", "2013-12-31": "", "2013-09-30": "", "2013-06-30": "", "2013-03-31": "", "2012-12-31": "", "2012-09-30": "", "2012-06-30": "", "2012-03-31": "", "2011-12-31": "", "2011-09-30": "", "2011-06-30": "", "2011-03-31": "", "2010-12-31": "", "2010-09-30": "", "2010-06-30": "", "2010-03-31": "", "2009-12-31": "", "2009-09-30": "", "2009-06-30": "", "2009-03-31": "", "2008-12-31": "", "2008-09-30": "", "2008-06-30": "", "2008-03-31": "", "2007-12-31": "", "2007-09-30": "", "2007-06-30": "", "2007-03-31": "", "2006-12-31": "", "2006-09-30": "", "2006-06-30": "", "2006-03-31": "", "2005-12-31": "", "2005-09-30": "", "2005-06-30": "", "2005-03-31": ""}, "Other Long-Term Assets": {"2020-12-31": "191.40000", "2020-09-30": "193.80000", "2020-06-30": "196.40000", "2020-03-31": "200.30000", "2019-12-31": "76.30000", "2019-09-30": "77.30000", "2019-06-30": "78.50000", "2019-03-31": "98.40000", "2018-12-31": "80.50000", "2018-09-30": "84.60000", "2018-06-30": "79.30000", "2018-03-31": "80.30000", "2017-12-31": "81.20000", "2017-09-30": "82.10000", "2017-06-30": "83.30000", "2017-03-31": "85.00000", "2016-12-31": "48.40000", "2016-09-30": "48.60500", "2016-06-30": "48.74000", "2016-03-31": "48.86500", "2015-12-31": "48.79700", "2015-09-30": "11.63500", "2015-06-30": "11.70500", "2015-03-31": "11.83900", "2014-12-31": "11.94800", "2014-09-30": "12.10100", "2014-06-30": "12.27900", "2014-03-31": "12.31900", "2013-12-31": "12.47300", "2013-09-30": "12.53800", "2013-06-30": "12.55400", "2013-03-31": "12.72600", "2012-12-31": "12.74900", "2012-09-30": "12.88600", "2012-06-30": "12.99900", "2012-03-31": "13.11800", "2011-12-31": "13.20900", "2011-09-30": "13.26800", "2011-06-30": "13.59500", "2011-03-31": "13.64600", "2010-12-31": "14.01400", "2010-09-30": "3.52000", "2010-06-30": "3.70700", "2010-03-31": "3.77900", "2009-12-31": "3.75200", "2009-09-30": "3.68600", "2009-06-30": "3.65000", "2009-03-31": "3.63800", "2008-12-31": "3.71800", "2008-09-30": "3.73800", "2008-06-30": "3.75400", "2008-03-31": "3.72300", "2007-12-31": "3.71300", "2007-09-30": "3.72100", "2007-06-30": "3.73000", "2007-03-31": "3.60400", "2006-12-31": "3.51500", "2006-09-30": "3.49600", "2006-06-30": "3.45100", "2006-03-31": "3.38400", "2005-12-31": "3.35100", "2005-09-30": "3.32600", "2005-06-30": "3.27100", "2005-03-31": "3.26000"}, "Total Long-Term Assets": {"2020-12-31": "1465.10000", "2020-09-30": "1461.90000", "2020-06-30": "1478.90000", "2020-03-31": "1470.40000", "2019-12-31": "1342.70000", "2019-09-30": "1313.40000", "2019-06-30": "1288.10000", "2019-03-31": "1262.60000", "2018-12-31": "1005.30000", "2018-09-30": "968.40000", "2018-06-30": "959.40000", "2018-03-31": "969.30000", "2017-12-31": "974.80000", "2017-09-30": "971.40000", "2017-06-30": "978.50000", "2017-03-31": "975.70000", "2016-12-31": "948.10000", "2016-09-30": "952.80600", "2016-06-30": "908.23000", "2016-03-31": "875.60100", "2015-12-31": "867.68600", "2015-09-30": "822.28700", "2015-06-30": "817.55900", "2015-03-31": "794.99000", "2014-12-31": "775.83700", "2014-09-30": "753.59000", "2014-06-30": "727.19100", "2014-03-31": "689.61400", "2013-12-31": "667.32300", "2013-09-30": "623.58910", "2013-06-30": "588.12500", "2013-03-31": "568.46000", "2012-12-31": "529.17600", "2012-09-30": "496.82100", "2012-06-30": "472.65100", "2012-03-31": "463.35700", "2011-12-31": "448.81000", "2011-09-30": "433.65600", "2011-06-30": "410.05600", "2011-03-31": "391.69200", "2010-12-31": "382.58500", "2010-09-30": "352.53400", "2010-06-30": "353.36900", "2010-03-31": "341.09200", "2009-12-31": "344.99400", "2009-09-30": "339.67400", "2009-06-30": "339.68700", "2009-03-31": "335.06900", "2008-12-31": "328.74600", "2008-09-30": "327.85800", "2008-06-30": "311.64400", "2008-03-31": "304.20000", "2007-12-31": "282.29000", "2007-09-30": "273.07300", "2007-06-30": "272.27900", "2007-03-31": "272.27500", "2006-12-31": "271.24000", "2006-09-30": "273.18100", "2006-06-30": "256.53400", "2006-03-31": "253.20200", "2005-12-31": "241.02700", "2005-09-30": "226.80500", "2005-06-30": "225.89400", "2005-03-31": "219.31900"}, "Total Assets": {"2020-12-31": "3964.70000", "2020-09-30": "4108.60000", "2020-06-30": "4085.20000", "2020-03-31": "3934.70000", "2019-12-31": "3799.90000", "2019-09-30": "3814.20000", "2019-06-30": "3756.40000", "2019-03-31": "3651.80000", "2018-12-31": "3321.50000", "2018-09-30": "3193.90000", "2018-06-30": "3100.10000", "2018-03-31": "3029.60000", "2017-12-31": "2910.50000", "2017-09-30": "2901.60000", "2017-06-30": "2851.40000", "2017-03-31": "2786.40000", "2016-12-31": "2668.90000", "2016-09-30": "2730.46800", "2016-06-30": "2699.13600", "2016-03-31": "2642.78100", "2015-12-31": "2532.46200", "2015-09-30": "2495.27700", "2015-06-30": "2480.93200", "2015-03-31": "2423.93700", "2014-12-31": "2359.10200", "2014-09-30": "2372.99500", "2014-06-30": "2282.97300", "2014-03-31": "2165.10600", "2013-12-31": "2075.78400", "2013-09-30": "2060.41900", "2013-06-30": "1993.44300", "2013-03-31": "1945.29600", "2012-12-31": "1815.83200", "2012-09-30": "1919.71100", "2012-06-30": "1850.74700", "2012-03-31": "1813.33200", "2011-12-31": "1684.94800", "2011-09-30": "1651.02000", "2011-06-30": "1581.87100", "2011-03-31": "1524.61300", "2010-12-31": "1468.28300", "2010-09-30": "1469.33700", "2010-06-30": "1441.85500", "2010-03-31": "1370.27500", "2009-12-31": "1327.35800", "2009-09-30": "1337.76400", "2009-06-30": "1328.68400", "2009-03-31": "1302.64900", "2008-12-31": "1304.14900", "2008-09-30": "1308.89200", "2008-06-30": "1270.66300", "2008-03-31": "1222.57500", "2007-12-31": "1163.06100", "2007-09-30": "1149.77700", "2007-06-30": "1129.02800", "2007-03-31": "1095.18600", "2006-12-31": "1039.01600", "2006-09-30": "997.27000", "2006-06-30": "980.53300", "2006-03-31": "953.37200", "2005-12-31": "890.03500", "2005-09-30": "848.19400", "2005-06-30": "820.36800", "2005-03-31": "808.41600"}, "Total Current Liabilities": {"2020-12-31": "612.70000", "2020-09-30": "603.00000", "2020-06-30": "631.30000", "2020-03-31": "580.40000", "2019-12-31": "544.70000", "2019-09-30": "555.10000", "2019-06-30": "527.90000", "2019-03-31": "554.60000", "2018-12-31": "437.40000", "2018-09-30": "416.10000", "2018-06-30": "381.00000", "2018-03-31": "403.00000", "2017-12-31": "351.00000", "2017-09-30": "360.40000", "2017-06-30": "342.30000", "2017-03-31": "369.60000", "2016-12-31": "275.70000", "2016-09-30": "331.06500", "2016-06-30": "411.18200", "2016-03-31": "401.67300", "2015-12-31": "373.16600", "2015-09-30": "368.28000", "2015-06-30": "396.57600", "2015-03-31": "492.36300", "2014-12-31": "375.35300", "2014-09-30": "407.90300", "2014-06-30": "351.46300", "2014-03-31": "301.52600", "2013-12-31": "239.83200", "2013-09-30": "259.57200", "2013-06-30": "236.14000", "2013-03-31": "253.09700", "2012-12-31": "204.17400", "2012-09-30": "216.01600", "2012-06-30": "210.51900", "2012-03-31": "236.22700", "2011-12-31": "187.81800", "2011-09-30": "218.86900", "2011-06-30": "204.39400", "2011-03-31": "209.51600", "2010-12-31": "162.18500", "2010-09-30": "177.14300", "2010-06-30": "166.16400", "2010-03-31": "162.30900", "2009-12-31": "119.50900", "2009-09-30": "138.74400", "2009-06-30": "127.95000", "2009-03-31": "151.44100", "2008-12-31": "147.99300", "2008-09-30": "172.00600", "2008-06-30": "146.88600", "2008-03-31": "167.11400", "2007-12-31": "137.79100", "2007-09-30": "128.16200", "2007-06-30": "129.33900", "2007-03-31": "140.07700", "2006-12-31": "103.89600", "2006-09-30": "107.83900", "2006-06-30": "113.25000", "2006-03-31": "135.91900", "2005-12-31": "91.53800", "2005-09-30": "85.21200", "2005-06-30": "84.98300", "2005-03-31": "97.29400"}, "Long Term Debt": {"2020-12-31": "365.00000", "2020-09-30": "365.00000", "2020-06-30": "405.00000", "2020-03-31": "450.10000", "2019-12-31": "342.00000", "2019-09-30": "442.00000", "2019-06-30": "497.00000", "2019-03-31": "484.60000", "2018-12-31": "497.00000", "2018-09-30": "387.50000", "2018-06-30": "422.50000", "2018-03-31": "391.90000", "2017-12-31": "412.00000", "2017-09-30": "432.00000", "2017-06-30": "436.20000", "2017-03-31": "354.10000", "2016-12-31": "379.50000", "2016-09-30": "432.39000", "2016-06-30": "362.39000", "2016-03-31": "362.39000", "2015-12-31": "302.95000", "2015-09-30": "273.49000", "2015-06-30": "250.42500", "2015-03-31": "", "2014-12-31": "", "2014-09-30": "", "2014-06-30": "", "2014-03-31": "", "2013-12-31": "", "2013-09-30": "", "2013-06-30": "", "2013-03-31": "", "2012-12-31": "", "2012-09-30": "", "2012-06-30": "", "2012-03-31": "", "2011-12-31": "", "2011-09-30": "", "2011-06-30": "", "2011-03-31": "", "2010-12-31": "", "2010-09-30": "", "2010-06-30": "", "2010-03-31": "", "2009-12-31": "", "2009-09-30": "", "2009-06-30": "", "2009-03-31": "", "2008-12-31": "", "2008-09-30": "", "2008-06-30": "", "2008-03-31": "", "2007-12-31": "", "2007-09-30": "", "2007-06-30": "", "2007-03-31": "", "2006-12-31": "", "2006-09-30": "", "2006-06-30": "", "2006-03-31": "", "2005-12-31": "", "2005-09-30": "", "2005-06-30": "", "2005-03-31": ""}, "Other Non-Current Liabilities": {"2020-12-31": "", "2020-09-30": "", "2020-06-30": "7.60000", "2020-03-31": "", "2019-12-31": "", "2019-09-30": "", "2019-06-30": "", "2019-03-31": "", "2018-12-31": "", "2018-09-30": "", "2018-06-30": "", "2018-03-31": "", "2017-12-31": "", "2017-09-30": "", "2017-06-30": "", "2017-03-31": "", "2016-12-31": "", "2016-09-30": "", "2016-06-30": "", "2016-03-31": "", "2015-12-31": "", "2015-09-30": "", "2015-06-30": "", "2015-03-31": "", "2014-12-31": "", "2014-09-30": "", "2014-06-30": "", "2014-03-31": "", "2013-12-31": "", "2013-09-30": "", "2013-06-30": "", "2013-03-31": "", "2012-12-31": "", "2012-09-30": "", "2012-06-30": "", "2012-03-31": "", "2011-12-31": "", "2011-09-30": "", "2011-06-30": "", "2011-03-31": "", "2010-12-31": "", "2010-09-30": "", "2010-06-30": "", "2010-03-31": "", "2009-12-31": "", "2009-09-30": "", "2009-06-30": "", "2009-03-31": "", "2008-12-31": "", "2008-09-30": "", "2008-06-30": "", "2008-03-31": "", "2007-12-31": "", "2007-09-30": "", "2007-06-30": "", "2007-03-31": "", "2006-12-31": "", "2006-09-30": "", "2006-06-30": "", "2006-03-31": "", "2005-12-31": "", "2005-09-30": "", "2005-06-30": "", "2005-03-31": ""}, "Total Long Term Liabilities": {"2020-12-31": "618.80000", "2020-09-30": "620.00000", "2020-06-30": "670.90000", "2020-03-31": "697.70000", "2019-12-31": "589.60000", "2019-09-30": "673.40000", "2019-06-30": "724.79990", "2019-03-31": "700.00000", "2018-12-31": "581.40000", "2018-09-30": "462.20000", "2018-06-30": "492.50000", "2018-03-31": "454.60000", "2017-12-31": "462.60000", "2017-09-30": "514.90000", "2017-06-30": "517.60000", "2017-03-31": "435.10000", "2016-12-31": "460.10000", "2016-09-30": "490.10500", "2016-06-30": "419.79200", "2016-03-31": "419.23200", "2015-12-31": "358.00700", "2015-09-30": "343.50600", "2015-06-30": "320.37200", "2015-03-31": "68.76100", "2014-12-31": "68.53200", "2014-09-30": "63.51900", "2014-06-30": "63.38600", "2014-03-31": "63.25600", "2013-12-31": "63.25500", "2013-09-30": "51.21200", "2013-06-30": "51.25100", "2013-03-31": "51.33600", "2012-12-31": "51.29800", "2012-09-30": "39.31700", "2012-06-30": "39.33100", "2012-03-31": "38.13700", "2011-12-31": "38.15400", "2011-09-30": "23.32500", "2011-06-30": "23.30600", "2011-03-31": "23.58000", "2010-12-31": "23.58600", "2010-09-30": "16.81900", "2010-06-30": "16.82200", "2010-03-31": "17.00100", "2009-12-31": "17.00600", "2009-09-30": "13.88000", "2009-06-30": "13.88900", "2009-03-31": "13.89700", "2008-12-31": "13.89700", "2008-09-30": "15.10900", "2008-06-30": "15.10900", "2008-03-31": "15.10900", "2007-12-31": "15.10900", "2007-09-30": "14.00100", "2007-06-30": "14.00100", "2007-03-31": "13.02700", "2006-12-31": "13.02700", "2006-09-30": "17.02900", "2006-06-30": "17.02900", "2006-03-31": "16.08500", "2005-12-31": "14.94800", "2005-09-30": "14.68200", "2005-06-30": "14.68200", "2005-03-31": "14.68200"}, "Total Liabilities": {"2020-12-31": "1231.50000", "2020-09-30": "1223.00000", "2020-06-30": "1302.20000", "2020-03-31": "1278.10000", "2019-12-31": "1134.30000", "2019-09-30": "1228.50000", "2019-06-30": "1252.70000", "2019-03-31": "1254.60000", "2018-12-31": "1018.80000", "2018-09-30": "878.30000", "2018-06-30": "873.50000", "2018-03-31": "857.60000", "2017-12-31": "813.60000", "2017-09-30": "875.30000", "2017-06-30": "859.90000", "2017-03-31": "804.70000", "2016-12-31": "735.80000", "2016-09-30": "821.17000", "2016-06-30": "830.97400", "2016-03-31": "820.90500", "2015-12-31": "731.17300", "2015-09-30": "711.78600", "2015-06-30": "716.94800", "2015-03-31": "561.12400", "2014-12-31": "443.88500", "2014-09-30": "471.42200", "2014-06-30": "414.84900", "2014-03-31": "364.78200", "2013-12-31": "303.08700", "2013-09-30": "310.78400", "2013-06-30": "287.39100", "2013-03-31": "304.43300", "2012-12-31": "255.47200", "2012-09-30": "255.33300", "2012-06-30": "249.85000", "2012-03-31": "274.36400", "2011-12-31": "225.97200", "2011-09-30": "242.19400", "2011-06-30": "227.70000", "2011-03-31": "233.09600", "2010-12-31": "185.77100", "2010-09-30": "193.96200", "2010-06-30": "182.98600", "2010-03-31": "179.31000", "2009-12-31": "136.51500", "2009-09-30": "152.62400", "2009-06-30": "141.83900", "2009-03-31": "165.33800", "2008-12-31": "161.89000", "2008-09-30": "187.11500", "2008-06-30": "161.99500", "2008-03-31": "182.22300", "2007-12-31": "152.90000", "2007-09-30": "142.16300", "2007-06-30": "143.34000", "2007-03-31": "153.10400", "2006-12-31": "116.92300", "2006-09-30": "124.86800", "2006-06-30": "130.27900", "2006-03-31": "152.00400", "2005-12-31": "106.48600", "2005-09-30": "99.89400", "2005-06-30": "99.66500", "2005-03-31": "111.97600"}, "Common Stock Net": {"2020-12-31": "2.90000", "2020-09-30": "2.90000", "2020-06-30": "2.90000", "2020-03-31": "2.90000", "2019-12-31": "2.90000", "2019-09-30": "2.90000", "2019-06-30": "2.90000", "2019-03-31": "2.90000", "2018-12-31": "2.90000", "2018-09-30": "2.90000", "2018-06-30": "2.90000", "2018-03-31": "2.90000", "2017-12-31": "2.90000", "2017-09-30": "2.90000", "2017-06-30": "2.90000", "2017-03-31": "2.90000", "2016-12-31": "2.90000", "2016-09-30": "2.89000", "2016-06-30": "2.89000", "2016-03-31": "2.88900", "2015-12-31": "2.89600", "2015-09-30": "2.89700", "2015-06-30": "2.90200", "2015-03-31": "2.94000", "2014-12-31": "2.95900", "2014-09-30": "2.96500", "2014-06-30": "2.96800", "2014-03-31": "2.96600", "2013-12-31": "2.96800", "2013-09-30": "2.96800", "2013-06-30": "2.96900", "2013-03-31": "2.96700", "2012-12-31": "2.96600", "2012-09-30": "2.96300", "2012-06-30": "2.96200", "2012-03-31": "2.96100", "2011-12-31": "2.95300", "2011-09-30": "2.95200", "2011-06-30": "2.95100", "2011-03-31": "1.47400", "2010-12-31": "2.94800", "2010-09-30": "1.47400", "2010-06-30": "1.47400", "2010-03-31": "1.47400", "2009-12-31": "1.47400", "2009-09-30": "1.48500", "2009-06-30": "1.48500", "2009-03-31": "1.48500", "2008-12-31": "1.48500", "2008-09-30": "1.48500", "2008-06-30": "1.48900", "2008-03-31": "1.49100", "2007-12-31": "1.49100", "2007-09-30": "1.50300", "2007-06-30": "1.50600", "2007-03-31": "1.51100", "2006-12-31": "1.51200", "2006-09-30": "1.51000", "2006-06-30": "1.51000", "2006-03-31": "1.51100", "2005-12-31": "1.51100", "2005-09-30": "0.75500", "2005-06-30": "0.75500", "2005-03-31": "0.75900"}, "Retained Earnings (Accumulated Deficit)": {"2020-12-31": "2689.60000", "2020-09-30": "2866.70000", "2020-06-30": "2788.60000", "2020-03-31": "2692.90000", "2019-12-31": "2633.90000", "2019-09-30": "2581.50000", "2019-06-30": "2494.20000", "2019-03-31": "2412.70000", "2018-12-31": "2341.60000", "2018-09-30": "2342.00000", "2018-06-30": "2259.20000", "2018-03-31": "2178.50000", "2017-12-31": "2110.60000", "2017-09-30": "2050.20000", "2017-06-30": "2023.70000", "2017-03-31": "1981.70000", "2016-12-31": "1940.10000", "2016-09-30": "1912.04800", "2016-06-30": "1871.81300", "2016-03-31": "1826.95800", "2015-12-31": "1842.77200", "2015-09-30": "1819.79400", "2015-06-30": "1781.64500", "2015-03-31": "1887.15900", "2014-12-31": "1886.35000", "2014-09-30": "1841.99400", "2014-06-30": "1782.87300", "2014-03-31": "1726.51900", "2013-12-31": "1688.78100", "2013-09-30": "1663.78900", "2013-06-30": "1618.65800", "2013-03-31": "1556.98700", "2012-12-31": "1477.60100", "2012-09-30": "1589.38100", "2012-06-30": "1536.34200", "2012-03-31": "1474.36800", "2011-12-31": "1424.37100", "2011-09-30": "1378.22700", "2011-06-30": "1319.79500", "2011-03-31": "1264.01500", "2010-12-31": "1258.18300", "2010-09-30": "1254.94300", "2010-06-30": "1241.87000", "2010-03-31": "1172.70300", "2009-12-31": "1175.64100", "2009-09-30": "1167.12300", "2009-06-30": "1174.49200", "2009-03-31": "1130.95300", "2008-12-31": "1134.24400", "2008-09-30": "1111.81200", "2008-06-30": "1095.75500", "2008-03-31": "1026.86400", "2007-12-31": "996.05000", "2007-09-30": "989.40100", "2007-06-30": "972.12000", "2007-03-31": "924.99900", "2006-12-31": "902.55000", "2006-09-30": "856.98000", "2006-06-30": "836.60200", "2006-03-31": "794.24100", "2005-12-31": "776.59800", "2005-09-30": "738.18800", "2005-06-30": "715.63100", "2005-03-31": "676.02600"}, "Comprehensive Income": {"2020-12-31": "-21.20000", "2020-09-30": "-41.80000", "2020-06-30": "-52.90000", "2020-03-31": "-63.40000", "2019-12-31": "-38.40000", "2019-09-30": "-49.00000", "2019-06-30": "-39.40000", "2019-03-31": "-41.10000", "2018-12-31": "-44.80000", "2018-09-30": "-36.70000", "2018-06-30": "-35.90000", "2018-03-31": "-23.10000", "2017-12-31": "-25.10000", "2017-09-30": "-28.10000", "2017-06-30": "-36.30000", "2017-03-31": "-44.40000", "2016-12-31": "-47.30000", "2016-09-30": "-37.14300", "2016-06-30": "-34.24200", "2016-03-31": "-32.68700", "2015-12-31": "-46.40300", "2015-09-30": "-40.23100", "2015-06-30": "-23.49700", "2015-03-31": "-27.28600", "2014-12-31": "-7.83600", "2014-09-30": "-0.12000", "2014-06-30": "11.65200", "2014-03-31": "6.26600", "2013-12-31": "11.10100", "2013-09-30": "14.75300", "2013-06-30": "11.08100", "2013-03-31": "14.34900", "2012-12-31": "18.35700", "2012-09-30": "18.99600", "2012-06-30": "14.34200", "2012-03-31": "17.75900", "2011-12-31": "14.79600", "2011-09-30": "13.33000", "2011-06-30": "21.38600", "2011-03-31": "20.76500", "2010-12-31": "18.49200", "2010-09-30": "15.61000", "2010-06-30": "13.19200", "2010-03-31": "15.45500", "2009-12-31": "13.39500", "2009-09-30": "12.12300", "2009-06-30": "7.40900", "2009-03-31": "2.41400", "2008-12-31": "4.97100", "2008-09-30": "7.85500", "2008-06-30": "11.42400", "2008-03-31": "11.09700", "2007-12-31": "12.39300", "2007-09-30": "16.48300", "2007-06-30": "11.67900", "2007-03-31": "6.30900", "2006-12-31": "5.33400", "2006-09-30": "8.10900", "2006-06-30": "8.37700", "2006-03-31": "5.44800", "2005-12-31": "5.44000", "2005-09-30": "9.35700", "2005-06-30": "4.31700", "2005-03-31": "5.96200"}, "Other Share Holders Equity": {"2020-12-31": "", "2020-09-30": "", "2020-06-30": "", "2020-03-31": "", "2019-12-31": "", "2019-09-30": "", "2019-06-30": "", "2019-03-31": "", "2018-12-31": "", "2018-09-30": "", "2018-06-30": "", "2018-03-31": "", "2017-12-31": "", "2017-09-30": "", "2017-06-30": "", "2017-03-31": "", "2016-12-31": "", "2016-09-30": "", "2016-06-30": "", "2016-03-31": "", "2015-12-31": "", "2015-09-30": "", "2015-06-30": "", "2015-03-31": "", "2014-12-31": "", "2014-09-30": "", "2014-06-30": "", "2014-03-31": "", "2013-12-31": "", "2013-09-30": "", "2013-06-30": "", "2013-03-31": "", "2012-12-31": "", "2012-09-30": "", "2012-06-30": "", "2012-03-31": "", "2011-12-31": "", "2011-09-30": "", "2011-06-30": "", "2011-03-31": "", "2010-12-31": "", "2010-09-30": "", "2010-06-30": "", "2010-03-31": "", "2009-12-31": "", "2009-09-30": "", "2009-06-30": "", "2009-03-31": "", "2008-12-31": "", "2008-09-30": "", "2008-06-30": "", "2008-03-31": "", "2007-12-31": "", "2007-09-30": "", "2007-06-30": "", "2007-03-31": "", "2006-12-31": "", "2006-09-30": "", "2006-06-30": "", "2006-03-31": "", "2005-12-31": "", "2005-09-30": "", "2005-06-30": "", "2005-03-31": ""}, "Share Holder Equity": {"2020-12-31": "2733.20000", "2020-09-30": "2885.60000", "2020-06-30": "2783.00000", "2020-03-31": "2656.60000", "2019-12-31": "2665.60000", "2019-09-30": "2585.70000", "2019-06-30": "2503.70000", "2019-03-31": "2397.20000", "2018-12-31": "2302.70000", "2018-09-30": "2315.60000", "2018-06-30": "2226.60000", "2018-03-31": "2172.00000", "2017-12-31": "2096.90000", "2017-09-30": "2026.30000", "2017-06-30": "1991.50000", "2017-03-31": "1981.70000", "2016-12-31": "1933.10000", "2016-09-30": "1909.29800", "2016-06-30": "1868.16200", "2016-03-31": "1821.87600", "2015-12-31": "1801.28900", "2015-09-30": "1783.49100", "2015-06-30": "1763.98400", "2015-03-31": "1862.81300", "2014-12-31": "1915.21700", "2014-09-30": "1901.57300", "2014-06-30": "1868.12400", "2014-03-31": "1800.32400", "2013-12-31": "1772.69700", "2013-09-30": "1749.63500", "2013-06-30": "1706.05200", "2013-03-31": "1640.86300", "2012-12-31": "1560.36000", "2012-09-30": "1664.37800", "2012-06-30": "1600.89700", "2012-03-31": "1538.96800", "2011-12-31": "1458.97600", "2011-09-30": "1408.82600", "2011-06-30": "1354.17100", "2011-03-31": "1291.51700", "2010-12-31": "1282.51200", "2010-09-30": "1275.37500", "2010-06-30": "1258.86900", "2010-03-31": "1190.96500", "2009-12-31": "1190.84300", "2009-09-30": "1185.14000", "2009-06-30": "1186.84500", "2009-03-31": "1137.31100", "2008-12-31": "1142.25900", "2008-09-30": "1121.77700", "2008-06-30": "1108.66800", "2008-03-31": "1040.35200", "2007-12-31": "1010.16100", "2007-09-30": "1007.61400", "2007-06-30": "985.68800", "2007-03-31": "942.08200", "2006-12-31": "922.09300", "2006-09-30": "872.40200", "2006-06-30": "850.25400", "2006-03-31": "801.36800", "2005-12-31": "783.54900", "2005-09-30": "748.30000", "2005-06-30": "720.70300", "2005-03-31": "696.44000"}, "Total Liabilities And Share Holders Equity": {"2020-12-31": "3964.70000", "2020-09-30": "4108.60000", "2020-06-30": "4085.20000", "2020-03-31": "3934.70000", "2019-12-31": "3799.90000", "2019-09-30": "3814.20000", "2019-06-30": "3756.40000", "2019-03-31": "3651.80000", "2018-12-31": "3321.50000", "2018-09-30": "3193.90000", "2018-06-30": "3100.10000", "2018-03-31": "3029.60000", "2017-12-31": "2910.50000", "2017-09-30": "2901.60000", "2017-06-30": "2851.40000", "2017-03-31": "2786.40000", "2016-12-31": "2668.90000", "2016-09-30": "2730.46800", "2016-06-30": "2699.13600", "2016-03-31": "2642.78100", "2015-12-31": "2532.46200", "2015-09-30": "2495.27700", "2015-06-30": "2480.93200", "2015-03-31": "2423.93700", "2014-12-31": "2359.10200", "2014-09-30": "2372.99500", "2014-06-30": "2282.97300", "2014-03-31": "2165.10600", "2013-12-31": "2075.78400", "2013-09-30": "2060.41900", "2013-06-30": "1993.44300", "2013-03-31": "1945.29600", "2012-12-31": "1815.83200", "2012-09-30": "1919.71100", "2012-06-30": "1850.74700", "2012-03-31": "1813.33200", "2011-12-31": "1684.94800", "2011-09-30": "1651.02000", "2011-06-30": "1581.87100", "2011-03-31": "1524.61300", "2010-12-31": "1468.28300", "2010-09-30": "1469.33700", "2010-06-30": "1441.85500", "2010-03-31": "1370.27500", "2009-12-31": "1327.35800", "2009-09-30": "1337.76400", "2009-06-30": "1328.68400", "2009-03-31": "1302.64900", "2008-12-31": "1304.14900", "2008-09-30": "1308.89200", "2008-06-30": "1270.66300", "2008-03-31": "1222.57500", "2007-12-31": "1163.06100", "2007-09-30": "1149.77700", "2007-06-30": "1129.02800", "2007-03-31": "1095.18600", "2006-12-31": "1039.01600", "2006-09-30": "997.27000", "2006-06-30": "980.53300", "2006-03-31": "953.37200", "2005-12-31": "890.03500", "2005-09-30": "848.19400", "2005-06-30": "820.36800", "2005-03-31": "808.41600"}}, "cash flow statement": {"Net Income/Loss": {"2020-12-31": "859.10000", "2019-12-31": "790.90000", "2018-12-31": "751.90000", "2017-12-31": "578.60000", "2016-12-31": "499.40000", "2015-12-31": "516.40000", "2014-12-31": "494.15000", "2013-12-31": "448.63600", "2012-12-31": "420.53600", "2011-12-31": "357.92900", "2010-12-31": "265.35600", "2009-12-31": "184.35700", "2008-12-31": "279.70500", "2007-12-31": "232.62200", "2006-12-31": "199.03800", "2005-12-31": "166.81400"}, "Total Depreciation And Amortization - Cash Flow": {"2020-12-31": "162.40000", "2019-12-31": "148.70000", "2018-12-31": "138.20000", "2017-12-31": "127.40000", "2016-12-31": "104.00000", "2015-12-31": "86.60000", "2014-12-31": "72.67200", "2013-12-31": "64.19100", "2012-12-31": "54.05200", "2011-12-31": "44.70600", "2010-12-31": "40.75500", "2009-12-31": "40.08700", "2008-12-31": "39.26800", "2007-12-31": "37.39900", "2006-12-31": "33.59700", "2005-12-31": "29.07300"}, "Other Non-Cash Items": {"2020-12-31": "14.70000", "2019-12-31": "25.00000", "2018-12-31": "46.50000", "2017-12-31": "-17.60000", "2016-12-31": "37.80000", "2015-12-31": "21.50000", "2014-12-31": "17.22100", "2013-12-31": "19.52000", "2012-12-31": "19.41600", "2011-12-31": "29.20800", "2010-12-31": "14.32500", "2009-12-31": "20.20800", "2008-12-31": "8.49300", "2007-12-31": "6.24800", "2006-12-31": "0.51900", "2005-12-31": "3.21500"}, "Total Non-Cash Items": {"2020-12-31": "177.10000", "2019-12-31": "173.70000", "2018-12-31": "184.70000", "2017-12-31": "109.80000", "2016-12-31": "141.80000", "2015-12-31": "108.10000", "2014-12-31": "89.89300", "2013-12-31": "83.71100", "2012-12-31": "73.46800", "2011-12-31": "73.91400", "2010-12-31": "55.08000", "2009-12-31": "60.29500", "2008-12-31": "47.76100", "2007-12-31": "43.64700", "2006-12-31": "34.11600", "2005-12-31": "32.28800"}, "Change In Accounts Receivable": {"2020-12-31": "-29.70000", "2019-12-31": "-30.40000", "2018-12-31": "-120.30000", "2017-12-31": "-103.70000", "2016-12-31": "-40.50000", "2015-12-31": "-20.60000", "2014-12-31": "-63.41800", "2013-12-31": "-51.59300", "2012-12-31": "-43.29100", "2011-12-31": "-77.67800", "2010-12-31": "-64.62200", "2009-12-31": "21.36200", "2008-12-31": "-16.10700", "2007-12-31": "-32.14200", "2006-12-31": "-29.69800", "2005-12-31": "-26.98900"}, "Change In Inventories": {"2020-12-31": "36.00000", "2019-12-31": "-84.40000", "2018-12-31": "-193.30000", "2017-12-31": "-76.30000", "2016-12-31": "-80.90000", "2015-12-31": "-47.80000", "2014-12-31": "-87.62200", "2013-12-31": "-68.68500", "2012-12-31": "-69.23100", "2011-12-31": "-88.78300", "2010-12-31": "-48.96400", "2009-12-31": "60.42500", "2008-12-31": "-59.65500", "2007-12-31": "-48.59500", "2006-12-31": "-94.43600", "2005-12-31": "-54.22800"}, "Change In Accounts Payable": {"2020-12-31": "14.20000", "2019-12-31": "-0.80000", "2018-12-31": "46.10000", "2017-12-31": "36.30000", "2016-12-31": "-17.20000", "2015-12-31": "20.60000", "2014-12-31": "12.50100", "2013-12-31": "13.23400", "2012-12-31": "4.24000", "2011-12-31": "13.30500", "2010-12-31": "6.98400", "2009-12-31": "-14.17200", "2008-12-31": "8.59600", "2007-12-31": "13.98200", "2006-12-31": "2.79900", "2005-12-31": "-0.70400"}, "Change In Assets/Liabilities": {"2020-12-31": "14.50000", "2019-12-31": "-9.30000", "2018-12-31": "-26.20000", "2017-12-31": "-16.50000", "2016-12-31": "30.40000", "2015-12-31": "-10.90000", "2014-12-31": "-5.78000", "2013-12-31": "-16.89300", "2012-12-31": "-4.32700", "2011-12-31": "-22.52600", "2010-12-31": "-20.69500", "2009-12-31": "23.48500", "2008-12-31": "-2.00800", "2007-12-31": "-1.53200", "2006-12-31": "-23.50300", "2005-12-31": "-11.20000"}, "Total Change In Assets/Liabilities": {"2020-12-31": "65.60000", "2019-12-31": "-121.90000", "2018-12-31": "-262.40000", "2017-12-31": "-103.20000", "2016-12-31": "-121.30000", "2015-12-31": "-74.20000", "2014-12-31": "-84.65100", "2013-12-31": "-116.22700", "2012-12-31": "-97.71200", "2011-12-31": "-163.35400", "2010-12-31": "-79.94800", "2009-12-31": "61.41800", "2008-12-31": "-67.56800", "2007-12-31": "-48.37400", "2006-12-31": "-135.27900", "2005-12-31": "-77.19000"}, "Cash Flow From Operating Activities": {"2020-12-31": "1101.80000", "2019-12-31": "842.70000", "2018-12-31": "674.20000", "2017-12-31": "585.20000", "2016-12-31": "519.90000", "2015-12-31": "550.30000", "2014-12-31": "499.39200", "2013-12-31": "416.12000", "2012-12-31": "396.29200", "2011-12-31": "268.48900", "2010-12-31": "240.48800", "2009-12-31": "306.07000", "2008-12-31": "259.89800", "2007-12-31": "227.89500", "2006-12-31": "97.87500", "2005-12-31": "121.91200"}, "Net Change In Property, Plant, And Equipment": {"2020-12-31": "-157.50000", "2019-12-31": "-239.80000", "2018-12-31": "-166.80000", "2017-12-31": "-112.50000", "2016-12-31": "-183.00000", "2015-12-31": "-145.30000", "2014-12-31": "-183.65500", "2013-12-31": "-201.55000", "2012-12-31": "-133.88200", "2011-12-31": "-116.48900", "2010-12-31": "-69.13800", "2009-12-31": "-47.67500", "2008-12-31": "-86.92300", "2007-12-31": "-49.83000", "2006-12-31": "-73.33500", "2005-12-31": "-60.45500"}, "Net Change In Intangible Assets": {"2020-12-31": "", "2019-12-31": "", "2018-12-31": "", "2017-12-31": "", "2016-12-31": "", "2015-12-31": "", "2014-12-31": "", "2013-12-31": "", "2012-12-31": "", "2011-12-31": "", "2010-12-31": "", "2009-12-31": "", "2008-12-31": "", "2007-12-31": "", "2006-12-31": "", "2005-12-31": ""}, "Net Acquisitions/Divestitures": {"2020-12-31": "-125.00000", "2019-12-31": "", "2018-12-31": "-3.70000", "2017-12-31": "-58.70000", "2016-12-31": "", "2015-12-31": "-23.50000", "2014-12-31": "-5.57500", "2013-12-31": "", "2012-12-31": "", "2011-12-31": "", "2010-12-31": "", "2009-12-31": "-5.03200", "2008-12-31": "", "2007-12-31": "", "2006-12-31": "", "2005-12-31": ""}, "Net Change In Short-term Investments": {"2020-12-31": "", "2019-12-31": "", "2018-12-31": "", "2017-12-31": "", "2016-12-31": "", "2015-12-31": "", "2014-12-31": "0.45100", "2013-12-31": "-0.09700", "2012-12-31": "26.81100", "2011-12-31": "4.05400", "2010-12-31": "-0.58100", "2009-12-31": "-28.94100", "2008-12-31": "0.41200", "2007-12-31": "12.42100", "2006-12-31": "-0.63300", "2005-12-31": "27.06700"}, "Net Change In Long-Term Investments": {"2020-12-31": "", "2019-12-31": "", "2018-12-31": "", "2017-12-31": "", "2016-12-31": "", "2015-12-31": "", "2014-12-31": "", "2013-12-31": "", "2012-12-31": "", "2011-12-31": "", "2010-12-31": "", "2009-12-31": "", "2008-12-31": "", "2007-12-31": "", "2006-12-31": "", "2005-12-31": ""}, "Net Change In Investments - Total": {"2020-12-31": "", "2019-12-31": "", "2018-12-31": "", "2017-12-31": "", "2016-12-31": "", "2015-12-31": "", "2014-12-31": "0.45100", "2013-12-31": "-0.09700", "2012-12-31": "26.81100", "2011-12-31": "4.05400", "2010-12-31": "-0.58100", "2009-12-31": "-28.94100", "2008-12-31": "0.41200", "2007-12-31": "12.42100", "2006-12-31": "-0.63300", "2005-12-31": "27.06700"}, "Investing Activities - Other": {"2020-12-31": "0.80000", "2019-12-31": "0.10000", "2018-12-31": "-3.40000", "2017-12-31": "-8.10000", "2016-12-31": "-5.10000", "2015-12-31": "-11.80000", "2014-12-31": "-0.00200", "2013-12-31": "-0.14500", "2012-12-31": "-0.13300", "2011-12-31": "0.21200", "2010-12-31": "-10.32900", "2009-12-31": "-0.10100", "2008-12-31": "-0.07200", "2007-12-31": "-0.26500", "2006-12-31": "-0.23100", "2005-12-31": "-0.16400"}, "Cash Flow From Investing Activities": {"2020-12-31": "-281.70000", "2019-12-31": "-239.70000", "2018-12-31": "-173.90000", "2017-12-31": "-179.30000", "2016-12-31": "-188.10000", "2015-12-31": "-180.60000", "2014-12-31": "-188.78100", "2013-12-31": "-201.79200", "2012-12-31": "-107.20400", "2011-12-31": "-112.22300", "2010-12-31": "-80.04800", "2009-12-31": "-81.74900", "2008-12-31": "-86.58300", "2007-12-31": "-37.67400", "2006-12-31": "-74.19900", "2005-12-31": "-33.55200"}, "Net Long-Term Debt": {"2020-12-31": "", "2019-12-31": "", "2018-12-31": "", "2017-12-31": "", "2016-12-31": "", "2015-12-31": "", "2014-12-31": "", "2013-12-31": "", "2012-12-31": "", "2011-12-31": "", "2010-12-31": "", "2009-12-31": "", "2008-12-31": "", "2007-12-31": "", "2006-12-31": "", "2005-12-31": ""}, "Net Current Debt": {"2020-12-31": "60.00000", "2019-12-31": "-155.00000", "2018-12-31": "85.00000", "2017-12-31": "35.00000", "2016-12-31": "30.00000", "2015-12-31": "260.00000", "2014-12-31": "90.00000", "2013-12-31": "", "2012-12-31": "", "2011-12-31": "", "2010-12-31": "", "2009-12-31": "", "2008-12-31": "", "2007-12-31": "", "2006-12-31": "", "2005-12-31": ""}, "Debt Issuance/Retirement Net - Total": {"2020-12-31": "60.00000", "2019-12-31": "-155.00000", "2018-12-31": "85.00000", "2017-12-31": "35.00000", "2016-12-31": "30.00000", "2015-12-31": "260.00000", "2014-12-31": "90.00000", "2013-12-31": "", "2012-12-31": "", "2011-12-31": "", "2010-12-31": "", "2009-12-31": "", "2008-12-31": "", "2007-12-31": "", "2006-12-31": "", "2005-12-31": ""}, "Net Common Equity Issued/Repurchased": {"2020-12-31": "-11.00000", "2019-12-31": "58.50000", "2018-12-31": "-89.60000", "2017-12-31": "-73.10000", "2016-12-31": "-30.20000", "2015-12-31": "-273.80000", "2014-12-31": "-45.24500", "2013-12-31": "0.22600", "2012-12-31": "29.64400", "2011-12-31": "8.93900", "2010-12-31": "", "2009-12-31": "-41.10400", "2008-12-31": "-25.95800", "2007-12-31": "-87.31200", "2006-12-31": "-4.77200", "2005-12-31": "-18.73900"}, "Net Total Equity Issued/Repurchased": {"2020-12-31": "-11.00000", "2019-12-31": "58.50000", "2018-12-31": "-89.60000", "2017-12-31": "-73.10000", "2016-12-31": "-30.20000", "2015-12-31": "-273.80000", "2014-12-31": "-45.24500", "2013-12-31": "0.22600", "2012-12-31": "29.64400", "2011-12-31": "8.93900", "2010-12-31": "", "2009-12-31": "-41.10400", "2008-12-31": "-25.95800", "2007-12-31": "-87.31200", "2006-12-31": "-4.77200", "2005-12-31": "-18.73900"}, "Total Common And Preferred Stock Dividends Paid": {"2020-12-31": "-803.40000", "2019-12-31": "-498.60000", "2018-12-31": "-441.90000", "2017-12-31": "-369.10000", "2016-12-31": "-346.60000", "2015-12-31": "-327.10000", "2014-12-31": "-296.58100", "2013-12-31": "-237.45600", "2012-12-31": "-367.30600", "2011-12-31": "-191.74100", "2010-12-31": "-182.81400", "2009-12-31": "-106.94300", "2008-12-31": "-117.47400", "2007-12-31": "-66.21600", "2006-12-31": "-60.54800", "2005-12-31": "-46.93500"}, "Financial Activities - Other": {"2020-12-31": "", "2019-12-31": "", "2018-12-31": "", "2017-12-31": "", "2016-12-31": "", "2015-12-31": "", "2014-12-31": "2.09400", "2013-12-31": "2.78700", "2012-12-31": "10.14900", "2011-12-31": "0.98300", "2010-12-31": "", "2009-12-31": "", "2008-12-31": "", "2007-12-31": "", "2006-12-31": "4.65300", "2005-12-31": ""}, "Cash Flow From Financial Activities": {"2020-12-31": "-754.40000", "2019-12-31": "-595.10000", "2018-12-31": "-446.50000", "2017-12-31": "-407.20000", "2016-12-31": "-346.80000", "2015-12-31": "-340.90000", "2014-12-31": "-249.73200", "2013-12-31": "-234.44300", "2012-12-31": "-327.51300", "2011-12-31": "-181.81900", "2010-12-31": "-182.81400", "2009-12-31": "-148.04700", "2008-12-31": "-143.43200", "2007-12-31": "-153.52800", "2006-12-31": "-60.66700", "2005-12-31": "-65.67400"}, "Net Cash Flow": {"2020-12-31": "70.80000", "2019-12-31": "7.70000", "2018-12-31": "50.30000", "2017-12-31": "4.20000", "2016-12-31": "-16.30000", "2015-12-31": "14.60000", "2014-12-31": "55.99000", "2013-12-31": "-21.10500", "2012-12-31": "-38.06500", "2011-12-31": "-26.01700", "2010-12-31": "-21.15900", "2009-12-31": "78.96000", "2008-12-31": "28.67200", "2007-12-31": "37.87400", "2006-12-31": "-36.85800", "2005-12-31": "22.70100"}, "Stock-Based Compensation": {"2020-12-31": "5.70000", "2019-12-31": "5.70000", "2018-12-31": "5.10000", "2017-12-31": "5.20000", "2016-12-31": "4.10000", "2015-12-31": "5.80000", "2014-12-31": "7.03900", "2013-12-31": "5.40000", "2012-12-31": "4.80000", "2011-12-31": "4.05000", "2010-12-31": "4.03000", "2009-12-31": "3.85000", "2008-12-31": "3.24700", "2007-12-31": "1.91500", "2006-12-31": "0.27900", "2005-12-31": ""}, "Common Stock Dividends Paid": {"2020-12-31": "-803.40000", "2019-12-31": "-498.60000", "2018-12-31": "-441.90000", "2017-12-31": "-369.10000", "2016-12-31": "-346.60000", "2015-12-31": "-327.10000", "2014-12-31": "-296.58100", "2013-12-31": "-237.45600", "2012-12-31": "-367.30600", "2011-12-31": "-191.74100", "2010-12-31": "-182.81400", "2009-12-31": "-106.94300", "2008-12-31": "-117.47400", "2007-12-31": "-66.21600", "2006-12-31": "-60.54800", "2005-12-31": "-46.93500"}}, "cash flow statement, quarterly": {"Net Income/Loss": {"2020-12-31": 196.1, "2020-09-30": 221.5, "2020-06-30": 238.9, "2020-03-31": "202.60000", "2019-12-31": 178.7, "2019-09-30": 213.5, "2019-06-30": 204.6, "2019-03-31": "194.10000", "2018-12-31": 168.8, "2018-09-30": 197.6, "2018-06-30": 211.2, "2018-03-31": "174.30000", "2017-12-31": 152.4, "2017-09-30": 143.1, "2017-06-30": 148.9, "2017-03-31": "134.20000", "2016-12-31": 114.8, "2016-09-30": 126.9, "2016-06-30": 131.5, "2016-03-31": "126.20000", "2015-12-31": 111.943, "2015-09-30": 136.494, "2015-06-30": 140.357, "2015-03-31": "127.60600", "2014-12-31": 118.391, "2014-09-30": 133.314, "2014-06-30": 130.514, "2014-03-31": "111.93100", "2013-12-31": 99.229, "2013-09-30": 119.35, "2013-06-30": 121.009, "2013-03-31": "109.04800", "2012-12-31": 98.716, "2012-09-30": 109.32, "2012-06-30": 112.306, "2012-03-31": "100.19400", "2011-12-31": 87.471, "2011-09-30": 96.799, "2011-06-30": 94.112, "2011-03-31": "79.54700", "2010-12-31": 65.161, "2010-09-30": 74.994, "2010-06-30": 69.167, "2010-03-31": "56.03400", "2009-12-31": 44.536, "2009-09-30": 47.589, "2009-06-30": 43.538, "2009-03-31": "48.69400", "2008-12-31": 62.536, "2008-09-30": 72.909, "2008-06-30": 76.166, "2008-03-31": "68.09400", "2007-12-31": 56.191, "2007-09-30": 62.142, "2007-06-30": 60.256, "2007-03-31": "54.03300", "2006-12-31": 45.57, "2006-09-30": 54.101, "2006-06-30": 51.513, "2006-03-31": "47.85400", "2005-12-31": 39.164, "2005-09-30": 45.971, "2005-06-30": 44.648, "2005-03-31": "37.03100"}, "Total Depreciation And Amortization - Cash Flow": {"2020-12-31": 42, "2020-09-30": 41.1, "2020-06-30": 40.7, "2020-03-31": "38.60000", "2019-12-31": 37.9, "2019-09-30": 37.3, "2019-06-30": 37.1, "2019-03-31": "36.40000", "2018-12-31": 35.9, "2018-09-30": 34.8, "2018-06-30": 34.1, "2018-03-31": "33.40000", "2017-12-31": 32.3, "2017-09-30": 32.5, "2017-06-30": 31.9, "2017-03-31": "30.70000", "2016-12-31": 29.1, "2016-09-30": 26.7, "2016-06-30": 24.8, "2016-03-31": "23.40000", "2015-12-31": 25.705, "2015-09-30": 21.337, "2015-06-30": 20.014, "2015-03-31": "19.54400", "2014-12-31": 18.801, "2014-09-30": 18.418, "2014-06-30": 18.04, "2014-03-31": "17.41300", "2013-12-31": 16.689, "2013-09-30": 16.375, "2013-06-30": 15.949, "2013-03-31": "15.17800", "2012-12-31": 14.454, "2012-09-30": 13.589, "2012-06-30": 13.446, "2012-03-31": "12.56300", "2011-12-31": 11.82, "2011-09-30": 11.226, "2011-06-30": 11.031, "2011-03-31": "10.62900", "2010-12-31": 10.273, "2010-09-30": 10.044, "2010-06-30": 10.134, "2010-03-31": "10.30400", "2009-12-31": 9.89, "2009-09-30": 9.8, "2009-06-30": 10.08, "2009-03-31": "10.31700", "2008-12-31": 10.065, "2008-09-30": 9.873, "2008-06-30": 9.789, "2008-03-31": "9.54100", "2007-12-31": 9.39, "2007-09-30": 9.375, "2007-06-30": 9.391, "2007-03-31": "9.24300", "2006-12-31": 9.035, "2006-09-30": 8.54, "2006-06-30": 7.97, "2006-03-31": "8.05200", "2005-12-31": 7.396, "2005-09-30": 7.758, "2005-06-30": 7.256, "2005-03-31": "6.66300"}, "Other Non-Cash Items": {"2020-12-31": 2.2, "2020-09-30": 4.8, "2020-06-30": 4.1, "2020-03-31": "3.60000", "2019-12-31": 14.4, "2019-09-30": 3.1, "2019-06-30": 3.6, "2019-03-31": "3.90000", "2018-12-31": 14, "2018-09-30": 8.1, "2018-06-30": 9.2, "2018-03-31": "15.20000", "2017-12-31": -29, "2017-09-30": 4.8, "2017-06-30": 3.2, "2017-03-31": "3.40000", "2016-12-31": 25.9, "2016-09-30": 4.1, "2016-06-30": 2.8, "2016-03-31": "5.00000", "2015-12-31": 9.684, "2015-09-30": 2.814, "2015-06-30": 4.642, "2015-03-31": "4.36000", "2014-12-31": 5.405, "2014-09-30": 4.195, "2014-06-30": 3.855, "2014-03-31": "3.76600", "2013-12-31": 11.114, "2013-09-30": 4.139, "2013-06-30": 1.66, "2013-03-31": "2.60700", "2012-12-31": 13.132, "2012-09-30": 3.45, "2012-06-30": -2.582, "2012-03-31": "5.41600", "2011-12-31": 18.375, "2011-09-30": 4.287, "2011-06-30": 3.41, "2011-03-31": "3.13600", "2010-12-31": 7.181, "2010-09-30": 3.693, "2010-06-30": 0.754, "2010-03-31": "2.69700", "2009-12-31": 12.372, "2009-09-30": 3.559, "2009-06-30": 0.482, "2009-03-31": "3.79500", "2008-12-31": 1.772, "2008-09-30": 1.511, "2008-06-30": 2.538, "2008-03-31": "2.67200", "2007-12-31": -0.47, "2007-09-30": 2.065, "2007-06-30": 3.022, "2007-03-31": "1.63100", "2006-12-31": -2.408, "2006-09-30": 0.026, "2006-06-30": 1.561, "2006-03-31": "1.34000", "2005-12-31": -1.58, "2005-09-30": 0.951, "2005-06-30": 1.909, "2005-03-31": "1.93500"}, "Total Non-Cash Items": {"2020-12-31": 44.2, "2020-09-30": 45.9, "2020-06-30": 44.8, "2020-03-31": "42.20000", "2019-12-31": 52.3, "2019-09-30": 40.4, "2019-06-30": 40.7, "2019-03-31": "40.30000", "2018-12-31": 49.9, "2018-09-30": 42.9, "2018-06-30": 43.3, "2018-03-31": "48.60000", "2017-12-31": 3.3, "2017-09-30": 37.3, "2017-06-30": 35.1, "2017-03-31": "34.10000", "2016-12-31": 55, "2016-09-30": 30.8, "2016-06-30": 27.6, "2016-03-31": "28.40000", "2015-12-31": 35.389, "2015-09-30": 24.151, "2015-06-30": 24.656, "2015-03-31": "23.90400", "2014-12-31": 24.206, "2014-09-30": 22.613, "2014-06-30": 21.895, "2014-03-31": "21.17900", "2013-12-31": 27.803, "2013-09-30": 20.514, "2013-06-30": 17.609, "2013-03-31": "17.78500", "2012-12-31": 27.586, "2012-09-30": 17.039, "2012-06-30": 10.864, "2012-03-31": "17.97900", "2011-12-31": 30.195, "2011-09-30": 15.513, "2011-06-30": 14.441, "2011-03-31": "13.76500", "2010-12-31": 17.454, "2010-09-30": 13.737, "2010-06-30": 10.888, "2010-03-31": "13.00100", "2009-12-31": 22.262, "2009-09-30": 13.359, "2009-06-30": 10.562, "2009-03-31": "14.11200", "2008-12-31": 11.837, "2008-09-30": 11.384, "2008-06-30": 12.327, "2008-03-31": "12.21300", "2007-12-31": 8.92, "2007-09-30": 11.44, "2007-06-30": 12.413, "2007-03-31": "10.87400", "2006-12-31": 6.627, "2006-09-30": 8.566, "2006-06-30": 9.531, "2006-03-31": "9.39200", "2005-12-31": 5.816, "2005-09-30": 8.709, "2005-06-30": 9.165, "2005-03-31": "8.59800"}, "Change In Accounts Receivable": {"2020-12-31": 69.1, "2020-09-30": 48.4, "2020-06-30": -45.8, "2020-03-31": "-101.40000", "2019-12-31": 77.6, "2019-09-30": -1.6, "2019-06-30": -26.9, "2019-03-31": "-79.50000", "2018-12-31": 51.7, "2018-09-30": -40, "2018-06-30": -49.6, "2018-03-31": "-82.40000", "2017-12-31": 22.5, "2017-09-30": -18.2, "2017-06-30": -38, "2017-03-31": "-70.00000", "2016-12-31": 39.9, "2016-09-30": -9.8, "2016-06-30": -6.2, "2016-03-31": "-64.40000", "2015-12-31": 67.82, "2015-09-30": -4.868, "2015-06-30": -17.487, "2015-03-31": "-66.06500", "2014-12-31": 52.945, "2014-09-30": -22.943, "2014-06-30": -31.774, "2014-03-31": "-61.64600", "2013-12-31": 36.987, "2013-09-30": -19.951, "2013-06-30": -20.01, "2013-03-31": "-48.61900", "2012-12-31": 36.388, "2012-09-30": -13.489, "2012-06-30": -15.573, "2012-03-31": "-50.61700", "2011-12-31": 19.855, "2011-09-30": -6.213, "2011-06-30": -33.501, "2011-03-31": "-57.81900", "2010-12-31": 28.934, "2010-09-30": -23.532, "2010-06-30": -20.106, "2010-03-31": "-49.91800", "2009-12-31": 23.045, "2009-09-30": -13.677, "2009-06-30": 10.279, "2009-03-31": "1.71500", "2008-12-31": 62.273, "2008-09-30": -19.119, "2008-06-30": -20.337, "2008-03-31": "-38.92400", "2007-12-31": 21.377, "2007-09-30": -4.853, "2007-06-30": -18.025, "2007-03-31": "-30.64100", "2006-12-31": 21.545, "2006-09-30": -4.998, "2006-06-30": -16.447, "2006-03-31": "-29.79800", "2005-12-31": 19.333, "2005-09-30": -10.306, "2005-06-30": -13.398, "2005-03-31": "-22.61800"}, "Change In Inventories": {"2020-12-31": 13.2, "2020-09-30": 63.6, "2020-06-30": -51.4, "2020-03-31": "10.60000", "2019-12-31": -7.5, "2019-09-30": -12.6, "2019-06-30": -50.8, "2019-03-31": "-13.50000", "2018-12-31": -88.4, "2018-09-30": -29.9, "2018-06-30": -33.8, "2018-03-31": "-41.20000", "2017-12-31": -45.1, "2017-09-30": 0.9, "2017-06-30": -33.5, "2017-03-31": "1.40000", "2016-12-31": -29.9, "2016-09-30": 17.1, "2016-06-30": -21, "2016-03-31": "-47.10000", "2015-12-31": -23.177, "2015-09-30": -12.008, "2015-06-30": -7.464, "2015-03-31": "-5.15100", "2014-12-31": -35.311, "2014-09-30": -17.608, "2014-06-30": -24.784, "2014-03-31": "-9.91900", "2013-12-31": -28.083, "2013-09-30": -30.878, "2013-06-30": -24.623, "2013-03-31": "14.89900", "2012-12-31": -39.555, "2012-09-30": -13.139, "2012-06-30": -14.803, "2012-03-31": "-1.73400", "2011-12-31": -28.003, "2011-09-30": -9.492, "2011-06-30": -32.206, "2011-03-31": "-19.08200", "2010-12-31": -11.306, "2010-09-30": -23.849, "2010-06-30": -14.971, "2010-03-31": "1.16200", "2009-12-31": -5.716, "2009-09-30": 21.013, "2009-06-30": 36.164, "2009-03-31": "8.96400", "2008-12-31": -26.604, "2008-09-30": -29.654, "2008-06-30": -13.629, "2008-03-31": "10.23200", "2007-12-31": -15.768, "2007-09-30": -17.263, "2007-06-30": -25.369, "2007-03-31": "9.80500", "2006-12-31": -37.302, "2006-09-30": -23.665, "2006-06-30": -23.937, "2006-03-31": "-9.53200", "2005-12-31": -9.475, "2005-09-30": -18.582, "2005-06-30": -23.1, "2005-03-31": "-3.07100"}, "Change In Accounts Payable": {"2020-12-31": -3.4, "2020-09-30": 16.3, "2020-06-30": -18, "2020-03-31": "19.30000", "2019-12-31": -22.4, "2019-09-30": 11.4, "2019-06-30": 19.9, "2019-03-31": "-9.70000", "2018-12-31": 7.6, "2018-09-30": 13.9, "2018-06-30": 24, "2018-03-31": "0.60000", "2017-12-31": 0.4, "2017-09-30": 5.9, "2017-06-30": 12.4, "2017-03-31": "17.60000", "2016-12-31": -9, "2016-09-30": -40.9, "2016-06-30": 0.2, "2016-03-31": "32.50000", "2015-12-31": -7.47, "2015-09-30": -1.493, "2015-06-30": 1.238, "2015-03-31": "28.32500", "2014-12-31": -8.825, "2014-09-30": 3.091, "2014-06-30": 11.791, "2014-03-31": "6.44400", "2013-12-31": -13.878, "2013-09-30": 15.378, "2013-06-30": 14.426, "2013-03-31": "-2.69200", "2012-12-31": -6.863, "2012-09-30": 3.639, "2012-06-30": 5.13, "2012-03-31": "2.33400", "2011-12-31": -13.06, "2011-09-30": 3.719, "2011-06-30": 14.601, "2011-03-31": "8.04500", "2010-12-31": -13.131, "2010-09-30": 2.17, "2010-06-30": 5.657, "2010-03-31": "12.28800", "2009-12-31": -10.247, "2009-09-30": 8.774, "2009-06-30": 0.249, "2009-03-31": "-12.94800", "2008-12-31": -10.75, "2008-09-30": 7.456, "2008-06-30": 7.67, "2008-03-31": "4.22000", "2007-12-31": 0.384, "2007-09-30": -2.483, "2007-06-30": 12.638, "2007-03-31": "3.44300", "2006-12-31": -7.143, "2006-09-30": -7.255, "2006-06-30": 0.926, "2006-03-31": "16.27100", "2005-12-31": -2.408, "2005-09-30": -2.573, "2005-06-30": 0.442, "2005-03-31": "3.83500"}, "Change In Assets/Liabilities": {"2020-12-31": -20, "2020-09-30": -9.8, "2020-06-30": 8.7, "2020-03-31": "35.60000", "2019-12-31": -20.2, "2019-09-30": -12.7, "2019-06-30": -6.9, "2019-03-31": "30.50000", "2018-12-31": -18, "2018-09-30": -18.9, "2018-06-30": -7.8, "2018-03-31": "18.50000", "2017-12-31": 0.6, "2017-09-30": -19.4, "2017-06-30": -5.3, "2017-03-31": "7.60000", "2016-12-31": 18.9, "2016-09-30": -6.5, "2016-06-30": 5.2, "2016-03-31": "12.80000", "2015-12-31": -8.426, "2015-09-30": -10.35, "2015-06-30": -9.474, "2015-03-31": "17.35000", "2014-12-31": 23.915, "2014-09-30": -27.24, "2014-06-30": -5.095, "2014-03-31": "2.64000", "2013-12-31": 9.415, "2013-09-30": -11.648, "2013-06-30": -24.546, "2013-03-31": "9.88600", "2012-12-31": 2.079, "2012-09-30": -7.417, "2012-06-30": -16.946, "2012-03-31": "17.95700", "2011-12-31": -4.159, "2011-09-30": -18.178, "2011-06-30": -10.731, "2011-03-31": "10.54200", "2010-12-31": -11.09, "2010-09-30": -5.563, "2010-06-30": -8.334, "2010-03-31": "4.29200", "2009-12-31": 2.036, "2009-09-30": 4.669, "2009-06-30": 0.179, "2009-03-31": "16.60100", "2008-12-31": 0.139, "2008-09-30": -1.595, "2008-06-30": -6.35, "2008-03-31": "5.79800", "2007-12-31": -12.882, "2007-09-30": 2.366, "2007-06-30": 4.781, "2007-03-31": "4.20300", "2006-12-31": -13.154, "2006-09-30": -10.286, "2006-06-30": -0.392, "2006-03-31": "0.32900", "2005-12-31": -9.701, "2005-09-30": -3.948, "2005-06-30": 1.405, "2005-03-31": "1.04400"}, "Total Change In Assets/Liabilities": {"2020-12-31": 80.7, "2020-09-30": 21.6, "2020-06-30": -33, "2020-03-31": "-3.70000", "2019-12-31": 21.4, "2019-09-30": 3.4, "2019-06-30": -117.2, "2019-03-31": "-29.50000", "2018-12-31": -40.7, "2018-09-30": -55.9, "2018-06-30": -102.6, "2018-03-31": "-63.20000", "2017-12-31": -26.4, "2017-09-30": -17.8, "2017-06-30": -101.1, "2017-03-31": "42.10000", "2016-12-31": -36.8, "2016-09-30": -24.3, "2016-06-30": -72.1, "2016-03-31": "11.90000", "2015-12-31": 0.983, "2015-09-30": -19.814, "2015-06-30": -83.964, "2015-03-31": "28.59500", "2014-12-31": 23.853, "2014-09-30": -45.914, "2014-06-30": -72.778, "2014-03-31": "10.18800", "2013-12-31": -26.185, "2013-09-30": -38.456, "2013-06-30": -84.997, "2013-03-31": "33.41100", "2012-12-31": -19.106, "2012-09-30": -27.694, "2012-06-30": -64.927, "2012-03-31": "14.01500", "2011-12-31": -43.358, "2011-09-30": -19.408, "2011-06-30": -81.56, "2011-03-31": "-19.02800", "2010-12-31": -8.42, "2010-09-30": -41.965, "2010-06-30": -39.556, "2010-03-31": "9.99300", "2009-12-31": -13.912, "2009-09-30": 24.684, "2009-06-30": 19.918, "2009-03-31": "30.72800", "2008-12-31": 11.795, "2008-09-30": -25.248, "2008-06-30": -60.544, "2008-03-31": "6.42900", "2007-12-31": 2.356, "2007-09-30": -20.927, "2007-06-30": -49.351, "2007-03-31": "19.54800", "2006-12-31": -32.854, "2006-09-30": -42.742, "2006-06-30": -65.061, "2006-03-31": "5.37800", "2005-12-31": 1.355, "2005-09-30": -32.607, "2005-06-30": -47.404, "2005-03-31": "1.46600"}, "Cash Flow From Operating Activities": {"2020-12-31": 321, "2020-09-30": 289, "2020-06-30": 250.7, "2020-03-31": "241.10000", "2019-12-31": 252.4, "2019-09-30": 257.3, "2019-06-30": 128.1, "2019-03-31": "204.90000", "2018-12-31": 178, "2018-09-30": 184.6, "2018-06-30": 151.9, "2018-03-31": "159.70000", "2017-12-31": 129.3, "2017-09-30": 162.6, "2017-06-30": 82.9, "2017-03-31": "210.40000", "2016-12-31": 133, "2016-09-30": 133.4, "2016-06-30": 87, "2016-03-31": "166.50000", "2015-12-31": 148.315, "2015-09-30": 140.831, "2015-06-30": 81.049, "2015-03-31": "180.10500", "2014-12-31": 166.45, "2014-09-30": 110.013, "2014-06-30": 79.631, "2014-03-31": "143.29800", "2013-12-31": 100.847, "2013-09-30": 101.408, "2013-06-30": 53.621, "2013-03-31": "160.24400", "2012-12-31": 107.196, "2012-09-30": 98.665, "2012-06-30": 58.243, "2012-03-31": "132.18800", "2011-12-31": 74.308, "2011-09-30": 92.904, "2011-06-30": 26.993, "2011-03-31": "74.28400", "2010-12-31": 74.195, "2010-09-30": 46.766, "2010-06-30": 40.499, "2010-03-31": "79.02800", "2009-12-31": 52.886, "2009-09-30": 85.632, "2009-06-30": 74.018, "2009-03-31": "93.53400", "2008-12-31": 86.168, "2008-09-30": 59.045, "2008-06-30": 27.949, "2008-03-31": "86.73600", "2007-12-31": 67.467, "2007-09-30": 52.655, "2007-06-30": 23.318, "2007-03-31": "84.45500", "2006-12-31": 16.635, "2006-09-30": 20.893, "2006-06-30": -3.114, "2006-03-31": "63.46100", "2005-12-31": 46.335, "2005-09-30": 22.073, "2005-06-30": 6.409, "2005-03-31": "47.09500"}, "Net Change In Property, Plant, And Equipment": {"2020-12-31": -42.6, "2020-09-30": -30, "2020-06-30": -38.2, "2020-03-31": "-46.70000", "2019-12-31": -60.5, "2019-09-30": -59.7, "2019-06-30": -66.8, "2019-03-31": "-52.80000", "2018-12-31": -78, "2018-09-30": -35, "2018-06-30": -25, "2018-03-31": "-28.80000", "2017-12-31": -36, "2017-09-30": -23.7, "2017-06-30": -33.7, "2017-03-31": "-19.10000", "2016-12-31": -25.6, "2016-09-30": -71.7, "2016-06-30": -56.9, "2016-03-31": "-28.80000", "2015-12-31": -32.534, "2015-09-30": -28.858, "2015-06-30": -41.649, "2015-03-31": "-42.25900", "2014-12-31": -44.262, "2014-09-30": -44.553, "2014-06-30": -63.33, "2014-03-31": "-31.51000", "2013-12-31": -60.282, "2013-09-30": -51.611, "2013-06-30": -35.411, "2013-03-31": "-54.24600", "2012-12-31": -46.661, "2012-09-30": -37.566, "2012-06-30": -22.428, "2012-03-31": "-27.22700", "2011-12-31": -26.896, "2011-09-30": -34.904, "2011-06-30": -34.104, "2011-03-31": "-20.58500", "2010-12-31": -29.759, "2010-09-30": -9.408, "2010-06-30": -22.518, "2010-03-31": "-7.45300", "2009-12-31": -11.811, "2009-09-30": -6.912, "2009-06-30": -11.892, "2009-03-31": "-17.06000", "2008-12-31": -11.541, "2008-09-30": -26.069, "2008-06-30": -17.759, "2008-03-31": "-31.55400", "2007-12-31": -18.698, "2007-09-30": -10.286, "2007-06-30": -9.633, "2007-03-31": "-11.21300", "2006-12-31": -11.363, "2006-09-30": -24.297, "2006-06-30": -17.398, "2006-03-31": "-20.27700", "2005-12-31": -21.99, "2005-09-30": -13.221, "2005-06-30": -14.467, "2005-03-31": "-10.77700"}, "Net Change In Intangible Assets": {"2020-12-31": 0, "2020-09-30": 0, "2020-06-30": 0, "2020-03-31": "", "2019-12-31": 0, "2019-09-30": 0, "2019-06-30": 0, "2019-03-31": "", "2018-12-31": 0, "2018-09-30": 0, "2018-06-30": 0, "2018-03-31": "", "2017-12-31": 0, "2017-09-30": 0, "2017-06-30": 0, "2017-03-31": "", "2016-12-31": 0, "2016-09-30": 0, "2016-06-30": 0, "2016-03-31": "", "2015-12-31": 0, "2015-09-30": 0, "2015-06-30": 0, "2015-03-31": "", "2014-12-31": 0, "2014-09-30": 0, "2014-06-30": 0, "2014-03-31": "", "2013-12-31": 0, "2013-09-30": 0, "2013-06-30": 0, "2013-03-31": "", "2012-12-31": 0, "2012-09-30": 0, "2012-06-30": 0, "2012-03-31": "", "2011-12-31": 0, "2011-09-30": 0, "2011-06-30": 0, "2011-03-31": "", "2010-12-31": 0, "2010-09-30": 0, "2010-06-30": 0, "2010-03-31": "", "2009-12-31": 0, "2009-09-30": 0, "2009-06-30": 0, "2009-03-31": "", "2008-12-31": 0, "2008-09-30": 0, "2008-06-30": 0, "2008-03-31": "", "2007-12-31": 0, "2007-09-30": 0, "2007-06-30": 0, "2007-03-31": "", "2006-12-31": 0, "2006-09-30": 0, "2006-06-30": 0, "2006-03-31": "", "2005-12-31": 0, "2005-09-30": 0, "2005-06-30": 0, "2005-03-31": ""}, "Net Acquisitions/Divestitures": {"2020-12-31": 0, "2020-09-30": 0, "2020-06-30": 0, "2020-03-31": "-125.00000", "2019-12-31": 0, "2019-09-30": 0, "2019-06-30": 0, "2019-03-31": "", "2018-12-31": 0, "2018-09-30": -3.7, "2018-06-30": 0, "2018-03-31": "", "2017-12-31": 0, "2017-09-30": 0, "2017-06-30": -0.8, "2017-03-31": "-57.90000", "2016-12-31": 0, "2016-09-30": 0, "2016-06-30": 0, "2016-03-31": "", "2015-12-31": -23.5, "2015-09-30": 0, "2015-06-30": 0, "2015-03-31": "", "2014-12-31": -5.575, "2014-09-30": 0, "2014-06-30": 0, "2014-03-31": "", "2013-12-31": 0, "2013-09-30": 0, "2013-06-30": 0, "2013-03-31": "", "2012-12-31": 0, "2012-09-30": 0, "2012-06-30": 0, "2012-03-31": "", "2011-12-31": 0, "2011-09-30": 0, "2011-06-30": 0, "2011-03-31": "", "2010-12-31": 0, "2010-09-30": 0, "2010-06-30": 0, "2010-03-31": "", "2009-12-31": -5.032, "2009-09-30": 0, "2009-06-30": 0, "2009-03-31": "", "2008-12-31": 0, "2008-09-30": 0, "2008-06-30": 0, "2008-03-31": "", "2007-12-31": 0, "2007-09-30": 0, "2007-06-30": 0, "2007-03-31": "", "2006-12-31": 0, "2006-09-30": 0, "2006-06-30": 0, "2006-03-31": "", "2005-12-31": 0, "2005-09-30": 0, "2005-06-30": 0, "2005-03-31": ""}, "Net Change In Short-term Investments": {"2020-12-31": 0, "2020-09-30": 0, "2020-06-30": 0, "2020-03-31": "", "2019-12-31": 0, "2019-09-30": 0, "2019-06-30": 0, "2019-03-31": "", "2018-12-31": 0, "2018-09-30": 0, "2018-06-30": 0, "2018-03-31": "", "2017-12-31": 0, "2017-09-30": 0, "2017-06-30": 0, "2017-03-31": "", "2016-12-31": 0, "2016-09-30": 0, "2016-06-30": 0, "2016-03-31": "", "2015-12-31": 0, "2015-09-30": 0, "2015-06-30": 0, "2015-03-31": "", "2014-12-31": 0, "2014-09-30": 0.453, "2014-06-30": 0, "2014-03-31": "-0.00200", "2013-12-31": -0.01, "2013-09-30": -0.004, "2013-06-30": -0.02, "2013-03-31": "-0.06300", "2012-12-31": 26.874, "2012-09-30": -0.062, "2012-06-30": 0.028, "2012-03-31": "-0.02900", "2011-12-31": -0.962, "2011-09-30": 0.04, "2011-06-30": 4.513, "2011-03-31": "0.46300", "2010-12-31": -1.412, "2010-09-30": -0.146, "2010-06-30": -0.011, "2010-03-31": "0.98800", "2009-12-31": -23.792, "2009-09-30": -5.125, "2009-06-30": -0.005, "2009-03-31": "-0.01900", "2008-12-31": -0.006, "2008-09-30": 0.478, "2008-06-30": -0.038, "2008-03-31": "-0.02200", "2007-12-31": 4.415, "2007-09-30": -0.189, "2007-06-30": 6.358, "2007-03-31": "1.83700", "2006-12-31": -0.272, "2006-09-30": -0.133, "2006-06-30": -0.181, "2006-03-31": "-0.04700", "2005-12-31": -0.109, "2005-09-30": 6.73, "2005-06-30": 0.699, "2005-03-31": "19.74700"}, "Net Change In Long-Term Investments": {"2020-12-31": 0, "2020-09-30": 0, "2020-06-30": 0, "2020-03-31": "", "2019-12-31": 0, "2019-09-30": 0, "2019-06-30": 0, "2019-03-31": "", "2018-12-31": 0, "2018-09-30": 0, "2018-06-30": 0, "2018-03-31": "", "2017-12-31": 0, "2017-09-30": 0, "2017-06-30": 0, "2017-03-31": "", "2016-12-31": 0, "2016-09-30": 0, "2016-06-30": 0, "2016-03-31": "", "2015-12-31": 0, "2015-09-30": 0, "2015-06-30": 0, "2015-03-31": "", "2014-12-31": 0, "2014-09-30": 0, "2014-06-30": 0, "2014-03-31": "", "2013-12-31": 0, "2013-09-30": 0, "2013-06-30": 0, "2013-03-31": "", "2012-12-31": 0, "2012-09-30": 0, "2012-06-30": 0, "2012-03-31": "", "2011-12-31": 0, "2011-09-30": 0, "2011-06-30": 0, "2011-03-31": "", "2010-12-31": 0, "2010-09-30": 0, "2010-06-30": 0, "2010-03-31": "", "2009-12-31": 0, "2009-09-30": 0, "2009-06-30": 0, "2009-03-31": "", "2008-12-31": 0, "2008-09-30": 0, "2008-06-30": 0, "2008-03-31": "", "2007-12-31": 0, "2007-09-30": 0, "2007-06-30": 0, "2007-03-31": "", "2006-12-31": 0, "2006-09-30": 0, "2006-06-30": 0, "2006-03-31": "", "2005-12-31": 0, "2005-09-30": 0, "2005-06-30": 0, "2005-03-31": ""}, "Net Change In Investments - Total": {"2020-12-31": 0, "2020-09-30": 0, "2020-06-30": 0, "2020-03-31": "", "2019-12-31": 0, "2019-09-30": 0, "2019-06-30": 0, "2019-03-31": "", "2018-12-31": 0, "2018-09-30": 0, "2018-06-30": 0, "2018-03-31": "", "2017-12-31": 0, "2017-09-30": 0, "2017-06-30": 0, "2017-03-31": "", "2016-12-31": 0, "2016-09-30": 0, "2016-06-30": 0, "2016-03-31": "", "2015-12-31": 0, "2015-09-30": 0, "2015-06-30": 0, "2015-03-31": "", "2014-12-31": 0, "2014-09-30": 0.453, "2014-06-30": 0, "2014-03-31": "-0.00200", "2013-12-31": -0.01, "2013-09-30": -0.004, "2013-06-30": -0.02, "2013-03-31": "-0.06300", "2012-12-31": 26.874, "2012-09-30": -0.062, "2012-06-30": 0.028, "2012-03-31": "-0.02900", "2011-12-31": -0.962, "2011-09-30": 0.04, "2011-06-30": 4.513, "2011-03-31": "0.46300", "2010-12-31": -1.412, "2010-09-30": -0.146, "2010-06-30": -0.011, "2010-03-31": "0.98800", "2009-12-31": -23.792, "2009-09-30": -5.125, "2009-06-30": -0.005, "2009-03-31": "-0.01900", "2008-12-31": -0.006, "2008-09-30": 0.478, "2008-06-30": -0.038, "2008-03-31": "-0.02200", "2007-12-31": 4.415, "2007-09-30": -0.189, "2007-06-30": 6.358, "2007-03-31": "1.83700", "2006-12-31": -0.272, "2006-09-30": -0.133, "2006-06-30": -0.181, "2006-03-31": "-0.04700", "2005-12-31": -0.109, "2005-09-30": 6.73, "2005-06-30": 0.699, "2005-03-31": "19.74700"}, "Investing Activities - Other": {"2020-12-31": -0.3, "2020-09-30": -0.1, "2020-06-30": 1.2, "2020-03-31": "", "2019-12-31": -0.1, "2019-09-30": 0.2, "2019-06-30": -0.1, "2019-03-31": "0.10000", "2018-12-31": 3, "2018-09-30": -6.3, "2018-06-30": 0, "2018-03-31": "-0.10000", "2017-12-31": -5.1, "2017-09-30": -4.8, "2017-06-30": -0.1, "2017-03-31": "1.90000", "2016-12-31": -4.9, "2016-09-30": 0, "2016-06-30": -0.1, "2016-03-31": "-0.10000", "2015-12-31": -11.718, "2015-09-30": -0.062, "2015-06-30": 0.003, "2015-03-31": "-0.02300", "2014-12-31": 0.021, "2014-09-30": 0.046, "2014-06-30": -0.091, "2014-03-31": "0.02200", "2013-12-31": -0.066, "2013-09-30": -0.116, "2013-06-30": 0.04, "2013-03-31": "-0.00300", "2012-12-31": -0.011, "2012-09-30": -0.035, "2012-06-30": -0.03, "2012-03-31": "-0.05700", "2011-12-31": -0.089, "2011-09-30": 0.179, "2011-06-30": -0.098, "2011-03-31": "0.22000", "2010-12-31": -10.511, "2010-09-30": 0.171, "2010-06-30": 0.055, "2010-03-31": "-0.04400", "2009-12-31": -0.083, "2009-09-30": -0.052, "2009-06-30": -0.029, "2009-03-31": "0.06300", "2008-12-31": 0.003, "2008-09-30": 0, "2008-06-30": -0.048, "2008-03-31": "-0.02700", "2007-12-31": -0.009, "2007-09-30": -0.007, "2007-06-30": -0.143, "2007-03-31": "-0.10600", "2006-12-31": -0.036, "2006-09-30": -0.061, "2006-06-30": -0.084, "2006-03-31": "-0.05000", "2005-12-31": -0.04, "2005-09-30": -0.072, "2005-06-30": -0.029, "2005-03-31": "-0.02300"}, "Cash Flow From Investing Activities": {"2020-12-31": -42.9, "2020-09-30": -30.1, "2020-06-30": -37, "2020-03-31": "-171.70000", "2019-12-31": -60.6, "2019-09-30": -59.5, "2019-06-30": -66.9, "2019-03-31": "-52.70000", "2018-12-31": -75, "2018-09-30": -45, "2018-06-30": -25, "2018-03-31": "-28.90000", "2017-12-31": -41.1, "2017-09-30": -28.5, "2017-06-30": -34.6, "2017-03-31": "-75.10000", "2016-12-31": -30.5, "2016-09-30": -71.7, "2016-06-30": -57, "2016-03-31": "-28.90000", "2015-12-31": -67.752, "2015-09-30": -28.92, "2015-06-30": -41.646, "2015-03-31": "-42.28200", "2014-12-31": -49.816, "2014-09-30": -44.054, "2014-06-30": -63.421, "2014-03-31": "-31.49000", "2013-12-31": -60.358, "2013-09-30": -51.731, "2013-06-30": -35.391, "2013-03-31": "-54.31200", "2012-12-31": -19.798, "2012-09-30": -37.663, "2012-06-30": -22.43, "2012-03-31": "-27.31300", "2011-12-31": -27.947, "2011-09-30": -34.685, "2011-06-30": -29.689, "2011-03-31": "-19.90200", "2010-12-31": -41.682, "2010-09-30": -9.383, "2010-06-30": -22.474, "2010-03-31": "-6.50900", "2009-12-31": -40.718, "2009-09-30": -12.089, "2009-06-30": -11.926, "2009-03-31": "-17.01600", "2008-12-31": -11.544, "2008-09-30": -25.591, "2008-06-30": -17.845, "2008-03-31": "-31.60300", "2007-12-31": -14.292, "2007-09-30": -10.482, "2007-06-30": -3.418, "2007-03-31": "-9.48200", "2006-12-31": -11.671, "2006-09-30": -24.491, "2006-06-30": -17.663, "2006-03-31": "-20.37400", "2005-12-31": -22.139, "2005-09-30": -6.563, "2005-06-30": -13.797, "2005-03-31": "8.94700"}, "Net Long-Term Debt": {"2020-12-31": 0, "2020-09-30": 0, "2020-06-30": 0, "2020-03-31": "", "2019-12-31": 0, "2019-09-30": 0, "2019-06-30": 0, "2019-03-31": "", "2018-12-31": 0, "2018-09-30": 0, "2018-06-30": 0, "2018-03-31": "", "2017-12-31": 0, "2017-09-30": 0, "2017-06-30": 0, "2017-03-31": "", "2016-12-31": 0, "2016-09-30": 0, "2016-06-30": 0, "2016-03-31": "", "2015-12-31": 0, "2015-09-30": 0, "2015-06-30": 0, "2015-03-31": "", "2014-12-31": 0, "2014-09-30": 0, "2014-06-30": 0, "2014-03-31": "", "2013-12-31": 0, "2013-09-30": 0, "2013-06-30": 0, "2013-03-31": "", "2012-12-31": 0, "2012-09-30": 0, "2012-06-30": 0, "2012-03-31": "", "2011-12-31": 0, "2011-09-30": 0, "2011-06-30": 0, "2011-03-31": "", "2010-12-31": 0, "2010-09-30": 0, "2010-06-30": 0, "2010-03-31": "", "2009-12-31": 0, "2009-09-30": 0, "2009-06-30": 0, "2009-03-31": "", "2008-12-31": 0, "2008-09-30": 0, "2008-06-30": 0, "2008-03-31": "", "2007-12-31": 0, "2007-09-30": 0, "2007-06-30": 0, "2007-03-31": "", "2006-12-31": 0, "2006-09-30": 0, "2006-06-30": 0, "2006-03-31": "", "2005-12-31": 0, "2005-09-30": 0, "2005-06-30": 0, "2005-03-31": ""}, "Net Current Debt": {"2020-12-31": 0, "2020-09-30": 0, "2020-06-30": -50, "2020-03-31": "110.00000", "2019-12-31": -100, "2019-09-30": -55, "2019-06-30": 30, "2019-03-31": "-30.00000", "2018-12-31": 110, "2018-09-30": -35, "2018-06-30": 20, "2018-03-31": "-10.00000", "2017-12-31": -20, "2017-09-30": 0, "2017-06-30": 80, "2017-03-31": "-25.00000", "2016-12-31": -50, "2016-09-30": 15, "2016-06-30": 60, "2016-03-31": "5.00000", "2015-12-31": 35, "2015-09-30": -15, "2015-06-30": 205, "2015-03-31": "35.00000", "2014-12-31": -15, "2014-09-30": 35, "2014-06-30": 70, "2014-03-31": "", "2013-12-31": 0, "2013-09-30": 0, "2013-06-30": 0, "2013-03-31": "", "2012-12-31": 0, "2012-09-30": 0, "2012-06-30": 0, "2012-03-31": "", "2011-12-31": 0, "2011-09-30": 0, "2011-06-30": 0, "2011-03-31": "", "2010-12-31": 0, "2010-09-30": 0, "2010-06-30": 0, "2010-03-31": "", "2009-12-31": 0, "2009-09-30": 0, "2009-06-30": 0, "2009-03-31": "", "2008-12-31": 0, "2008-09-30": 0, "2008-06-30": 0, "2008-03-31": "", "2007-12-31": 0, "2007-09-30": 0, "2007-06-30": 0, "2007-03-31": "", "2006-12-31": 0, "2006-09-30": 0, "2006-06-30": 0, "2006-03-31": "", "2005-12-31": 0, "2005-09-30": 0, "2005-06-30": 0, "2005-03-31": ""}, "Debt Issuance/Retirement Net - Total": {"2020-12-31": 0, "2020-09-30": 0, "2020-06-30": -50, "2020-03-31": "110.00000", "2019-12-31": -100, "2019-09-30": -55, "2019-06-30": 30, "2019-03-31": "-30.00000", "2018-12-31": 110, "2018-09-30": -35, "2018-06-30": 20, "2018-03-31": "-10.00000", "2017-12-31": -20, "2017-09-30": 0, "2017-06-30": 80, "2017-03-31": "-25.00000", "2016-12-31": -50, "2016-09-30": 15, "2016-06-30": 60, "2016-03-31": "5.00000", "2015-12-31": 35, "2015-09-30": -15, "2015-06-30": 205, "2015-03-31": "35.00000", "2014-12-31": -15, "2014-09-30": 35, "2014-06-30": 70, "2014-03-31": "", "2013-12-31": 0, "2013-09-30": 0, "2013-06-30": 0, "2013-03-31": "", "2012-12-31": 0, "2012-09-30": 0, "2012-06-30": 0, "2012-03-31": "", "2011-12-31": 0, "2011-09-30": 0, "2011-06-30": 0, "2011-03-31": "", "2010-12-31": 0, "2010-09-30": 0, "2010-06-30": 0, "2010-03-31": "", "2009-12-31": 0, "2009-09-30": 0, "2009-06-30": 0, "2009-03-31": "", "2008-12-31": 0, "2008-09-30": 0, "2008-06-30": 0, "2008-03-31": "", "2007-12-31": 0, "2007-09-30": 0, "2007-06-30": 0, "2007-03-31": "", "2006-12-31": 0, "2006-09-30": 0, "2006-06-30": 0, "2006-03-31": "", "2005-12-31": 0, "2005-09-30": 0, "2005-06-30": 0, "2005-03-31": ""}, "Net Common Equity Issued/Repurchased": {"2020-12-31": 2.7, "2020-09-30": 12, "2020-06-30": 18.9, "2020-03-31": "-44.60000", "2019-12-31": 15.5, "2019-09-30": 2.9, "2019-06-30": 22, "2019-03-31": "18.10000", "2018-12-31": -60.5, "2018-09-30": 5.7, "2018-06-30": -38.6, "2018-03-31": "3.80000", "2017-12-31": 6, "2017-09-30": -25.7, "2017-06-30": -56.3, "2017-03-31": "2.90000", "2016-12-31": 4.3, "2016-09-30": 2.6, "2016-06-30": 1.9, "2016-03-31": "-39.00000", "2015-12-31": -9.599, "2015-09-30": -20.687, "2015-06-30": -163.729, "2015-03-31": "-79.78500", "2014-12-31": -25.584, "2014-09-30": -15.957, "2014-06-30": 3.502, "2014-03-31": "-7.20600", "2013-12-31": 0.267, "2013-09-30": -7.159, "2013-06-30": 4.297, "2013-03-31": "2.82100", "2012-12-31": 5.859, "2012-09-30": 3.584, "2012-06-30": 1.916, "2012-03-31": "18.28500", "2011-12-31": 1.233, "2011-09-30": 2.353, "2011-06-30": 5.353, "2011-03-31": "", "2010-12-31": 0, "2010-09-30": 0, "2010-06-30": 0, "2010-03-31": "", "2009-12-31": -41.104, "2009-09-30": 0, "2009-06-30": 0, "2009-03-31": "", "2008-12-31": -0.003, "2008-09-30": -17.011, "2008-06-30": -8.944, "2008-03-31": "", "2007-12-31": -50.234, "2007-09-30": -11.231, "2007-06-30": -22.412, "2007-03-31": "-3.43500", "2006-12-31": 5.057, "2006-09-30": -4.162, "2006-06-30": -5.667, "2006-03-31": "", "2005-12-31": 0, "2005-09-30": 0, "2005-06-30": -18.739, "2005-03-31": ""}, "Net Total Equity Issued/Repurchased": {"2020-12-31": 2.7, "2020-09-30": 12, "2020-06-30": 18.9, "2020-03-31": "-44.60000", "2019-12-31": 15.5, "2019-09-30": 2.9, "2019-06-30": 22, "2019-03-31": "18.10000", "2018-12-31": -60.5, "2018-09-30": 5.7, "2018-06-30": -38.6, "2018-03-31": "3.80000", "2017-12-31": 6, "2017-09-30": -25.7, "2017-06-30": -56.3, "2017-03-31": "2.90000", "2016-12-31": 4.3, "2016-09-30": 2.6, "2016-06-30": 1.9, "2016-03-31": "-39.00000", "2015-12-31": -9.599, "2015-09-30": -20.687, "2015-06-30": -163.729, "2015-03-31": "-79.78500", "2014-12-31": -25.584, "2014-09-30": -15.957, "2014-06-30": 3.502, "2014-03-31": "-7.20600", "2013-12-31": 0.267, "2013-09-30": -7.159, "2013-06-30": 4.297, "2013-03-31": "2.82100", "2012-12-31": 5.859, "2012-09-30": 3.584, "2012-06-30": 1.916, "2012-03-31": "18.28500", "2011-12-31": 1.233, "2011-09-30": 2.353, "2011-06-30": 5.353, "2011-03-31": "", "2010-12-31": 0, "2010-09-30": 0, "2010-06-30": 0, "2010-03-31": "", "2009-12-31": -41.104, "2009-09-30": 0, "2009-06-30": 0, "2009-03-31": "", "2008-12-31": -0.003, "2008-09-30": -17.011, "2008-06-30": -8.944, "2008-03-31": "", "2007-12-31": -50.234, "2007-09-30": -11.231, "2007-06-30": -22.412, "2007-03-31": "-3.43500", "2006-12-31": 5.057, "2006-09-30": -4.162, "2006-06-30": -5.667, "2006-03-31": "", "2005-12-31": 0, "2005-09-30": 0, "2005-06-30": -18.739, "2005-03-31": ""}, "Total Common And Preferred Stock Dividends Paid": {"2020-12-31": -373.2, "2020-09-30": -143.4, "2020-06-30": -143.2, "2020-03-31": "-143.60000", "2019-12-31": -126.3, "2019-09-30": -126.2, "2019-06-30": -123.1, "2019-03-31": "-123.00000", "2018-12-31": -114.4, "2018-09-30": -114.8, "2018-06-30": -106.3, "2018-03-31": "-106.40000", "2017-12-31": -92, "2017-09-30": -92, "2017-06-30": -92.5, "2017-03-31": "-92.60000", "2016-12-31": -86.7, "2016-09-30": -86.7, "2016-06-30": -86.7, "2016-03-31": "-86.50000", "2015-12-31": -81.117, "2015-09-30": -81.247, "2015-06-30": -81.89, "2015-03-31": "-82.84600", "2014-12-31": -74.035, "2014-09-30": -74.193, "2014-06-30": -74.16, "2014-03-31": "-74.19300", "2013-12-31": -74.237, "2013-09-30": -74.219, "2013-06-30": -59.338, "2013-03-31": "-29.66200", "2012-12-31": -210.496, "2012-09-30": -56.281, "2012-06-30": -50.332, "2012-03-31": "-50.19700", "2011-12-31": -41.327, "2011-09-30": -38.367, "2011-06-30": -38.332, "2011-03-31": "-73.71500", "2010-12-31": -61.921, "2010-09-30": -61.921, "2010-06-30": 0, "2010-03-31": "-58.97200", "2009-12-31": 0, "2009-09-30": -54.957, "2009-06-30": 0, "2009-03-31": "-51.98600", "2008-12-31": -40.103, "2008-09-30": -40.091, "2008-06-30": 0, "2008-03-31": "-37.28000", "2007-12-31": 0, "2007-09-30": -34.632, "2007-06-30": 0, "2007-03-31": "-31.58400", "2006-12-31": 0, "2006-09-30": -30.337, "2006-06-30": 0, "2006-03-31": "-30.21100", "2005-12-31": 0, "2005-09-30": -23.413, "2005-06-30": 0, "2005-03-31": "-23.52200"}, "Financial Activities - Other": {"2020-12-31": 0, "2020-09-30": 0, "2020-06-30": 0, "2020-03-31": "", "2019-12-31": 0, "2019-09-30": 0, "2019-06-30": 0, "2019-03-31": "", "2018-12-31": 0, "2018-09-30": 0, "2018-06-30": 0, "2018-03-31": "", "2017-12-31": 0, "2017-09-30": 0, "2017-06-30": 0, "2017-03-31": "", "2016-12-31": 0, "2016-09-30": 0, "2016-06-30": 0, "2016-03-31": "", "2015-12-31": -1.756, "2015-09-30": 0.482, "2015-06-30": 0.823, "2015-03-31": "0.45100", "2014-12-31": 0.169, "2014-09-30": 0.437, "2014-06-30": 0.938, "2014-03-31": "0.55000", "2013-12-31": 0.105, "2013-09-30": 0.589, "2013-06-30": 1.139, "2013-03-31": "0.95400", "2012-12-31": 1.192, "2012-09-30": 0.854, "2012-06-30": 0.406, "2012-03-31": "7.69700", "2011-12-31": 0.182, "2011-09-30": 0.801, "2011-06-30": 0, "2011-03-31": "", "2010-12-31": 0, "2010-09-30": 0, "2010-06-30": 0, "2010-03-31": "", "2009-12-31": 0, "2009-09-30": 0, "2009-06-30": 0, "2009-03-31": "", "2008-12-31": 0, "2008-09-30": 0, "2008-06-30": 0, "2008-03-31": "", "2007-12-31": 0, "2007-09-30": 0, "2007-06-30": 0, "2007-03-31": "", "2006-12-31": 1.838, "2006-09-30": 2.815, "2006-06-30": 0, "2006-03-31": "", "2005-12-31": 0, "2005-09-30": 0, "2005-06-30": 0, "2005-03-31": ""}, "Cash Flow From Financial Activities": {"2020-12-31": -370.5, "2020-09-30": -131.4, "2020-06-30": -174.3, "2020-03-31": "-78.20000", "2019-12-31": -210.8, "2019-09-30": -178.3, "2019-06-30": -71.1, "2019-03-31": "-134.90000", "2018-12-31": -64.9, "2018-09-30": -144.1, "2018-06-30": -124.9, "2018-03-31": "-112.60000", "2017-12-31": -106, "2017-09-30": -117.7, "2017-06-30": -68.8, "2017-03-31": "-114.70000", "2016-12-31": -132.4, "2016-09-30": -69.1, "2016-06-30": -24.8, "2016-03-31": "-120.50000", "2015-12-31": -57.472, "2015-09-30": -116.452, "2015-06-30": -39.796, "2015-03-31": "-127.18000", "2014-12-31": -114.45, "2014-09-30": -54.713, "2014-06-30": 0.28, "2014-03-31": "-80.84900", "2013-12-31": -73.865, "2013-09-30": -80.789, "2013-06-30": -53.902, "2013-03-31": "-25.88700", "2012-12-31": -203.445, "2012-09-30": -51.843, "2012-06-30": -48.01, "2012-03-31": "-24.21500", "2011-12-31": -39.912, "2011-09-30": -35.213, "2011-06-30": -32.979, "2011-03-31": "-73.71500", "2010-12-31": -61.921, "2010-09-30": -61.921, "2010-06-30": 0, "2010-03-31": "-58.97200", "2009-12-31": -41.104, "2009-09-30": -54.957, "2009-06-30": 0, "2009-03-31": "-51.98600", "2008-12-31": -40.106, "2008-09-30": -57.102, "2008-06-30": -8.944, "2008-03-31": "-37.28000", "2007-12-31": -50.234, "2007-09-30": -45.863, "2007-06-30": -22.412, "2007-03-31": "-35.01900", "2006-12-31": 6.895, "2006-09-30": -31.684, "2006-06-30": -5.667, "2006-03-31": "-30.21100", "2005-12-31": 0, "2005-09-30": -23.413, "2005-06-30": -18.739, "2005-03-31": "-23.52200"}, "Net Cash Flow": {"2020-12-31": -86.1, "2020-09-30": 130.3, "2020-06-30": 40.8, "2020-03-31": "-14.20000", "2019-12-31": -16.3, "2019-09-30": 16.2, "2019-06-30": -10.4, "2019-03-31": "18.20000", "2018-12-31": 37.5, "2018-09-30": -5.8, "2018-06-30": -1.6, "2018-03-31": "20.20000", "2017-12-31": -16.5, "2017-09-30": 18.3, "2017-06-30": -19.2, "2017-03-31": "21.60000", "2016-12-31": -34.3, "2016-09-30": -8.4, "2016-06-30": 4.8, "2016-03-31": "21.60000", "2015-12-31": 17.321, "2015-09-30": -9.391, "2015-06-30": 0.376, "2015-03-31": "6.29400", "2014-12-31": -1.833, "2014-09-30": 10.389, "2014-06-30": 16.919, "2014-03-31": "30.51500", "2013-12-31": -33.684, "2013-09-30": -30.663, "2013-06-30": -36.387, "2013-03-31": "79.62900", "2012-12-31": -115.992, "2012-09-30": 9.687, "2012-06-30": -12.962, "2012-03-31": "81.20200", "2011-12-31": 6.628, "2011-09-30": 21.639, "2011-06-30": -35.439, "2011-03-31": "-18.84500", "2010-12-31": -28.872, "2010-09-30": -23.827, "2010-06-30": 17.57, "2010-03-31": "13.97000", "2009-12-31": -28.892, "2009-09-30": 20.077, "2009-06-30": 63.8, "2009-03-31": "23.97500", "2008-12-31": 33.785, "2008-09-30": -24.331, "2008-06-30": 1.226, "2008-03-31": "17.99200", "2007-12-31": 3.075, "2007-09-30": -3.185, "2007-06-30": -2.058, "2007-03-31": "40.04200", "2006-12-31": 11.908, "2006-09-30": -35.354, "2006-06-30": -26.326, "2006-03-31": "12.91400", "2005-12-31": 24.175, "2005-09-30": -7.616, "2005-06-30": -26.35, "2005-03-31": "32.49200"}, "Stock-Based Compensation": {"2020-12-31": 1.4, "2020-09-30": 1.4, "2020-06-30": 1.3, "2020-03-31": "1.60000", "2019-12-31": 1.4, "2019-09-30": 1.4, "2019-06-30": 1.3, "2019-03-31": "1.60000", "2018-12-31": 1.3, "2018-09-30": 1.3, "2018-06-30": 1.1, "2018-03-31": "1.40000", "2017-12-31": 1.2, "2017-09-30": 1.2, "2017-06-30": 1.6, "2017-03-31": "1.20000", "2016-12-31": 1.2, "2016-09-30": 1.2, "2016-06-30": 0.7, "2016-03-31": "1.00000", "2015-12-31": 1.159, "2015-09-30": 1.2, "2015-06-30": 1.821, "2015-03-31": "1.62000", "2014-12-31": 2.419, "2014-09-30": 1.62, "2014-06-30": 1.62, "2014-03-31": "1.38000", "2013-12-31": 1.35, "2013-09-30": 1.35, "2013-06-30": 1.35, "2013-03-31": "1.35000", "2012-12-31": 1.35, "2012-09-30": 1.35, "2012-06-30": 1.05, "2012-03-31": "1.05000", "2011-12-31": 1.125, "2011-09-30": 1.125, "2011-06-30": 0.9, "2011-03-31": "0.90000", "2010-12-31": 1.015, "2010-09-30": 1.015, "2010-06-30": 1, "2010-03-31": "1.00000", "2009-12-31": 1, "2009-09-30": 0.95, "2009-06-30": 1, "2009-03-31": "0.90000", "2008-12-31": 0.934, "2008-09-30": 0.884, "2008-06-30": 0.756, "2008-03-31": "0.67300", "2007-12-31": 0.681, "2007-09-30": 0.851, "2007-06-30": 0.383, "2007-03-31": "", "2006-12-31": 0, "2006-09-30": 0, "2006-06-30": 0.111, "2006-03-31": "0.16800", "2005-12-31": 0, "2005-09-30": 0, "2005-06-30": 0, "2005-03-31": ""}, "Common Stock Dividends Paid": {"2020-12-31": -373.2, "2020-09-30": -143.4, "2020-06-30": -143.2, "2020-03-31": "-143.60000", "2019-12-31": -126.3, "2019-09-30": -126.2, "2019-06-30": -123.1, "2019-03-31": "-123.00000", "2018-12-31": -114.4, "2018-09-30": -114.8, "2018-06-30": -106.3, "2018-03-31": "-106.40000", "2017-12-31": -92, "2017-09-30": -92, "2017-06-30": -92.5, "2017-03-31": "-92.60000", "2016-12-31": -86.7, "2016-09-30": -86.7, "2016-06-30": -86.7, "2016-03-31": "-86.50000", "2015-12-31": -81.117, "2015-09-30": -81.247, "2015-06-30": -81.89, "2015-03-31": "-82.84600", "2014-12-31": -74.035, "2014-09-30": -74.193, "2014-06-30": -74.16, "2014-03-31": "-74.19300", "2013-12-31": -74.237, "2013-09-30": -74.219, "2013-06-30": -59.338, "2013-03-31": "-29.66200", "2012-12-31": -210.496, "2012-09-30": -56.281, "2012-06-30": -50.332, "2012-03-31": "-50.19700", "2011-12-31": -41.327, "2011-09-30": -38.367, "2011-06-30": -38.332, "2011-03-31": "-73.71500", "2010-12-31": -61.921, "2010-09-30": -61.921, "2010-06-30": 0, "2010-03-31": "-58.97200", "2009-12-31": 0, "2009-09-30": -54.957, "2009-06-30": 0, "2009-03-31": "-51.98600", "2008-12-31": -40.103, "2008-09-30": -40.091, "2008-06-30": 0, "2008-03-31": "-37.28000", "2007-12-31": 0, "2007-09-30": -34.632, "2007-06-30": 0, "2007-03-31": "-31.58400", "2006-12-31": 0, "2006-09-30": -30.337, "2006-06-30": 0, "2006-03-31": "-30.21100", "2005-12-31": 0, "2005-09-30": -23.413, "2005-06-30": 0, "2005-03-31": "-23.52200"}}, "financial ratios": {"Current Ratio": {"2019-12-31": "4.51110", "2018-12-31": "5.29540", "2017-12-31": "5.51480", "2016-12-31": "6.24160", "2015-12-31": "4.46120", "2014-12-31": "4.21810", "2013-12-31": "5.87270", "2012-12-31": "6.30180", "2011-12-31": "6.58160", "2010-12-31": "6.69420", "2009-12-31": "8.22000", "2008-12-31": "6.59090", "2007-12-31": "6.39210", "2006-12-31": "7.38990", "2005-12-31": "7.09000"}, "Long-term Debt / Capital": {"2019-12-31": "0.11370", "2018-12-31": "0.17750", "2017-12-31": "0.16420", "2016-12-31": "0.16410", "2015-12-31": "0.14400", "2014-12-31": "", "2013-12-31": "", "2012-12-31": "", "2011-12-31": "", "2010-12-31": "", "2009-12-31": "", "2008-12-31": "", "2007-12-31": "", "2006-12-31": "", "2005-12-31": ""}, "Debt/Equity Ratio": {"2019-12-31": "0.12940", "2018-12-31": "0.21710", "2017-12-31": "0.19790", "2016-12-31": "0.20170", "2015-12-31": "0.20260", "2014-12-31": "0.04700", "2013-12-31": "", "2012-12-31": "", "2011-12-31": "", "2010-12-31": "", "2009-12-31": "", "2008-12-31": "", "2007-12-31": "", "2006-12-31": "", "2005-12-31": ""}, "Gross Margin": {"2019-12-31": "47.16050", "2018-12-31": "48.31520", "2017-12-31": "49.27910", "2016-12-31": "49.59110", "2015-12-31": "50.36960", "2014-12-31": "50.82090", "2013-12-31": "51.69540", "2012-12-31": "51.52340", "2011-12-31": "51.83390", "2010-12-31": "51.76700", "2009-12-31": "50.94650", "2008-12-31": "52.81490", "2007-12-31": "50.80820", "2006-12-31": "50.16620", "2005-12-31": "49.76610"}, "Operating Margin": {"2019-12-31": "19.82110", "2018-12-31": "20.12450", "2017-12-31": "20.08430", "2016-12-31": "20.08580", "2015-12-31": "21.42040", "2014-12-31": "21.09520", "2013-12-31": "21.42620", "2012-12-31": "21.49910", "2011-12-31": "20.76750", "2010-12-31": "18.93340", "2009-12-31": "15.32340", "2008-12-31": "19.23740", "2007-12-31": "18.25690", "2006-12-31": "17.67730", "2005-12-31": "17.58410"}, "EBIT Margin": {"2019-12-31": "19.82110", "2018-12-31": "20.12450", "2017-12-31": "20.08430", "2016-12-31": "20.08580", "2015-12-31": "21.42040", "2014-12-31": "21.09520", "2013-12-31": "21.42620", "2012-12-31": "21.49910", "2011-12-31": "20.76750", "2010-12-31": "18.93340", "2009-12-31": "15.32340", "2008-12-31": "19.23740", "2007-12-31": "18.25690", "2006-12-31": "17.67730", "2005-12-31": "17.58410"}, "EBITDA Margin": {"2019-12-31": "22.60910", "2018-12-31": "22.90790", "2017-12-31": "22.98600", "2016-12-31": "22.71080", "2015-12-31": "23.65860", "2014-12-31": "23.04170", "2013-12-31": "23.35610", "2012-12-31": "23.22400", "2011-12-31": "22.38330", "2010-12-31": "20.72920", "2009-12-31": "17.40010", "2008-12-31": "20.91520", "2007-12-31": "20.07080", "2006-12-31": "19.53420", "2005-12-31": "19.49260"}, "Pre-Tax Profit Margin": {"2019-12-31": "19.56800", "2018-12-31": "19.87880", "2017-12-31": "19.88610", "2016-12-31": "19.93190", "2015-12-31": "21.35070", "2014-12-31": "21.09100", "2013-12-31": "21.45060", "2012-12-31": "21.51390", "2011-12-31": "20.78460", "2010-12-31": "18.97540", "2009-12-31": "15.41140", "2008-12-31": "19.27710", "2007-12-31": "18.32840", "2006-12-31": "17.74290", "2005-12-31": "17.66230"}, "Net Profit Margin": {"2019-12-31": "14.82840", "2018-12-31": "15.14370", "2017-12-31": "13.17850", "2016-12-31": "12.60470", "2015-12-31": "13.34640", "2014-12-31": "13.23560", "2013-12-31": "13.48830", "2012-12-31": "13.42030", "2011-12-31": "12.93630", "2010-12-31": "11.69240", "2009-12-31": "9.55050", "2008-12-31": "11.95100", "2007-12-31": "11.28240", "2006-12-31": "11.00060", "2005-12-31": "10.95060"}, "Asset Turnover": {"2019-12-31": "1.40360", "2018-12-31": "1.49480", "2017-12-31": "1.50850", "2016-12-31": "1.48450", "2015-12-31": "1.52780", "2014-12-31": "1.58260", "2013-12-31": "1.60230", "2012-12-31": "1.72570", "2011-12-31": "1.64210", "2010-12-31": "1.54570", "2009-12-31": "1.45430", "2008-12-31": "1.79460", "2007-12-31": "1.77280", "2006-12-31": "1.74140", "2005-12-31": "1.71150"}, "Inventory Turnover Ratio": {"2019-12-31": "2.06260", "2018-12-31": "2.00690", "2017-12-31": "2.03760", "2016-12-31": "2.01130", "2015-12-31": "2.10270", "2014-12-31": "2.11240", "2013-12-31": "2.04910", "2012-12-31": "2.12340", "2011-12-31": "2.06250", "2010-12-31": "1.96390", "2009-12-31": "1.86250", "2008-12-31": "1.95720", "2007-12-31": "2.01000", "2006-12-31": "1.97730", "2005-12-31": "2.11650"}, "Receiveable Turnover": {"2019-12-31": "7.19020", "2018-12-31": "6.95100", "2017-12-31": "7.22360", "2016-12-31": "7.92880", "2015-12-31": "8.26090", "2014-12-31": "8.07980", "2013-12-31": "8.02770", "2012-12-31": "8.42000", "2011-12-31": "8.17160", "2010-12-31": "8.40130", "2009-12-31": "9.01310", "2008-12-31": "9.55510", "2007-12-31": "8.72430", "2006-12-31": "8.63510", "2005-12-31": "8.29900"}, "Days Sales In Receivables": {"2019-12-31": "50.76350", "2018-12-31": "52.51040", "2017-12-31": "50.52890", "2016-12-31": "46.03500", "2015-12-31": "44.18400", "2014-12-31": "45.17420", "2013-12-31": "45.46780", "2012-12-31": "43.34920", "2011-12-31": "44.66680", "2010-12-31": "43.44560", "2009-12-31": "40.49650", "2008-12-31": "38.19950", "2007-12-31": "41.83720", "2006-12-31": "42.26920", "2005-12-31": "43.98120"}, "ROE - Return On Equity": {"2019-12-31": "29.67060", "2018-12-31": "32.65300", "2017-12-31": "27.59310", "2016-12-31": "25.83420", "2015-12-31": "28.66840", "2014-12-31": "25.80130", "2013-12-31": "25.30810", "2012-12-31": "26.95120", "2011-12-31": "24.53290", "2010-12-31": "20.69030", "2009-12-31": "15.48120", "2008-12-31": "24.48700", "2007-12-31": "23.02820", "2006-12-31": "21.58550", "2005-12-31": "21.28950"}, "Return On Tangible Equity": {"2019-12-31": "29.67060", "2018-12-31": "32.65300", "2017-12-31": "27.59310", "2016-12-31": "25.83420", "2015-12-31": "28.66840", "2014-12-31": "25.80130", "2013-12-31": "25.30810", "2012-12-31": "26.95120", "2011-12-31": "24.53290", "2010-12-31": "20.69030", "2009-12-31": "15.48120", "2008-12-31": "24.48700", "2007-12-31": "23.02820", "2006-12-31": "21.58550", "2005-12-31": "21.28950"}, "ROA - Return On Assets": {"2019-12-31": "20.81370", "2018-12-31": "22.63740", "2017-12-31": "19.87980", "2016-12-31": "18.71180", "2015-12-31": "20.39120", "2014-12-31": "20.94650", "2013-12-31": "21.61290", "2012-12-31": "23.15940", "2011-12-31": "21.24270", "2010-12-31": "18.07250", "2009-12-31": "13.88900", "2008-12-31": "21.44730", "2007-12-31": "20.00080", "2006-12-31": "19.15640", "2005-12-31": "18.74240"}, "ROI - Return On Investment": {"2019-12-31": "26.29670", "2018-12-31": "26.85650", "2017-12-31": "23.06190", "2016-12-31": "21.59470", "2015-12-31": "24.54090", "2014-12-31": "25.80130", "2013-12-31": "25.30810", "2012-12-31": "26.95120", "2011-12-31": "24.53290", "2010-12-31": "20.69030", "2009-12-31": "15.48120", "2008-12-31": "24.48700", "2007-12-31": "23.02820", "2006-12-31": "21.58550", "2005-12-31": "21.28950"}, "Book Value Per Share": {"2019-12-31": "4.64290", "2018-12-31": "4.02710", "2017-12-31": "3.64560", "2016-12-31": "3.34260", "2015-12-31": "3.11020", "2014-12-31": "3.23660", "2013-12-31": "2.98680", "2012-12-31": "2.63070", "2011-12-31": "2.47070", "2010-12-31": "2.17480", "2009-12-31": "2.01930", "2008-12-31": "1.92260", "2007-12-31": "1.69350", "2006-12-31": "1.52460", "2005-12-31": "1.29680"}, "Operating Cash Flow Per Share": {"2019-12-31": 0.2931, "2018-12-31": 0.1593, "2017-12-31": 0.1158, "2016-12-31": -0.0434, "2015-12-31": 0.1025, "2014-12-31": 0.1409, "2013-12-31": 0.0321, "2012-12-31": 0.2131, "2011-12-31": 0.0459, "2010-12-31": -0.108, "2009-12-31": 0.0792, "2008-12-31": 0.0582, "2007-12-31": 0.2165, "2006-12-31": -0.0393, "2005-12-31": 0.2012}, "Free Cash Flow Per Share": {"2019-12-31": 0.1661, "2018-12-31": 0.0638, "2017-12-31": 0.2372, "2016-12-31": -0.111, "2015-12-31": 0.1625, "2014-12-31": 0.1706, "2013-12-31": -0.0811, "2012-12-31": 0.1846, "2011-12-31": -0.0337, "2010-12-31": -0.1448, "2009-12-31": 0.1448, "2008-12-31": -0.0051, "2007-12-31": 0.2551, "2006-12-31": -0.0608, "2005-12-31": 0.1014}}, "financial ratios, quarterly": {"Current Ratio": {"2020-09-30": "4.38920", "2020-06-30": "4.12850", "2020-03-31": "4.24590", "2019-12-31": "4.51110", "2019-09-30": "4.50510", "2019-06-30": "4.67570", "2019-03-31": "4.30800", "2018-12-31": "5.29540", "2018-09-30": "5.34850", "2018-06-30": "5.61860", "2018-03-31": "5.11240", "2017-12-31": "5.51480", "2017-09-30": "5.35570", "2017-06-30": "5.47150", "2017-03-31": "4.89910", "2016-12-31": "6.24160", "2016-09-30": "5.36950", "2016-06-30": "4.35550", "2016-03-31": "4.39950", "2015-12-31": "4.46120", "2015-09-30": "4.54270", "2015-06-30": "4.19430", "2015-03-31": "3.30840", "2014-12-31": "4.21810", "2014-09-30": "3.97010", "2014-06-30": "4.42660", "2014-03-31": "4.89340", "2013-12-31": "5.87270", "2013-09-30": "5.53540", "2013-06-30": "5.95120", "2013-03-31": "5.44000", "2012-12-31": "6.30180", "2012-09-30": "6.58700", "2012-06-30": "6.54620", "2012-03-31": "5.71470", "2011-12-31": "6.58160", "2011-09-30": "5.56210", "2011-06-30": "5.73310", "2011-03-31": "5.40730", "2010-12-31": "6.69420", "2010-09-30": "6.30450", "2010-06-30": "6.55070", "2010-03-31": "6.34090", "2009-12-31": "8.22000", "2009-09-30": "7.19380", "2009-06-30": "7.72960", "2009-03-31": "6.38920", "2008-12-31": "6.59090", "2008-09-30": "5.70350", "2008-06-30": "6.52900", "2008-03-31": "5.49550", "2007-12-31": "6.39210", "2007-09-30": "6.84060", "2007-06-30": "6.62410", "2007-03-31": "5.87470", "2006-12-31": "7.38990", "2006-09-30": "6.71450", "2006-06-30": "6.39290", "2006-03-31": "5.15140", "2005-12-31": "7.09000", "2005-09-30": "7.29230", "2005-06-30": "6.99520", "2005-03-31": "6.05480"}, "Long-term Debt / Capital": {"2020-09-30": "0.11230", "2020-06-30": "0.12700", "2020-03-31": "0.14490", "2019-12-31": "0.11370", "2019-09-30": "0.14600", "2019-06-30": "0.16560", "2019-03-31": "0.16820", "2018-12-31": "0.17750", "2018-09-30": "0.14340", "2018-06-30": "0.15950", "2018-03-31": "0.15290", "2017-12-31": "0.16420", "2017-09-30": "0.17570", "2017-06-30": "0.17970", "2017-03-31": "0.15160", "2016-12-31": "0.16410", "2016-09-30": "0.18460", "2016-06-30": "0.16250", "2016-03-31": "0.16590", "2015-12-31": "0.14400", "2015-09-30": "0.13300", "2015-06-30": "0.12430", "2015-03-31": "", "2014-12-31": "", "2014-09-30": "", "2014-06-30": "", "2014-03-31": "", "2013-12-31": "", "2013-09-30": "", "2013-06-30": "", "2013-03-31": "", "2012-12-31": "", "2012-09-30": "", "2012-06-30": "", "2012-03-31": "", "2011-12-31": "", "2011-09-30": "", "2011-06-30": "", "2011-03-31": "", "2010-12-31": "", "2010-09-30": "", "2010-06-30": "", "2010-03-31": "", "2009-12-31": "", "2009-09-30": "", "2009-06-30": "", "2009-03-31": "", "2008-12-31": "", "2008-09-30": "", "2008-06-30": "", "2008-03-31": "", "2007-12-31": "", "2007-09-30": "", "2007-06-30": "", "2007-03-31": "", "2006-12-31": "", "2006-09-30": "", "2006-06-30": "", "2006-03-31": "", "2005-12-31": "", "2005-09-30": "", "2005-06-30": "", "2005-03-31": ""}, "Debt/Equity Ratio": {"2020-09-30": "0.14040", "2020-06-30": "0.14550", "2020-03-31": "0.17130", "2019-12-31": "0.12940", "2019-09-30": "0.17210", "2019-06-30": "0.19970", "2019-03-31": "0.20400", "2018-12-31": "0.21710", "2018-09-30": "0.16840", "2018-06-30": "0.19090", "2018-03-31": "0.18650", "2017-12-31": "0.19790", "2017-09-30": "0.21710", "2017-06-30": "0.22340", "2017-03-31": "0.18420", "2016-12-31": "0.20170", "2016-09-30": "0.23310", "2016-06-30": "0.23020", "2016-03-31": "0.20310", "2015-12-31": "0.20260", "2015-09-30": "0.17660", "2015-06-30": "0.18710", "2015-03-31": "0.06710", "2014-12-31": "0.04700", "2014-09-30": "0.05520", "2014-06-30": "0.03750", "2014-03-31": "", "2013-12-31": "", "2013-09-30": "", "2013-06-30": "", "2013-03-31": "", "2012-12-31": "", "2012-09-30": "", "2012-06-30": "", "2012-03-31": "", "2011-12-31": "", "2011-09-30": "", "2011-06-30": "", "2011-03-31": "", "2010-12-31": "", "2010-09-30": "", "2010-06-30": "", "2010-03-31": "", "2009-12-31": "", "2009-09-30": "", "2009-06-30": "", "2009-03-31": "", "2008-12-31": "", "2008-09-30": "", "2008-06-30": "", "2008-03-31": "", "2007-12-31": "", "2007-09-30": "", "2007-06-30": "", "2007-03-31": "", "2006-12-31": "", "2006-09-30": "", "2006-06-30": "", "2006-03-31": "", "2005-12-31": "", "2005-09-30": "", "2005-06-30": "", "2005-03-31": ""}, "Gross Margin": {"2020-09-30": "45.32650", "2020-06-30": "44.50630", "2020-03-31": "46.58380", "2019-12-31": "46.86350", "2019-09-30": "47.21200", "2019-06-30": "46.85760", "2019-03-31": "47.71250", "2018-12-31": "47.72650", "2018-09-30": "48.11690", "2018-06-30": "48.71840", "2018-03-31": "48.70970", "2017-12-31": "48.80110", "2017-09-30": "49.07310", "2017-06-30": "49.79940", "2017-03-31": "49.44160", "2016-12-31": "49.78370", "2016-09-30": "49.33370", "2016-06-30": "49.45280", "2016-03-31": "49.81250", "2015-12-31": "49.90630", "2015-09-30": "50.46220", "2015-06-30": "50.31800", "2015-03-31": "50.77530", "2014-12-31": "50.47900", "2014-09-30": "50.84480", "2014-06-30": "50.81040", "2014-03-31": "51.16690", "2013-12-31": "50.56150", "2013-09-30": "51.65220", "2013-06-30": "52.23260", "2013-03-31": "52.32130", "2012-12-31": "51.61160", "2012-09-30": "51.63060", "2012-06-30": "51.57860", "2012-03-31": "51.26670", "2011-12-31": "51.18600", "2011-09-30": "51.92780", "2011-06-30": "52.19000", "2011-03-31": "52.04320", "2010-12-31": "52.04510", "2010-09-30": "51.78440", "2010-06-30": "52.11260", "2010-03-31": "51.06130", "2009-12-31": "49.86160", "2009-09-30": "49.97910", "2009-06-30": "51.06510", "2009-03-31": "52.85580", "2008-12-31": "53.43340", "2008-09-30": "52.93810", "2008-06-30": "52.52880", "2008-03-31": "52.38870", "2007-12-31": "50.95590", "2007-09-30": "50.96470", "2007-06-30": "50.31090", "2007-03-31": "51.00920", "2006-12-31": "49.90720", "2006-09-30": "50.46610", "2006-06-30": "49.91210", "2006-03-31": "50.37890", "2005-12-31": "50.36570", "2005-09-30": "49.50620", "2005-06-30": "49.78100", "2005-03-31": "49.39450"}, "Operating Margin": {"2020-09-30": "20.52640", "2020-06-30": "20.94100", "2020-03-31": "19.84640", "2019-12-31": "18.70940", "2019-09-30": "20.44090", "2019-06-30": "20.09650", "2019-03-31": "19.96490", "2018-12-31": "18.95100", "2018-09-30": "20.49540", "2018-06-30": "21.21620", "2018-03-31": "19.77570", "2017-12-31": "18.67710", "2017-09-30": "20.17130", "2017-06-30": "21.17700", "2017-03-31": "20.28250", "2016-12-31": "19.25310", "2016-09-30": "20.02760", "2016-06-30": "20.62510", "2016-03-31": "20.39120", "2015-12-31": "19.41760", "2015-09-30": "22.10590", "2015-06-30": "22.63250", "2015-03-31": "21.37490", "2014-12-31": "20.40710", "2014-09-30": "21.70350", "2014-06-30": "21.77480", "2014-03-31": "20.40510", "2013-12-31": "19.30960", "2013-09-30": "21.96470", "2013-06-30": "22.67760", "2013-03-31": "21.67350", "2012-12-31": "20.87120", "2012-09-30": "21.89440", "2012-06-30": "22.22600", "2012-03-31": "20.94400", "2011-12-31": "20.15100", "2011-09-30": "21.35900", "2011-06-30": "21.39090", "2011-03-31": "20.08530", "2010-12-31": "18.63250", "2010-09-30": "19.96030", "2010-06-30": "19.57970", "2010-03-31": "17.36580", "2009-12-31": "14.89960", "2009-09-30": "15.61490", "2009-06-30": "14.72710", "2009-03-31": "16.02360", "2008-12-31": "18.22250", "2008-09-30": "18.81790", "2008-06-30": "20.41460", "2008-03-31": "19.42110", "2007-12-31": "17.64660", "2007-09-30": "18.51950", "2007-06-30": "18.74250", "2007-03-31": "18.10240", "2006-12-31": "16.25010", "2006-09-30": "18.54420", "2006-06-30": "18.04840", "2006-03-31": "17.82240", "2005-12-31": "16.35830", "2005-09-30": "18.36890", "2005-06-30": "18.71560", "2005-03-31": "16.79660"}, "EBIT Margin": {"2020-09-30": "20.52640", "2020-06-30": "20.94100", "2020-03-31": "19.84640", "2019-12-31": "18.70940", "2019-09-30": "20.44090", "2019-06-30": "20.09650", "2019-03-31": "19.96490", "2018-12-31": "18.95100", "2018-09-30": "20.49540", "2018-06-30": "21.21620", "2018-03-31": "19.77570", "2017-12-31": "18.67710", "2017-09-30": "20.17130", "2017-06-30": "21.17700", "2017-03-31": "20.28250", "2016-12-31": "19.25310", "2016-09-30": "20.02760", "2016-06-30": "20.62510", "2016-03-31": "20.39120", "2015-12-31": "19.41760", "2015-09-30": "22.10590", "2015-06-30": "22.63250", "2015-03-31": "21.37490", "2014-12-31": "20.40710", "2014-09-30": "21.70350", "2014-06-30": "21.77480", "2014-03-31": "20.40510", "2013-12-31": "19.30960", "2013-09-30": "21.96470", "2013-06-30": "22.67760", "2013-03-31": "21.67350", "2012-12-31": "20.87120", "2012-09-30": "21.89440", "2012-06-30": "22.22600", "2012-03-31": "20.94400", "2011-12-31": "20.15100", "2011-09-30": "21.35900", "2011-06-30": "21.39090", "2011-03-31": "20.08530", "2010-12-31": "18.63250", "2010-09-30": "19.96030", "2010-06-30": "19.57970", "2010-03-31": "17.36580", "2009-12-31": "14.89960", "2009-09-30": "15.61490", "2009-06-30": "14.72710", "2009-03-31": "16.02360", "2008-12-31": "18.22250", "2008-09-30": "18.81790", "2008-06-30": "20.41460", "2008-03-31": "19.42110", "2007-12-31": "17.64660", "2007-09-30": "18.51950", "2007-06-30": "18.74250", "2007-03-31": "18.10240", "2006-12-31": "16.25010", "2006-09-30": "18.54420", "2006-06-30": "18.04840", "2006-03-31": "17.82240", "2005-12-31": "16.35830", "2005-09-30": "18.36890", "2005-06-30": "18.71560", "2005-03-31": "16.79660"}, "EBITDA Margin": {"2020-09-30": "", "2020-06-30": "", "2020-03-31": "", "2019-12-31": "", "2019-09-30": "", "2019-06-30": "", "2019-03-31": "", "2018-12-31": "", "2018-09-30": "", "2018-06-30": "", "2018-03-31": "", "2017-12-31": "", "2017-09-30": "", "2017-06-30": "", "2017-03-31": "", "2016-12-31": "", "2016-09-30": "", "2016-06-30": "", "2016-03-31": "", "2015-12-31": "", "2015-09-30": "", "2015-06-30": "", "2015-03-31": "", "2014-12-31": "", "2014-09-30": "", "2014-06-30": "", "2014-03-31": "", "2013-12-31": "", "2013-09-30": "", "2013-06-30": "", "2013-03-31": "", "2012-12-31": "", "2012-09-30": "", "2012-06-30": "", "2012-03-31": "", "2011-12-31": "", "2011-09-30": "", "2011-06-30": "", "2011-03-31": "", "2010-12-31": "", "2010-09-30": "", "2010-06-30": "", "2010-03-31": "", "2009-12-31": "", "2009-09-30": "", "2009-06-30": "", "2009-03-31": "", "2008-12-31": "", "2008-09-30": "", "2008-06-30": "", "2008-03-31": "", "2007-12-31": "", "2007-09-30": "", "2007-06-30": "", "2007-03-31": "", "2006-12-31": "", "2006-09-30": "", "2006-06-30": "", "2006-03-31": "", "2005-12-31": "", "2005-09-30": "", "2005-06-30": "", "2005-03-31": ""}, "Pre-Tax Profit Margin": {"2020-09-30": "20.34950", "2020-06-30": "20.78860", "2020-03-31": "19.69280", "2019-12-31": "18.51360", "2019-09-30": "20.18710", "2019-06-30": "19.83340", "2019-03-31": "19.66700", "2018-12-31": "18.65870", "2018-09-30": "20.26880", "2018-06-30": "20.97170", "2018-03-31": "19.55640", "2017-12-31": "18.44740", "2017-09-30": "19.95060", "2017-06-30": "20.98980", "2017-03-31": "20.12980", "2016-12-31": "19.07380", "2016-09-30": "19.85980", "2016-06-30": "20.48700", "2016-03-31": "20.25950", "2015-12-31": "19.31990", "2015-09-30": "22.02500", "2015-06-30": "22.55890", "2015-03-31": "21.34780", "2014-12-31": "20.38520", "2014-09-30": "21.71540", "2014-06-30": "21.76800", "2014-03-31": "20.40440", "2013-12-31": "19.32680", "2013-09-30": "21.97550", "2013-06-30": "22.69700", "2013-03-31": "21.72470", "2012-12-31": "20.88530", "2012-09-30": "21.90890", "2012-06-30": "22.24390", "2012-03-31": "20.95650", "2011-12-31": "20.17310", "2011-09-30": "21.37200", "2011-06-30": "21.40170", "2011-03-31": "20.10840", "2010-12-31": "18.67380", "2010-09-30": "19.99210", "2010-06-30": "19.63030", "2010-03-31": "17.41050", "2009-12-31": "14.98040", "2009-09-30": "15.73590", "2009-06-30": "14.82480", "2009-03-31": "16.07590", "2008-12-31": "18.27660", "2008-09-30": "18.84460", "2008-06-30": "20.45550", "2008-03-31": "19.46010", "2007-12-31": "17.71090", "2007-09-30": "18.60650", "2007-06-30": "18.82990", "2007-03-31": "18.14780", "2006-12-31": "16.28650", "2006-09-30": "18.59230", "2006-06-30": "18.13770", "2006-03-31": "17.91230", "2005-12-31": "16.44870", "2005-09-30": "18.43480", "2005-06-30": "18.78890", "2005-03-31": "16.88110"}, "Net Profit Margin": {"2020-09-30": "15.67250", "2020-06-30": "15.83170", "2020-03-31": "14.82080", "2019-12-31": "13.99480", "2019-09-30": "15.48110", "2019-06-30": "14.95180", "2019-03-31": "14.82470", "2018-12-31": "13.70580", "2018-09-30": "15.43990", "2018-06-30": "16.65750", "2018-03-31": "14.69890", "2017-12-31": "14.00090", "2017-09-30": "12.63240", "2017-06-30": "13.27690", "2017-03-31": "12.80900", "2016-12-31": "12.11100", "2016-09-30": "12.52590", "2016-06-30": "12.96460", "2016-03-31": "12.79010", "2015-12-31": "12.13070", "2015-09-30": "13.71450", "2015-06-30": "14.06630", "2015-03-31": "13.38550", "2014-12-31": "12.78170", "2014-09-30": "13.59220", "2014-06-30": "13.73920", "2014-03-31": "12.77020", "2013-12-31": "12.19390", "2013-09-30": "13.90340", "2013-06-30": "14.27670", "2013-03-31": "13.52410", "2012-12-31": "13.03640", "2012-09-30": "13.62110", "2012-06-30": "13.95300", "2012-03-31": "13.03130", "2011-12-31": "12.53530", "2011-09-30": "13.31940", "2011-06-30": "13.41140", "2011-03-31": "12.41790", "2010-12-31": "11.35670", "2010-09-30": "12.42140", "2010-06-30": "12.10940", "2010-03-31": "10.75980", "2009-12-31": "9.34160", "2009-09-30": "9.72520", "2009-06-30": "9.16790", "2009-03-31": "9.95080", "2008-12-31": "11.47540", "2008-09-30": "11.66480", "2008-06-30": "12.60570", "2008-03-31": "12.02630", "2007-12-31": "10.82250", "2007-09-30": "11.64250", "2007-06-30": "11.59430", "2007-03-31": "11.04620", "2006-12-31": "10.15540", "2006-09-30": "11.50870", "2006-06-30": "11.22740", "2006-03-31": "11.08490", "2005-12-31": "10.19810", "2005-09-30": "11.42940", "2005-06-30": "11.64920", "2005-03-31": "10.46640"}, "Asset Turnover": {"2020-09-30": "0.34400", "2020-06-30": "0.36940", "2020-03-31": "0.34740", "2019-12-31": "0.33600", "2019-09-30": "0.36160", "2019-06-30": "0.36430", "2019-03-31": "0.35850", "2018-12-31": "0.37080", "2018-09-30": "0.40070", "2018-06-30": "0.40900", "2018-03-31": "0.39140", "2017-12-31": "0.37400", "2017-09-30": "0.39040", "2017-06-30": "0.39330", "2017-03-31": "0.37600", "2016-12-31": "0.35520", "2016-09-30": "0.37100", "2016-06-30": "0.37580", "2016-03-31": "0.37340", "2015-12-31": "0.36440", "2015-09-30": "0.39890", "2015-06-30": "0.40220", "2015-03-31": "0.39330", "2014-12-31": "0.39260", "2014-09-30": "0.41330", "2014-06-30": "0.41610", "2014-03-31": "0.40480", "2013-12-31": "0.39200", "2013-09-30": "0.41660", "2013-06-30": "0.42520", "2013-03-31": "0.41450", "2012-12-31": "0.41700", "2012-09-30": "0.41810", "2012-06-30": "0.43490", "2012-03-31": "0.42400", "2011-12-31": "0.41410", "2011-09-30": "0.44020", "2011-06-30": "0.44360", "2011-03-31": "0.42020", "2010-12-31": "0.39080", "2010-09-30": "0.41090", "2010-06-30": "0.39610", "2010-03-31": "0.38000", "2009-12-31": "0.35920", "2009-09-30": "0.36580", "2009-06-30": "0.35740", "2009-03-31": "0.37570", "2008-12-31": "0.41790", "2008-09-30": "0.47750", "2008-06-30": "0.47550", "2008-03-31": "0.46310", "2007-12-31": "0.44640", "2007-09-30": "0.46420", "2007-06-30": "0.46030", "2007-03-31": "0.44660", "2006-12-31": "0.43190", "2006-09-30": "0.47140", "2006-06-30": "0.46790", "2006-03-31": "0.45280", "2005-12-31": "0.43150", "2005-09-30": "0.47420", "2005-06-30": "0.46720", "2005-03-31": "0.43770"}, "Inventory Turnover Ratio": {"2020-09-30": "0.57550", "2020-06-30": "0.59750", "2020-03-31": "0.54270", "2019-12-31": "0.49660", "2019-09-30": "0.53740", "2019-06-30": "0.54040", "2019-03-31": "0.52910", "2018-12-31": "0.50350", "2018-09-30": "0.55580", "2018-06-30": "0.55890", "2018-03-31": "0.53590", "2017-12-31": "0.50990", "2017-09-30": "0.55100", "2017-06-30": "0.53910", "2017-03-31": "0.52580", "2016-12-31": "0.47940", "2016-09-30": "0.53090", "2016-06-30": "0.52050", "2016-03-31": "0.51310", "2015-12-31": "0.50620", "2015-09-30": "0.55820", "2015-06-30": "0.56550", "2015-03-31": "0.54070", "2014-12-31": "0.52770", "2014-09-30": "0.57640", "2014-06-30": "0.57070", "2014-03-31": "0.53910", "2013-12-31": "0.51310", "2013-09-30": "0.54900", "2013-06-30": "0.55840", "2013-03-31": "0.54880", "2012-12-31": "0.51220", "2012-09-30": "0.57440", "2012-06-30": "0.58810", "2012-03-31": "0.57830", "2011-12-31": "0.52720", "2011-09-30": "0.56520", "2011-06-30": "0.55120", "2011-03-31": "0.53290", "2010-12-31": "0.49370", "2010-09-30": "0.53310", "2010-06-30": "0.52380", "2010-03-31": "0.50240", "2009-12-31": "0.47020", "2009-09-30": "0.49140", "2009-06-30": "0.44770", "2009-03-31": "0.41550", "2008-12-31": "0.44970", "2008-09-30": "0.54710", "2008-06-30": "0.56460", "2008-03-31": "0.54530", "2007-12-31": "0.50460", "2007-09-30": "0.53540", "2007-06-30": "0.54760", "2007-03-31": "0.53710", "2006-12-31": "0.49290", "2006-09-30": "0.55610", "2006-06-30": "0.58180", "2006-03-31": "0.57730", "2005-12-31": "0.52720", "2005-09-30": "0.57680", "2005-06-30": "0.57710", "2005-03-31": "0.57680"}, "Receiveable Turnover": {"2020-09-30": "1.69360", "2020-06-30": "1.71190", "2020-03-31": "1.63930", "2019-12-31": "1.72140", "2019-09-30": "1.68740", "2019-06-30": "1.66920", "2019-03-31": "1.65110", "2018-12-31": "1.72420", "2018-09-30": "1.65670", "2018-06-30": "1.72810", "2018-03-31": "1.72200", "2017-12-31": "1.79090", "2017-09-30": "1.79210", "2017-06-30": "1.82800", "2017-03-31": "1.82300", "2016-12-31": "1.89690", "2016-09-30": "1.86320", "2016-06-30": "1.88760", "2016-03-31": "1.84950", "2015-12-31": "1.97020", "2015-09-30": "1.85320", "2015-06-30": "1.85590", "2015-03-31": "1.82950", "2014-12-31": "2.00450", "2014-09-30": "1.87800", "2014-06-30": "1.89110", "2014-03-31": "1.85240", "2013-12-31": "1.96400", "2013-09-30": "1.89230", "2013-06-30": "1.94200", "2013-03-31": "1.92560", "2012-12-31": "2.03470", "2012-09-30": "1.95260", "2012-06-30": "2.01230", "2012-03-31": "1.98740", "2011-12-31": "2.06090", "2011-09-30": "2.01270", "2011-06-30": "1.96460", "2011-03-31": "1.96690", "2010-12-31": "2.12400", "2010-09-30": "2.00100", "2010-06-30": "2.03400", "2010-03-31": "1.98420", "2009-12-31": "2.22600", "2009-09-30": "2.04470", "2009-06-30": "2.08050", "2009-03-31": "2.03340", "2008-12-31": "2.22490", "2008-09-30": "2.02160", "2008-06-30": "2.06880", "2008-03-31": "2.07130", "2007-12-31": "2.19690", "2007-09-30": "2.06290", "2007-06-30": "2.03730", "2007-03-31": "2.04960", "2006-12-31": "2.14160", "2006-09-30": "2.02540", "2006-06-30": "1.99760", "2006-03-31": "2.03140", "2005-12-31": "2.09220", "2005-09-30": "1.96840", "2005-06-30": "1.96420", "2005-03-31": "1.92880"}, "Days Sales In Receivables": {"2020-09-30": "53.14160", "2020-06-30": "52.57460", "2020-03-31": "54.90200", "2019-12-31": "52.28440", "2019-09-30": "53.33700", "2019-06-30": "53.91840", "2019-03-31": "54.51000", "2018-12-31": "52.19800", "2018-09-30": "54.32490", "2018-06-30": "52.08060", "2018-03-31": "52.26350", "2017-12-31": "50.25450", "2017-09-30": "50.21980", "2017-06-30": "49.23320", "2017-03-31": "49.36810", "2016-12-31": "47.44490", "2016-09-30": "48.30420", "2016-06-30": "47.67890", "2016-03-31": "48.66080", "2015-12-31": "45.68000", "2015-09-30": "48.56560", "2015-06-30": "48.49390", "2015-03-31": "49.19500", "2014-12-31": "44.89800", "2014-09-30": "47.92330", "2014-06-30": "47.59230", "2014-03-31": "48.58670", "2013-12-31": "45.82410", "2013-09-30": "47.56240", "2013-06-30": "46.34360", "2013-03-31": "46.73790", "2012-12-31": "44.23240", "2012-09-30": "46.09270", "2012-06-30": "44.72580", "2012-03-31": "45.28610", "2011-12-31": "43.67050", "2011-09-30": "44.71570", "2011-06-30": "45.81190", "2011-03-31": "45.75780", "2010-12-31": "42.37260", "2010-09-30": "44.97710", "2010-06-30": "44.24860", "2010-03-31": "45.35900", "2009-12-31": "40.43040", "2009-09-30": "44.01670", "2009-06-30": "43.25840", "2009-03-31": "44.26150", "2008-12-31": "40.45190", "2008-09-30": "44.51990", "2008-06-30": "43.50250", "2008-03-31": "43.45100", "2007-12-31": "40.96600", "2007-09-30": "43.62800", "2007-06-30": "44.17710", "2007-03-31": "43.91050", "2006-12-31": "42.02510", "2006-09-30": "44.43460", "2006-06-30": "45.05310", "2006-03-31": "44.30480", "2005-12-31": "43.01610", "2005-09-30": "45.72300", "2005-06-30": "45.82010", "2005-03-31": "46.66020"}, "ROE - Return On Equity": {"2020-09-30": "7.67600", "2020-06-30": "8.58430", "2020-03-31": "7.62630", "2019-12-31": "6.70390", "2019-09-30": "8.25700", "2019-06-30": "8.17190", "2019-03-31": "8.09690", "2018-12-31": "7.33050", "2018-09-30": "8.53340", "2018-06-30": "9.48530", "2018-03-31": "8.02490", "2017-12-31": "7.26790", "2017-09-30": "7.06210", "2017-06-30": "7.47680", "2017-03-31": "6.77200", "2016-12-31": "5.93870", "2016-09-30": "6.64640", "2016-06-30": "7.03900", "2016-03-31": "6.92690", "2015-12-31": "6.21460", "2015-09-30": "7.65320", "2015-06-30": "7.95680", "2015-03-31": "6.85020", "2014-12-31": "6.18160", "2014-09-30": "7.01070", "2014-06-30": "6.98640", "2014-03-31": "6.21730", "2013-12-31": "5.59760", "2013-09-30": "6.82140", "2013-06-30": "7.09290", "2013-03-31": "6.64580", "2012-12-31": "6.32650", "2012-09-30": "6.56820", "2012-06-30": "7.01520", "2012-03-31": "6.51050", "2011-12-31": "5.99540", "2011-09-30": "6.87080", "2011-06-30": "6.94980", "2011-03-31": "6.15920", "2010-12-31": "5.08070", "2010-09-30": "5.88020", "2010-06-30": "5.49440", "2010-03-31": "4.70490", "2009-12-31": "3.73990", "2009-09-30": "4.01550", "2009-06-30": "3.66840", "2009-03-31": "4.28150", "2008-12-31": "5.47480", "2008-09-30": "6.49940", "2008-06-30": "6.87000", "2008-03-31": "6.54530", "2007-12-31": "5.56260", "2007-09-30": "6.16720", "2007-06-30": "6.11310", "2007-03-31": "5.73550", "2006-12-31": "4.94200", "2006-09-30": "6.20140", "2006-06-30": "6.05850", "2006-03-31": "5.97150", "2005-12-31": "4.99840", "2005-09-30": "6.14340", "2005-06-30": "6.19490", "2005-03-31": "5.31720"}, "Return On Tangible Equity": {"2020-09-30": "7.67600", "2020-06-30": "8.58430", "2020-03-31": "7.62630", "2019-12-31": "6.70390", "2019-09-30": "8.25700", "2019-06-30": "8.17190", "2019-03-31": "8.09690", "2018-12-31": "7.33050", "2018-09-30": "8.53340", "2018-06-30": "9.48530", "2018-03-31": "8.02490", "2017-12-31": "7.26790", "2017-09-30": "7.06210", "2017-06-30": "7.47680", "2017-03-31": "6.77200", "2016-12-31": "5.93870", "2016-09-30": "6.64640", "2016-06-30": "7.03900", "2016-03-31": "6.92690", "2015-12-31": "6.21460", "2015-09-30": "7.65320", "2015-06-30": "7.95680", "2015-03-31": "6.85020", "2014-12-31": "6.18160", "2014-09-30": "7.01070", "2014-06-30": "6.98640", "2014-03-31": "6.21730", "2013-12-31": "5.59760", "2013-09-30": "6.82140", "2013-06-30": "7.09290", "2013-03-31": "6.64580", "2012-12-31": "6.32650", "2012-09-30": "6.56820", "2012-06-30": "7.01520", "2012-03-31": "6.51050", "2011-12-31": "5.99540", "2011-09-30": "6.87080", "2011-06-30": "6.94980", "2011-03-31": "6.15920", "2010-12-31": "5.08070", "2010-09-30": "5.88020", "2010-06-30": "5.49440", "2010-03-31": "4.70490", "2009-12-31": "3.73990", "2009-09-30": "4.01550", "2009-06-30": "3.66840", "2009-03-31": "4.28150", "2008-12-31": "5.47480", "2008-09-30": "6.49940", "2008-06-30": "6.87000", "2008-03-31": "6.54530", "2007-12-31": "5.56260", "2007-09-30": "6.16720", "2007-06-30": "6.11310", "2007-03-31": "5.73550", "2006-12-31": "4.94200", "2006-09-30": "6.20140", "2006-06-30": "6.05850", "2006-03-31": "5.97150", "2005-12-31": "4.99840", "2005-09-30": "6.14340", "2005-06-30": "6.19490", "2005-03-31": "5.31720"}, "ROA - Return On Assets": {"2020-09-30": "5.39110", "2020-06-30": "5.84790", "2020-03-31": "5.14910", "2019-12-31": "4.70280", "2019-09-30": "5.59750", "2019-06-30": "5.44670", "2019-03-31": "5.31520", "2018-12-31": "5.08200", "2018-09-30": "6.18680", "2018-06-30": "6.81270", "2018-03-31": "5.75320", "2017-12-31": "5.23620", "2017-09-30": "4.93180", "2017-06-30": "5.22200", "2017-03-31": "4.81630", "2016-12-31": "4.30140", "2016-09-30": "4.64760", "2016-06-30": "4.87190", "2016-03-31": "4.77530", "2015-12-31": "4.42030", "2015-09-30": "5.47010", "2015-06-30": "5.65740", "2015-03-31": "5.26440", "2014-12-31": "5.01850", "2014-09-30": "5.61800", "2014-06-30": "5.71680", "2014-03-31": "5.16980", "2013-12-31": "4.78030", "2013-09-30": "5.79250", "2013-06-30": "6.07040", "2013-03-31": "5.60570", "2012-12-31": "5.43640", "2012-09-30": "5.69460", "2012-06-30": "6.06810", "2012-03-31": "5.52540", "2011-12-31": "5.19140", "2011-09-30": "5.86290", "2011-06-30": "5.94940", "2011-03-31": "5.21750", "2010-12-31": "4.43790", "2010-09-30": "5.10390", "2010-06-30": "4.79710", "2010-03-31": "4.08930", "2009-12-31": "3.35520", "2009-09-30": "3.55740", "2009-06-30": "3.27680", "2009-03-31": "3.73810", "2008-12-31": "4.79520", "2008-09-30": "5.57030", "2008-06-30": "5.99420", "2008-03-31": "5.56970", "2007-12-31": "4.83130", "2007-09-30": "5.40470", "2007-06-30": "5.33700", "2007-03-31": "4.93370", "2006-12-31": "4.38590", "2006-09-30": "5.42490", "2006-06-30": "5.25360", "2006-03-31": "5.01940", "2005-12-31": "4.40040", "2005-09-30": "5.41990", "2005-06-30": "5.44230", "2005-03-31": "4.58070"}, "ROI - Return On Investment": {"2020-09-30": "6.81410", "2020-06-30": "7.49370", "2020-03-31": "6.52140", "2019-12-31": "5.94160", "2019-09-30": "7.05160", "2019-06-30": "6.81840", "2019-03-31": "6.73540", "2018-12-31": "6.02920", "2018-09-30": "7.31010", "2018-06-30": "7.97250", "2018-03-31": "6.79820", "2017-12-31": "6.07440", "2017-09-30": "5.82110", "2017-06-30": "6.13340", "2017-03-31": "5.74540", "2016-12-31": "4.96410", "2016-09-30": "5.41920", "2016-06-30": "5.89540", "2016-03-31": "5.77770", "2015-12-31": "5.31990", "2015-09-30": "6.63560", "2015-06-30": "6.96770", "2015-03-31": "6.85020", "2014-12-31": "6.18160", "2014-09-30": "7.01070", "2014-06-30": "6.98640", "2014-03-31": "6.21730", "2013-12-31": "5.59760", "2013-09-30": "6.82140", "2013-06-30": "7.09290", "2013-03-31": "6.64580", "2012-12-31": "6.32650", "2012-09-30": "6.56820", "2012-06-30": "7.01520", "2012-03-31": "6.51050", "2011-12-31": "5.99540", "2011-09-30": "6.87080", "2011-06-30": "6.94980", "2011-03-31": "6.15920", "2010-12-31": "5.08070", "2010-09-30": "5.88020", "2010-06-30": "5.49440", "2010-03-31": "4.70490", "2009-12-31": "3.73990", "2009-09-30": "4.01550", "2009-06-30": "3.66840", "2009-03-31": "4.28150", "2008-12-31": "5.47480", "2008-09-30": "6.49940", "2008-06-30": "6.87000", "2008-03-31": "6.54530", "2007-12-31": "5.56260", "2007-09-30": "6.16720", "2007-06-30": "6.11310", "2007-03-31": "5.73550", "2006-12-31": "4.94200", "2006-09-30": "6.20140", "2006-06-30": "6.05850", "2006-03-31": "5.97150", "2005-12-31": "4.99840", "2005-09-30": "6.14340", "2005-06-30": "6.19490", "2005-03-31": "5.31720"}, "Book Value Per Share": {"2020-09-30": "5.02670", "2020-06-30": "4.85210", "2020-03-31": "4.63780", "2019-12-31": "4.64290", "2019-09-30": "4.50840", "2019-06-30": "4.36640", "2019-03-31": "4.18700", "2018-12-31": "4.02710", "2018-09-30": "4.03330", "2018-06-30": "3.87980", "2018-03-31": "3.77490", "2017-12-31": "3.64560", "2017-09-30": "3.52540", "2017-06-30": "3.45770", "2017-03-31": "3.42540", "2016-12-31": "3.34260", "2016-09-30": "3.30300", "2016-06-30": "3.23270", "2016-03-31": "3.15340", "2015-12-31": "3.11020", "2015-09-30": "3.07870", "2015-06-30": "3.03980", "2015-03-31": "3.16850", "2014-12-31": "3.23660", "2014-09-30": "3.20730", "2014-06-30": "3.14750", "2014-03-31": "3.03470", "2013-12-31": "2.98680", "2013-09-30": "2.94810", "2013-06-30": "2.87350", "2013-03-31": "2.76530", "2012-12-31": "2.63070", "2012-09-30": "2.80850", "2012-06-30": "2.70280", "2012-03-31": "2.59900", "2011-12-31": "2.47070", "2011-09-30": "2.38620", "2011-06-30": "2.29440", "2011-03-31": "2.19000", "2010-12-31": "2.17480", "2010-09-30": "2.16270", "2010-06-30": "2.13470", "2010-03-31": "2.01950", "2009-12-31": "2.01930", "2009-09-30": "1.99480", "2009-06-30": "1.99760", "2009-03-31": "1.91430", "2008-12-31": "1.92260", "2008-09-30": "1.88810", "2008-06-30": "1.86120", "2008-03-31": "1.74410", "2007-12-31": "1.69350", "2007-09-30": "1.67570", "2007-06-30": "1.63660", "2007-03-31": "1.55860", "2006-12-31": "1.52460", "2006-09-30": "1.44480", "2006-06-30": "1.40780", "2006-03-31": "1.32630", "2005-12-31": "1.29680", "2005-09-30": "1.23850", "2005-06-30": "1.19280", "2005-03-31": "1.14730"}, "Operating Cash Flow Per Share": {"2020-09-30": 0.5, "2020-06-30": 0.4362, "2020-03-31": "0.41910", "2019-12-31": 0.4394, "2019-09-30": 0.4482, "2019-06-30": 0.2219, "2019-03-31": "0.35760", "2018-12-31": 0.3103, "2018-09-30": 0.3213, "2018-06-30": 0.265, "2018-03-31": "0.27740", "2017-12-31": 0.2221, "2017-09-30": 0.2848, "2017-06-30": 0.1444, "2017-03-31": "0.36340", "2016-12-31": 0.2298, "2016-09-30": 0.2307, "2016-06-30": 0.1504, "2016-03-31": "0.28800", "2015-12-31": 0.2504, "2015-09-30": 0.2445, "2015-06-30": 0.1431, "2015-03-31": "0.30430", "2014-12-31": 0.28, "2014-09-30": 0.1852, "2014-06-30": 0.1338, "2014-03-31": "0.24080", "2013-12-31": 0.1694, "2013-09-30": 0.1703, "2013-06-30": 0.09, "2013-03-31": "0.26920", "2012-12-31": 0.1804, "2012-09-30": 0.1659, "2012-06-30": 0.0979, "2012-03-31": "0.22260", "2011-12-31": 0.1256, "2011-09-30": 0.157, "2011-06-30": 0.0454, "2011-03-31": "0.12570", "2010-12-31": 0.1258, "2010-09-30": 0.0795, "2010-06-30": 0.0685, "2010-03-31": "0.13400", "2009-12-31": 0.0897, "2009-09-30": 0.1441, "2009-06-30": 0.1246, "2009-03-31": "0.15740", "2008-12-31": 0.1443, "2008-09-30": 0.1, "2008-06-30": 0.0469, "2008-03-31": "0.14540", "2007-12-31": 0.1118, "2007-09-30": 0.0882, "2007-06-30": 0.0387, "2007-03-31": "0.13970", "2006-12-31": 0.0274, "2006-09-30": 0.0349, "2006-06-30": -0.0052, "2006-03-31": "0.10480", "2005-12-31": 0.0763, "2005-09-30": 0.0366, "2005-06-30": 0.0108, "2005-03-31": "0.07750"}, "Free Cash Flow Per Share": {"2020-09-30": 0.4482, "2020-06-30": 0.3698, "2020-03-31": "0.33790", "2019-12-31": 0.3341, "2019-09-30": 0.3441, "2019-06-30": 0.106, "2019-03-31": "0.26540", "2018-12-31": 0.1744, "2018-09-30": 0.2604, "2018-06-30": 0.2214, "2018-03-31": "0.22730", "2017-12-31": 0.1601, "2017-09-30": 0.2432, "2017-06-30": 0.086, "2017-03-31": "0.33040", "2016-12-31": 0.1856, "2016-09-30": 0.1067, "2016-06-30": 0.052, "2016-03-31": "0.23820", "2015-12-31": 0.1957, "2015-09-30": 0.1941, "2015-06-30": 0.0708, "2015-03-31": "0.23290", "2014-12-31": 0.2056, "2014-09-30": 0.1102, "2014-06-30": 0.0273, "2014-03-31": "0.18790", "2013-12-31": 0.0682, "2013-09-30": 0.0836, "2013-06-30": 0.0305, "2013-03-31": "0.17810", "2012-12-31": 0.1018, "2012-09-30": 0.1028, "2012-06-30": 0.0602, "2012-03-31": "0.17670", "2011-12-31": 0.0802, "2011-09-30": 0.098, "2011-06-30": -0.0122, "2011-03-31": "0.09090", "2010-12-31": 0.0754, "2010-09-30": 0.0635, "2010-06-30": 0.0303, "2010-03-31": "0.12140", "2009-12-31": 0.0696, "2009-09-30": 0.1325, "2009-06-30": 0.1046, "2009-03-31": "0.12870", "2008-12-31": 0.1251, "2008-09-30": 0.0559, "2008-06-30": 0.0171, "2008-03-31": "0.09250", "2007-12-31": 0.0809, "2007-09-30": 0.0709, "2007-06-30": 0.0228, "2007-03-31": "0.12110", "2006-12-31": 0.0087, "2006-09-30": -0.0055, "2006-06-30": -0.0339, "2006-03-31": "0.07130", "2005-12-31": 0.0401, "2005-09-30": 0.0146, "2005-06-30": -0.013, "2005-03-31": "0.05970"}}, "revenue": {"Fastenal Annual Revenue (Millions of US $)": {"2020": "$5,647", "2019": "$5,334", "2018": "$4,965", "2017": "$4,391", "2016": "$3,962", "2015": "$3,869", "2014": "$3,734", "2013": "$3,326", "2012": "$3,134", "2011": "$2,767", "2010": "$2,269", "2009": "$1,930", "2008": "$2,340", "2007": "$2,062", "2006": "$1,809", "2005": "$1,523"}, "Fastenal Quarterly Revenue (Millions of US $)": {"2020-12-31": "$1,358", "2020-09-30": "$1,413", "2020-06-30": "$1,509", "2020-03-31": "$1,367", "2019-12-31": "$1,277", "2019-09-30": "$1,379", "2019-06-30": "$1,368", "2019-03-31": "$1,309", "2018-12-31": "$1,232", "2018-09-30": "$1,280", "2018-06-30": "$1,268", "2018-03-31": "$1,186", "2017-12-31": "$1,089", "2017-09-30": "$1,133", "2017-06-30": "$1,122", "2017-03-31": "$1,048", "2016-12-31": "$948", "2016-09-30": "$1,013", "2016-06-30": "$1,014", "2016-03-31": "$987", "2015-12-31": "$923", "2015-09-30": "$995", "2015-06-30": "$998", "2015-03-31": "$953", "2014-12-31": "$926", "2014-09-30": "$981", "2014-06-30": "$950", "2014-03-31": "$877", "2013-12-31": "$814", "2013-09-30": "$858", "2013-06-30": "$848", "2013-03-31": "$806", "2012-12-31": "$757", "2012-09-30": "$803", "2012-06-30": "$805", "2012-03-31": "$769", "2011-12-31": "$698", "2011-09-30": "$727", "2011-06-30": "$702", "2011-03-31": "$641", "2010-12-31": "$574", "2010-09-30": "$604", "2010-06-30": "$571", "2010-03-31": "$521", "2009-12-31": "$477", "2009-09-30": "$489", "2009-06-30": "$475", "2009-03-31": "$489", "2008-12-31": "$545", "2008-09-30": "$625", "2008-06-30": "$604", "2008-03-31": "$566", "2007-12-31": "$519", "2007-09-30": "$534", "2007-06-30": "$520", "2007-03-31": "$489", "2006-12-31": "$449", "2006-09-30": "$470", "2006-06-30": "$459", "2006-03-31": "$432", "2005-12-31": "$384", "2005-09-30": "$402", "2005-06-30": "$383", "2005-03-31": "$354"}}, "gross-profit": {"Fastenal Annual Gross Profit (Millions of US $)": {"2020": "$2,568", "2019": "$2,515", "2018": "$2,399", "2017": "$2,164", "2016": "$1,965", "2015": "$1,949", "2014": "$1,897", "2013": "$1,719", "2012": "$1,615", "2011": "$1,434", "2010": "$1,175", "2009": "$983", "2008": "$1,236", "2007": "$1,048", "2006": "$908", "2005": "$758"}, "Fastenal Quarterly Gross Profit (Millions of US $)": {"2020-12-31": "$619", "2020-09-30": "$641", "2020-06-30": "$672", "2020-03-31": "$637", "2019-12-31": "$598", "2019-09-30": "$651", "2019-06-30": "$641", "2019-03-31": "$625", "2018-12-31": "$588", "2018-09-30": "$616", "2018-06-30": "$618", "2018-03-31": "$578", "2017-12-31": "$531", "2017-09-30": "$556", "2017-06-30": "$559", "2017-03-31": "$518", "2016-12-31": "$472", "2016-09-30": "$500", "2016-06-30": "$502", "2016-03-31": "$492", "2015-12-31": "$461", "2015-09-30": "$502", "2015-06-30": "$502", "2015-03-31": "$484", "2014-12-31": "$468", "2014-09-30": "$499", "2014-06-30": "$483", "2014-03-31": "$448", "2013-12-31": "$411", "2013-09-30": "$443", "2013-06-30": "$443", "2013-03-31": "$422", "2012-12-31": "$391", "2012-09-30": "$414", "2012-06-30": "$415", "2012-03-31": "$394", "2011-12-31": "$357", "2011-09-30": "$377", "2011-06-30": "$366", "2011-03-31": "$333", "2010-12-31": "$299", "2010-09-30": "$313", "2010-06-30": "$298", "2010-03-31": "$266", "2009-12-31": "$238", "2009-09-30": "$245", "2009-06-30": "$243", "2009-03-31": "$259", "2008-12-31": "$291", "2008-09-30": "$331", "2008-06-30": "$317", "2008-03-31": "$297", "2007-12-31": "$265", "2007-09-30": "$272", "2007-06-30": "$261", "2007-03-31": "$250", "2006-12-31": "$224", "2006-09-30": "$237", "2006-06-30": "$229", "2006-03-31": "$217", "2005-12-31": "$193", "2005-09-30": "$199", "2005-06-30": "$191", "2005-03-31": "$175"}}, "operating-income": {"Fastenal Annual Operating Income (Millions of US $)": {"2020": "$1,142", "2019": "$1,057", "2018": "$999", "2017": "$882", "2016": "$796", "2015": "$829", "2014": "$788", "2013": "$713", "2012": "$674", "2011": "$575", "2010": "$430", "2009": "$296", "2008": "$450", "2007": "$376", "2006": "$320", "2005": "$268"}, "Fastenal Quarterly Operating Income (Millions of US $)": {"2020-12-31": "$264", "2020-09-30": "$290", "2020-06-30": "$316", "2020-03-31": "$271", "2019-12-31": "$239", "2019-09-30": "$282", "2019-06-30": "$275", "2019-03-31": "$261", "2018-12-31": "$233", "2018-09-30": "$262", "2018-06-30": "$269", "2018-03-31": "$235", "2017-12-31": "$203", "2017-09-30": "$229", "2017-06-30": "$238", "2017-03-31": "$213", "2016-12-31": "$183", "2016-09-30": "$203", "2016-06-30": "$209", "2016-03-31": "$201", "2015-12-31": "$179", "2015-09-30": "$220", "2015-06-30": "$226", "2015-03-31": "$204", "2014-12-31": "$189", "2014-09-30": "$213", "2014-06-30": "$207", "2014-03-31": "$179", "2013-12-31": "$157", "2013-09-30": "$189", "2013-06-30": "$192", "2013-03-31": "$175", "2012-12-31": "$158", "2012-09-30": "$176", "2012-06-30": "$179", "2012-03-31": "$161", "2011-12-31": "$141", "2011-09-30": "$155", "2011-06-30": "$150", "2011-03-31": "$129", "2010-12-31": "$107", "2010-09-30": "$121", "2010-06-30": "$112", "2010-03-31": "$90", "2009-12-31": "$71", "2009-09-30": "$76", "2009-06-30": "$70", "2009-03-31": "$78", "2008-12-31": "$99", "2008-09-30": "$118", "2008-06-30": "$123", "2008-03-31": "$110", "2007-12-31": "$92", "2007-09-30": "$99", "2007-06-30": "$97", "2007-03-31": "$89", "2006-12-31": "$73", "2006-09-30": "$87", "2006-06-30": "$83", "2006-03-31": "$77", "2005-12-31": "$63", "2005-09-30": "$74", "2005-06-30": "$72", "2005-03-31": "$59"}}, "ebitda": {"Fastenal Annual EBITDA (Millions of US $)": {"2019": "$1,206", "2018": "$1,137", "2017": "$1,009", "2016": "$900", "2015": "$915", "2014": "$860", "2013": "$777", "2012": "$728", "2011": "$619", "2010": "$470", "2009": "$336", "2008": "$490", "2007": "$414", "2006": "$353", "2005": "$297"}, "Fastenal Quarterly EBITDA (Millions of US $)": {"2020-09-30": "$331", "2020-06-30": "$357", "2020-03-31": "$310", "2019-12-31": "$277", "2019-09-30": "$319", "2019-06-30": "$312", "2019-03-31": "$298", "2018-12-31": "$269", "2018-09-30": "$297", "2018-06-30": "$303", "2018-03-31": "$268", "2017-12-31": "$236", "2017-09-30": "$261", "2017-06-30": "$269", "2017-03-31": "$243", "2016-12-31": "$212", "2016-09-30": "$230", "2016-06-30": "$234", "2016-03-31": "$225", "2015-12-31": "$205", "2015-09-30": "$241", "2015-06-30": "$246", "2015-03-31": "$223", "2014-12-31": "$208", "2014-09-30": "$231", "2014-06-30": "$225", "2014-03-31": "$196", "2013-12-31": "$174", "2013-09-30": "$205", "2013-06-30": "$208", "2013-03-31": "$190", "2012-12-31": "$172", "2012-09-30": "$189", "2012-06-30": "$192", "2012-03-31": "$174", "2011-12-31": "$152", "2011-09-30": "$166", "2011-06-30": "$161", "2011-03-31": "$139", "2010-12-31": "$117", "2010-09-30": "$131", "2010-06-30": "$122", "2010-03-31": "$101", "2009-12-31": "$81", "2009-09-30": "$86", "2009-06-30": "$80", "2009-03-31": "$89", "2008-12-31": "$109", "2008-09-30": "$127", "2008-06-30": "$133", "2008-03-31": "$120", "2007-12-31": "$101", "2007-09-30": "$108", "2007-06-30": "$107", "2007-03-31": "$98", "2006-12-31": "$82", "2006-09-30": "$96", "2006-06-30": "$91", "2006-03-31": "$85", "2005-12-31": "$70", "2005-09-30": "$82", "2005-06-30": "$79", "2005-03-31": "$66"}}, "net-income": {"Fastenal Annual Net Income (Millions of US $)": {"2020": "$859", "2019": "$791", "2018": "$752", "2017": "$579", "2016": "$499", "2015": "$516", "2014": "$494", "2013": "$449", "2012": "$421", "2011": "$358", "2010": "$265", "2009": "$184", "2008": "$280", "2007": "$233", "2006": "$199", "2005": "$167"}, "Fastenal Quarterly Net Income (Millions of US $)": {"2020-12-31": "$196", "2020-09-30": "$222", "2020-06-30": "$239", "2020-03-31": "$203", "2019-12-31": "$179", "2019-09-30": "$214", "2019-06-30": "$205", "2019-03-31": "$194", "2018-12-31": "$169", "2018-09-30": "$198", "2018-06-30": "$211", "2018-03-31": "$174", "2017-12-31": "$152", "2017-09-30": "$143", "2017-06-30": "$149", "2017-03-31": "$134", "2016-12-31": "$115", "2016-09-30": "$127", "2016-06-30": "$132", "2016-03-31": "$126", "2015-12-31": "$112", "2015-09-30": "$136", "2015-06-30": "$140", "2015-03-31": "$128", "2014-12-31": "$118", "2014-09-30": "$133", "2014-06-30": "$131", "2014-03-31": "$112", "2013-12-31": "$99", "2013-09-30": "$119", "2013-06-30": "$121", "2013-03-31": "$109", "2012-12-31": "$99", "2012-09-30": "$109", "2012-06-30": "$112", "2012-03-31": "$100", "2011-12-31": "$87", "2011-09-30": "$97", "2011-06-30": "$94", "2011-03-31": "$80", "2010-12-31": "$65", "2010-09-30": "$75", "2010-06-30": "$69", "2010-03-31": "$56", "2009-12-31": "$45", "2009-09-30": "$48", "2009-06-30": "$44", "2009-03-31": "$49", "2008-12-31": "$63", "2008-09-30": "$73", "2008-06-30": "$76", "2008-03-31": "$68", "2007-12-31": "$56", "2007-09-30": "$62", "2007-06-30": "$60", "2007-03-31": "$54", "2006-12-31": "$46", "2006-09-30": "$54", "2006-06-30": "$52", "2006-03-31": "$48", "2005-12-31": "$39", "2005-09-30": "$46", "2005-06-30": "$45", "2005-03-31": "$37"}}, "eps-earnings-per-share-diluted": {"Fastenal Annual EPS": {"2020": "$1.49", "2019": "$1.38", "2018": "$1.31", "2017": "$1.00", "2016": "$0.87", "2015": "$0.89", "2014": "$0.83", "2013": "$0.76", "2012": "$0.71", "2011": "$0.61", "2010": "$0.45", "2009": "$0.31", "2008": "$0.47", "2007": "$0.39", "2006": "$0.33", "2005": "$0.28"}, "Fastenal Quarterly EPS": {"2020-12-31": "$0.34", "2020-09-30": "$0.38", "2020-06-30": "$0.42", "2020-03-31": "$0.35", "2019-12-31": "$0.31", "2019-09-30": "$0.37", "2019-06-30": "$0.36", "2019-03-31": "$0.34", "2018-12-31": "$0.30", "2018-09-30": "$0.34", "2018-06-30": "$0.37", "2018-03-31": "$0.31", "2017-12-31": "$0.26", "2017-09-30": "$0.25", "2017-06-30": "$0.26", "2017-03-31": "$0.23", "2016-12-31": "$0.20", "2016-09-30": "$0.22", "2016-06-30": "$0.23", "2016-03-31": "$0.22", "2015-12-31": "$0.20", "2015-09-30": "$0.24", "2015-06-30": "$0.24", "2015-03-31": "$0.22", "2014-12-31": "$0.20", "2014-09-30": "$0.23", "2014-06-30": "$0.22", "2014-03-31": "$0.19", "2013-12-31": "$0.17", "2013-09-30": "$0.20", "2013-06-30": "$0.21", "2013-03-31": "$0.19", "2012-12-31": "$0.17", "2012-09-30": "$0.19", "2012-06-30": "$0.19", "2012-03-31": "$0.17", "2011-12-31": "$0.15", "2011-09-30": "$0.17", "2011-06-30": "$0.16", "2011-03-31": "$0.14", "2010-12-31": "$0.12", "2010-09-30": "$0.13", "2010-06-30": "$0.12", "2010-03-31": "$0.10", "2009-12-31": "$0.08", "2009-09-30": "$0.08", "2009-06-30": "$0.07", "2009-03-31": "$0.08", "2008-12-31": "$0.11", "2008-09-30": "$0.12", "2008-06-30": "$0.13", "2008-03-31": "$0.12", "2007-12-31": "$0.10", "2007-09-30": "$0.10", "2007-06-30": "$0.10", "2007-03-31": "$0.09", "2006-12-31": "$0.08", "2006-09-30": "$0.09", "2006-06-30": "$0.09", "2006-03-31": "$0.08", "2005-12-31": "$0.07", "2005-09-30": "$0.08", "2005-06-30": "$0.08", "2005-03-31": "$0.06"}}, "shares-outstanding": {"Fastenal Annual Shares Outstanding (Millions of Shares)": {"2020": "576", "2019": "574", "2018": "574", "2017": "577", "2016": "578", "2015": "584", "2014": "595", "2013": "595", "2012": "594", "2011": "592", "2010": "590", "2009": "593", "2008": "595", "2007": "602", "2006": "605", "2005": "606"}, "Fastenal Quarterly Shares Outstanding (Millions of Shares)": {"2020-12-31": "576", "2020-09-30": "576", "2020-06-30": "575", "2020-03-31": "575", "2019-12-31": "574", "2019-09-30": "574", "2019-06-30": "575", "2019-03-31": "573", "2018-12-31": "574", "2018-09-30": "575", "2018-06-30": "575", "2018-03-31": "576", "2017-12-31": "577", "2017-09-30": "575", "2017-06-30": "578", "2017-03-31": "579", "2016-12-31": "578", "2016-09-30": "578", "2016-06-30": "578", "2016-03-31": "578", "2015-12-31": "584", "2015-09-30": "581", "2015-06-30": "584", "2015-03-31": "592", "2014-12-31": "595", "2014-09-30": "595", "2014-06-30": "595", "2014-03-31": "595", "2013-12-31": "595", "2013-09-30": "595", "2013-06-30": "595", "2013-03-31": "595", "2012-12-31": "594", "2012-09-30": "594", "2012-06-30": "594", "2012-03-31": "594", "2011-12-31": "592", "2011-09-30": "592", "2011-06-30": "592", "2011-03-31": "591", "2010-12-31": "590", "2010-09-30": "590", "2010-06-30": "590", "2010-03-31": "590", "2009-12-31": "593", "2009-09-30": "594", "2009-06-30": "594", "2009-03-31": "594", "2008-12-31": "595", "2008-09-30": "594", "2008-06-30": "596", "2008-03-31": "596", "2007-12-31": "602", "2007-09-30": "602", "2007-06-30": "604", "2007-03-31": "605", "2006-12-31": "605", "2006-09-30": "604", "2006-06-30": "606", "2006-03-31": "606", "2005-12-31": "606", "2005-09-30": "605", "2005-06-30": "606", "2005-03-31": "608"}}, "total-assets": {"Fastenal Annual Total Assets (Millions of US $)": {"2019": "$3,800", "2018": "$3,322", "2017": "$2,911", "2016": "$2,669", "2015": "$2,532", "2014": "$2,359", "2013": "$2,076", "2012": "$1,816", "2011": "$1,685", "2010": "$1,468", "2009": "$1,327", "2008": "$1,304", "2007": "$1,163", "2006": "$1,039", "2005": "$890"}, "Fastenal Quarterly Total Assets (Millions of US $)": {"2020-09-30": "$4,109", "2020-06-30": "$4,085", "2020-03-31": "$3,935", "2019-12-31": "$3,800", "2019-09-30": "$3,814", "2019-06-30": "$3,756", "2019-03-31": "$3,652", "2018-12-31": "$3,322", "2018-09-30": "$3,194", "2018-06-30": "$3,100", "2018-03-31": "$3,030", "2017-12-31": "$2,911", "2017-09-30": "$2,902", "2017-06-30": "$2,851", "2017-03-31": "$2,786", "2016-12-31": "$2,669", "2016-09-30": "$2,730", "2016-06-30": "$2,699", "2016-03-31": "$2,643", "2015-12-31": "$2,532", "2015-09-30": "$2,495", "2015-06-30": "$2,481", "2015-03-31": "$2,424", "2014-12-31": "$2,359", "2014-09-30": "$2,373", "2014-06-30": "$2,283", "2014-03-31": "$2,165", "2013-12-31": "$2,076", "2013-09-30": "$2,060", "2013-06-30": "$1,993", "2013-03-31": "$1,945", "2012-12-31": "$1,816", "2012-09-30": "$1,920", "2012-06-30": "$1,851", "2012-03-31": "$1,813", "2011-12-31": "$1,685", "2011-09-30": "$1,651", "2011-06-30": "$1,582", "2011-03-31": "$1,525", "2010-12-31": "$1,468", "2010-09-30": "$1,469", "2010-06-30": "$1,442", "2010-03-31": "$1,370", "2009-12-31": "$1,327", "2009-09-30": "$1,338", "2009-06-30": "$1,329", "2009-03-31": "$1,303", "2008-12-31": "$1,304", "2008-09-30": "$1,309", "2008-06-30": "$1,271", "2008-03-31": "$1,223", "2007-12-31": "$1,163", "2007-09-30": "$1,150", "2007-06-30": "$1,129", "2007-03-31": "$1,095", "2006-12-31": "$1,039", "2006-09-30": "$997", "2006-06-30": "$981", "2006-03-31": "$953", "2005-12-31": "$890", "2005-09-30": "$848", "2005-06-30": "$820", "2005-03-31": "$808"}}, "cash-on-hand": {"Fastenal Annual Cash on Hand (Millions of US $)": {"2019": "$175", "2018": "$167", "2017": "$117", "2016": "$113", "2015": "$129", "2014": "$114", "2013": "$59", "2012": "$80", "2011": "$145", "2010": "$170", "2009": "$189", "2008": "$87", "2007": "$57", "2006": "$30", "2005": "$57"}, "Fastenal Quarterly Cash on Hand (Millions of US $)": {"2020-09-30": "$332", "2020-06-30": "$202", "2020-03-31": "$161", "2019-12-31": "$175", "2019-09-30": "$191", "2019-06-30": "$175", "2019-03-31": "$185", "2018-12-31": "$167", "2018-09-30": "$130", "2018-06-30": "$136", "2018-03-31": "$137", "2017-12-31": "$117", "2017-09-30": "$133", "2017-06-30": "$115", "2017-03-31": "$134", "2016-12-31": "$113", "2016-09-30": "$147", "2016-06-30": "$155", "2016-03-31": "$151", "2015-12-31": "$129", "2015-09-30": "$112", "2015-06-30": "$121", "2015-03-31": "$121", "2014-12-31": "$114", "2014-09-30": "$116", "2014-06-30": "$106", "2014-03-31": "$89", "2013-12-31": "$59", "2013-09-30": "$93", "2013-06-30": "$123", "2013-03-31": "$160", "2012-12-31": "$80", "2012-09-30": "$223", "2012-06-30": "$213", "2012-03-31": "$226", "2011-12-31": "$145", "2011-09-30": "$137", "2011-06-30": "$116", "2011-03-31": "$151", "2010-12-31": "$170", "2010-09-30": "$197", "2010-06-30": "$221", "2010-03-31": "$203", "2009-12-31": "$189", "2009-09-30": "$195", "2009-06-30": "$175", "2009-03-31": "$111", "2008-12-31": "$87", "2008-09-30": "$52", "2008-06-30": "$77", "2008-03-31": "$75", "2007-12-31": "$57", "2007-09-30": "$59", "2007-06-30": "$61", "2007-03-31": "$69", "2006-12-31": "$30", "2006-09-30": "$14", "2006-06-30": "$50", "2006-03-31": "$70", "2005-12-31": "$57", "2005-09-30": "$32", "2005-06-30": "$42", "2005-03-31": "$68"}}, "long-term-debt": {"Fastenal Annual Long Term Debt (Millions of US $)": {"2019": "$342", "2018": "$497", "2017": "$412", "2016": "$380", "2015": "$303", "2014": "$", "2013": "$", "2012": "$", "2011": "$", "2010": "$", "2009": "$", "2008": "$", "2007": "$", "2006": "$", "2005": "$"}, "Fastenal Quarterly Long Term Debt (Millions of US $)": {"2020-09-30": "$365", "2020-06-30": "$405", "2020-03-31": "$450", "2019-12-31": "$342", "2019-09-30": "$442", "2019-06-30": "$497", "2019-03-31": "$485", "2018-12-31": "$497", "2018-09-30": "$388", "2018-06-30": "$423", "2018-03-31": "$392", "2017-12-31": "$412", "2017-09-30": "$432", "2017-06-30": "$436", "2017-03-31": "$354", "2016-12-31": "$380", "2016-09-30": "$432", "2016-06-30": "$362", "2016-03-31": "$362", "2015-12-31": "$303", "2015-09-30": "$273", "2015-06-30": "$250", "2015-03-31": "", "2014-12-31": "", "2014-09-30": "", "2014-06-30": "", "2014-03-31": "", "2013-12-31": "", "2013-09-30": "", "2013-06-30": "", "2013-03-31": "", "2012-12-31": "", "2012-09-30": "", "2012-06-30": "", "2012-03-31": "", "2011-12-31": "", "2011-09-30": "", "2011-06-30": "", "2011-03-31": "", "2010-12-31": "", "2010-09-30": "", "2010-06-30": "", "2010-03-31": "", "2009-12-31": "", "2009-09-30": "", "2009-06-30": "", "2009-03-31": "", "2008-12-31": "", "2008-09-30": "", "2008-06-30": "", "2008-03-31": "", "2007-12-31": "", "2007-09-30": "", "2007-06-30": "", "2007-03-31": "", "2006-12-31": "", "2006-09-30": "", "2006-06-30": "", "2006-03-31": "", "2005-12-31": "", "2005-09-30": "", "2005-06-30": "", "2005-03-31": ""}}, "total-liabilities": {"Fastenal Annual Total Liabilities (Millions of US $)": {"2019": "$1,134", "2018": "$1,019", "2017": "$814", "2016": "$736", "2015": "$731", "2014": "$444", "2013": "$303", "2012": "$255", "2011": "$226", "2010": "$186", "2009": "$137", "2008": "$162", "2007": "$153", "2006": "$117", "2005": "$106"}, "Fastenal Quarterly Total Liabilities (Millions of US $)": {"2020-09-30": "$1,223", "2020-06-30": "$1,302", "2020-03-31": "$1,278", "2019-12-31": "$1,134", "2019-09-30": "$1,229", "2019-06-30": "$1,253", "2019-03-31": "$1,255", "2018-12-31": "$1,019", "2018-09-30": "$878", "2018-06-30": "$874", "2018-03-31": "$858", "2017-12-31": "$814", "2017-09-30": "$875", "2017-06-30": "$860", "2017-03-31": "$805", "2016-12-31": "$736", "2016-09-30": "$821", "2016-06-30": "$831", "2016-03-31": "$821", "2015-12-31": "$731", "2015-09-30": "$712", "2015-06-30": "$717", "2015-03-31": "$561", "2014-12-31": "$444", "2014-09-30": "$471", "2014-06-30": "$415", "2014-03-31": "$365", "2013-12-31": "$303", "2013-09-30": "$311", "2013-06-30": "$287", "2013-03-31": "$304", "2012-12-31": "$255", "2012-09-30": "$255", "2012-06-30": "$250", "2012-03-31": "$274", "2011-12-31": "$226", "2011-09-30": "$242", "2011-06-30": "$228", "2011-03-31": "$233", "2010-12-31": "$186", "2010-09-30": "$194", "2010-06-30": "$183", "2010-03-31": "$179", "2009-12-31": "$137", "2009-09-30": "$153", "2009-06-30": "$142", "2009-03-31": "$165", "2008-12-31": "$162", "2008-09-30": "$187", "2008-06-30": "$162", "2008-03-31": "$182", "2007-12-31": "$153", "2007-09-30": "$142", "2007-06-30": "$143", "2007-03-31": "$153", "2006-12-31": "$117", "2006-09-30": "$125", "2006-06-30": "$130", "2006-03-31": "$152", "2005-12-31": "$106", "2005-09-30": "$100", "2005-06-30": "$100", "2005-03-31": "$112"}}, "total-share-holder-equity": {"Fastenal Annual Share Holder Equity (Millions of US $)": {"2019": "$2,666", "2018": "$2,303", "2017": "$2,097", "2016": "$1,933", "2015": "$1,801", "2014": "$1,915", "2013": "$1,773", "2012": "$1,560", "2011": "$1,459", "2010": "$1,283", "2009": "$1,191", "2008": "$1,142", "2007": "$1,010", "2006": "$922", "2005": "$784"}, "Fastenal Quarterly Share Holder Equity (Millions of US $)": {"2020-09-30": "$2,886", "2020-06-30": "$2,783", "2020-03-31": "$2,657", "2019-12-31": "$2,666", "2019-09-30": "$2,586", "2019-06-30": "$2,504", "2019-03-31": "$2,397", "2018-12-31": "$2,303", "2018-09-30": "$2,316", "2018-06-30": "$2,227", "2018-03-31": "$2,172", "2017-12-31": "$2,097", "2017-09-30": "$2,026", "2017-06-30": "$1,992", "2017-03-31": "$1,982", "2016-12-31": "$1,933", "2016-09-30": "$1,909", "2016-06-30": "$1,868", "2016-03-31": "$1,822", "2015-12-31": "$1,801", "2015-09-30": "$1,783", "2015-06-30": "$1,764", "2015-03-31": "$1,863", "2014-12-31": "$1,915", "2014-09-30": "$1,902", "2014-06-30": "$1,868", "2014-03-31": "$1,800", "2013-12-31": "$1,773", "2013-09-30": "$1,750", "2013-06-30": "$1,706", "2013-03-31": "$1,641", "2012-12-31": "$1,560", "2012-09-30": "$1,664", "2012-06-30": "$1,601", "2012-03-31": "$1,539", "2011-12-31": "$1,459", "2011-09-30": "$1,409", "2011-06-30": "$1,354", "2011-03-31": "$1,292", "2010-12-31": "$1,283", "2010-09-30": "$1,275", "2010-06-30": "$1,259", "2010-03-31": "$1,191", "2009-12-31": "$1,191", "2009-09-30": "$1,185", "2009-06-30": "$1,187", "2009-03-31": "$1,137", "2008-12-31": "$1,142", "2008-09-30": "$1,122", "2008-06-30": "$1,109", "2008-03-31": "$1,040", "2007-12-31": "$1,010", "2007-09-30": "$1,008", "2007-06-30": "$986", "2007-03-31": "$942", "2006-12-31": "$922", "2006-09-30": "$872", "2006-06-30": "$850", "2006-03-31": "$801", "2005-12-31": "$784", "2005-09-30": "$748", "2005-06-30": "$721", "2005-03-31": "$696"}}, "profit-margins": {"current": "15.21%"}, "gross margin": {"2020-12-31": "45.49%", "2020-09-30": "45.78%", "2020-06-30": "46.24%", "2020-03-31": "46.87%", "2019-12-31": "47.16%", "2019-09-30": "47.37%", "2019-06-30": "47.60%", "2019-03-31": "48.08%", "2018-12-31": "48.33%", "2018-09-30": "48.58%", "2018-06-30": "48.82%", "2018-03-31": "49.09%", "2017-12-31": "49.27%", "2017-09-30": "49.52%", "2017-06-30": "49.60%", "2017-03-31": "49.52%", "2016-12-31": "49.62%", "2016-09-30": "49.66%", "2016-06-30": "49.94%", "2016-03-31": "50.14%", "2015-12-31": "50.37%", "2015-09-30": "50.52%", "2015-06-30": "50.62%", "2015-03-31": "50.76%", "2014-12-31": "50.83%", "2014-09-30": "50.83%", "2014-06-30": "51.01%", "2014-03-31": "51.37%", "2013-12-31": "51.68%", "2013-09-30": "51.97%", "2013-06-30": "51.96%", "2013-03-31": "51.78%", "2012-12-31": "51.50%", "2012-09-30": "51.38%", "2012-06-30": "51.45%", "2012-03-31": "51.59%", "2011-12-31": "51.77%", "2011-09-30": "52.00%", "2011-06-30": "52.00%", "2011-03-31": "52.01%", "2010-12-31": "51.81%", "2010-09-30": "51.31%", "2010-06-30": "50.87%", "2010-03-31": "50.56%", "2009-12-31": "51.04%", "2009-09-30": "51.95%", "2009-06-30": "52.67%", "2009-03-31": "52.94%", "2008-12-31": "52.82%", "2008-09-30": "52.29%", "2008-06-30": "51.78%", "2008-03-31": "51.19%", "2007-12-31": "50.82%", "2007-09-30": "50.55%", "2007-06-30": "50.41%", "2007-03-31": "50.35%", "2006-12-31": "50.11%", "2006-09-30": "50.20%", "2006-06-30": "49.97%", "2006-03-31": "49.97%", "2005-12-31": "49.77%"}, "operating margin": {"2020-12-31": "20.21%", "2020-09-30": "20.05%", "2020-06-30": "20.03%", "2020-03-31": "19.79%", "2019-12-31": "19.82%", "2019-09-30": "19.88%", "2019-06-30": "19.87%", "2019-03-31": "20.14%", "2018-12-31": "20.12%", "2018-09-30": "20.09%", "2018-06-30": "20.02%", "2018-03-31": "19.98%", "2017-12-31": "20.10%", "2017-09-30": "20.28%", "2017-06-30": "20.24%", "2017-03-31": "20.06%", "2016-12-31": "20.07%", "2016-09-30": "20.12%", "2016-06-30": "20.64%", "2016-03-31": "21.16%", "2015-12-31": "21.43%", "2015-09-30": "21.67%", "2015-06-30": "21.57%", "2015-03-31": "21.34%", "2014-12-31": "21.10%", "2014-09-30": "20.87%", "2014-06-30": "20.92%", "2014-03-31": "21.11%", "2013-12-31": "21.44%", "2013-09-30": "21.84%", "2013-06-30": "21.81%", "2013-03-31": "21.70%", "2012-12-31": "21.51%", "2012-09-30": "21.37%", "2012-06-30": "21.21%", "2012-03-31": "20.96%", "2011-12-31": "20.77%", "2011-09-30": "20.46%", "2011-06-30": "20.11%", "2011-03-31": "19.62%", "2010-12-31": "18.94%", "2010-09-30": "18.13%", "2010-06-30": "16.96%", "2010-03-31": "15.65%", "2009-12-31": "15.28%", "2009-09-30": "16.17%", "2009-06-30": "17.10%", "2009-03-31": "18.47%", "2008-12-31": "19.23%", "2008-09-30": "19.14%", "2008-06-30": "19.07%", "2008-03-31": "18.61%", "2007-12-31": "18.28%", "2007-09-30": "17.97%", "2007-06-30": "17.95%", "2007-03-31": "17.78%", "2006-12-31": "17.68%", "2006-09-30": "17.77%", "2006-06-30": "17.71%", "2006-03-31": "17.86%", "2005-12-31": "17.60%"}, "ebitda margin": {"2020-09-30": "22.91%", "2020-06-30": "22.83%", "2020-03-31": "22.59%", "2019-12-31": "22.61%", "2019-09-30": "22.66%", "2019-06-30": "22.66%", "2019-03-31": "22.93%", "2018-12-31": "22.90%", "2018-09-30": "22.89%", "2018-06-30": "22.84%", "2018-03-31": "22.83%", "2017-12-31": "22.97%", "2017-09-30": "23.17%", "2017-06-30": "23.09%", "2017-03-31": "22.84%", "2016-12-31": "22.74%", "2016-09-30": "22.71%", "2016-06-30": "23.09%", "2016-03-31": "23.49%", "2015-12-31": "23.65%", "2015-09-30": "23.71%", "2015-06-30": "23.54%", "2015-03-31": "23.28%", "2014-12-31": "23.03%", "2014-09-30": "22.81%", "2014-06-30": "22.86%", "2014-03-31": "23.05%", "2013-12-31": "23.36%", "2013-09-30": "23.71%", "2013-06-30": "23.62%", "2013-03-31": "23.43%", "2012-12-31": "23.20%", "2012-09-30": "22.99%", "2012-06-30": "22.81%", "2012-03-31": "22.55%", "2011-12-31": "22.33%", "2011-09-30": "22.05%", "2011-06-30": "21.74%", "2011-03-31": "21.30%", "2010-12-31": "20.75%", "2010-09-30": "20.02%", "2010-06-30": "18.95%", "2010-03-31": "17.74%", "2009-12-31": "17.41%", "2009-09-30": "18.22%", "2009-06-30": "18.98%", "2009-03-31": "20.24%", "2008-12-31": "20.90%", "2008-09-30": "20.79%", "2008-06-30": "20.78%", "2008-03-31": "20.38%", "2007-12-31": "20.08%", "2007-09-30": "19.83%", "2007-06-30": "19.87%", "2007-03-31": "19.66%", "2006-12-31": "19.56%", "2006-09-30": "19.60%", "2006-06-30": "19.56%", "2006-03-31": "19.74%", "2005-12-31": "19.50%"}, "pre tax profit margin": {"2020-12-31": "20.06%", "2020-09-30": "19.89%", "2020-06-30": "19.83%", "2020-03-31": "19.55%", "2019-12-31": "19.56%", "2019-09-30": "19.61%", "2019-06-30": "19.62%", "2019-03-31": "19.91%", "2018-12-31": "19.88%", "2018-09-30": "19.86%", "2018-06-30": "19.78%", "2018-03-31": "19.74%", "2017-12-31": "19.88%", "2017-09-30": "20.07%", "2017-06-30": "20.04%", "2017-03-31": "19.91%", "2016-12-31": "19.94%", "2016-09-30": "19.99%", "2016-06-30": "20.54%", "2016-03-31": "21.06%", "2015-12-31": "21.35%", "2015-09-30": "21.62%", "2015-06-30": "21.54%", "2015-03-31": "21.34%", "2014-12-31": "21.10%", "2014-09-30": "20.87%", "2014-06-30": "20.92%", "2014-03-31": "21.11%", "2013-12-31": "21.44%", "2013-09-30": "21.84%", "2013-06-30": "21.81%", "2013-03-31": "21.70%", "2012-12-31": "21.51%", "2012-09-30": "21.37%", "2012-06-30": "21.21%", "2012-03-31": "20.96%", "2011-12-31": "20.77%", "2011-09-30": "20.46%", "2011-06-30": "20.11%", "2011-03-31": "19.62%", "2010-12-31": "18.99%", "2010-09-30": "18.18%", "2010-06-30": "17.06%", "2010-03-31": "15.75%", "2009-12-31": "15.39%", "2009-09-30": "16.32%", "2009-06-30": "17.20%", "2009-03-31": "18.60%", "2008-12-31": "19.32%", "2008-09-30": "19.19%", "2008-06-30": "19.12%", "2008-03-31": "18.65%", "2007-12-31": "18.33%", "2007-09-30": "18.02%", "2007-06-30": "18.00%", "2007-03-31": "17.78%", "2006-12-31": "17.68%", "2006-09-30": "17.77%", "2006-06-30": "17.71%", "2006-03-31": "17.86%", "2005-12-31": "17.66%"}, "net profit margin": {"2020-12-31": "15.23%", "2020-09-30": "15.15%", "2020-06-30": "15.09%", "2020-03-31": "14.86%", "2019-12-31": "14.85%", "2019-09-30": "14.79%", "2019-06-30": "14.76%", "2019-03-31": "15.17%", "2018-12-31": "15.14%", "2018-09-30": "15.24%", "2018-06-30": "14.54%", "2018-03-31": "13.64%", "2017-12-31": "13.16%", "2017-09-30": "12.73%", "2017-06-30": "12.71%", "2017-03-31": "12.63%", "2016-12-31": "12.62%", "2016-09-30": "12.62%", "2016-06-30": "12.91%", "2016-03-31": "13.17%", "2015-12-31": "13.34%", "2015-09-30": "13.48%", "2015-06-30": "13.45%", "2015-03-31": "13.39%", "2014-12-31": "13.23%", "2014-09-30": "13.11%", "2014-06-30": "13.18%", "2014-03-31": "13.28%", "2013-12-31": "13.47%", "2013-09-30": "13.70%", "2013-06-30": "13.63%", "2013-03-31": "13.53%", "2012-12-31": "13.40%", "2012-09-30": "13.27%", "2012-06-30": "13.20%", "2012-03-31": "13.05%", "2011-12-31": "12.93%", "2011-09-30": "12.71%", "2011-06-30": "12.46%", "2011-03-31": "12.09%", "2010-12-31": "11.67%", "2010-09-30": "11.27%", "2010-06-30": "10.59%", "2010-03-31": "9.84%", "2009-12-31": "9.64%", "2009-09-30": "10.21%", "2009-06-30": "10.73%", "2009-03-31": "11.53%", "2008-12-31": "11.97%", "2008-09-30": "11.80%", "2008-06-30": "11.79%", "2008-03-31": "11.50%", "2007-12-31": "11.25%", "2007-09-30": "11.14%", "2007-06-30": "11.10%", "2007-03-31": "11.03%", "2006-12-31": "11.05%", "2006-09-30": "11.06%", "2006-06-30": "11.03%", "2006-03-31": "11.12%", "2005-12-31": "10.97%"}, "pe ratio": {"current": "31.75", "2021-02-11": "40.93", "2020-12-31": "42.21", "2020-09-30": "30.28", "2020-06-30": "28.81", "2020-03-31": "21.77", "2019-12-31": "25.75", "2019-09-30": "22.89", "2019-06-30": "23.10", "2019-03-31": "22.48", "2018-12-31": "18.63", "2018-09-30": "20.99", "2018-06-30": "18.67", "2018-03-31": "23.16", "2017-12-31": "24.77", "2017-09-30": "21.92", "2017-06-30": "21.47", "2017-03-31": "26.23", "2016-12-31": "24.05", "2016-09-30": "21.35", "2016-06-30": "22.13", "2016-03-31": "23.86", "2015-12-31": "19.83", "2015-09-30": "17.56", "2015-06-30": "20.32", "2015-03-31": "20.29", "2014-12-31": "23.84", "2014-09-30": "23.35", "2014-06-30": "26.42", "2014-03-31": "26.70", "2013-12-31": "25.76", "2013-09-30": "27.12", "2013-06-30": "25.06", "2013-03-31": "28.56", "2012-12-31": "26.45", "2012-09-30": "24.48", "2012-06-30": "23.53", "2012-03-31": "32.93", "2011-12-31": "27.97", "2011-09-30": "22.75", "2011-06-30": "26.24", "2011-03-31": "25.58", "2010-12-31": "25.54", "2010-09-30": "24.39", "2010-06-30": "25.78", "2010-03-31": "28.08", "2009-12-31": "25.11", "2009-09-30": "21.28", "2009-06-30": "16.05", "2009-03-31": "13.60", "2008-12-31": "13.59", "2008-09-30": "19.52", "2008-06-30": "17.73", "2008-03-31": "20.13", "2007-12-31": "18.74", "2007-09-30": "22.20", "2007-06-30": "21.08", "2007-03-31": "18.43", "2006-12-31": "19.33"}, "price sales": {"2021-02-11": "4.80", "2020-12-31": "4.95", "2020-09-30": "4.57", "2020-06-30": "4.34", "2020-03-31": "3.23", "2019-12-31": "3.83", "2019-09-30": "3.39", "2019-06-30": "3.42", "2019-03-31": "3.42", "2018-12-31": "2.84", "2018-09-30": "3.22", "2018-06-30": "2.74", "2018-03-31": "3.18", "2017-12-31": "3.27", "2017-09-30": "2.80", "2017-06-30": "2.74", "2017-03-31": "3.30", "2016-12-31": "3.04", "2016-09-30": "2.70", "2016-06-30": "2.87", "2016-03-31": "3.17", "2015-12-31": "2.65", "2015-09-30": "2.37", "2015-06-30": "2.74", "2015-03-31": "2.72", "2014-12-31": "3.17", "2014-09-30": "3.07", "2014-06-30": "3.48", "2014-03-31": "3.56", "2013-12-31": "3.48", "2013-09-30": "3.73", "2013-06-30": "3.43", "2013-03-31": "3.88", "2012-12-31": "3.56", "2012-09-30": "3.29", "2012-06-30": "3.14", "2012-03-31": "4.35", "2011-12-31": "3.65", "2011-09-30": "2.90", "2011-06-30": "3.28", "2011-03-31": "3.10", "2010-12-31": "2.99", "2010-09-30": "2.75", "2010-06-30": "2.72", "2010-03-31": "2.74", "2009-12-31": "2.40", "2009-09-30": "2.15", "2009-06-30": "1.71", "2009-03-31": "1.56", "2008-12-31": "1.63", "2008-09-30": "2.32", "2008-06-30": "2.10", "2008-03-31": "2.33", "2007-12-31": "2.12", "2007-09-30": "2.47", "2007-06-30": "2.35", "2007-03-31": "2.03", "2006-12-31": "2.13"}, "price book": {"current": "9.94", "2021-02-10": "9.48", "2020-09-30": "8.79", "2020-06-30": "8.61", "2020-03-31": "6.53", "2019-12-31": "7.65", "2019-09-30": "6.93", "2019-06-30": "7.09", "2019-03-31": "7.25", "2018-12-31": "6.08", "2018-09-30": "6.69", "2018-06-30": "5.73", "2018-03-31": "6.63", "2017-12-31": "6.83", "2017-09-30": "5.85", "2017-06-30": "5.65", "2017-03-31": "6.70", "2016-12-31": "6.22", "2016-09-30": "5.56", "2016-06-30": "5.99", "2016-03-31": "6.73", "2015-12-31": "5.64", "2015-09-30": "5.08", "2015-06-30": "5.88", "2015-03-31": "5.51", "2014-12-31": "6.15", "2014-09-30": "5.82", "2014-06-30": "6.50", "2014-03-31": "6.69", "2013-12-31": "6.51", "2013-09-30": "6.94", "2013-06-30": "6.45", "2013-03-31": "7.49", "2012-12-31": "7.14", "2012-09-30": "6.06", "2012-06-30": "5.88", "2012-03-31": "8.17", "2011-12-31": "6.91", "2011-09-30": "5.44", "2011-06-30": "6.09", "2011-03-31": "5.72", "2010-12-31": "5.28", "2010-09-30": "4.68", "2010-06-30": "4.44", "2010-03-31": "4.48", "2009-12-31": "3.85", "2009-09-30": "3.63", "2009-06-30": "3.07", "2009-03-31": "3.11", "2008-12-31": "3.32", "2008-09-30": "4.75", "2008-06-30": "4.19", "2008-03-31": "4.76", "2007-12-31": "4.29", "2007-09-30": "4.87", "2007-06-30": "4.57", "2007-03-31": "4.02", "2006-12-31": "4.18", "2006-09-30": "4.75", "2006-06-30": "5.06", "2006-03-31": "6.31"}, "price fcf": {"2021-02-11": "", "2020-09-30": "$1.49", "2020-06-30": "$1.39", "2020-03-31": "$1.12", "2019-12-31": "$1.05", "2019-09-30": "$0.89", "2019-06-30": "$0.81", "2019-03-31": "$0.92", "2018-12-31": "$0.88", "2018-09-30": "$0.87", "2018-06-30": "$0.85", "2018-03-31": "$0.72", "2017-12-31": "$0.82", "2017-09-30": "$0.85", "2017-06-30": "$0.71", "2017-03-31": "$0.67", "2016-12-31": "$0.58", "2016-09-30": "$0.59", "2016-06-30": "$0.68", "2016-03-31": "$0.70", "2015-12-31": "$0.69", "2015-09-30": "$0.70", "2015-06-30": "$0.62", "2015-03-31": "$0.58", "2014-12-31": "$0.53", "2014-09-30": "$0.39", "2014-06-30": "$0.37", "2014-03-31": "$0.37", "2013-12-31": "$0.36", "2013-09-30": "$0.39", "2013-06-30": "$0.41", "2013-03-31": "$0.44", "2012-12-31": "$0.44", "2012-09-30": "$0.42", "2012-06-30": "$0.42", "2012-03-31": "$0.34", "2011-12-31": "$0.26", "2011-09-30": "$0.25", "2011-06-30": "$0.22", "2011-03-31": "$0.26", "2010-12-31": "$0.29", "2010-09-30": "$0.28", "2010-06-30": "$0.35", "2010-03-31": "$0.43", "2009-12-31": "$0.44", "2009-09-30": "$0.49", "2009-06-30": "$0.41", "2009-03-31": "$0.33", "2008-12-31": "$0.29", "2008-09-30": "$0.25", "2008-06-30": "$0.26", "2008-03-31": "$0.27", "2007-12-31": "$0.30", "2007-09-30": "$0.22", "2007-06-30": "$0.15", "2007-03-31": "$0.09", "2006-12-31": "$0.04"}, "net worth": {"value": "$27.17B"}, "current ratio": {"current": "4.08", "2020-12-31": "4.08", "2020-09-30": "4.39", "2020-06-30": "4.13", "2020-03-31": "4.25", "2019-12-31": "4.51", "2019-09-30": "4.51", "2019-06-30": "4.68", "2019-03-31": "4.31", "2018-12-31": "5.30", "2018-09-30": "5.35", "2018-06-30": "5.62", "2018-03-31": "5.11", "2017-12-31": "5.52", "2017-09-30": "5.36", "2017-06-30": "5.47", "2017-03-31": "4.90", "2016-12-31": "6.24", "2016-09-30": "5.37", "2016-06-30": "4.36", "2016-03-31": "4.40", "2015-12-31": "4.46", "2015-09-30": "4.54", "2015-06-30": "4.19", "2015-03-31": "3.31", "2014-12-31": "4.22", "2014-09-30": "3.97", "2014-06-30": "4.43", "2014-03-31": "4.89", "2013-12-31": "5.87", "2013-09-30": "5.54", "2013-06-30": "5.95", "2013-03-31": "5.44", "2012-12-31": "6.30", "2012-09-30": "6.59", "2012-06-30": "6.55", "2012-03-31": "5.72", "2011-12-31": "6.58", "2011-09-30": "5.56", "2011-06-30": "5.73", "2011-03-31": "5.41", "2010-12-31": "6.69", "2010-09-30": "6.31", "2010-06-30": "6.55", "2010-03-31": "6.34", "2009-12-31": "8.22", "2009-09-30": "7.19", "2009-06-30": "7.73", "2009-03-31": "6.39", "2008-12-31": "6.59", "2008-09-30": "5.70", "2008-06-30": "6.53", "2008-03-31": "5.50", "2007-12-31": "6.39", "2007-09-30": "6.84", "2007-06-30": "6.62", "2007-03-31": "5.88", "2006-12-31": "7.39", "2006-09-30": "6.72", "2006-06-30": "6.39", "2006-03-31": "5.15", "2005-12-31": "7.09", "2005-09-30": "7.29", "2005-06-30": "7.00", "2005-03-31": "6.06"}, "quick ratio": {"2020-12-31": "1.90", "2020-09-30": "2.16", "2020-06-30": "1.91", "2020-03-31": "1.93", "2019-12-31": "2.00", "2019-09-30": "2.07", "2019-06-30": "2.13", "2019-03-31": "1.98", "2018-12-31": "2.37", "2018-09-30": "2.48", "2018-06-30": "2.57", "2018-03-31": "2.30", "2017-12-31": "2.40", "2017-09-30": "2.45", "2017-06-30": "2.42", "2017-03-31": "2.17", "2016-12-31": "2.64", "2016-09-30": "2.45", "2016-06-30": "1.96", "2016-03-31": "2.00", "2015-12-31": "2.01", "2015-09-30": "2.15", "2015-06-30": "1.98", "2015-03-31": "1.55", "2014-12-31": "1.90", "2014-09-30": "1.92", "2014-06-30": "2.10", "2014-03-31": "2.26", "2013-12-31": "2.60", "2013-09-30": "2.62", "2013-06-30": "2.88", "2013-03-31": "2.67", "2012-12-31": "2.80", "2012-09-30": "3.46", "2012-06-30": "3.40", "2012-03-31": "2.97", "2011-12-31": "3.14", "2011-09-30": "2.74", "2011-06-30": "2.76", "2011-03-31": "2.66", "2010-12-31": "3.26", "2010-09-30": "3.22", "2010-06-30": "3.41", "2010-03-31": "3.22", "2009-12-31": "3.97", "2009-09-30": "3.60", "2009-06-30": "3.67", "2009-03-31": "2.72", "2008-12-31": "2.78", "2008-09-30": "2.58", "2008-06-30": "3.07", "2008-03-31": "2.54", "2007-12-31": "2.73", "2007-09-30": "3.03", "2007-06-30": "2.98", "2007-03-31": "2.69", "2006-12-31": "3.00", "2006-09-30": "2.83", "2006-06-30": "2.91", "2006-03-31": "2.42", "2005-12-31": "3.14", "2005-09-30": "3.16", "2005-06-30": "3.07", "2005-03-31": "2.86"}, "debt equity ratio": {"current": "0.13", "2020-12-31": "0.45", "2020-09-30": "0.42", "2020-06-30": "0.47", "2020-03-31": "0.48", "2019-12-31": "0.43", "2019-09-30": "0.48", "2019-06-30": "0.50", "2019-03-31": "0.52", "2018-12-31": "0.44", "2018-09-30": "0.38", "2018-06-30": "0.39", "2018-03-31": "0.40", "2017-12-31": "0.39", "2017-09-30": "0.43", "2017-06-30": "0.43", "2017-03-31": "0.41", "2016-12-31": "0.38", "2016-09-30": "0.43", "2016-06-30": "0.45", "2016-03-31": "0.45", "2015-12-31": "0.41", "2015-09-30": "0.40", "2015-06-30": "0.41", "2015-03-31": "0.30", "2014-12-31": "0.23", "2014-09-30": "0.25", "2014-06-30": "0.22", "2014-03-31": "0.20", "2013-12-31": "0.17", "2013-09-30": "0.18", "2013-06-30": "0.17", "2013-03-31": "0.19", "2012-12-31": "0.16", "2012-09-30": "0.15", "2012-06-30": "0.16", "2012-03-31": "0.18", "2011-12-31": "0.16", "2011-09-30": "0.17", "2011-06-30": "0.17", "2011-03-31": "0.18", "2010-12-31": "0.15", "2010-09-30": "0.15", "2010-06-30": "0.15", "2010-03-31": "0.15", "2009-12-31": "0.12", "2009-09-30": "0.13", "2009-06-30": "0.12", "2009-03-31": "0.15", "2008-12-31": "0.14", "2008-09-30": "0.17", "2008-06-30": "0.15", "2008-03-31": "0.18", "2007-12-31": "0.15", "2007-09-30": "0.14", "2007-06-30": "0.15", "2007-03-31": "0.16", "2006-12-31": "0.13", "2006-09-30": "0.14", "2006-06-30": "0.15", "2006-03-31": "0.19", "2005-12-31": "0.14", "2005-09-30": "0.13", "2005-06-30": "0.14", "2005-03-31": "0.16"}, "return on equity": {"2020-12-31": "31.11%", "2020-09-30": "30.68%", "2020-06-30": "31.24%", "2020-03-31": "30.77%", "2019-12-31": "31.20%", "2019-09-30": "31.95%", "2019-06-30": "32.18%", "2019-03-31": "33.41%", "2018-12-31": "33.36%", "2018-09-30": "33.36%", "2018-06-30": "31.92%", "2018-03-31": "29.83%", "2017-12-31": "28.55%", "2017-09-30": "27.28%", "2017-06-30": "26.87%", "2017-03-31": "26.42%", "2016-12-31": "26.55%", "2016-09-30": "26.86%", "2016-06-30": "27.83%", "2016-03-31": "28.68%", "2015-12-31": "28.62%", "2015-09-30": "28.51%", "2015-06-30": "27.89%", "2015-03-31": "27.03%", "2014-12-31": "26.40%", "2014-09-30": "25.87%", "2014-06-30": "25.64%", "2014-03-31": "25.67%", "2013-12-31": "26.08%", "2013-09-30": "26.92%", "2013-06-30": "26.66%", "2013-03-31": "26.54%", "2012-12-31": "26.40%", "2012-09-30": "26.06%", "2012-06-30": "26.36%", "2012-03-31": "26.25%", "2011-12-31": "25.97%", "2011-09-30": "25.18%", "2011-06-30": "24.14%", "2011-03-31": "22.63%", "2010-12-31": "21.17%", "2010-09-30": "19.93%", "2010-06-30": "18.07%", "2010-03-31": "16.24%", "2009-12-31": "15.83%", "2009-09-30": "17.54%", "2009-06-30": "19.97%", "2009-03-31": "23.15%", "2008-12-31": "25.38%", "2008-09-30": "25.51%", "2008-06-30": "25.15%", "2008-03-31": "24.33%", "2007-12-31": "23.52%", "2007-09-30": "23.02%", "2007-06-30": "23.00%", "2007-03-31": "22.98%", "2006-12-31": "23.22%", "2006-09-30": "23.34%", "2006-06-30": "23.25%", "2006-03-31": "23.31%", "2005-12-31": "22.65%"}, "return on assets": {"2020-12-31": "21.37%", "2020-09-30": "21.17%", "2020-06-30": "21.36%", "2020-03-31": "20.93%", "2019-12-31": "21.09%", "2019-09-30": "21.51%", "2019-06-30": "22.01%", "2019-03-31": "23.27%", "2018-12-31": "23.79%", "2018-09-30": "24.03%", "2018-06-30": "22.77%", "2018-03-31": "21.14%", "2017-12-31": "20.19%", "2017-09-30": "19.31%", "2017-06-30": "19.03%", "2017-03-31": "18.67%", "2016-12-31": "18.62%", "2016-09-30": "18.75%", "2016-06-30": "19.52%", "2016-03-31": "20.25%", "2015-12-31": "20.78%", "2015-09-30": "21.40%", "2015-06-30": "21.54%", "2015-03-31": "21.61%", "2014-12-31": "21.53%", "2014-09-30": "21.36%", "2014-06-30": "21.48%", "2014-03-31": "21.75%", "2013-12-31": "22.19%", "2013-09-30": "22.93%", "2013-06-30": "22.83%", "2013-03-31": "22.78%", "2012-12-31": "22.70%", "2012-09-30": "22.45%", "2012-06-30": "22.63%", "2012-03-31": "22.46%", "2011-12-31": "22.23%", "2011-09-30": "21.59%", "2011-06-30": "20.78%", "2011-03-31": "19.58%", "2010-12-31": "18.44%", "2010-09-30": "17.48%", "2010-06-30": "15.92%", "2010-03-31": "14.39%", "2009-12-31": "14.05%", "2009-09-30": "15.47%", "2009-06-30": "17.46%", "2009-03-31": "20.13%", "2008-12-31": "21.93%", "2008-09-30": "21.99%", "2008-06-30": "21.80%", "2008-03-31": "21.09%", "2007-12-31": "20.45%", "2007-09-30": "20.12%", "2007-06-30": "20.09%", "2007-03-31": "20.04%", "2006-12-31": "20.15%", "2006-09-30": "20.20%", "2006-06-30": "20.15%", "2006-03-31": "20.28%", "2005-12-31": "19.85%"}, "return on investments": {"2020-12-31": "36.10%", "2020-09-30": "35.56%", "2020-06-30": "35.94%", "2020-03-31": "35.14%", "2019-12-31": "35.47%", "2019-09-30": "35.90%", "2019-06-30": "36.22%", "2019-03-31": "37.16%", "2018-12-31": "37.29%", "2018-09-30": "37.18%", "2018-06-30": "36.78%", "2018-03-31": "36.35%", "2017-12-31": "36.30%", "2017-09-30": "36.16%", "2017-06-30": "35.50%", "2017-03-31": "35.00%", "2016-12-31": "35.06%", "2016-09-30": "35.75%", "2016-06-30": "37.73%", "2016-03-31": "39.53%", "2015-12-31": "53.70%", "2015-09-30": "82.44%", "2015-06-30": "165.24%", "2015-03-31": "inf%", "2014-12-31": "inf%", "2014-09-30": "inf%", "2014-06-30": "inf%", "2014-03-31": "inf%", "2013-12-31": "inf%", "2013-09-30": "inf%", "2013-06-30": "inf%", "2013-03-31": "inf%", "2012-12-31": "inf%", "2012-09-30": "inf%", "2012-06-30": "inf%", "2012-03-31": "inf%", "2011-12-31": "inf%", "2011-09-30": "inf%", "2011-06-30": "inf%", "2011-03-31": "inf%", "2010-12-31": "inf%", "2010-09-30": "inf%", "2010-06-30": "inf%", "2010-03-31": "inf%", "2009-12-31": "inf%", "2009-09-30": "inf%", "2009-06-30": "inf%", "2009-03-31": "inf%", "2008-12-31": "inf%", "2008-09-30": "inf%", "2008-06-30": "inf%", "2008-03-31": "inf%", "2007-12-31": "inf%", "2007-09-30": "inf%", "2007-06-30": "inf%", "2007-03-31": "inf%", "2006-12-31": "inf%", "2006-09-30": "inf%", "2006-06-30": "inf%", "2006-03-31": "inf%", "2005-12-31": "inf%"}, "return on tangible equity": {"2020-09-30": "30.68%", "2020-06-30": "31.24%", "2020-03-31": "30.77%", "2019-12-31": "31.20%", "2019-09-30": "31.95%", "2019-06-30": "32.18%", "2019-03-31": "33.41%", "2018-12-31": "33.36%", "2018-09-30": "33.36%", "2018-06-30": "31.92%", "2018-03-31": "29.83%", "2017-12-31": "28.55%", "2017-09-30": "27.28%", "2017-06-30": "26.87%", "2017-03-31": "26.42%", "2016-12-31": "26.55%", "2016-09-30": "26.86%", "2016-06-30": "27.83%", "2016-03-31": "28.68%", "2015-12-31": "28.62%", "2015-09-30": "28.51%", "2015-06-30": "27.89%", "2015-03-31": "27.03%", "2014-12-31": "26.40%", "2014-09-30": "25.87%", "2014-06-30": "25.64%", "2014-03-31": "25.67%", "2013-12-31": "26.08%", "2013-09-30": "26.92%", "2013-06-30": "26.66%", "2013-03-31": "26.54%", "2012-12-31": "26.40%", "2012-09-30": "26.06%", "2012-06-30": "26.36%", "2012-03-31": "26.25%", "2011-12-31": "25.97%", "2011-09-30": "25.18%", "2011-06-30": "24.14%", "2011-03-31": "22.63%", "2010-12-31": "21.17%", "2010-09-30": "19.93%", "2010-06-30": "18.07%", "2010-03-31": "16.24%", "2009-12-31": "15.83%", "2009-09-30": "17.54%", "2009-06-30": "19.97%", "2009-03-31": "23.15%", "2008-12-31": "25.38%", "2008-09-30": "25.51%", "2008-06-30": "25.15%", "2008-03-31": "24.33%", "2007-12-31": "23.52%", "2007-09-30": "23.02%", "2007-06-30": "23.00%", "2007-03-31": "22.98%", "2006-12-31": "23.22%", "2006-09-30": "23.34%", "2006-06-30": "23.25%", "2006-03-31": "23.31%", "2005-12-31": "22.65%"}, "dividend yield history": {"last payout": "$1.12", "last yield": "2.37%"}}