{"ticker": "FE", "price": {"title": "FirstEnergy Historical Annual Stock Price Data", "value": 31.12, "historical": {"2021": {"Average Stock Price": "31.1350", "Year Open": "29.5100", "Year High": "32.5300", "Year Low": "29.5100", "Year Close": "31.1200", "Annual % Change": "1.67%"}, "2020": {"Average Stock Price": "37.1956", "Year Open": "47.5300", "Year High": "52.2700", "Year Low": "26.5600", "Year Close": "30.6100", "Annual % Change": "-37.02%"}, "2019": {"Average Stock Price": "43.7527", "Year Open": "36.7200", "Year High": "48.8300", "Year Low": "36.7100", "Year Close": "48.6000", "Annual % Change": "29.43%"}, "2018": {"Average Stock Price": "35.2192", "Year Open": "30.8200", "Year High": "39.6100", "Year Low": "29.4000", "Year Close": "37.5500", "Annual % Change": "22.63%"}, "2017": {"Average Stock Price": "31.1335", "Year Open": "30.9500", "Year High": "35.0500", "Year Low": "28.1600", "Year Close": "30.6200", "Annual % Change": "-1.13%"}, "2016": {"Average Stock Price": "33.3748", "Year Open": "31.5000", "Year High": "36.6000", "Year Low": "30.0600", "Year Close": "30.9700", "Annual % Change": "-2.40%"}, "2015": {"Average Stock Price": "34.0882", "Year Open": "39.2000", "Year High": "41.3700", "Year Low": "29.1200", "Year Close": "31.7300", "Annual % Change": "-18.62%"}, "2014": {"Average Stock Price": "33.7775", "Year Open": "32.3800", "Year High": "40.7700", "Year Low": "30.2200", "Year Close": "38.9900", "Annual % Change": "18.22%"}, "2013": {"Average Stock Price": "38.8221", "Year Open": "41.9800", "Year High": "46.6000", "Year Low": "31.6000", "Year Close": "32.9800", "Annual % Change": "-21.02%"}, "2012": {"Average Stock Price": "45.0154", "Year Open": "42.8100", "Year High": "50.8700", "Year Low": "40.7200", "Year Close": "41.7600", "Annual % Change": "-5.73%"}, "2011": {"Average Stock Price": "42.0413", "Year Open": "37.6600", "Year High": "46.0200", "Year Low": "36.2500", "Year Close": "44.3000", "Annual % Change": "19.67%"}, "2010": {"Average Stock Price": "38.0736", "Year Open": "46.7700", "Year High": "47.0300", "Year Low": "34.0300", "Year Close": "37.0200", "Annual % Change": "-20.30%"}, "2009": {"Average Stock Price": "43.2948", "Year Open": "49.6600", "Year High": "52.9600", "Year Low": "35.7900", "Year Close": "46.4500", "Annual % Change": "-4.38%"}, "2008": {"Average Stock Price": "68.3909", "Year Open": "71.8900", "Year High": "83.2100", "Year Low": "45.4500", "Year Close": "48.5800", "Annual % Change": "-32.84%"}, "2007": {"Average Stock Price": "65.6800", "Year Open": "60.4600", "Year High": "74.7600", "Year Low": "57.9000", "Year Close": "72.3400", "Annual % Change": "19.97%"}, "2006": {"Average Stock Price": "54.2337", "Year Open": "50.0300", "Year High": "61.3100", "Year Low": "48.2000", "Year Close": "60.3000", "Annual % Change": "23.09%"}, "2005": {"Average Stock Price": "45.7055", "Year Open": "39.3500", "Year High": "52.7300", "Year Low": "38.2600", "Year Close": "48.9900", "Annual % Change": "23.99%"}, "2004": {"Average Stock Price": "39.1413", "Year Open": "35.3400", "Year High": "43.1500", "Year Low": "35.3400", "Year Close": "39.5100", "Annual % Change": "12.24%"}, "2003": {"Average Stock Price": "33.0584", "Year Open": "33.0000", "Year High": "38.5000", "Year Low": "27.6500", "Year Close": "35.2000", "Annual % Change": "6.76%"}, "2002": {"Average Stock Price": "32.8761", "Year Open": "35.1200", "Year High": "38.6500", "Year Low": "25.0500", "Year Close": "32.9700", "Annual % Change": "-5.75%"}, "2001": {"Average Stock Price": "31.0459", "Year Open": "30.6300", "Year High": "36.8800", "Year Low": "25.8100", "Year Close": "34.9800", "Annual % Change": "10.84%"}, "2000": {"Average Stock Price": "24.6250", "Year Open": "22.0600", "Year High": "31.8800", "Year Low": "18.1900", "Year Close": "31.5600", "Annual % Change": "39.09%"}, "1999": {"Average Stock Price": "28.3740", "Year Open": "32.5600", "Year High": "33.0000", "Year Low": "22.5600", "Year Close": "22.6900", "Annual % Change": "-30.31%"}, "1998": {"Average Stock Price": "30.0361", "Year Open": "28.8800", "Year High": "33.8800", "Year Low": "27.5000", "Year Close": "32.5600", "Annual % Change": "12.28%"}}}, "market cap": {"value": "$17.65B"}, "income statement": {"Revenue": {"2019-12-31": "11035.00000", "2018-12-31": "11261.00000", "2017-12-31": "10928.00000", "2016-12-31": "10700.00000", "2015-12-31": "15026.00000", "2014-12-31": "15049.00000", "2013-12-31": "14892.00000", "2012-12-31": "15255.00000", "2011-12-31": "16105.00000", "2010-12-31": "13339.00000", "2009-12-31": "12973.00000", "2008-12-31": "13627.00000", "2007-12-31": "12802.00000", "2006-12-31": "11501.00000", "2005-12-31": "11358.00000"}, "Cost Of Goods Sold": {"2019-12-31": "3424.00000", "2018-12-31": "3647.00000", "2017-12-31": "3423.00000", "2016-12-31": "3881.00000", "2015-12-31": "6278.00000", "2014-12-31": "6996.00000", "2013-12-31": "6459.00000", "2012-12-31": "6717.00000", "2011-12-31": "7191.00000", "2010-12-31": "6056.00000", "2009-12-31": "5883.00000", "2008-12-31": "5631.00000", "2007-12-31": "5014.00000", "2006-12-31": "4253.00000", "2005-12-31": "4011.00000"}, "Gross Profit": {"2019-12-31": "7611.00000", "2018-12-31": "7614.00000", "2017-12-31": "7505.00000", "2016-12-31": "6819.00000", "2015-12-31": "8748.00000", "2014-12-31": "8053.00000", "2013-12-31": "8433.00000", "2012-12-31": "8538.00000", "2011-12-31": "8914.00000", "2010-12-31": "7283.00000", "2009-12-31": "7090.00000", "2008-12-31": "7996.00000", "2007-12-31": "7788.00000", "2006-12-31": "7248.00000", "2005-12-31": "7347.00000"}, "Research And Development Expenses": {"2019-12-31": "", "2018-12-31": "", "2017-12-31": "", "2016-12-31": "", "2015-12-31": "", "2014-12-31": "", "2013-12-31": "", "2012-12-31": "", "2011-12-31": "", "2010-12-31": "", "2009-12-31": "", "2008-12-31": "", "2007-12-31": "", "2006-12-31": "", "2005-12-31": ""}, "SG&A Expenses": {"2019-12-31": "1008.00000", "2018-12-31": "993.00000", "2017-12-31": "940.00000", "2016-12-31": "913.00000", "2015-12-31": "978.00000", "2014-12-31": "962.00000", "2013-12-31": "978.00000", "2012-12-31": "984.00000", "2011-12-31": "977.00000", "2010-12-31": "776.00000", "2009-12-31": "753.00000", "2008-12-31": "778.00000", "2007-12-31": "754.00000", "2006-12-31": "720.00000", "2005-12-31": "713.00000"}, "Other Operating Income Or Expenses": {"2019-12-31": "-2952.00000", "2018-12-31": "-3133.00000", "2017-12-31": "-2802.00000", "2016-12-31": "-2622.00000", "2015-12-31": "-4024.00000", "2014-12-31": "-4797.00000", "2013-12-31": "-4132.00000", "2012-12-31": "-4369.00000", "2011-12-31": "-4724.00000", "2010-12-31": "-3278.00000", "2009-12-31": "-2878.00000", "2008-12-31": "-2729.00000", "2007-12-31": "-2559.00000", "2006-12-31": "-2465.00000", "2005-12-31": "-2698.00000"}, "Operating Expenses": {"2019-12-31": "8525.00000", "2018-12-31": "8759.00000", "2017-12-31": "8500.00000", "2016-12-31": "8646.00000", "2015-12-31": "12734.00000", "2014-12-31": "13987.00000", "2013-12-31": "13310.00000", "2012-12-31": "13121.00000", "2011-12-31": "14428.00000", "2010-12-31": "11596.00000", "2009-12-31": "11290.00000", "2008-12-31": "10868.00000", "2007-12-31": "9984.00000", "2006-12-31": "8895.00000", "2005-12-31": "9291.00000"}, "Operating Income": {"2019-12-31": "2510.00000", "2018-12-31": "2502.00000", "2017-12-31": "2428.00000", "2016-12-31": "2054.00000", "2015-12-31": "2292.00000", "2014-12-31": "1062.00000", "2013-12-31": "1582.00000", "2012-12-31": "2134.00000", "2011-12-31": "1677.00000", "2010-12-31": "1743.00000", "2009-12-31": "1683.00000", "2008-12-31": "2759.00000", "2007-12-31": "2818.00000", "2006-12-31": "2606.00000", "2005-12-31": "2067.00000"}, "Total Non-Operating Income/Expense": {"2019-12-31": "-1393.00000", "2018-12-31": "-990.00000", "2017-12-31": "-1002.00000", "2016-12-31": "-976.00000", "2015-12-31": "-1399.00000", "2014-12-31": "-891.00000", "2013-12-31": "-1012.00000", "2012-12-31": "-834.00000", "2011-12-31": "-255.00000", "2010-12-31": "-563.00000", "2009-12-31": "-643.00000", "2008-12-31": "-643.00000", "2007-12-31": "-623.00000", "2006-12-31": "-553.00000", "2005-12-31": "-439.00000"}, "Pre-Tax Income": {"2019-12-31": "1117.00000", "2018-12-31": "1512.00000", "2017-12-31": "1426.00000", "2016-12-31": "1078.00000", "2015-12-31": "893.00000", "2014-12-31": "171.00000", "2013-12-31": "570.00000", "2012-12-31": "1300.00000", "2011-12-31": "1422.00000", "2010-12-31": "1180.00000", "2009-12-31": "1040.00000", "2008-12-31": "2116.00000", "2007-12-31": "2195.00000", "2006-12-31": "2053.00000", "2005-12-31": "1628.00000"}, "Income Taxes": {"2019-12-31": "213.00000", "2018-12-31": "490.00000", "2017-12-31": "1715.00000", "2016-12-31": "527.00000", "2015-12-31": "315.00000", "2014-12-31": "-42.00000", "2013-12-31": "195.00000", "2012-12-31": "545.00000", "2011-12-31": "566.00000", "2010-12-31": "462.00000", "2009-12-31": "184.00000", "2008-12-31": "777.00000", "2007-12-31": "883.00000", "2006-12-31": "795.00000", "2005-12-31": "749.00000"}, "Income After Taxes": {"2019-12-31": "904.00000", "2018-12-31": "1022.00000", "2017-12-31": "-289.00000", "2016-12-31": "551.00000", "2015-12-31": "578.00000", "2014-12-31": "213.00000", "2013-12-31": "375.00000", "2012-12-31": "755.00000", "2011-12-31": "856.00000", "2010-12-31": "718.00000", "2009-12-31": "856.00000", "2008-12-31": "1339.00000", "2007-12-31": "1312.00000", "2006-12-31": "1258.00000", "2005-12-31": "879.00000"}, "Other Income": {"2019-12-31": "", "2018-12-31": "", "2017-12-31": "", "2016-12-31": "", "2015-12-31": "", "2014-12-31": "", "2013-12-31": "", "2012-12-31": "", "2011-12-31": "", "2010-12-31": "", "2009-12-31": "", "2008-12-31": "", "2007-12-31": "", "2006-12-31": "", "2005-12-31": ""}, "Income From Continuous Operations": {"2019-12-31": "904.00000", "2018-12-31": "1022.00000", "2017-12-31": "-289.00000", "2016-12-31": "551.00000", "2015-12-31": "578.00000", "2014-12-31": "213.00000", "2013-12-31": "375.00000", "2012-12-31": "755.00000", "2011-12-31": "856.00000", "2010-12-31": "718.00000", "2009-12-31": "856.00000", "2008-12-31": "1339.00000", "2007-12-31": "1312.00000", "2006-12-31": "1258.00000", "2005-12-31": "879.00000"}, "Income From Discontinued Operations": {"2019-12-31": "8.00000", "2018-12-31": "326.00000", "2017-12-31": "-1435.00000", "2016-12-31": "-6728.00000", "2015-12-31": "", "2014-12-31": "86.00000", "2013-12-31": "17.00000", "2012-12-31": "16.00000", "2011-12-31": "13.00000", "2010-12-31": "", "2009-12-31": "", "2008-12-31": "", "2007-12-31": "", "2006-12-31": "-4.00000", "2005-12-31": "12.00000"}, "Net Income": {"2019-12-31": "908.00000", "2018-12-31": "981.00000", "2017-12-31": "-1724.00000", "2016-12-31": "-6177.00000", "2015-12-31": "578.00000", "2014-12-31": "299.00000", "2013-12-31": "392.00000", "2012-12-31": "770.00000", "2011-12-31": "885.00000", "2010-12-31": "742.00000", "2009-12-31": "872.00000", "2008-12-31": "1342.00000", "2007-12-31": "1309.00000", "2006-12-31": "1245.00000", "2005-12-31": "861.00000"}, "EBITDA": {"2019-12-31": "3727.00000", "2018-12-31": "3886.00000", "2017-12-31": "4128.00000", "2016-12-31": "4028.00000", "2015-12-31": "4166.00000", "2014-12-31": "2702.00000", "2013-12-31": "3652.00000", "2012-12-31": "3461.00000", "2011-12-31": "3414.00000", "2010-12-31": "3397.00000", "2009-12-31": "3587.00000", "2008-12-31": "4601.00000", "2007-12-31": "4576.00000", "2006-12-31": "4153.00000", "2005-12-31": "4026.00000"}, "EBIT": {"2019-12-31": "2510.00000", "2018-12-31": "2502.00000", "2017-12-31": "2428.00000", "2016-12-31": "2054.00000", "2015-12-31": "2292.00000", "2014-12-31": "1062.00000", "2013-12-31": "1582.00000", "2012-12-31": "2134.00000", "2011-12-31": "1677.00000", "2010-12-31": "1743.00000", "2009-12-31": "1683.00000", "2008-12-31": "2759.00000", "2007-12-31": "2818.00000", "2006-12-31": "2606.00000", "2005-12-31": "2067.00000"}, "Basic Shares Outstanding": {"2019-12-31": "535.00000", "2018-12-31": "492.00000", "2017-12-31": "444.00000", "2016-12-31": "426.00000", "2015-12-31": "422.00000", "2014-12-31": "420.00000", "2013-12-31": "418.00000", "2012-12-31": "418.00000", "2011-12-31": "399.00000", "2010-12-31": "304.00000", "2009-12-31": "304.00000", "2008-12-31": "304.00000", "2007-12-31": "306.00000", "2006-12-31": "324.00000", "2005-12-31": "328.00000"}, "Shares Outstanding": {"2019-12-31": "542.00000", "2018-12-31": "494.00000", "2017-12-31": "444.00000", "2016-12-31": "426.00000", "2015-12-31": "424.00000", "2014-12-31": "421.00000", "2013-12-31": "419.00000", "2012-12-31": "419.00000", "2011-12-31": "401.00000", "2010-12-31": "305.00000", "2009-12-31": "306.00000", "2008-12-31": "307.00000", "2007-12-31": "310.00000", "2006-12-31": "327.00000", "2005-12-31": "330.00000"}, "Basic EPS": {"2019-12-31": "1.70000", "2018-12-31": "1.99000", "2017-12-31": "-3.88000", "2016-12-31": "-14.49000", "2015-12-31": "1.37000", "2014-12-31": "0.71000", "2013-12-31": "0.94000", "2012-12-31": "1.85000", "2011-12-31": "2.22000", "2010-12-31": "2.44000", "2009-12-31": "2.87000", "2008-12-31": "4.41000", "2007-12-31": "4.27000", "2006-12-31": "3.84000", "2005-12-31": "2.62000"}, "EPS - Earnings Per Share": {"2019-12-31": "1.68000", "2018-12-31": "1.99000", "2017-12-31": "-3.88000", "2016-12-31": "-14.49000", "2015-12-31": "1.37000", "2014-12-31": "0.71000", "2013-12-31": "0.94000", "2012-12-31": "1.84000", "2011-12-31": "2.21000", "2010-12-31": "2.42000", "2009-12-31": "2.85000", "2008-12-31": "4.38000", "2007-12-31": "4.22000", "2006-12-31": "3.81000", "2005-12-31": "2.61000"}}, "income statement, quarterly": {"Revenue": {"2020-09-30": "3022.00000", "2020-06-30": "2522.00000", "2020-03-31": "2709.00000", "2019-12-31": "2673.00000", "2019-09-30": "2963.00000", "2019-06-30": "2516.00000", "2019-03-31": "2883.00000", "2018-12-31": "2710.00000", "2018-09-30": "3064.00000", "2018-06-30": "2625.00000", "2018-03-31": "2862.00000", "2017-12-31": "2539.00000", "2017-09-30": "2910.00000", "2017-06-30": "2624.00000", "2017-03-31": "2855.00000", "2016-12-31": "-487.00000", "2016-09-30": "3917.00000", "2016-06-30": "3401.00000", "2016-03-31": "3869.00000", "2015-12-31": "3541.00000", "2015-09-30": "4123.00000", "2015-06-30": "3465.00000", "2015-03-31": "3897.00000", "2014-12-31": "3483.00000", "2014-09-30": "3888.00000", "2014-06-30": "3496.00000", "2014-03-31": "4182.00000", "2013-12-31": "3630.00000", "2013-09-30": "4032.00000", "2013-06-30": "3507.00000", "2013-03-31": "3723.00000", "2012-12-31": "3458.00000", "2012-09-30": "4052.00000", "2012-06-30": "3755.00000", "2012-03-31": "3990.00000", "2011-12-31": "3750.00000", "2011-09-30": "4719.00000", "2011-06-30": "4060.00000", "2011-03-31": "3576.00000", "2010-12-31": "3173.00000", "2010-09-30": "3728.00000", "2010-06-30": "3139.00000", "2010-03-31": "3299.00000", "2009-12-31": "2960.00000", "2009-09-30": "3408.00000", "2009-06-30": "3271.00000", "2009-03-31": "3334.00000", "2008-12-31": "3201.00000", "2008-09-30": "3904.00000", "2008-06-30": "3245.00000", "2008-03-31": "3277.00000", "2007-12-31": "3079.00000", "2007-09-30": "3641.00000", "2007-06-30": "3109.00000", "2007-03-31": "2973.00000", "2006-12-31": "2681.00000", "2006-09-30": "3364.00000", "2006-06-30": "2751.00000", "2006-03-31": "2705.00000", "2005-12-31": "2261.00000", "2005-09-30": "3504.00000", "2005-06-30": "2843.00000", "2005-03-31": "2750.00000"}, "Cost Of Goods Sold": {"2020-09-30": "867.00000", "2020-06-30": "690.00000", "2020-03-31": "792.00000", "2019-12-31": "852.00000", "2019-09-30": "920.00000", "2019-06-30": "740.00000", "2019-03-31": "912.00000", "2018-12-31": "850.00000", "2018-09-30": "1013.00000", "2018-06-30": "825.00000", "2018-03-31": "959.00000", "2017-12-31": "715.00000", "2017-09-30": "900.00000", "2017-06-30": "813.00000", "2017-03-31": "995.00000", "2016-12-31": "-380.00000", "2016-09-30": "1429.00000", "2016-06-30": "1327.00000", "2016-03-31": "1505.00000", "2015-12-31": "1589.00000", "2015-09-30": "1691.00000", "2015-06-30": "1372.00000", "2015-03-31": "1626.00000", "2014-12-31": "1559.00000", "2014-09-30": "1732.00000", "2014-06-30": "1633.00000", "2014-03-31": "2072.00000", "2013-12-31": "1612.00000", "2013-09-30": "1777.00000", "2013-06-30": "1494.00000", "2013-03-31": "1576.00000", "2012-12-31": "1520.00000", "2012-09-30": "1699.00000", "2012-06-30": "1698.00000", "2012-03-31": "1800.00000", "2011-12-31": "1716.00000", "2011-09-30": "1981.00000", "2011-06-30": "1855.00000", "2011-03-31": "1639.00000", "2010-12-31": "1352.00000", "2010-09-30": "1719.00000", "2010-06-30": "1413.00000", "2010-03-31": "1572.00000", "2009-12-31": "1513.00000", "2009-09-30": "1615.00000", "2009-06-30": "1300.00000", "2009-03-31": "1455.00000", "2008-12-31": "1255.00000", "2008-09-30": "1662.00000", "2008-06-30": "1386.00000", "2008-03-31": "1328.00000", "2007-12-31": "1213.00000", "2007-09-30": "1495.00000", "2007-06-30": "1185.00000", "2007-03-31": "1121.00000", "2006-12-31": "947.00000", "2006-09-30": "1317.00000", "2006-06-30": "991.00000", "2006-03-31": "998.00000", "2005-12-31": "896.00000", "2005-09-30": "1287.00000", "2005-06-30": "933.00000", "2005-03-31": "895.00000"}, "Gross Profit": {"2020-09-30": "2155.00000", "2020-06-30": "1832.00000", "2020-03-31": "1917.00000", "2019-12-31": "1821.00000", "2019-09-30": "2043.00000", "2019-06-30": "1776.00000", "2019-03-31": "1971.00000", "2018-12-31": "1860.00000", "2018-09-30": "2051.00000", "2018-06-30": "1800.00000", "2018-03-31": "1903.00000", "2017-12-31": "1824.00000", "2017-09-30": "2010.00000", "2017-06-30": "1811.00000", "2017-03-31": "1860.00000", "2016-12-31": "-107.00000", "2016-09-30": "2488.00000", "2016-06-30": "2074.00000", "2016-03-31": "2364.00000", "2015-12-31": "1952.00000", "2015-09-30": "2432.00000", "2015-06-30": "2093.00000", "2015-03-31": "2271.00000", "2014-12-31": "1924.00000", "2014-09-30": "2156.00000", "2014-06-30": "1863.00000", "2014-03-31": "2110.00000", "2013-12-31": "2018.00000", "2013-09-30": "2255.00000", "2013-06-30": "2013.00000", "2013-03-31": "2147.00000", "2012-12-31": "1938.00000", "2012-09-30": "2353.00000", "2012-06-30": "2057.00000", "2012-03-31": "2190.00000", "2011-12-31": "2034.00000", "2011-09-30": "2738.00000", "2011-06-30": "2205.00000", "2011-03-31": "1937.00000", "2010-12-31": "1821.00000", "2010-09-30": "2009.00000", "2010-06-30": "1726.00000", "2010-03-31": "1727.00000", "2009-12-31": "1447.00000", "2009-09-30": "1793.00000", "2009-06-30": "1971.00000", "2009-03-31": "1879.00000", "2008-12-31": "1946.00000", "2008-09-30": "2242.00000", "2008-06-30": "1859.00000", "2008-03-31": "1949.00000", "2007-12-31": "1866.00000", "2007-09-30": "2146.00000", "2007-06-30": "1924.00000", "2007-03-31": "1852.00000", "2006-12-31": "1734.00000", "2006-09-30": "2047.00000", "2006-06-30": "1760.00000", "2006-03-31": "1707.00000", "2005-12-31": "1365.00000", "2005-09-30": "2217.00000", "2005-06-30": "1910.00000", "2005-03-31": "1855.00000"}, "Research And Development Expenses": {"2020-09-30": "", "2020-06-30": "", "2020-03-31": "", "2019-12-31": "", "2019-09-30": "", "2019-06-30": "", "2019-03-31": "", "2018-12-31": "", "2018-09-30": "", "2018-06-30": "", "2018-03-31": "", "2017-12-31": "", "2017-09-30": "", "2017-06-30": "", "2017-03-31": "", "2016-12-31": "", "2016-09-30": "", "2016-06-30": "", "2016-03-31": "", "2015-12-31": "", "2015-09-30": "", "2015-06-30": "", "2015-03-31": "", "2014-12-31": "", "2014-09-30": "", "2014-06-30": "", "2014-03-31": "", "2013-12-31": "", "2013-09-30": "", "2013-06-30": "", "2013-03-31": "", "2012-12-31": "", "2012-09-30": "", "2012-06-30": "", "2012-03-31": "", "2011-12-31": "", "2011-09-30": "", "2011-06-30": "", "2011-03-31": "", "2010-12-31": "", "2010-09-30": "", "2010-06-30": "", "2010-03-31": "", "2009-12-31": "", "2009-09-30": "", "2009-06-30": "", "2009-03-31": "", "2008-12-31": "", "2008-09-30": "", "2008-06-30": "", "2008-03-31": "", "2007-12-31": "", "2007-09-30": "", "2007-06-30": "", "2007-03-31": "", "2006-12-31": "", "2006-09-30": "", "2006-06-30": "", "2006-03-31": "", "2005-12-31": "", "2005-09-30": "", "2005-06-30": "", "2005-03-31": ""}, "SG&A Expenses": {"2020-09-30": "272.00000", "2020-06-30": "253.00000", "2020-03-31": "267.00000", "2019-12-31": "251.00000", "2019-09-30": "257.00000", "2019-06-30": "239.00000", "2019-03-31": "261.00000", "2018-12-31": "247.00000", "2018-09-30": "252.00000", "2018-06-30": "240.00000", "2018-03-31": "254.00000", "2017-12-31": "230.00000", "2017-09-30": "238.00000", "2017-06-30": "230.00000", "2017-03-31": "242.00000", "2016-12-31": "127.00000", "2016-09-30": "265.00000", "2016-06-30": "241.00000", "2016-03-31": "280.00000", "2015-12-31": "231.00000", "2015-09-30": "236.00000", "2015-06-30": "242.00000", "2015-03-31": "269.00000", "2014-12-31": "224.00000", "2014-09-30": "239.00000", "2014-06-30": "228.00000", "2014-03-31": "271.00000", "2013-12-31": "231.00000", "2013-09-30": "242.00000", "2013-06-30": "240.00000", "2013-03-31": "265.00000", "2012-12-31": "223.00000", "2012-09-30": "257.00000", "2012-06-30": "232.00000", "2012-03-31": "272.00000", "2011-12-31": "229.00000", "2011-09-30": "269.00000", "2011-06-30": "242.00000", "2011-03-31": "237.00000", "2010-12-31": "189.00000", "2010-09-30": "206.00000", "2010-06-30": "176.00000", "2010-03-31": "205.00000", "2009-12-31": "166.00000", "2009-09-30": "192.00000", "2009-06-30": "184.00000", "2009-03-31": "211.00000", "2008-12-31": "182.00000", "2008-09-30": "201.00000", "2008-06-30": "180.00000", "2008-03-31": "215.00000", "2007-12-31": "165.00000", "2007-09-30": "197.00000", "2007-06-30": "189.00000", "2007-03-31": "203.00000", "2006-12-31": "167.00000", "2006-09-30": "187.00000", "2006-06-30": "173.00000", "2006-03-31": "193.00000", "2005-12-31": "172.00000", "2005-09-30": "188.00000", "2005-06-30": "168.00000", "2005-03-31": "185.00000"}, "Other Operating Income Or Expenses": {"2020-09-30": "-937.00000", "2020-06-30": "-730.00000", "2020-03-31": "-749.00000", "2019-12-31": "-809.00000", "2019-09-30": "-758.00000", "2019-06-30": "-606.00000", "2019-03-31": "-779.00000", "2018-12-31": "-770.00000", "2018-09-30": "-739.00000", "2018-06-30": "-684.00000", "2018-03-31": "-940.00000", "2017-12-31": "-805.00000", "2017-09-30": "-665.00000", "2017-06-30": "-675.00000", "2017-03-31": "-657.00000", "2016-12-31": "1660.00000", "2016-09-30": "-953.00000", "2016-06-30": "-2411.00000", "2016-03-31": "-918.00000", "2015-12-31": "-1201.00000", "2015-09-30": "-850.00000", "2015-06-30": "-916.00000", "2015-03-31": "-1057.00000", "2014-12-31": "-1736.00000", "2014-09-30": "-858.00000", "2014-06-30": "-1021.00000", "2014-03-31": "-1182.00000", "2013-12-31": "-1014.00000", "2013-09-30": "-877.00000", "2013-06-30": "-1359.00000", "2013-03-31": "-882.00000", "2012-12-31": "-1769.00000", "2012-09-30": "-861.00000", "2012-06-30": "-921.00000", "2012-03-31": "-818.00000", "2011-12-31": "-1673.00000", "2011-09-30": "-993.00000", "2011-06-30": "-1065.00000", "2011-03-31": "-993.00000", "2010-12-31": "-874.00000", "2010-09-30": "-1030.00000", "2010-06-30": "-673.00000", "2010-03-31": "-701.00000", "2009-12-31": "-912.00000", "2009-09-30": "-665.00000", "2009-06-30": "-567.00000", "2009-03-31": "-734.00000", "2008-12-31": "-616.00000", "2008-09-30": "-736.00000", "2008-06-30": "-683.00000", "2008-03-31": "-694.00000", "2007-12-31": "-703.00000", "2007-09-30": "-649.00000", "2007-06-30": "-602.00000", "2007-03-31": "-605.00000", "2006-12-31": "-614.00000", "2006-09-30": "-605.00000", "2006-06-30": "-572.00000", "2006-03-31": "-674.00000", "2005-12-31": "-253.00000", "2005-09-30": "-868.00000", "2005-06-30": "-753.00000", "2005-03-31": "-824.00000"}, "Operating Expenses": {"2020-09-30": "2301.00000", "2020-06-30": "2007.00000", "2020-03-31": "2177.00000", "2019-12-31": "2058.00000", "2019-09-30": "2282.00000", "2019-06-30": "1931.00000", "2019-03-31": "2254.00000", "2018-12-31": "2198.00000", "2018-09-30": "2354.00000", "2018-06-30": "1925.00000", "2018-03-31": "2282.00000", "2017-12-31": "2046.00000", "2017-09-30": "2177.00000", "2017-06-30": "2050.00000", "2017-03-31": "2227.00000", "2016-12-31": "-1879.00000", "2016-09-30": "3056.00000", "2016-06-30": "4376.00000", "2016-03-31": "3093.00000", "2015-12-31": "3305.00000", "2015-09-30": "3215.00000", "2015-06-30": "2911.00000", "2015-03-31": "3303.00000", "2014-12-31": "3820.00000", "2014-09-30": "3172.00000", "2014-06-30": "3204.00000", "2014-03-31": "3791.00000", "2013-12-31": "3246.00000", "2013-09-30": "3524.00000", "2013-06-30": "3465.00000", "2013-03-31": "3075.00000", "2012-12-31": "3529.00000", "2012-09-30": "3150.00000", "2012-06-30": "3198.00000", "2012-03-31": "3244.00000", "2011-12-31": "4001.00000", "2011-09-30": "3662.00000", "2011-06-30": "3539.00000", "2011-03-31": "3226.00000", "2010-12-31": "2787.00000", "2010-09-30": "3313.00000", "2010-06-30": "2613.00000", "2010-03-31": "2883.00000", "2009-12-31": "2912.00000", "2009-09-30": "2921.00000", "2009-06-30": "2469.00000", "2009-03-31": "2988.00000", "2008-12-31": "2488.00000", "2008-09-30": "3058.00000", "2008-06-30": "2663.00000", "2008-03-31": "2659.00000", "2007-12-31": "2476.00000", "2007-09-30": "2791.00000", "2007-06-30": "2381.00000", "2007-03-31": "2336.00000", "2006-12-31": "2075.00000", "2006-09-30": "2505.00000", "2006-06-30": "2081.00000", "2006-03-31": "2234.00000", "2005-12-31": "1763.00000", "2005-09-30": "2861.00000", "2005-06-30": "2309.00000", "2005-03-31": "2358.00000"}, "Operating Income": {"2020-09-30": "721.00000", "2020-06-30": "515.00000", "2020-03-31": "532.00000", "2019-12-31": "615.00000", "2019-09-30": "681.00000", "2019-06-30": "585.00000", "2019-03-31": "629.00000", "2018-12-31": "512.00000", "2018-09-30": "710.00000", "2018-06-30": "700.00000", "2018-03-31": "580.00000", "2017-12-31": "493.00000", "2017-09-30": "733.00000", "2017-06-30": "574.00000", "2017-03-31": "628.00000", "2016-12-31": "1392.00000", "2016-09-30": "861.00000", "2016-06-30": "-975.00000", "2016-03-31": "776.00000", "2015-12-31": "236.00000", "2015-09-30": "908.00000", "2015-06-30": "554.00000", "2015-03-31": "594.00000", "2014-12-31": "-337.00000", "2014-09-30": "716.00000", "2014-06-30": "292.00000", "2014-03-31": "391.00000", "2013-12-31": "384.00000", "2013-09-30": "508.00000", "2013-06-30": "42.00000", "2013-03-31": "648.00000", "2012-12-31": "-71.00000", "2012-09-30": "902.00000", "2012-06-30": "557.00000", "2012-03-31": "746.00000", "2011-12-31": "-251.00000", "2011-09-30": "1057.00000", "2011-06-30": "521.00000", "2011-03-31": "350.00000", "2010-12-31": "386.00000", "2010-09-30": "415.00000", "2010-06-30": "526.00000", "2010-03-31": "416.00000", "2009-12-31": "48.00000", "2009-09-30": "487.00000", "2009-06-30": "802.00000", "2009-03-31": "346.00000", "2008-12-31": "713.00000", "2008-09-30": "846.00000", "2008-06-30": "582.00000", "2008-03-31": "618.00000", "2007-12-31": "603.00000", "2007-09-30": "850.00000", "2007-06-30": "728.00000", "2007-03-31": "637.00000", "2006-12-31": "606.00000", "2006-09-30": "859.00000", "2006-06-30": "670.00000", "2006-03-31": "471.00000", "2005-12-31": "498.00000", "2005-09-30": "643.00000", "2005-06-30": "534.00000", "2005-03-31": "392.00000"}, "Total Non-Operating Income/Expense": {"2020-09-30": "-145.00000", "2020-06-30": "-142.00000", "2020-03-31": "-568.00000", "2019-12-31": "-864.00000", "2019-09-30": "-185.00000", "2019-06-30": "-163.00000", "2019-03-31": "-181.00000", "2018-12-31": "-343.00000", "2018-09-30": "-190.00000", "2018-06-30": "-291.00000", "2018-03-31": "-166.00000", "2017-12-31": "-330.00000", "2017-09-30": "-230.00000", "2017-06-30": "-223.00000", "2017-03-31": "-219.00000", "2016-12-31": "-267.00000", "2016-09-30": "-230.00000", "2016-06-30": "-244.00000", "2016-03-31": "-235.00000", "2015-12-31": "-632.00000", "2015-09-30": "-287.00000", "2015-06-30": "-252.00000", "2015-03-31": "-228.00000", "2014-12-31": "-237.00000", "2014-09-30": "-231.00000", "2014-06-30": "-202.00000", "2014-03-31": "-221.00000", "2013-12-31": "-176.00000", "2013-09-30": "-222.00000", "2013-06-30": "-272.00000", "2013-03-31": "-342.00000", "2012-12-31": "-201.00000", "2012-09-30": "-173.00000", "2012-06-30": "-242.00000", "2012-03-31": "-218.00000", "2011-12-31": "353.00000", "2011-09-30": "-202.00000", "2011-06-30": "-214.00000", "2011-03-31": "-192.00000", "2010-12-31": "-150.00000", "2010-09-30": "-121.00000", "2010-06-30": "-136.00000", "2010-03-31": "-156.00000", "2009-12-31": "-191.00000", "2009-09-30": "-129.00000", "2009-06-30": "-146.00000", "2009-03-31": "-177.00000", "2008-12-31": "-193.00000", "2008-09-30": "-137.00000", "2008-06-30": "-159.00000", "2008-03-31": "-154.00000", "2007-12-31": "-144.00000", "2007-09-30": "-164.00000", "2007-06-30": "-168.00000", "2007-03-31": "-147.00000", "2006-12-31": "-160.00000", "2006-09-30": "-134.00000", "2006-06-30": "-142.00000", "2006-03-31": "-117.00000", "2005-12-31": "-121.00000", "2005-09-30": "-74.00000", "2005-06-30": "-114.00000", "2005-03-31": "-130.00000"}, "Pre-Tax Income": {"2020-09-30": "576.00000", "2020-06-30": "373.00000", "2020-03-31": "-36.00000", "2019-12-31": "-249.00000", "2019-09-30": "496.00000", "2019-06-30": "422.00000", "2019-03-31": "448.00000", "2018-12-31": "169.00000", "2018-09-30": "520.00000", "2018-06-30": "409.00000", "2018-03-31": "414.00000", "2017-12-31": "163.00000", "2017-09-30": "503.00000", "2017-06-30": "351.00000", "2017-03-31": "409.00000", "2016-12-31": "1125.00000", "2016-09-30": "631.00000", "2016-06-30": "-1219.00000", "2016-03-31": "541.00000", "2015-12-31": "-396.00000", "2015-09-30": "621.00000", "2015-06-30": "302.00000", "2015-03-31": "366.00000", "2014-12-31": "-574.00000", "2014-09-30": "485.00000", "2014-06-30": "90.00000", "2014-03-31": "170.00000", "2013-12-31": "208.00000", "2013-09-30": "286.00000", "2013-06-30": "-230.00000", "2013-03-31": "306.00000", "2012-12-31": "-272.00000", "2012-09-30": "729.00000", "2012-06-30": "315.00000", "2012-03-31": "528.00000", "2011-12-31": "102.00000", "2011-09-30": "855.00000", "2011-06-30": "307.00000", "2011-03-31": "158.00000", "2010-12-31": "236.00000", "2010-09-30": "294.00000", "2010-06-30": "390.00000", "2010-03-31": "260.00000", "2009-12-31": "-143.00000", "2009-09-30": "358.00000", "2009-06-30": "656.00000", "2009-03-31": "169.00000", "2008-12-31": "520.00000", "2008-09-30": "709.00000", "2008-06-30": "423.00000", "2008-03-31": "464.00000", "2007-12-31": "459.00000", "2007-09-30": "686.00000", "2007-06-30": "560.00000", "2007-03-31": "490.00000", "2006-12-31": "446.00000", "2006-09-30": "725.00000", "2006-06-30": "528.00000", "2006-03-31": "354.00000", "2005-12-31": "377.00000", "2005-09-30": "569.00000", "2005-06-30": "420.00000", "2005-03-31": "262.00000"}, "Income Taxes": {"2020-09-30": "116.00000", "2020-06-30": "66.00000", "2020-03-31": "-60.00000", "2019-12-31": "-68.00000", "2019-09-30": "107.00000", "2019-06-30": "81.00000", "2019-03-31": "93.00000", "2018-12-31": "35.00000", "2018-09-30": "121.00000", "2018-06-30": "101.00000", "2018-03-31": "233.00000", "2017-12-31": "1229.00000", "2017-09-30": "202.00000", "2017-06-30": "132.00000", "2017-03-31": "152.00000", "2016-12-31": "193.00000", "2016-09-30": "251.00000", "2016-06-30": "-130.00000", "2016-03-31": "213.00000", "2015-12-31": "-170.00000", "2015-09-30": "226.00000", "2015-06-30": "115.00000", "2015-03-31": "144.00000", "2014-12-31": "-268.00000", "2014-09-30": "152.00000", "2014-06-30": "26.00000", "2014-03-31": "48.00000", "2013-12-31": "66.00000", "2013-09-30": "77.00000", "2013-06-30": "-62.00000", "2013-03-31": "114.00000", "2012-12-31": "-111.00000", "2012-09-30": "307.00000", "2012-06-30": "127.00000", "2012-03-31": "222.00000", "2011-12-31": "16.00000", "2011-09-30": "325.00000", "2011-06-30": "114.00000", "2011-03-31": "111.00000", "2010-12-31": "98.00000", "2010-09-30": "119.00000", "2010-06-30": "134.00000", "2010-03-31": "111.00000", "2009-12-31": "-246.00000", "2009-09-30": "128.00000", "2009-06-30": "248.00000", "2009-03-31": "54.00000", "2008-12-31": "192.00000", "2008-09-30": "238.00000", "2008-06-30": "160.00000", "2008-03-31": "187.00000", "2007-12-31": "188.00000", "2007-09-30": "273.00000", "2007-06-30": "222.00000", "2007-03-31": "200.00000", "2006-12-31": "171.00000", "2006-09-30": "273.00000", "2006-06-30": "216.00000", "2006-03-31": "135.00000", "2005-12-31": "150.00000", "2005-09-30": "237.00000", "2005-06-30": "241.00000", "2005-03-31": "121.00000"}, "Income After Taxes": {"2020-09-30": "460.00000", "2020-06-30": "307.00000", "2020-03-31": "24.00000", "2019-12-31": "-181.00000", "2019-09-30": "389.00000", "2019-06-30": "341.00000", "2019-03-31": "355.00000", "2018-12-31": "134.00000", "2018-09-30": "399.00000", "2018-06-30": "308.00000", "2018-03-31": "181.00000", "2017-12-31": "-1066.00000", "2017-09-30": "301.00000", "2017-06-30": "219.00000", "2017-03-31": "257.00000", "2016-12-31": "932.00000", "2016-09-30": "380.00000", "2016-06-30": "-1089.00000", "2016-03-31": "328.00000", "2015-12-31": "-226.00000", "2015-09-30": "395.00000", "2015-06-30": "187.00000", "2015-03-31": "222.00000", "2014-12-31": "-306.00000", "2014-09-30": "333.00000", "2014-06-30": "64.00000", "2014-03-31": "122.00000", "2013-12-31": "142.00000", "2013-09-30": "209.00000", "2013-06-30": "-168.00000", "2013-03-31": "192.00000", "2012-12-31": "-161.00000", "2012-09-30": "422.00000", "2012-06-30": "188.00000", "2012-03-31": "306.00000", "2011-12-31": "86.00000", "2011-09-30": "530.00000", "2011-06-30": "193.00000", "2011-03-31": "47.00000", "2010-12-31": "138.00000", "2010-09-30": "175.00000", "2010-06-30": "256.00000", "2010-03-31": "149.00000", "2009-12-31": "103.00000", "2009-09-30": "230.00000", "2009-06-30": "408.00000", "2009-03-31": "115.00000", "2008-12-31": "328.00000", "2008-09-30": "471.00000", "2008-06-30": "263.00000", "2008-03-31": "277.00000", "2007-12-31": "271.00000", "2007-09-30": "413.00000", "2007-06-30": "338.00000", "2007-03-31": "290.00000", "2006-12-31": "275.00000", "2006-09-30": "452.00000", "2006-06-30": "312.00000", "2006-03-31": "219.00000", "2005-12-31": "227.00000", "2005-09-30": "332.00000", "2005-06-30": "179.00000", "2005-03-31": "141.00000"}, "Other Income": {"2020-09-30": "", "2020-06-30": "", "2020-03-31": "", "2019-12-31": "", "2019-09-30": "", "2019-06-30": "", "2019-03-31": "", "2018-12-31": "", "2018-09-30": "", "2018-06-30": "", "2018-03-31": "", "2017-12-31": "", "2017-09-30": "", "2017-06-30": "", "2017-03-31": "", "2016-12-31": "", "2016-09-30": "", "2016-06-30": "", "2016-03-31": "", "2015-12-31": "", "2015-09-30": "", "2015-06-30": "", "2015-03-31": "", "2014-12-31": "", "2014-09-30": "", "2014-06-30": "", "2014-03-31": "", "2013-12-31": "", "2013-09-30": "", "2013-06-30": "", "2013-03-31": "", "2012-12-31": "", "2012-09-30": "", "2012-06-30": "", "2012-03-31": "", "2011-12-31": "", "2011-09-30": "", "2011-06-30": "", "2011-03-31": "", "2010-12-31": "", "2010-09-30": "", "2010-06-30": "", "2010-03-31": "", "2009-12-31": "", "2009-09-30": "", "2009-06-30": "", "2009-03-31": "", "2008-12-31": "", "2008-09-30": "", "2008-06-30": "", "2008-03-31": "", "2007-12-31": "", "2007-09-30": "", "2007-06-30": "", "2007-03-31": "", "2006-12-31": "", "2006-09-30": "", "2006-06-30": "", "2006-03-31": "", "2005-12-31": "", "2005-09-30": "", "2005-06-30": "", "2005-03-31": ""}, "Income From Continuous Operations": {"2020-09-30": "460.00000", "2020-06-30": "307.00000", "2020-03-31": "24.00000", "2019-12-31": "-181.00000", "2019-09-30": "389.00000", "2019-06-30": "341.00000", "2019-03-31": "355.00000", "2018-12-31": "134.00000", "2018-09-30": "399.00000", "2018-06-30": "308.00000", "2018-03-31": "181.00000", "2017-12-31": "-1066.00000", "2017-09-30": "301.00000", "2017-06-30": "219.00000", "2017-03-31": "257.00000", "2016-12-31": "932.00000", "2016-09-30": "380.00000", "2016-06-30": "-1089.00000", "2016-03-31": "328.00000", "2015-12-31": "-226.00000", "2015-09-30": "395.00000", "2015-06-30": "187.00000", "2015-03-31": "222.00000", "2014-12-31": "-306.00000", "2014-09-30": "333.00000", "2014-06-30": "64.00000", "2014-03-31": "122.00000", "2013-12-31": "142.00000", "2013-09-30": "209.00000", "2013-06-30": "-168.00000", "2013-03-31": "192.00000", "2012-12-31": "-161.00000", "2012-09-30": "422.00000", "2012-06-30": "188.00000", "2012-03-31": "306.00000", "2011-12-31": "86.00000", "2011-09-30": "530.00000", "2011-06-30": "193.00000", "2011-03-31": "47.00000", "2010-12-31": "138.00000", "2010-09-30": "175.00000", "2010-06-30": "256.00000", "2010-03-31": "149.00000", "2009-12-31": "103.00000", "2009-09-30": "230.00000", "2009-06-30": "408.00000", "2009-03-31": "115.00000", "2008-12-31": "328.00000", "2008-09-30": "471.00000", "2008-06-30": "263.00000", "2008-03-31": "277.00000", "2007-12-31": "271.00000", "2007-09-30": "413.00000", "2007-06-30": "338.00000", "2007-03-31": "290.00000", "2006-12-31": "275.00000", "2006-09-30": "452.00000", "2006-06-30": "312.00000", "2006-03-31": "219.00000", "2005-12-31": "227.00000", "2005-09-30": "332.00000", "2005-06-30": "179.00000", "2005-03-31": "141.00000"}, "Income From Discontinued Operations": {"2020-09-30": "-6.00000", "2020-06-30": "2.00000", "2020-03-31": "50.00000", "2019-12-31": "70.00000", "2019-09-30": "2.00000", "2019-06-30": "-29.00000", "2019-03-31": "-35.00000", "2018-12-31": "4.00000", "2018-09-30": "-857.00000", "2018-06-30": "-9.00000", "2018-03-31": "1188.00000", "2017-12-31": "-1433.00000", "2017-09-30": "95.00000", "2017-06-30": "-45.00000", "2017-03-31": "-52.00000", "2016-12-31": "", "2016-09-30": "", "2016-06-30": "", "2016-03-31": "", "2015-12-31": "", "2015-09-30": "", "2015-06-30": "", "2015-03-31": "", "2014-12-31": "", "2014-09-30": "", "2014-06-30": "", "2014-03-31": "86.00000", "2013-12-31": "", "2013-09-30": "9.00000", "2013-06-30": "4.00000", "2013-03-31": "4.00000", "2012-12-31": "13.00000", "2012-09-30": "3.00000", "2012-06-30": "", "2012-03-31": "", "2011-12-31": "", "2011-09-30": "", "2011-06-30": "", "2011-03-31": "", "2010-12-31": "", "2010-09-30": "", "2010-06-30": "", "2010-03-31": "", "2009-12-31": "", "2009-09-30": "", "2009-06-30": "", "2009-03-31": "", "2008-12-31": "", "2008-09-30": "", "2008-06-30": "", "2008-03-31": "", "2007-12-31": "", "2007-09-30": "", "2007-06-30": "", "2007-03-31": "", "2006-12-31": "", "2006-09-30": "2.00000", "2006-06-30": "-8.00000", "2006-03-31": "2.00000", "2005-12-31": "-6.00000", "2005-09-30": "", "2005-06-30": "-1.00000", "2005-03-31": "19.00000"}, "Net Income": {"2020-09-30": "454.00000", "2020-06-30": "309.00000", "2020-03-31": "74.00000", "2019-12-31": "-106.00000", "2019-09-30": "391.00000", "2019-06-30": "308.00000", "2019-03-31": "315.00000", "2018-12-31": "146.00000", "2018-09-30": "-512.00000", "2018-06-30": "134.00000", "2018-03-31": "1213.00000", "2017-12-31": "-2499.00000", "2017-09-30": "396.00000", "2017-06-30": "174.00000", "2017-03-31": "205.00000", "2016-12-31": "-5796.00000", "2016-09-30": "380.00000", "2016-06-30": "-1089.00000", "2016-03-31": "328.00000", "2015-12-31": "-226.00000", "2015-09-30": "395.00000", "2015-06-30": "187.00000", "2015-03-31": "222.00000", "2014-12-31": "-306.00000", "2014-09-30": "333.00000", "2014-06-30": "64.00000", "2014-03-31": "208.00000", "2013-12-31": "142.00000", "2013-09-30": "218.00000", "2013-06-30": "-164.00000", "2013-03-31": "196.00000", "2012-12-31": "-148.00000", "2012-09-30": "425.00000", "2012-06-30": "187.00000", "2012-03-31": "306.00000", "2011-12-31": "98.00000", "2011-09-30": "532.00000", "2011-06-30": "203.00000", "2011-03-31": "52.00000", "2010-12-31": "143.00000", "2010-09-30": "179.00000", "2010-06-30": "265.00000", "2010-03-31": "155.00000", "2009-12-31": "105.00000", "2009-09-30": "234.00000", "2009-06-30": "414.00000", "2009-03-31": "119.00000", "2008-12-31": "332.00000", "2008-09-30": "471.00000", "2008-06-30": "263.00000", "2008-03-31": "276.00000", "2007-12-31": "268.00000", "2007-09-30": "413.00000", "2007-06-30": "338.00000", "2007-03-31": "290.00000", "2006-12-31": "266.00000", "2006-09-30": "454.00000", "2006-06-30": "304.00000", "2006-03-31": "221.00000", "2005-12-31": "191.00000", "2005-09-30": "332.00000", "2005-06-30": "178.00000", "2005-03-31": "160.00000"}, "EBITDA": {"2020-09-30": "923.00000", "2020-06-30": "822.00000", "2020-03-31": "827.00000", "2019-12-31": "763.00000", "2019-09-30": "1048.00000", "2019-06-30": "942.00000", "2019-03-31": "974.00000", "2018-12-31": "893.00000", "2018-09-30": "1109.00000", "2018-06-30": "1024.00000", "2018-03-31": "860.00000", "2017-12-31": "886.00000", "2017-09-30": "1211.00000", "2017-06-30": "987.00000", "2017-03-31": "1044.00000", "2016-12-31": "1889.00000", "2016-09-30": "1388.00000", "2016-06-30": "-486.00000", "2016-03-31": "1237.00000", "2015-12-31": "727.00000", "2015-09-30": "1422.00000", "2015-06-30": "998.00000", "2015-03-31": "1019.00000", "2014-12-31": "122.00000", "2014-09-30": "1120.00000", "2014-06-30": "746.00000", "2014-03-31": "714.00000", "2013-12-31": "946.00000", "2013-09-30": "1194.00000", "2013-06-30": "459.00000", "2013-03-31": "1053.00000", "2012-12-31": "68.00000", "2012-09-30": "1283.00000", "2012-06-30": "952.00000", "2012-03-31": "1158.00000", "2011-12-31": "181.00000", "2011-09-30": "1536.00000", "2011-06-30": "943.00000", "2011-03-31": "754.00000", "2010-12-31": "803.00000", "2010-09-30": "820.00000", "2010-06-30": "912.00000", "2010-03-31": "862.00000", "2009-12-31": "407.00000", "2009-09-30": "976.00000", "2009-06-30": "1243.00000", "2009-03-31": "961.00000", "2008-12-31": "1178.00000", "2008-09-30": "1336.00000", "2008-06-30": "1021.00000", "2008-03-31": "1066.00000", "2007-12-31": "1024.00000", "2007-09-30": "1325.00000", "2007-06-30": "1157.00000", "2007-03-31": "1070.00000", "2006-12-31": "976.00000", "2006-09-30": "1281.00000", "2006-06-30": "1035.00000", "2006-03-31": "861.00000", "2005-12-31": "967.00000", "2005-09-30": "1186.00000", "2005-06-30": "1008.00000", "2005-03-31": "865.00000"}, "EBIT": {"2020-09-30": "721.00000", "2020-06-30": "515.00000", "2020-03-31": "532.00000", "2019-12-31": "615.00000", "2019-09-30": "681.00000", "2019-06-30": "585.00000", "2019-03-31": "629.00000", "2018-12-31": "512.00000", "2018-09-30": "710.00000", "2018-06-30": "700.00000", "2018-03-31": "580.00000", "2017-12-31": "493.00000", "2017-09-30": "733.00000", "2017-06-30": "574.00000", "2017-03-31": "628.00000", "2016-12-31": "1392.00000", "2016-09-30": "861.00000", "2016-06-30": "-975.00000", "2016-03-31": "776.00000", "2015-12-31": "236.00000", "2015-09-30": "908.00000", "2015-06-30": "554.00000", "2015-03-31": "594.00000", "2014-12-31": "-337.00000", "2014-09-30": "716.00000", "2014-06-30": "292.00000", "2014-03-31": "391.00000", "2013-12-31": "384.00000", "2013-09-30": "508.00000", "2013-06-30": "42.00000", "2013-03-31": "648.00000", "2012-12-31": "-71.00000", "2012-09-30": "902.00000", "2012-06-30": "557.00000", "2012-03-31": "746.00000", "2011-12-31": "-251.00000", "2011-09-30": "1057.00000", "2011-06-30": "521.00000", "2011-03-31": "350.00000", "2010-12-31": "386.00000", "2010-09-30": "415.00000", "2010-06-30": "526.00000", "2010-03-31": "416.00000", "2009-12-31": "48.00000", "2009-09-30": "487.00000", "2009-06-30": "802.00000", "2009-03-31": "346.00000", "2008-12-31": "713.00000", "2008-09-30": "846.00000", "2008-06-30": "582.00000", "2008-03-31": "618.00000", "2007-12-31": "603.00000", "2007-09-30": "850.00000", "2007-06-30": "728.00000", "2007-03-31": "637.00000", "2006-12-31": "606.00000", "2006-09-30": "859.00000", "2006-06-30": "670.00000", "2006-03-31": "471.00000", "2005-12-31": "498.00000", "2005-09-30": "643.00000", "2005-06-30": "534.00000", "2005-03-31": "392.00000"}, "Basic Shares Outstanding": {"2020-09-30": "542.00000", "2020-06-30": "542.00000", "2020-03-31": "541.00000", "2019-12-31": "535.00000", "2019-09-30": "538.00000", "2019-06-30": "532.00000", "2019-03-31": "530.00000", "2018-12-31": "492.00000", "2018-09-30": "503.00000", "2018-06-30": "477.00000", "2018-03-31": "476.00000", "2017-12-31": "444.00000", "2017-09-30": "444.00000", "2017-06-30": "444.00000", "2017-03-31": "443.00000", "2016-12-31": "426.00000", "2016-09-30": "425.00000", "2016-06-30": "425.00000", "2016-03-31": "424.00000", "2015-12-31": "422.00000", "2015-09-30": "423.00000", "2015-06-30": "422.00000", "2015-03-31": "421.00000", "2014-12-31": "420.00000", "2014-09-30": "420.00000", "2014-06-30": "420.00000", "2014-03-31": "419.00000", "2013-12-31": "418.00000", "2013-09-30": "418.00000", "2013-06-30": "418.00000", "2013-03-31": "418.00000", "2012-12-31": "418.00000", "2012-09-30": "417.00000", "2012-06-30": "417.00000", "2012-03-31": "418.00000", "2011-12-31": "399.00000", "2011-09-30": "418.00000", "2011-06-30": "418.00000", "2011-03-31": "342.00000", "2010-12-31": "304.00000", "2010-09-30": "304.00000", "2010-06-30": "304.00000", "2010-03-31": "304.00000", "2009-12-31": "304.00000", "2009-09-30": "304.00000", "2009-06-30": "304.00000", "2009-03-31": "304.00000", "2008-12-31": "304.00000", "2008-09-30": "304.00000", "2008-06-30": "304.00000", "2008-03-31": "304.00000", "2007-12-31": "306.00000", "2007-09-30": "304.00000", "2007-06-30": "304.00000", "2007-03-31": "314.00000", "2006-12-31": "324.00000", "2006-09-30": "322.00000", "2006-06-30": "328.00000", "2006-03-31": "329.00000", "2005-12-31": "328.00000", "2005-09-30": "328.00000", "2005-06-30": "328.00000", "2005-03-31": "328.00000"}, "Shares Outstanding": {"2020-09-30": "543.00000", "2020-06-30": "543.00000", "2020-03-31": "543.00000", "2019-12-31": "542.00000", "2019-09-30": "542.00000", "2019-06-30": "533.00000", "2019-03-31": "533.00000", "2018-12-31": "494.00000", "2018-09-30": "505.00000", "2018-06-30": "479.00000", "2018-03-31": "478.00000", "2017-12-31": "444.00000", "2017-09-30": "446.00000", "2017-06-30": "445.00000", "2017-03-31": "444.00000", "2016-12-31": "426.00000", "2016-09-30": "427.00000", "2016-06-30": "425.00000", "2016-03-31": "426.00000", "2015-12-31": "424.00000", "2015-09-30": "424.00000", "2015-06-30": "423.00000", "2015-03-31": "423.00000", "2014-12-31": "421.00000", "2014-09-30": "421.00000", "2014-06-30": "421.00000", "2014-03-31": "420.00000", "2013-12-31": "419.00000", "2013-09-30": "419.00000", "2013-06-30": "418.00000", "2013-03-31": "419.00000", "2012-12-31": "419.00000", "2012-09-30": "419.00000", "2012-06-30": "419.00000", "2012-03-31": "420.00000", "2011-12-31": "401.00000", "2011-09-30": "420.00000", "2011-06-30": "420.00000", "2011-03-31": "343.00000", "2010-12-31": "305.00000", "2010-09-30": "305.00000", "2010-06-30": "305.00000", "2010-03-31": "306.00000", "2009-12-31": "306.00000", "2009-09-30": "306.00000", "2009-06-30": "305.00000", "2009-03-31": "306.00000", "2008-12-31": "307.00000", "2008-09-30": "307.00000", "2008-06-30": "307.00000", "2008-03-31": "307.00000", "2007-12-31": "310.00000", "2007-09-30": "307.00000", "2007-06-30": "308.00000", "2007-03-31": "316.00000", "2006-12-31": "327.00000", "2006-09-30": "325.00000", "2006-06-30": "330.00000", "2006-03-31": "330.00000", "2005-12-31": "330.00000", "2005-09-30": "330.00000", "2005-06-30": "330.00000", "2005-03-31": "329.00000"}, "Basic EPS": {"2020-09-30": "0.84000", "2020-06-30": "0.57000", "2020-03-31": "0.14000", "2019-12-31": "-0.20000", "2019-09-30": "0.73000", "2019-06-30": "0.58000", "2019-03-31": "0.59000", "2018-12-31": "0.18000", "2018-09-30": "-1.02000", "2018-06-30": "0.28000", "2018-03-31": "2.55000", "2017-12-31": "-5.62000", "2017-09-30": "0.89000", "2017-06-30": "0.39000", "2017-03-31": "0.46000", "2016-12-31": "-13.60000", "2016-09-30": "0.89000", "2016-06-30": "-2.56000", "2016-03-31": "0.78000", "2015-12-31": "-0.54000", "2015-09-30": "0.94000", "2015-06-30": "0.44000", "2015-03-31": "0.53000", "2014-12-31": "-0.74000", "2014-09-30": "0.79000", "2014-06-30": "0.16000", "2014-03-31": "0.50000", "2013-12-31": "0.34000", "2013-09-30": "0.52000", "2013-06-30": "-0.39000", "2013-03-31": "0.47000", "2012-12-31": "-0.35000", "2012-09-30": "1.02000", "2012-06-30": "0.45000", "2012-03-31": "0.73000", "2011-12-31": "0.32000", "2011-09-30": "1.27000", "2011-06-30": "0.48000", "2011-03-31": "0.15000", "2010-12-31": "0.47000", "2010-09-30": "0.59000", "2010-06-30": "0.87000", "2010-03-31": "0.51000", "2009-12-31": "0.35000", "2009-09-30": "0.77000", "2009-06-30": "1.36000", "2009-03-31": "0.39000", "2008-12-31": "1.09000", "2008-09-30": "1.55000", "2008-06-30": "0.86000", "2008-03-31": "0.91000", "2007-12-31": "0.88000", "2007-09-30": "1.36000", "2007-06-30": "1.11000", "2007-03-31": "0.92000", "2006-12-31": "0.84000", "2006-09-30": "1.41000", "2006-06-30": "0.92000", "2006-03-31": "0.67000", "2005-12-31": "0.58000", "2005-09-30": "1.01000", "2005-06-30": "0.54000", "2005-03-31": "0.49000"}, "EPS - Earnings Per Share": {"2020-09-30": "0.84000", "2020-06-30": "0.57000", "2020-03-31": "0.14000", "2019-12-31": "-0.21000", "2019-09-30": "0.72000", "2019-06-30": "0.58000", "2019-03-31": "0.59000", "2018-12-31": "0.19000", "2018-09-30": "-1.02000", "2018-06-30": "0.28000", "2018-03-31": "2.54000", "2017-12-31": "-5.62000", "2017-09-30": "0.89000", "2017-06-30": "0.39000", "2017-03-31": "0.46000", "2016-12-31": "-13.59000", "2016-09-30": "0.89000", "2016-06-30": "-2.56000", "2016-03-31": "0.77000", "2015-12-31": "-0.53000", "2015-09-30": "0.93000", "2015-06-30": "0.44000", "2015-03-31": "0.53000", "2014-12-31": "-0.72000", "2014-09-30": "0.79000", "2014-06-30": "0.15000", "2014-03-31": "0.49000", "2013-12-31": "0.34000", "2013-09-30": "0.52000", "2013-06-30": "-0.39000", "2013-03-31": "0.47000", "2012-12-31": "-0.35000", "2012-09-30": "1.01000", "2012-06-30": "0.45000", "2012-03-31": "0.73000", "2011-12-31": "0.31000", "2011-09-30": "1.27000", "2011-06-30": "0.48000", "2011-03-31": "0.15000", "2010-12-31": "0.45000", "2010-09-30": "0.59000", "2010-06-30": "0.87000", "2010-03-31": "0.51000", "2009-12-31": "0.33000", "2009-09-30": "0.77000", "2009-06-30": "1.36000", "2009-03-31": "0.39000", "2008-12-31": "1.09000", "2008-09-30": "1.54000", "2008-06-30": "0.85000", "2008-03-31": "0.90000", "2007-12-31": "0.86000", "2007-09-30": "1.34000", "2007-06-30": "1.10000", "2007-03-31": "0.92000", "2006-12-31": "0.83000", "2006-09-30": "1.40000", "2006-06-30": "0.91000", "2006-03-31": "0.67000", "2005-12-31": "0.58000", "2005-09-30": "1.01000", "2005-06-30": "0.54000", "2005-03-31": "0.48000"}}, "balance sheet": {"Cash On Hand": {"2019-12-31": "679.00000", "2018-12-31": "429.00000", "2017-12-31": "639.00000", "2016-12-31": "199.00000", "2015-12-31": "131.00000", "2014-12-31": "85.00000", "2013-12-31": "218.00000", "2012-12-31": "172.00000", "2011-12-31": "202.00000", "2010-12-31": "1019.00000", "2009-12-31": "874.00000", "2008-12-31": "545.00000", "2007-12-31": "129.00000", "2006-12-31": "90.00000", "2005-12-31": "64.00000"}, "Receivables": {"2019-12-31": "1294.00000", "2018-12-31": "1511.00000", "2017-12-31": "1452.00000", "2016-12-31": "1615.00000", "2015-12-31": "1595.00000", "2014-12-31": "1779.00000", "2013-12-31": "1918.00000", "2012-12-31": "1929.00000", "2011-12-31": "1794.00000", "2010-12-31": "1568.00000", "2009-12-31": "1397.00000", "2008-12-31": "1471.00000", "2007-12-31": "1421.00000", "2006-12-31": "1267.00000", "2005-12-31": "1498.00000"}, "Inventory": {"2019-12-31": "281.00000", "2018-12-31": "252.00000", "2017-12-31": "236.00000", "2016-12-31": "564.00000", "2015-12-31": "785.00000", "2014-12-31": "817.00000", "2013-12-31": "752.00000", "2012-12-31": "861.00000", "2011-12-31": "811.00000", "2010-12-31": "638.00000", "2009-12-31": "647.00000", "2008-12-31": "605.00000", "2007-12-31": "521.00000", "2006-12-31": "577.00000", "2005-12-31": "518.00000"}, "Pre-Paid Expenses": {"2019-12-31": "157.00000", "2018-12-31": "175.00000", "2017-12-31": "151.00000", "2016-12-31": "256.00000", "2015-12-31": "135.00000", "2014-12-31": "128.00000", "2013-12-31": "226.00000", "2012-12-31": "119.00000", "2011-12-31": "191.00000", "2010-12-31": "199.00000", "2009-12-31": "248.00000", "2008-12-31": "283.00000", "2007-12-31": "32.00000", "2006-12-31": "149.00000", "2005-12-31": "237.00000"}, "Other Current Assets": {"2019-12-31": "", "2018-12-31": "", "2017-12-31": "", "2016-12-31": "316.00000", "2015-12-31": "394.00000", "2014-12-31": "549.00000", "2013-12-31": "533.00000", "2012-12-31": "368.00000", "2011-12-31": "357.00000", "2010-12-31": "274.00000", "2009-12-31": "154.00000", "2008-12-31": "149.00000", "2007-12-31": "127.00000", "2006-12-31": "", "2005-12-31": ""}, "Total Current Assets": {"2019-12-31": "2444.00000", "2018-12-31": "2392.00000", "2017-12-31": "3110.00000", "2016-12-31": "2950.00000", "2015-12-31": "3040.00000", "2014-12-31": "3358.00000", "2013-12-31": "4013.00000", "2012-12-31": "3768.00000", "2011-12-31": "3355.00000", "2010-12-31": "3698.00000", "2009-12-31": "3320.00000", "2008-12-31": "3053.00000", "2007-12-31": "2230.00000", "2006-12-31": "2083.00000", "2005-12-31": "2317.00000"}, "Property, Plant, And Equipment": {"2019-12-31": "31650.00000", "2018-12-31": "29911.00000", "2017-12-31": "28101.00000", "2016-12-31": "29387.00000", "2015-12-31": "37214.00000", "2014-12-31": "35783.00000", "2013-12-31": "33252.00000", "2012-12-31": "33036.00000", "2011-12-31": "30337.00000", "2010-12-31": "20510.00000", "2009-12-31": "19164.00000", "2008-12-31": "17723.00000", "2007-12-31": "15383.00000", "2006-12-31": "14667.00000", "2005-12-31": "13998.00000"}, "Long-Term Investments": {"2019-12-31": "1451.00000", "2018-12-31": "1299.00000", "2017-12-31": "1328.00000", "2016-12-31": "3026.00000", "2015-12-31": "2788.00000", "2014-12-31": "3222.00000", "2013-12-31": "3104.00000", "2012-12-31": "3194.00000", "2011-12-31": "3522.00000", "2010-12-31": "3365.00000", "2009-12-31": "3023.00000", "2008-12-31": "3017.00000", "2007-12-31": "4298.00000", "2006-12-31": "3534.00000", "2005-12-31": "3351.00000"}, "Goodwill And Intangible Assets": {"2019-12-31": "5618.00000", "2018-12-31": "5618.00000", "2017-12-31": "5618.00000", "2016-12-31": "5618.00000", "2015-12-31": "6418.00000", "2014-12-31": "6418.00000", "2013-12-31": "6418.00000", "2012-12-31": "6447.00000", "2011-12-31": "6441.00000", "2010-12-31": "5575.00000", "2009-12-31": "5575.00000", "2008-12-31": "5575.00000", "2007-12-31": "5607.00000", "2006-12-31": "5898.00000", "2005-12-31": "6010.00000"}, "Other Long-Term Assets": {"2019-12-31": "1039.00000", "2018-12-31": "752.00000", "2017-12-31": "697.00000", "2016-12-31": "1153.00000", "2015-12-31": "1286.00000", "2014-12-31": "1456.00000", "2013-12-31": "1783.00000", "2012-12-31": "1719.00000", "2011-12-31": "1641.00000", "2010-12-31": "553.00000", "2009-12-31": "866.00000", "2008-12-31": "1013.00000", "2007-12-31": "820.00000", "2006-12-31": "573.00000", "2005-12-31": "656.00000"}, "Total Long-Term Assets": {"2019-12-31": "39857.00000", "2018-12-31": "37671.00000", "2017-12-31": "39147.00000", "2016-12-31": "40198.00000", "2015-12-31": "49054.00000", "2014-12-31": "48290.00000", "2013-12-31": "46411.00000", "2012-12-31": "46726.00000", "2011-12-31": "43971.00000", "2010-12-31": "31833.00000", "2009-12-31": "30984.00000", "2008-12-31": "30468.00000", "2007-12-31": "30081.00000", "2006-12-31": "29113.00000", "2005-12-31": "29524.00000"}, "Total Assets": {"2019-12-31": "42301.00000", "2018-12-31": "40063.00000", "2017-12-31": "42257.00000", "2016-12-31": "43148.00000", "2015-12-31": "52094.00000", "2014-12-31": "51648.00000", "2013-12-31": "50424.00000", "2012-12-31": "50494.00000", "2011-12-31": "47326.00000", "2010-12-31": "35531.00000", "2009-12-31": "34304.00000", "2008-12-31": "33521.00000", "2007-12-31": "32311.00000", "2006-12-31": "31196.00000", "2005-12-31": "31841.00000"}, "Total Current Liabilities": {"2019-12-31": "4862.00000", "2018-12-31": "4634.00000", "2017-12-31": "4113.00000", "2016-12-31": "7126.00000", "2015-12-31": "5602.00000", "2014-12-31": "5561.00000", "2013-12-31": "7637.00000", "2012-12-31": "7605.00000", "2011-12-31": "4855.00000", "2010-12-31": "4704.00000", "2009-12-31": "5188.00000", "2008-12-31": "7098.00000", "2007-12-31": "5148.00000", "2006-12-31": "5255.00000", "2005-12-31": "5453.00000"}, "Long Term Debt": {"2019-12-31": "19618.00000", "2018-12-31": "17751.00000", "2017-12-31": "18687.00000", "2016-12-31": "18192.00000", "2015-12-31": "19099.00000", "2014-12-31": "19176.00000", "2013-12-31": "15831.00000", "2012-12-31": "15179.00000", "2011-12-31": "15716.00000", "2010-12-31": "12579.00000", "2009-12-31": "12008.00000", "2008-12-31": "9100.00000", "2007-12-31": "8869.00000", "2006-12-31": "8535.00000", "2005-12-31": "8155.00000"}, "Other Non-Current Liabilities": {"2019-12-31": "4932.00000", "2018-12-31": "5456.00000", "2017-12-31": "4858.00000", "2016-12-31": "3348.00000", "2015-12-31": "3162.00000", "2014-12-31": "3194.00000", "2013-12-31": "3746.00000", "2012-12-31": "4029.00000", "2011-12-31": "4038.00000", "2010-12-31": "3309.00000", "2009-12-31": "3556.00000", "2008-12-31": "3934.00000", "2007-12-31": "4692.00000", "2006-12-31": "4687.00000", "2005-12-31": "4819.00000"}, "Total Long Term Liabilities": {"2019-12-31": "30464.00000", "2018-12-31": "28615.00000", "2017-12-31": "34219.00000", "2016-12-31": "29781.00000", "2015-12-31": "34070.00000", "2014-12-31": "33665.00000", "2013-12-31": "30092.00000", "2012-12-31": "29796.00000", "2011-12-31": "29172.00000", "2010-12-31": "21875.00000", "2009-12-31": "20559.00000", "2008-12-31": "18108.00000", "2007-12-31": "18186.00000", "2006-12-31": "16906.00000", "2005-12-31": "17016.00000"}, "Total Liabilities": {"2019-12-31": "35326.00000", "2018-12-31": "33249.00000", "2017-12-31": "38332.00000", "2016-12-31": "36907.00000", "2015-12-31": "39672.00000", "2014-12-31": "39226.00000", "2013-12-31": "37729.00000", "2012-12-31": "37401.00000", "2011-12-31": "34027.00000", "2010-12-31": "26579.00000", "2009-12-31": "25747.00000", "2008-12-31": "25206.00000", "2007-12-31": "23334.00000", "2006-12-31": "22161.00000", "2005-12-31": "22469.00000"}, "Common Stock Net": {"2019-12-31": "54.00000", "2018-12-31": "51.00000", "2017-12-31": "44.00000", "2016-12-31": "44.00000", "2015-12-31": "42.00000", "2014-12-31": "42.00000", "2013-12-31": "42.00000", "2012-12-31": "42.00000", "2011-12-31": "42.00000", "2010-12-31": "31.00000", "2009-12-31": "31.00000", "2008-12-31": "31.00000", "2007-12-31": "31.00000", "2006-12-31": "32.00000", "2005-12-31": "33.00000"}, "Retained Earnings (Accumulated Deficit)": {"2019-12-31": "-3967.00000", "2018-12-31": "-4879.00000", "2017-12-31": "-6262.00000", "2016-12-31": "-4532.00000", "2015-12-31": "2256.00000", "2014-12-31": "2285.00000", "2013-12-31": "2590.00000", "2012-12-31": "2888.00000", "2011-12-31": "3047.00000", "2010-12-31": "3084.00000", "2009-12-31": "4495.00000", "2008-12-31": "4159.00000", "2007-12-31": "3487.00000", "2006-12-31": "2806.00000", "2005-12-31": "2159.00000"}, "Comprehensive Income": {"2019-12-31": "20.00000", "2018-12-31": "41.00000", "2017-12-31": "142.00000", "2016-12-31": "174.00000", "2015-12-31": "171.00000", "2014-12-31": "246.00000", "2013-12-31": "284.00000", "2012-12-31": "385.00000", "2011-12-31": "426.00000", "2010-12-31": "425.00000", "2009-12-31": "-1415.00000", "2008-12-31": "-1380.00000", "2007-12-31": "-50.00000", "2006-12-31": "-259.00000", "2005-12-31": "-20.00000"}, "Other Share Holders Equity": {"2019-12-31": "", "2018-12-31": "", "2017-12-31": "", "2016-12-31": "", "2015-12-31": "", "2014-12-31": "", "2013-12-31": "", "2012-12-31": "", "2011-12-31": "", "2010-12-31": "", "2009-12-31": "", "2008-12-31": "", "2007-12-31": "", "2006-12-31": "", "2005-12-31": ""}, "Share Holder Equity": {"2019-12-31": "6975.00000", "2018-12-31": "6814.00000", "2017-12-31": "3925.00000", "2016-12-31": "6241.00000", "2015-12-31": "12422.00000", "2014-12-31": "12422.00000", "2013-12-31": "12695.00000", "2012-12-31": "13093.00000", "2011-12-31": "13299.00000", "2010-12-31": "8952.00000", "2009-12-31": "8557.00000", "2008-12-31": "8315.00000", "2007-12-31": "8977.00000", "2006-12-31": "9035.00000", "2005-12-31": "9372.00000"}, "Total Liabilities And Share Holders Equity": {"2019-12-31": "42301.00000", "2018-12-31": "40063.00000", "2017-12-31": "42257.00000", "2016-12-31": "43148.00000", "2015-12-31": "52094.00000", "2014-12-31": "51648.00000", "2013-12-31": "50424.00000", "2012-12-31": "50494.00000", "2011-12-31": "47326.00000", "2010-12-31": "35531.00000", "2009-12-31": "34304.00000", "2008-12-31": "33521.00000", "2007-12-31": "32311.00000", "2006-12-31": "31196.00000", "2005-12-31": "31841.00000"}}, "balance sheet, quarterly": {"Cash On Hand": {"2020-09-30": "296.00000", "2020-06-30": "165.00000", "2020-03-31": "185.00000", "2019-12-31": "679.00000", "2019-09-30": "750.00000", "2019-06-30": "474.00000", "2019-03-31": "210.00000", "2018-12-31": "429.00000", "2018-09-30": "487.00000", "2018-06-30": "324.00000", "2018-03-31": "299.00000", "2017-12-31": "639.00000", "2017-09-30": "399.00000", "2017-06-30": "114.00000", "2017-03-31": "164.00000", "2016-12-31": "199.00000", "2016-09-30": "551.00000", "2016-06-30": "199.00000", "2016-03-31": "146.00000", "2015-12-31": "131.00000", "2015-09-30": "86.00000", "2015-06-30": "94.00000", "2015-03-31": "90.00000", "2014-12-31": "85.00000", "2014-09-30": "109.00000", "2014-06-30": "76.00000", "2014-03-31": "109.00000", "2013-12-31": "218.00000", "2013-09-30": "222.00000", "2013-06-30": "71.00000", "2013-03-31": "67.00000", "2012-12-31": "172.00000", "2012-09-30": "150.00000", "2012-06-30": "94.00000", "2012-03-31": "74.00000", "2011-12-31": "202.00000", "2011-09-30": "291.00000", "2011-06-30": "476.00000", "2011-03-31": "1101.00000", "2010-12-31": "1019.00000", "2010-09-30": "632.00000", "2010-06-30": "281.00000", "2010-03-31": "310.00000", "2009-12-31": "874.00000", "2009-09-30": "838.00000", "2009-06-30": "900.00000", "2009-03-31": "399.00000", "2008-12-31": "545.00000", "2008-09-30": "181.00000", "2008-06-30": "70.00000", "2008-03-31": "70.00000", "2007-12-31": "129.00000", "2007-09-30": "30.00000", "2007-06-30": "37.00000", "2007-03-31": "89.00000", "2006-12-31": "90.00000", "2006-09-30": "41.00000", "2006-06-30": "583.00000", "2006-03-31": "28.00000", "2005-12-31": "64.00000", "2005-09-30": "139.81200", "2005-06-30": "49.74800", "2005-03-31": "81.19100"}, "Receivables": {"2020-09-30": "1340.00000", "2020-06-30": "1232.00000", "2020-03-31": "1254.00000", "2019-12-31": "1294.00000", "2019-09-30": "1336.00000", "2019-06-30": "1327.00000", "2019-03-31": "1501.00000", "2018-12-31": "1511.00000", "2018-09-30": "1616.00000", "2018-06-30": "1495.00000", "2018-03-31": "1482.00000", "2017-12-31": "1452.00000", "2017-09-30": "1542.00000", "2017-06-30": "1536.00000", "2017-03-31": "1551.00000", "2016-12-31": "1615.00000", "2016-09-30": "1629.00000", "2016-06-30": "1494.00000", "2016-03-31": "1594.00000", "2015-12-31": "1595.00000", "2015-09-30": "1772.00000", "2015-06-30": "1771.00000", "2015-03-31": "1876.00000", "2014-12-31": "1779.00000", "2014-09-30": "1819.00000", "2014-06-30": "1962.00000", "2014-03-31": "2087.00000", "2013-12-31": "1918.00000", "2013-09-30": "1810.00000", "2013-06-30": "1923.00000", "2013-03-31": "1858.00000", "2012-12-31": "1929.00000", "2012-09-30": "1831.00000", "2012-06-30": "1898.00000", "2012-03-31": "1735.00000", "2011-12-31": "1794.00000", "2011-09-30": "1880.00000", "2011-06-30": "1834.00000", "2011-03-31": "1865.00000", "2010-12-31": "1568.00000", "2010-09-30": "1564.00000", "2010-06-30": "1555.00000", "2010-03-31": "1395.00000", "2009-12-31": "1397.00000", "2009-09-30": "1392.00000", "2009-06-30": "1440.00000", "2009-03-31": "1425.00000", "2008-12-31": "1471.00000", "2008-09-30": "1531.00000", "2008-06-30": "1553.00000", "2008-03-31": "1423.00000", "2007-12-31": "1421.00000", "2007-09-30": "1626.00000", "2007-06-30": "1594.00000", "2007-03-31": "1434.00000", "2006-12-31": "1267.00000", "2006-09-30": "1420.00000", "2006-06-30": "1346.00000", "2006-03-31": "1226.00000", "2005-12-31": "1498.00000", "2005-09-30": "1535.22500", "2005-06-30": "1444.55200", "2005-03-31": "1258.84300"}, "Inventory": {"2020-09-30": "308.00000", "2020-06-30": "303.00000", "2020-03-31": "285.00000", "2019-12-31": "281.00000", "2019-09-30": "258.00000", "2019-06-30": "261.00000", "2019-03-31": "268.00000", "2018-12-31": "252.00000", "2018-09-30": "240.00000", "2018-06-30": "281.00000", "2018-03-31": "273.00000", "2017-12-31": "236.00000", "2017-09-30": "543.00000", "2017-06-30": "553.00000", "2017-03-31": "531.00000", "2016-12-31": "564.00000", "2016-09-30": "699.00000", "2016-06-30": "759.00000", "2016-03-31": "781.00000", "2015-12-31": "785.00000", "2015-09-30": "738.00000", "2015-06-30": "792.00000", "2015-03-31": "762.00000", "2014-12-31": "817.00000", "2014-09-30": "771.00000", "2014-06-30": "802.00000", "2014-03-31": "740.00000", "2013-12-31": "752.00000", "2013-09-30": "731.00000", "2013-06-30": "806.00000", "2013-03-31": "835.00000", "2012-12-31": "861.00000", "2012-09-30": "875.00000", "2012-06-30": "921.00000", "2012-03-31": "927.00000", "2011-12-31": "811.00000", "2011-09-30": "822.00000", "2011-06-30": "866.00000", "2011-03-31": "852.00000", "2010-12-31": "638.00000", "2010-09-30": "652.00000", "2010-06-30": "675.00000", "2010-03-31": "699.00000", "2009-12-31": "647.00000", "2009-09-30": "621.00000", "2009-06-30": "644.00000", "2009-03-31": "657.00000", "2008-12-31": "605.00000", "2008-09-30": "587.00000", "2008-06-30": "583.00000", "2008-03-31": "570.00000", "2007-12-31": "521.00000", "2007-09-30": "543.00000", "2007-06-30": "583.00000", "2007-03-31": "591.00000", "2006-12-31": "577.00000", "2006-09-30": "585.00000", "2006-06-30": "629.00000", "2006-03-31": "610.00000", "2005-12-31": "518.00000", "2005-09-30": "496.20200", "2005-06-30": "508.17800", "2005-03-31": "477.86800"}, "Pre-Paid Expenses": {"2020-09-30": "218.00000", "2020-06-30": "286.00000", "2020-03-31": "279.00000", "2019-12-31": "157.00000", "2019-09-30": "239.00000", "2019-06-30": "280.00000", "2019-03-31": "314.00000", "2018-12-31": "175.00000", "2018-09-30": "236.00000", "2018-06-30": "263.00000", "2018-03-31": "254.00000", "2017-12-31": "151.00000", "2017-09-30": "123.00000", "2017-06-30": "227.00000", "2017-03-31": "202.00000", "2016-12-31": "256.00000", "2016-09-30": "204.00000", "2016-06-30": "280.00000", "2016-03-31": "267.00000", "2015-12-31": "135.00000", "2015-09-30": "148.00000", "2015-06-30": "235.00000", "2015-03-31": "225.00000", "2014-12-31": "128.00000", "2014-09-30": "185.00000", "2014-06-30": "246.00000", "2014-03-31": "240.00000", "2013-12-31": "226.00000", "2013-09-30": "104.00000", "2013-06-30": "288.00000", "2013-03-31": "252.00000", "2012-12-31": "119.00000", "2012-09-30": "227.00000", "2012-06-30": "248.00000", "2012-03-31": "213.00000", "2011-12-31": "191.00000", "2011-09-30": "403.00000", "2011-06-30": "474.00000", "2011-03-31": "241.00000", "2010-12-31": "199.00000", "2010-09-30": "291.00000", "2010-06-30": "397.00000", "2010-03-31": "236.00000", "2009-12-31": "248.00000", "2009-09-30": "585.00000", "2009-06-30": "457.00000", "2009-03-31": "318.00000", "2008-12-31": "283.00000", "2008-09-30": "505.00000", "2008-06-30": "629.00000", "2008-03-31": "307.00000", "2007-12-31": "32.00000", "2007-09-30": "207.00000", "2007-06-30": "322.00000", "2007-03-31": "233.00000", "2006-12-31": "149.00000", "2006-09-30": "168.00000", "2006-06-30": "254.00000", "2006-03-31": "235.00000", "2005-12-31": "237.00000", "2005-09-30": "235.49600", "2005-06-30": "301.55700", "2005-03-31": "248.38800"}, "Other Current Assets": {"2020-09-30": "", "2020-06-30": "", "2020-03-31": "", "2019-12-31": "", "2019-09-30": "", "2019-06-30": "", "2019-03-31": "", "2018-12-31": "", "2018-09-30": "", "2018-06-30": "", "2018-03-31": "", "2017-12-31": "", "2017-09-30": "324.00000", "2017-06-30": "325.00000", "2017-03-31": "312.00000", "2016-12-31": "316.00000", "2016-09-30": "397.00000", "2016-06-30": "344.00000", "2016-03-31": "442.00000", "2015-12-31": "394.00000", "2015-09-30": "450.00000", "2015-06-30": "478.00000", "2015-03-31": "510.00000", "2014-12-31": "549.00000", "2014-09-30": "574.00000", "2014-06-30": "720.00000", "2014-03-31": "1026.00000", "2013-12-31": "533.00000", "2013-09-30": "402.00000", "2013-06-30": "421.00000", "2013-03-31": "397.00000", "2012-12-31": "368.00000", "2012-09-30": "402.00000", "2012-06-30": "447.00000", "2012-03-31": "528.00000", "2011-12-31": "357.00000", "2011-09-30": "195.00000", "2011-06-30": "468.00000", "2011-03-31": "587.00000", "2010-12-31": "274.00000", "2010-09-30": "252.00000", "2010-06-30": "206.00000", "2010-03-31": "214.00000", "2009-12-31": "154.00000", "2009-09-30": "334.00000", "2009-06-30": "209.00000", "2009-03-31": "205.00000", "2008-12-31": "149.00000", "2008-09-30": "", "2008-06-30": "", "2008-03-31": "", "2007-12-31": "127.00000", "2007-09-30": "", "2007-06-30": "", "2007-03-31": "", "2006-12-31": "", "2006-09-30": "", "2006-06-30": "", "2006-03-31": "", "2005-12-31": "", "2005-09-30": "", "2005-06-30": "", "2005-03-31": ""}, "Total Current Assets": {"2020-09-30": "2162.00000", "2020-06-30": "1986.00000", "2020-03-31": "2003.00000", "2019-12-31": "2444.00000", "2019-09-30": "2616.00000", "2019-06-30": "2386.00000", "2019-03-31": "2314.00000", "2018-12-31": "2392.00000", "2018-09-30": "2596.00000", "2018-06-30": "2363.00000", "2018-03-31": "2310.00000", "2017-12-31": "3110.00000", "2017-09-30": "2931.00000", "2017-06-30": "2755.00000", "2017-03-31": "2760.00000", "2016-12-31": "2950.00000", "2016-09-30": "3480.00000", "2016-06-30": "3076.00000", "2016-03-31": "3230.00000", "2015-12-31": "3040.00000", "2015-09-30": "3833.00000", "2015-06-30": "4113.00000", "2015-03-31": "4011.00000", "2014-12-31": "3358.00000", "2014-09-30": "3785.00000", "2014-06-30": "4183.00000", "2014-03-31": "4577.00000", "2013-12-31": "4013.00000", "2013-09-30": "3559.00000", "2013-06-30": "3560.00000", "2013-03-31": "3499.00000", "2012-12-31": "3768.00000", "2012-09-30": "3709.00000", "2012-06-30": "3608.00000", "2012-03-31": "3477.00000", "2011-12-31": "3355.00000", "2011-09-30": "3591.00000", "2011-06-30": "4118.00000", "2011-03-31": "4646.00000", "2010-12-31": "3698.00000", "2010-09-30": "3391.00000", "2010-06-30": "3114.00000", "2010-03-31": "2854.00000", "2009-12-31": "3320.00000", "2009-09-30": "3770.00000", "2009-06-30": "3650.00000", "2009-03-31": "3004.00000", "2008-12-31": "3053.00000", "2008-09-30": "2804.00000", "2008-06-30": "2835.00000", "2008-03-31": "2370.00000", "2007-12-31": "2230.00000", "2007-09-30": "2406.00000", "2007-06-30": "2536.00000", "2007-03-31": "2347.00000", "2006-12-31": "2083.00000", "2006-09-30": "2214.00000", "2006-06-30": "2812.00000", "2006-03-31": "2099.00000", "2005-12-31": "2317.00000", "2005-09-30": "2406.73500", "2005-06-30": "2304.03500", "2005-03-31": "2066.29000"}, "Property, Plant, And Equipment": {"2020-09-30": "32901.00000", "2020-06-30": "32452.00000", "2020-03-31": "32005.00000", "2019-12-31": "31650.00000", "2019-09-30": "31152.00000", "2019-06-30": "30678.00000", "2019-03-31": "30266.00000", "2018-12-31": "29911.00000", "2018-09-30": "29407.00000", "2018-06-30": "29021.00000", "2018-03-31": "28570.00000", "2017-12-31": "28101.00000", "2017-09-30": "29498.00000", "2017-06-30": "29179.00000", "2017-03-31": "28795.00000", "2016-12-31": "29387.00000", "2016-09-30": "37833.00000", "2016-06-30": "37461.00000", "2016-03-31": "37644.00000", "2015-12-31": "37214.00000", "2015-09-30": "36610.00000", "2015-06-30": "36416.00000", "2015-03-31": "36117.00000", "2014-12-31": "35783.00000", "2014-09-30": "34925.00000", "2014-06-30": "34516.00000", "2014-03-31": "33888.00000", "2013-12-31": "33252.00000", "2013-09-30": "33223.00000", "2013-06-30": "33091.00000", "2013-03-31": "33286.00000", "2012-12-31": "33036.00000", "2012-09-30": "31441.00000", "2012-06-30": "30768.00000", "2012-03-31": "30566.00000", "2011-12-31": "30337.00000", "2011-09-30": "29267.00000", "2011-06-30": "29942.00000", "2011-03-31": "29635.00000", "2010-12-31": "20510.00000", "2010-09-30": "19538.00000", "2010-06-30": "19550.00000", "2010-03-31": "19357.00000", "2009-12-31": "19164.00000", "2009-09-30": "18749.00000", "2009-06-30": "18509.00000", "2009-03-31": "18207.00000", "2008-12-31": "17723.00000", "2008-09-30": "17157.00000", "2008-06-30": "16703.00000", "2008-03-31": "15905.00000", "2007-12-31": "15383.00000", "2007-09-30": "15038.00000", "2007-06-30": "15010.00000", "2007-03-31": "14786.00000", "2006-12-31": "14667.00000", "2006-09-30": "14510.00000", "2006-06-30": "14420.00000", "2006-03-31": "14285.00000", "2005-12-31": "13998.00000", "2005-09-30": "13773.22000", "2005-06-30": "13652.24000", "2005-03-31": "13550.06000"}, "Long-Term Investments": {"2020-09-30": "1463.00000", "2020-06-30": "1457.00000", "2020-03-31": "1438.00000", "2019-12-31": "1451.00000", "2019-09-30": "1425.00000", "2019-06-30": "1403.00000", "2019-03-31": "1359.00000", "2018-12-31": "1299.00000", "2018-09-30": "1329.00000", "2018-06-30": "1313.00000", "2018-03-31": "1303.00000", "2017-12-31": "1328.00000", "2017-09-30": "3143.00000", "2017-06-30": "3095.00000", "2017-03-31": "3090.00000", "2016-12-31": "3026.00000", "2016-09-30": "3035.00000", "2016-06-30": "2983.00000", "2016-03-31": "2886.00000", "2015-12-31": "2788.00000", "2015-09-30": "3154.00000", "2015-06-30": "3234.00000", "2015-03-31": "3258.00000", "2014-12-31": "3222.00000", "2014-09-30": "3259.00000", "2014-06-30": "3260.00000", "2014-03-31": "3161.00000", "2013-12-31": "3104.00000", "2013-09-30": "3105.00000", "2013-06-30": "3100.00000", "2013-03-31": "3215.00000", "2012-12-31": "3194.00000", "2012-09-30": "3451.00000", "2012-06-30": "3518.00000", "2012-03-31": "3482.00000", "2011-12-31": "3522.00000", "2011-09-30": "3132.00000", "2011-06-30": "3156.00000", "2011-03-31": "3081.00000", "2010-12-31": "3365.00000", "2010-09-30": "3015.00000", "2010-06-30": "2955.00000", "2010-03-31": "2986.00000", "2009-12-31": "3023.00000", "2009-09-30": "3107.00000", "2009-06-30": "2982.00000", "2009-03-31": "2899.00000", "2008-12-31": "3017.00000", "2008-09-30": "3267.00000", "2008-06-30": "3415.00000", "2008-03-31": "3418.00000", "2007-12-31": "4298.00000", "2007-09-30": "3983.00000", "2007-06-30": "3564.00000", "2007-03-31": "3525.00000", "2006-12-31": "3534.00000", "2006-09-30": "3474.00000", "2006-06-30": "3371.00000", "2006-03-31": "3468.00000", "2005-12-31": "3351.00000", "2005-09-30": "3390.61000", "2005-06-30": "3314.06800", "2005-03-31": "3257.11300"}, "Goodwill And Intangible Assets": {"2020-09-30": "5618.00000", "2020-06-30": "5618.00000", "2020-03-31": "5618.00000", "2019-12-31": "5618.00000", "2019-09-30": "5618.00000", "2019-06-30": "5618.00000", "2019-03-31": "5618.00000", "2018-12-31": "5618.00000", "2018-09-30": "5618.00000", "2018-06-30": "5618.00000", "2018-03-31": "5618.00000", "2017-12-31": "5618.00000", "2017-09-30": "5618.00000", "2017-06-30": "5618.00000", "2017-03-31": "5618.00000", "2016-12-31": "5618.00000", "2016-09-30": "5618.00000", "2016-06-30": "5618.00000", "2016-03-31": "6418.00000", "2015-12-31": "6418.00000", "2015-09-30": "6418.00000", "2015-06-30": "6418.00000", "2015-03-31": "6418.00000", "2014-12-31": "6418.00000", "2014-09-30": "6418.00000", "2014-06-30": "6418.00000", "2014-03-31": "6418.00000", "2013-12-31": "6418.00000", "2013-09-30": "6418.00000", "2013-06-30": "6447.00000", "2013-03-31": "6447.00000", "2012-12-31": "6447.00000", "2012-09-30": "6444.00000", "2012-06-30": "6444.00000", "2012-03-31": "6444.00000", "2011-12-31": "6441.00000", "2011-09-30": "7358.00000", "2011-06-30": "7429.00000", "2011-03-31": "7602.00000", "2010-12-31": "5575.00000", "2010-09-30": "5575.00000", "2010-06-30": "5575.00000", "2010-03-31": "5575.00000", "2009-12-31": "5575.00000", "2009-09-30": "5575.00000", "2009-06-30": "5575.00000", "2009-03-31": "5575.00000", "2008-12-31": "5575.00000", "2008-09-30": "5583.00000", "2008-06-30": "5606.00000", "2008-03-31": "5606.00000", "2007-12-31": "5607.00000", "2007-09-30": "5609.00000", "2007-06-30": "5898.00000", "2007-03-31": "5898.00000", "2006-12-31": "5898.00000", "2006-09-30": "5935.00000", "2006-06-30": "5940.00000", "2006-03-31": "5940.00000", "2005-12-31": "6010.00000", "2005-09-30": "6024.37600", "2005-06-30": "6032.53900", "2005-03-31": "6033.72800"}, "Other Long-Term Assets": {"2020-09-30": "713.00000", "2020-06-30": "812.00000", "2020-03-31": "935.00000", "2019-12-31": "1039.00000", "2019-09-30": "618.00000", "2019-06-30": "705.00000", "2019-03-31": "831.00000", "2018-12-31": "752.00000", "2018-09-30": "413.00000", "2018-06-30": "572.00000", "2018-03-31": "592.00000", "2017-12-31": "697.00000", "2017-09-30": "1530.00000", "2017-06-30": "1686.00000", "2017-03-31": "1949.00000", "2016-12-31": "1153.00000", "2016-09-30": "907.00000", "2016-06-30": "1076.00000", "2016-03-31": "1238.00000", "2015-12-31": "1286.00000", "2015-09-30": "1218.00000", "2015-06-30": "1301.00000", "2015-03-31": "1345.00000", "2014-12-31": "1456.00000", "2014-09-30": "1169.00000", "2014-06-30": "1279.00000", "2014-03-31": "1386.00000", "2013-12-31": "1783.00000", "2013-09-30": "1932.00000", "2013-06-30": "1638.00000", "2013-03-31": "1665.00000", "2012-12-31": "1719.00000", "2012-09-30": "1580.00000", "2012-06-30": "1588.00000", "2012-03-31": "1716.00000", "2011-12-31": "1641.00000", "2011-09-30": "1153.00000", "2011-06-30": "769.00000", "2011-03-31": "818.00000", "2010-12-31": "553.00000", "2010-09-30": "942.00000", "2010-06-30": "959.00000", "2010-03-31": "908.00000", "2009-12-31": "866.00000", "2009-09-30": "930.00000", "2009-06-30": "771.00000", "2009-03-31": "934.00000", "2008-12-31": "1013.00000", "2008-09-30": "550.00000", "2008-06-30": "558.00000", "2008-03-31": "596.00000", "2007-12-31": "820.00000", "2007-09-30": "570.00000", "2007-06-30": "573.00000", "2007-03-31": "586.00000", "2006-12-31": "573.00000", "2006-09-30": "587.00000", "2006-06-30": "626.00000", "2006-03-31": "591.00000", "2005-12-31": "656.00000", "2005-09-30": "733.16400", "2005-06-30": "730.14800", "2005-03-31": "746.93600"}, "Total Long-Term Assets": {"2020-09-30": "40776.00000", "2020-06-30": "40417.00000", "2020-03-31": "40087.00000", "2019-12-31": "39857.00000", "2019-09-30": "38890.00000", "2019-06-30": "38498.00000", "2019-03-31": "38176.00000", "2018-12-31": "37671.00000", "2018-09-30": "36847.00000", "2018-06-30": "36608.00000", "2018-03-31": "36485.00000", "2017-12-31": "39147.00000", "2017-09-30": "40718.00000", "2017-06-30": "40572.00000", "2017-03-31": "40452.00000", "2016-12-31": "40198.00000", "2016-09-30": "48481.00000", "2016-06-30": "48325.00000", "2016-03-31": "49465.00000", "2015-12-31": "49054.00000", "2015-09-30": "48830.00000", "2015-06-30": "48892.00000", "2015-03-31": "48510.00000", "2014-12-31": "48290.00000", "2014-09-30": "47439.00000", "2014-06-30": "47205.00000", "2014-03-31": "46651.00000", "2013-12-31": "46411.00000", "2013-09-30": "46824.00000", "2013-06-30": "46597.00000", "2013-03-31": "46925.00000", "2012-12-31": "46726.00000", "2012-09-30": "45029.00000", "2012-06-30": "44440.00000", "2012-03-31": "44214.00000", "2011-12-31": "43971.00000", "2011-09-30": "43070.00000", "2011-06-30": "43478.00000", "2011-03-31": "43220.00000", "2010-12-31": "31833.00000", "2010-09-30": "31316.00000", "2010-06-30": "31352.00000", "2010-03-31": "31224.00000", "2009-12-31": "30984.00000", "2009-09-30": "30904.00000", "2009-06-30": "30656.00000", "2009-03-31": "30553.00000", "2008-12-31": "30468.00000", "2008-09-30": "30758.00000", "2008-06-30": "30710.00000", "2008-03-31": "30045.00000", "2007-12-31": "30081.00000", "2007-09-30": "29247.00000", "2007-06-30": "29497.00000", "2007-03-31": "29443.00000", "2006-12-31": "29113.00000", "2006-09-30": "29948.00000", "2006-06-30": "29766.00000", "2006-03-31": "29698.00000", "2005-12-31": "29524.00000", "2005-09-30": "28967.21000", "2005-06-30": "28907.21000", "2005-03-31": "29194.27000"}, "Total Assets": {"2020-09-30": "42938.00000", "2020-06-30": "42403.00000", "2020-03-31": "42090.00000", "2019-12-31": "42301.00000", "2019-09-30": "41506.00000", "2019-06-30": "40884.00000", "2019-03-31": "40490.00000", "2018-12-31": "40063.00000", "2018-09-30": "39443.00000", "2018-06-30": "38971.00000", "2018-03-31": "38795.00000", "2017-12-31": "42257.00000", "2017-09-30": "43649.00000", "2017-06-30": "43327.00000", "2017-03-31": "43212.00000", "2016-12-31": "43148.00000", "2016-09-30": "51961.00000", "2016-06-30": "51401.00000", "2016-03-31": "52695.00000", "2015-12-31": "52094.00000", "2015-09-30": "52663.00000", "2015-06-30": "53005.00000", "2015-03-31": "52521.00000", "2014-12-31": "51648.00000", "2014-09-30": "51224.00000", "2014-06-30": "51388.00000", "2014-03-31": "51228.00000", "2013-12-31": "50424.00000", "2013-09-30": "50383.00000", "2013-06-30": "50157.00000", "2013-03-31": "50424.00000", "2012-12-31": "50494.00000", "2012-09-30": "48738.00000", "2012-06-30": "48048.00000", "2012-03-31": "47691.00000", "2011-12-31": "47326.00000", "2011-09-30": "46661.00000", "2011-06-30": "47596.00000", "2011-03-31": "47866.00000", "2010-12-31": "35531.00000", "2010-09-30": "34707.00000", "2010-06-30": "34466.00000", "2010-03-31": "34078.00000", "2009-12-31": "34304.00000", "2009-09-30": "34674.00000", "2009-06-30": "34306.00000", "2009-03-31": "33557.00000", "2008-12-31": "33521.00000", "2008-09-30": "33562.00000", "2008-06-30": "33545.00000", "2008-03-31": "32415.00000", "2007-12-31": "32311.00000", "2007-09-30": "31653.00000", "2007-06-30": "32033.00000", "2007-03-31": "31790.00000", "2006-12-31": "31196.00000", "2006-09-30": "32162.00000", "2006-06-30": "32578.00000", "2006-03-31": "31797.00000", "2005-12-31": "31841.00000", "2005-09-30": "31373.94000", "2005-06-30": "31211.24000", "2005-03-31": "31260.56000"}, "Total Current Liabilities": {"2020-09-30": "3077.00000", "2020-06-30": "2544.00000", "2020-03-31": "3697.00000", "2019-12-31": "4862.00000", "2019-09-30": "4239.00000", "2019-06-30": "3983.00000", "2019-03-31": "4324.00000", "2018-12-31": "4634.00000", "2018-09-30": "5800.00000", "2018-06-30": "5068.00000", "2018-03-31": "5065.00000", "2017-12-31": "4113.00000", "2017-09-30": "4255.00000", "2017-06-30": "4647.00000", "2017-03-31": "7657.00000", "2016-12-31": "7126.00000", "2016-09-30": "7043.00000", "2016-06-30": "6759.00000", "2016-03-31": "6389.00000", "2015-12-31": "5602.00000", "2015-09-30": "5876.00000", "2015-06-30": "6789.00000", "2015-03-31": "6262.00000", "2014-12-31": "5561.00000", "2014-09-30": "5979.00000", "2014-06-30": "6173.00000", "2014-03-31": "7737.00000", "2013-12-31": "7637.00000", "2013-09-30": "7955.00000", "2013-06-30": "7533.00000", "2013-03-31": "7132.00000", "2012-12-31": "7605.00000", "2012-09-30": "5920.00000", "2012-06-30": "6082.00000", "2012-03-31": "5773.00000", "2011-12-31": "4855.00000", "2011-09-30": "4863.00000", "2011-06-30": "5544.00000", "2011-03-31": "5162.00000", "2010-12-31": "4704.00000", "2010-09-30": "4972.00000", "2010-06-30": "5045.00000", "2010-03-31": "4886.00000", "2009-12-31": "5188.00000", "2009-09-30": "5736.00000", "2009-06-30": "6228.00000", "2009-03-31": "6695.00000", "2008-12-31": "7098.00000", "2008-09-30": "7047.00000", "2008-06-30": "7137.00000", "2008-03-31": "6169.00000", "2007-12-31": "5148.00000", "2007-09-30": "5378.00000", "2007-06-30": "6282.00000", "2007-03-31": "6398.00000", "2006-12-31": "5255.00000", "2006-09-30": "5264.00000", "2006-06-30": "5389.00000", "2006-03-31": "5450.00000", "2005-12-31": "5453.00000", "2005-09-30": "3844.84600", "2005-06-30": "3753.97200", "2005-03-31": "3642.95400"}, "Long Term Debt": {"2020-09-30": "22203.00000", "2020-06-30": "21980.00000", "2020-03-31": "20821.00000", "2019-12-31": "19618.00000", "2019-09-30": "19422.00000", "2019-06-30": "19053.00000", "2019-03-31": "18814.00000", "2018-12-31": "17751.00000", "2018-09-30": "16608.00000", "2018-06-30": "16461.00000", "2018-03-31": "16740.00000", "2017-12-31": "18687.00000", "2017-09-30": "21089.00000", "2017-06-30": "20582.00000", "2017-03-31": "17762.00000", "2016-12-31": "18192.00000", "2016-09-30": "18532.00000", "2016-06-30": "18348.00000", "2016-03-31": "18878.00000", "2015-12-31": "19099.00000", "2015-09-30": "19093.00000", "2015-06-30": "18570.00000", "2015-03-31": "19130.00000", "2014-12-31": "19176.00000", "2014-09-30": "18531.00000", "2014-06-30": "18415.00000", "2014-03-31": "16804.00000", "2013-12-31": "15831.00000", "2013-09-30": "15291.00000", "2013-06-30": "15449.00000", "2013-03-31": "15814.00000", "2012-12-31": "15179.00000", "2012-09-30": "15627.00000", "2012-06-30": "15159.00000", "2012-03-31": "15527.00000", "2011-12-31": "15716.00000", "2011-09-30": "15823.00000", "2011-06-30": "16491.00000", "2011-03-31": "17535.00000", "2010-12-31": "12579.00000", "2010-09-30": "12104.00000", "2010-06-30": "11861.00000", "2010-03-31": "11847.00000", "2009-12-31": "12008.00000", "2009-09-30": "11647.00000", "2009-06-30": "10399.00000", "2009-03-31": "9697.00000", "2008-12-31": "9100.00000", "2008-09-30": "8674.00000", "2008-06-30": "8603.00000", "2008-03-31": "8332.00000", "2007-12-31": "8869.00000", "2007-09-30": "8617.00000", "2007-06-30": "8742.00000", "2007-03-31": "8546.00000", "2006-12-31": "8535.00000", "2006-09-30": "8760.00000", "2006-06-30": "8729.00000", "2006-03-31": "8004.00000", "2005-12-31": "8155.00000", "2005-09-30": "9418.73400", "2005-06-30": "9568.95400", "2005-03-31": "9719.89300"}, "Other Non-Current Liabilities": {"2020-09-30": "4092.00000", "2020-06-30": "4459.00000", "2020-03-31": "4529.00000", "2019-12-31": "4932.00000", "2019-09-30": "5270.00000", "2019-06-30": "5405.00000", "2019-03-31": "5383.00000", "2018-12-31": "5456.00000", "2018-09-30": "4993.00000", "2018-06-30": "4404.00000", "2018-03-31": "4393.00000", "2017-12-31": "4858.00000", "2017-09-30": "3128.00000", "2017-06-30": "3262.00000", "2017-03-31": "3268.00000", "2016-12-31": "3348.00000", "2016-09-30": "2902.00000", "2016-06-30": "3048.00000", "2016-03-31": "3051.00000", "2015-12-31": "3162.00000", "2015-09-30": "2825.00000", "2015-06-30": "2987.00000", "2015-03-31": "2935.00000", "2014-12-31": "3194.00000", "2014-09-30": "3235.00000", "2014-06-30": "3461.00000", "2014-03-31": "3491.00000", "2013-12-31": "3746.00000", "2013-09-30": "4017.00000", "2013-06-30": "3982.00000", "2013-03-31": "3983.00000", "2012-12-31": "4029.00000", "2012-09-30": "4028.00000", "2012-06-30": "4087.00000", "2012-03-31": "3991.00000", "2011-12-31": "4038.00000", "2011-09-30": "4666.00000", "2011-06-30": "4316.00000", "2011-03-31": "4384.00000", "2010-12-31": "3309.00000", "2010-09-30": "3607.00000", "2010-06-30": "3524.00000", "2010-03-31": "3697.00000", "2009-12-31": "3556.00000", "2009-09-30": "3735.00000", "2009-06-30": "3748.00000", "2009-03-31": "3837.00000", "2008-12-31": "3934.00000", "2008-09-30": "3798.00000", "2008-06-30": "3898.00000", "2008-03-31": "4243.00000", "2007-12-31": "4692.00000", "2007-09-30": "4586.00000", "2007-06-30": "4603.00000", "2007-03-31": "4801.00000", "2006-12-31": "4687.00000", "2006-09-30": "4700.00000", "2006-06-30": "4671.00000", "2006-03-31": "4776.00000", "2005-12-31": "4819.00000", "2005-09-30": "5409.94200", "2005-06-30": "5335.69100", "2005-03-31": "5436.20100"}, "Total Long Term Liabilities": {"2020-09-30": "32673.00000", "2020-06-30": "32716.00000", "2020-03-31": "31579.00000", "2019-12-31": "30464.00000", "2019-09-30": "29995.00000", "2019-06-30": "29632.00000", "2019-03-31": "29234.00000", "2018-12-31": "28615.00000", "2018-09-30": "26770.00000", "2018-06-30": "26204.00000", "2018-03-31": "26355.00000", "2017-12-31": "34219.00000", "2017-09-30": "32988.00000", "2017-06-30": "32360.00000", "2017-03-31": "29416.00000", "2016-12-31": "29781.00000", "2016-09-30": "33415.00000", "2016-06-30": "33235.00000", "2016-03-31": "33842.00000", "2015-12-31": "34070.00000", "2015-09-30": "34159.00000", "2015-06-30": "33685.00000", "2015-03-31": "33909.00000", "2014-12-31": "33665.00000", "2014-09-30": "32541.00000", "2014-06-30": "32530.00000", "2014-03-31": "30886.00000", "2013-12-31": "30092.00000", "2013-09-30": "29881.00000", "2013-06-30": "29821.00000", "2013-03-31": "30292.00000", "2012-12-31": "29796.00000", "2012-09-30": "29369.00000", "2012-06-30": "28454.00000", "2012-03-31": "28579.00000", "2011-12-31": "29172.00000", "2011-09-30": "28783.00000", "2011-06-30": "29102.00000", "2011-03-31": "30015.00000", "2010-12-31": "21875.00000", "2010-09-30": "21044.00000", "2010-06-30": "20602.00000", "2010-03-31": "20657.00000", "2009-12-31": "20559.00000", "2009-09-30": "20445.00000", "2009-06-30": "19077.00000", "2009-03-31": "18578.00000", "2008-12-31": "18108.00000", "2008-09-30": "17214.00000", "2008-06-30": "17187.00000", "2008-03-31": "17255.00000", "2007-12-31": "18186.00000", "2007-09-30": "17507.00000", "2007-06-30": "17111.00000", "2007-03-31": "17093.00000", "2006-12-31": "16906.00000", "2006-09-30": "17610.00000", "2006-06-30": "17547.00000", "2006-03-31": "16873.00000", "2005-12-31": "17016.00000", "2005-09-30": "18517.42000", "2005-06-30": "18603.16000", "2005-03-31": "18757.94000"}, "Total Liabilities": {"2020-09-30": "35750.00000", "2020-06-30": "35260.00000", "2020-03-31": "35276.00000", "2019-12-31": "35326.00000", "2019-09-30": "34234.00000", "2019-06-30": "33615.00000", "2019-03-31": "33558.00000", "2018-12-31": "33249.00000", "2018-09-30": "32570.00000", "2018-06-30": "31272.00000", "2018-03-31": "31420.00000", "2017-12-31": "38332.00000", "2017-09-30": "37243.00000", "2017-06-30": "37007.00000", "2017-03-31": "37073.00000", "2016-12-31": "36907.00000", "2016-09-30": "40458.00000", "2016-06-30": "39994.00000", "2016-03-31": "40231.00000", "2015-12-31": "39672.00000", "2015-09-30": "40035.00000", "2015-06-30": "40474.00000", "2015-03-31": "40171.00000", "2014-12-31": "39226.00000", "2014-09-30": "38520.00000", "2014-06-30": "38703.00000", "2014-03-31": "38623.00000", "2013-12-31": "37729.00000", "2013-09-30": "37836.00000", "2013-06-30": "37354.00000", "2013-03-31": "37424.00000", "2012-12-31": "37401.00000", "2012-09-30": "35289.00000", "2012-06-30": "34536.00000", "2012-03-31": "34352.00000", "2011-12-31": "34027.00000", "2011-09-30": "33646.00000", "2011-06-30": "34646.00000", "2011-03-31": "35177.00000", "2010-12-31": "26579.00000", "2010-09-30": "26016.00000", "2010-06-30": "25647.00000", "2010-03-31": "25543.00000", "2009-12-31": "25747.00000", "2009-09-30": "26181.00000", "2009-06-30": "25305.00000", "2009-03-31": "25273.00000", "2008-12-31": "25206.00000", "2008-09-30": "24261.00000", "2008-06-30": "24324.00000", "2008-03-31": "23424.00000", "2007-12-31": "23334.00000", "2007-09-30": "22885.00000", "2007-06-30": "23393.00000", "2007-03-31": "23491.00000", "2006-12-31": "22161.00000", "2006-09-30": "22874.00000", "2006-06-30": "22936.00000", "2006-03-31": "22323.00000", "2005-12-31": "22469.00000", "2005-09-30": "22362.26000", "2005-06-30": "22357.13000", "2005-03-31": "22400.89000"}, "Common Stock Net": {"2020-09-30": "54.00000", "2020-06-30": "54.00000", "2020-03-31": "54.00000", "2019-12-31": "54.00000", "2019-09-30": "54.00000", "2019-06-30": "53.00000", "2019-03-31": "53.00000", "2018-12-31": "51.00000", "2018-09-30": "51.00000", "2018-06-30": "48.00000", "2018-03-31": "48.00000", "2017-12-31": "44.00000", "2017-09-30": "44.00000", "2017-06-30": "44.00000", "2017-03-31": "44.00000", "2016-12-31": "44.00000", "2016-09-30": "43.00000", "2016-06-30": "42.00000", "2016-03-31": "42.00000", "2015-12-31": "42.00000", "2015-09-30": "42.00000", "2015-06-30": "42.00000", "2015-03-31": "42.00000", "2014-12-31": "42.00000", "2014-09-30": "42.00000", "2014-06-30": "42.00000", "2014-03-31": "42.00000", "2013-12-31": "42.00000", "2013-09-30": "42.00000", "2013-06-30": "42.00000", "2013-03-31": "42.00000", "2012-12-31": "42.00000", "2012-09-30": "42.00000", "2012-06-30": "42.00000", "2012-03-31": "42.00000", "2011-12-31": "42.00000", "2011-09-30": "42.00000", "2011-06-30": "42.00000", "2011-03-31": "42.00000", "2010-12-31": "31.00000", "2010-09-30": "31.00000", "2010-06-30": "31.00000", "2010-03-31": "31.00000", "2009-12-31": "31.00000", "2009-09-30": "31.00000", "2009-06-30": "31.00000", "2009-03-31": "31.00000", "2008-12-31": "31.00000", "2008-09-30": "31.00000", "2008-06-30": "31.00000", "2008-03-31": "31.00000", "2007-12-31": "31.00000", "2007-09-30": "30.00000", "2007-06-30": "30.00000", "2007-03-31": "30.00000", "2006-12-31": "32.00000", "2006-09-30": "32.00000", "2006-06-30": "33.00000", "2006-03-31": "33.00000", "2005-12-31": "33.00000", "2005-09-30": "32.98400", "2005-06-30": "32.98400", "2005-03-31": "32.98400"}, "Retained Earnings (Accumulated Deficit)": {"2020-09-30": "-3130.00000", "2020-06-30": "-3584.00000", "2020-03-31": "-3893.00000", "2019-12-31": "-3967.00000", "2019-09-30": "-3856.00000", "2019-06-30": "-4247.00000", "2019-03-31": "-4559.00000", "2018-12-31": "-4879.00000", "2018-09-30": "-5017.00000", "2018-06-30": "-4559.00000", "2018-03-31": "-4858.00000", "2017-12-31": "-6262.00000", "2017-09-30": "-3763.00000", "2017-06-30": "-4159.00000", "2017-03-31": "-4333.00000", "2016-12-31": "-4532.00000", "2016-09-30": "1264.00000", "2016-06-30": "1190.00000", "2016-03-31": "2279.00000", "2015-12-31": "2256.00000", "2015-09-30": "2482.00000", "2015-06-30": "2391.00000", "2015-03-31": "2205.00000", "2014-12-31": "2285.00000", "2014-09-30": "2592.00000", "2014-06-30": "2560.00000", "2014-03-31": "2496.00000", "2013-12-31": "2590.00000", "2013-09-30": "2448.00000", "2013-06-30": "2690.00000", "2013-03-31": "2854.00000", "2012-12-31": "2888.00000", "2012-09-30": "3266.00000", "2012-06-30": "3310.00000", "2012-03-31": "3122.00000", "2011-12-31": "3047.00000", "2011-09-30": "4658.00000", "2011-06-30": "4607.00000", "2011-03-31": "4426.00000", "2010-12-31": "3084.00000", "2010-09-30": "4591.00000", "2010-06-30": "4747.00000", "2010-03-31": "4482.00000", "2009-12-31": "4495.00000", "2009-09-30": "4424.00000", "2009-06-30": "4525.00000", "2009-03-31": "4110.00000", "2008-12-31": "4159.00000", "2008-09-30": "3994.00000", "2008-06-30": "3858.00000", "2008-03-31": "3596.00000", "2007-12-31": "3487.00000", "2007-09-30": "3387.00000", "2007-06-30": "3279.00000", "2007-03-31": "2941.00000", "2006-12-31": "2806.00000", "2006-09-30": "2695.00000", "2006-06-30": "2385.00000", "2006-03-31": "2232.00000", "2005-12-31": "2159.00000", "2005-09-30": "2115.43400", "2005-06-30": "1924.09700", "2005-03-31": "1881.04700"}, "Comprehensive Income": {"2020-09-30": "-2.00000", "2020-06-30": "", "2020-03-31": "2.00000", "2019-12-31": "20.00000", "2019-09-30": "27.00000", "2019-06-30": "31.00000", "2019-03-31": "36.00000", "2018-12-31": "41.00000", "2018-09-30": "61.00000", "2018-06-30": "73.00000", "2018-03-31": "86.00000", "2017-12-31": "142.00000", "2017-09-30": "151.00000", "2017-06-30": "163.00000", "2017-03-31": "175.00000", "2016-12-31": "174.00000", "2016-09-30": "184.00000", "2016-06-30": "191.00000", "2016-03-31": "179.00000", "2015-12-31": "171.00000", "2015-09-30": "177.00000", "2015-06-30": "202.00000", "2015-03-31": "230.00000", "2014-12-31": "246.00000", "2014-09-30": "232.00000", "2014-06-30": "264.00000", "2014-03-31": "271.00000", "2013-12-31": "284.00000", "2013-09-30": "299.00000", "2013-06-30": "323.00000", "2013-03-31": "361.00000", "2012-12-31": "385.00000", "2012-09-30": "367.00000", "2012-06-30": "389.00000", "2012-03-31": "405.00000", "2011-12-31": "426.00000", "2011-09-30": "-1436.00000", "2011-06-30": "-1433.00000", "2011-03-31": "-1518.00000", "2010-12-31": "425.00000", "2010-09-30": "-1350.00000", "2010-06-30": "-1379.00000", "2010-03-31": "-1399.00000", "2009-12-31": "-1415.00000", "2009-09-30": "-1401.00000", "2009-06-30": "-1048.00000", "2009-03-31": "-1350.00000", "2008-12-31": "-1380.00000", "2008-09-30": "-189.00000", "2008-06-30": "-129.00000", "2008-03-31": "-108.00000", "2007-12-31": "-50.00000", "2007-09-30": "-213.00000", "2007-06-30": "-217.00000", "2007-03-31": "-241.00000", "2006-12-31": "-259.00000", "2006-09-30": "34.00000", "2006-06-30": "35.00000", "2006-03-31": "27.00000", "2005-12-31": "-20.00000", "2005-09-30": "-323.60100", "2005-06-30": "-330.02800", "2005-03-31": "-313.64600"}, "Other Share Holders Equity": {"2020-09-30": "", "2020-06-30": "", "2020-03-31": "", "2019-12-31": "", "2019-09-30": "", "2019-06-30": "", "2019-03-31": "", "2018-12-31": "", "2018-09-30": "", "2018-06-30": "", "2018-03-31": "", "2017-12-31": "", "2017-09-30": "", "2017-06-30": "", "2017-03-31": "", "2016-12-31": "", "2016-09-30": "", "2016-06-30": "", "2016-03-31": "", "2015-12-31": "", "2015-09-30": "", "2015-06-30": "", "2015-03-31": "", "2014-12-31": "", "2014-09-30": "", "2014-06-30": "", "2014-03-31": "", "2013-12-31": "", "2013-09-30": "", "2013-06-30": "", "2013-03-31": "", "2012-12-31": "", "2012-09-30": "", "2012-06-30": "", "2012-03-31": "", "2011-12-31": "", "2011-09-30": "", "2011-06-30": "", "2011-03-31": "", "2010-12-31": "", "2010-09-30": "", "2010-06-30": "", "2010-03-31": "", "2009-12-31": "", "2009-09-30": "", "2009-06-30": "", "2009-03-31": "", "2008-12-31": "", "2008-09-30": "", "2008-06-30": "", "2008-03-31": "", "2007-12-31": "", "2007-09-30": "", "2007-06-30": "", "2007-03-31": "", "2006-12-31": "", "2006-09-30": "", "2006-06-30": "", "2006-03-31": "", "2005-12-31": "", "2005-09-30": "", "2005-06-30": "", "2005-03-31": ""}, "Share Holder Equity": {"2020-09-30": "7188.00000", "2020-06-30": "7143.00000", "2020-03-31": "6814.00000", "2019-12-31": "6975.00000", "2019-09-30": "7272.00000", "2019-06-30": "7269.00000", "2019-03-31": "6932.00000", "2018-12-31": "6814.00000", "2018-09-30": "6873.00000", "2018-06-30": "7699.00000", "2018-03-31": "7375.00000", "2017-12-31": "3925.00000", "2017-09-30": "6406.00000", "2017-06-30": "6320.00000", "2017-03-31": "6139.00000", "2016-12-31": "6241.00000", "2016-09-30": "11503.00000", "2016-06-30": "11407.00000", "2016-03-31": "12464.00000", "2015-12-31": "12422.00000", "2015-09-30": "12628.00000", "2015-06-30": "12531.00000", "2015-03-31": "12350.00000", "2014-12-31": "12422.00000", "2014-09-30": "12704.00000", "2014-06-30": "12685.00000", "2014-03-31": "12605.00000", "2013-12-31": "12695.00000", "2013-09-30": "12547.00000", "2013-06-30": "12803.00000", "2013-03-31": "13000.00000", "2012-12-31": "13093.00000", "2012-09-30": "13449.00000", "2012-06-30": "13512.00000", "2012-03-31": "13339.00000", "2011-12-31": "13299.00000", "2011-09-30": "13015.00000", "2011-06-30": "12950.00000", "2011-03-31": "12689.00000", "2010-12-31": "8952.00000", "2010-09-30": "8691.00000", "2010-06-30": "8819.00000", "2010-03-31": "8535.00000", "2009-12-31": "8557.00000", "2009-09-30": "8493.00000", "2009-06-30": "9001.00000", "2009-03-31": "8284.00000", "2008-12-31": "8315.00000", "2008-09-30": "9301.00000", "2008-06-30": "9221.00000", "2008-03-31": "8991.00000", "2007-12-31": "8977.00000", "2007-09-30": "8768.00000", "2007-06-30": "8640.00000", "2007-03-31": "8299.00000", "2006-12-31": "9035.00000", "2006-09-30": "9288.00000", "2006-06-30": "9642.00000", "2006-03-31": "9474.00000", "2005-12-31": "9372.00000", "2005-09-30": "9011.67800", "2005-06-30": "8854.11500", "2005-03-31": "8859.67200"}, "Total Liabilities And Share Holders Equity": {"2020-09-30": "42938.00000", "2020-06-30": "42403.00000", "2020-03-31": "42090.00000", "2019-12-31": "42301.00000", "2019-09-30": "41506.00000", "2019-06-30": "40884.00000", "2019-03-31": "40490.00000", "2018-12-31": "40063.00000", "2018-09-30": "39443.00000", "2018-06-30": "38971.00000", "2018-03-31": "38795.00000", "2017-12-31": "42257.00000", "2017-09-30": "43649.00000", "2017-06-30": "43327.00000", "2017-03-31": "43212.00000", "2016-12-31": "43148.00000", "2016-09-30": "51961.00000", "2016-06-30": "51401.00000", "2016-03-31": "52695.00000", "2015-12-31": "52094.00000", "2015-09-30": "52663.00000", "2015-06-30": "53005.00000", "2015-03-31": "52521.00000", "2014-12-31": "51648.00000", "2014-09-30": "51224.00000", "2014-06-30": "51388.00000", "2014-03-31": "51228.00000", "2013-12-31": "50424.00000", "2013-09-30": "50383.00000", "2013-06-30": "50157.00000", "2013-03-31": "50424.00000", "2012-12-31": "50494.00000", "2012-09-30": "48738.00000", "2012-06-30": "48048.00000", "2012-03-31": "47691.00000", "2011-12-31": "47326.00000", "2011-09-30": "46661.00000", "2011-06-30": "47596.00000", "2011-03-31": "47866.00000", "2010-12-31": "35531.00000", "2010-09-30": "34707.00000", "2010-06-30": "34466.00000", "2010-03-31": "34078.00000", "2009-12-31": "34304.00000", "2009-09-30": "34674.00000", "2009-06-30": "34306.00000", "2009-03-31": "33557.00000", "2008-12-31": "33521.00000", "2008-09-30": "33562.00000", "2008-06-30": "33545.00000", "2008-03-31": "32415.00000", "2007-12-31": "32311.00000", "2007-09-30": "31653.00000", "2007-06-30": "32033.00000", "2007-03-31": "31790.00000", "2006-12-31": "31196.00000", "2006-09-30": "32162.00000", "2006-06-30": "32578.00000", "2006-03-31": "31797.00000", "2005-12-31": "31841.00000", "2005-09-30": "31373.94000", "2005-06-30": "31211.24000", "2005-03-31": "31260.56000"}}, "cash flow statement": {"Net Income/Loss": {"2019-12-31": "912.00000", "2018-12-31": "1348.00000", "2017-12-31": "-1724.00000", "2016-12-31": "-6177.00000", "2015-12-31": "578.00000", "2014-12-31": "299.00000", "2013-12-31": "392.00000", "2012-12-31": "771.00000", "2011-12-31": "869.00000", "2010-12-31": "718.00000", "2009-12-31": "856.00000", "2008-12-31": "1339.00000", "2007-12-31": "1312.00000", "2006-12-31": "1254.00000", "2005-12-31": "861.00000"}, "Total Depreciation And Amortization - Cash Flow": {"2019-12-31": "1217.00000", "2018-12-31": "1384.00000", "2017-12-31": "1700.00000", "2016-12-31": "1974.00000", "2015-12-31": "1874.00000", "2014-12-31": "1640.00000", "2013-12-31": "2070.00000", "2012-12-31": "1327.00000", "2011-12-31": "1737.00000", "2010-12-31": "1654.00000", "2009-12-31": "1904.00000", "2008-12-31": "1842.00000", "2007-12-31": "1758.00000", "2006-12-31": "1547.00000", "2005-12-31": "1959.00000"}, "Other Non-Cash Items": {"2019-12-31": "289.00000", "2018-12-31": "-1165.00000", "2017-12-31": "3448.00000", "2016-12-31": "7444.00000", "2015-12-31": "828.00000", "2014-12-31": "808.00000", "2013-12-31": "517.00000", "2012-12-31": "315.00000", "2011-12-31": "74.00000", "2010-12-31": "507.00000", "2009-12-31": "-383.00000", "2008-12-31": "-595.00000", "2007-12-31": "-1490.00000", "2006-12-31": "-906.00000", "2005-12-31": "-1226.00000"}, "Total Non-Cash Items": {"2019-12-31": "1506.00000", "2018-12-31": "219.00000", "2017-12-31": "5148.00000", "2016-12-31": "9418.00000", "2015-12-31": "2702.00000", "2014-12-31": "2448.00000", "2013-12-31": "2587.00000", "2012-12-31": "1642.00000", "2011-12-31": "1811.00000", "2010-12-31": "2161.00000", "2009-12-31": "1521.00000", "2008-12-31": "1247.00000", "2007-12-31": "268.00000", "2006-12-31": "641.00000", "2005-12-31": "733.00000"}, "Change In Accounts Receivable": {"2019-12-31": "271.00000", "2018-12-31": "-248.00000", "2017-12-31": "-39.00000", "2016-12-31": "-11.00000", "2015-12-31": "184.00000", "2014-12-31": "139.00000", "2013-12-31": "-114.00000", "2012-12-31": "-13.00000", "2011-12-31": "147.00000", "2010-12-31": "-177.00000", "2009-12-31": "75.00000", "2008-12-31": "-29.00000", "2007-12-31": "-136.00000", "2006-12-31": "105.00000", "2005-12-31": "-87.00000"}, "Change In Inventories": {"2019-12-31": "-37.00000", "2018-12-31": "24.00000", "2017-12-31": "-6.00000", "2016-12-31": "41.00000", "2015-12-31": "-15.00000", "2014-12-31": "-65.00000", "2013-12-31": "96.00000", "2012-12-31": "-50.00000", "2011-12-31": "14.00000", "2010-12-31": "2.00000", "2009-12-31": "-11.00000", "2008-12-31": "-52.00000", "2007-12-31": "79.00000", "2006-12-31": "-25.00000", "2005-12-31": "-32.00000"}, "Change In Accounts Payable": {"2019-12-31": "-49.00000", "2018-12-31": "109.00000", "2017-12-31": "72.00000", "2016-12-31": "-37.00000", "2015-12-31": "-243.00000", "2014-12-31": "42.00000", "2013-12-31": "-25.00000", "2012-12-31": "100.00000", "2011-12-31": "60.00000", "2010-12-31": "43.00000", "2009-12-31": "50.00000", "2008-12-31": "10.00000", "2007-12-31": "51.00000", "2006-12-31": "99.00000", "2005-12-31": "32.00000"}, "Change In Assets/Liabilities": {"2019-12-31": "-94.00000", "2018-12-31": "-54.00000", "2017-12-31": "338.00000", "2016-12-31": "-33.00000", "2015-12-31": "220.00000", "2014-12-31": "37.00000", "2013-12-31": "-368.00000", "2012-12-31": "-61.00000", "2011-12-31": "22.00000", "2010-12-31": "115.00000", "2009-12-31": "10.00000", "2008-12-31": "-256.00000", "2007-12-31": "85.00000", "2006-12-31": "33.00000", "2005-12-31": "479.00000"}, "Total Change In Assets/Liabilities": {"2019-12-31": "49.00000", "2018-12-31": "-157.00000", "2017-12-31": "384.00000", "2016-12-31": "50.00000", "2015-12-31": "180.00000", "2014-12-31": "-34.00000", "2013-12-31": "-317.00000", "2012-12-31": "-93.00000", "2011-12-31": "383.00000", "2010-12-31": "68.00000", "2009-12-31": "88.00000", "2008-12-31": "-362.00000", "2007-12-31": "119.00000", "2006-12-31": "44.00000", "2005-12-31": "626.00000"}, "Cash Flow From Operating Activities": {"2019-12-31": "2467.00000", "2018-12-31": "1410.00000", "2017-12-31": "3808.00000", "2016-12-31": "3383.00000", "2015-12-31": "3460.00000", "2014-12-31": "2713.00000", "2013-12-31": "2662.00000", "2012-12-31": "2320.00000", "2011-12-31": "3063.00000", "2010-12-31": "3076.00000", "2009-12-31": "2465.00000", "2008-12-31": "2224.00000", "2007-12-31": "1699.00000", "2006-12-31": "1939.00000", "2005-12-31": "2220.00000"}, "Net Change In Property, Plant, And Equipment": {"2019-12-31": "-2618.00000", "2018-12-31": "-2250.00000", "2017-12-31": "-2199.00000", "2016-12-31": "-2820.00000", "2015-12-31": "-2684.00000", "2014-12-31": "-2918.00000", "2013-12-31": "-2634.00000", "2012-12-31": "-2661.00000", "2011-12-31": "-1289.00000", "2010-12-31": "-1663.00000", "2009-12-31": "-2182.00000", "2008-12-31": "-2816.00000", "2007-12-31": "-1591.00000", "2006-12-31": "-1153.00000", "2005-12-31": "-1104.00000"}, "Net Change In Intangible Assets": {"2019-12-31": "", "2018-12-31": "", "2017-12-31": "", "2016-12-31": "", "2015-12-31": "", "2014-12-31": "", "2013-12-31": "", "2012-12-31": "", "2011-12-31": "", "2010-12-31": "", "2009-12-31": "", "2008-12-31": "", "2007-12-31": "", "2006-12-31": "", "2005-12-31": ""}, "Net Acquisitions/Divestitures": {"2019-12-31": "", "2018-12-31": "", "2017-12-31": "", "2016-12-31": "", "2015-12-31": "", "2014-12-31": "", "2013-12-31": "", "2012-12-31": "", "2011-12-31": "", "2010-12-31": "", "2009-12-31": "", "2008-12-31": "", "2007-12-31": "", "2006-12-31": "", "2005-12-31": ""}, "Net Change In Short-term Investments": {"2019-12-31": "", "2018-12-31": "-500.00000", "2017-12-31": "", "2016-12-31": "", "2015-12-31": "", "2014-12-31": "", "2013-12-31": "-23.00000", "2012-12-31": "102.00000", "2011-12-31": "60.00000", "2010-12-31": "66.00000", "2009-12-31": "60.00000", "2008-12-31": "60.00000", "2007-12-31": "72.00000", "2006-12-31": "121.00000", "2005-12-31": "-42.00000"}, "Net Change In Long-Term Investments": {"2019-12-31": "-38.00000", "2018-12-31": "-54.00000", "2017-12-31": "-98.00000", "2016-12-31": "-111.00000", "2015-12-31": "-114.00000", "2014-12-31": "-103.00000", "2013-12-31": "-49.00000", "2012-12-31": "-40.00000", "2011-12-31": "-102.00000", "2010-12-31": "-47.00000", "2009-12-31": "-77.00000", "2008-12-31": "-93.00000", "2007-12-31": "-103.00000", "2006-12-31": "-15.00000", "2005-12-31": "-101.00000"}, "Net Change In Investments - Total": {"2019-12-31": "-38.00000", "2018-12-31": "-554.00000", "2017-12-31": "-98.00000", "2016-12-31": "-111.00000", "2015-12-31": "-114.00000", "2014-12-31": "-103.00000", "2013-12-31": "-72.00000", "2012-12-31": "62.00000", "2011-12-31": "-42.00000", "2010-12-31": "19.00000", "2009-12-31": "-17.00000", "2008-12-31": "-33.00000", "2007-12-31": "-31.00000", "2006-12-31": "106.00000", "2005-12-31": "-143.00000"}, "Investing Activities - Other": {"2019-12-31": "-217.00000", "2018-12-31": "-214.00000", "2017-12-31": "-426.00000", "2016-12-31": "-371.00000", "2015-12-31": "-324.00000", "2014-12-31": "-338.00000", "2013-12-31": "-387.00000", "2012-12-31": "-558.00000", "2011-12-31": "375.00000", "2010-12-31": "-304.00000", "2009-12-31": "14.00000", "2008-12-31": "-134.00000", "2007-12-31": "1309.00000", "2006-12-31": "-62.00000", "2005-12-31": "-86.00000"}, "Cash Flow From Investing Activities": {"2019-12-31": "-2873.00000", "2018-12-31": "-3018.00000", "2017-12-31": "-2723.00000", "2016-12-31": "-3302.00000", "2015-12-31": "-3122.00000", "2014-12-31": "-3359.00000", "2013-12-31": "-3093.00000", "2012-12-31": "-3157.00000", "2011-12-31": "-956.00000", "2010-12-31": "-1948.00000", "2009-12-31": "-2185.00000", "2008-12-31": "-2983.00000", "2007-12-31": "-313.00000", "2006-12-31": "-1109.00000", "2005-12-31": "-1333.00000"}, "Net Long-Term Debt": {"2019-12-31": "1511.00000", "2018-12-31": "-1134.00000", "2017-12-31": "2384.00000", "2016-12-31": "-355.00000", "2015-12-31": "432.00000", "2014-12-31": "2769.00000", "2013-12-31": "145.00000", "2012-12-31": "-190.00000", "2011-12-31": "-1305.00000", "2010-12-31": "84.00000", "2009-12-31": "2022.00000", "2008-12-31": "333.00000", "2007-12-31": "450.00000", "2006-12-31": "219.00000", "2005-12-31": "-703.00000"}, "Net Current Debt": {"2019-12-31": "", "2018-12-31": "950.00000", "2017-12-31": "-2375.00000", "2016-12-31": "975.00000", "2015-12-31": "-91.00000", "2014-12-31": "-1605.00000", "2013-12-31": "1435.00000", "2012-12-31": "1969.00000", "2011-12-31": "-700.00000", "2010-12-31": "-378.00000", "2009-12-31": "-1246.00000", "2008-12-31": "1494.00000", "2007-12-31": "-205.00000", "2006-12-31": "386.00000", "2005-12-31": "561.00000"}, "Debt Issuance/Retirement Net - Total": {"2019-12-31": "1511.00000", "2018-12-31": "-184.00000", "2017-12-31": "9.00000", "2016-12-31": "620.00000", "2015-12-31": "341.00000", "2014-12-31": "1164.00000", "2013-12-31": "1580.00000", "2012-12-31": "1779.00000", "2011-12-31": "-2005.00000", "2010-12-31": "-294.00000", "2009-12-31": "776.00000", "2008-12-31": "1827.00000", "2007-12-31": "245.00000", "2006-12-31": "605.00000", "2005-12-31": "-142.00000"}, "Net Common Equity Issued/Repurchased": {"2019-12-31": "", "2018-12-31": "850.00000", "2017-12-31": "", "2016-12-31": "", "2015-12-31": "", "2014-12-31": "", "2013-12-31": "-920.00000", "2012-12-31": "", "2011-12-31": "", "2010-12-31": "", "2009-12-31": "", "2008-12-31": "", "2007-12-31": "-969.00000", "2006-12-31": "-600.00000", "2005-12-31": ""}, "Net Total Equity Issued/Repurchased": {"2019-12-31": "", "2018-12-31": "2466.00000", "2017-12-31": "", "2016-12-31": "", "2015-12-31": "", "2014-12-31": "", "2013-12-31": "-920.00000", "2012-12-31": "", "2011-12-31": "", "2010-12-31": "", "2009-12-31": "", "2008-12-31": "", "2007-12-31": "-969.00000", "2006-12-31": "-793.00000", "2005-12-31": "-170.00000"}, "Total Common And Preferred Stock Dividends Paid": {"2019-12-31": "-820.00000", "2018-12-31": "-772.00000", "2017-12-31": "-639.00000", "2016-12-31": "-611.00000", "2015-12-31": "-607.00000", "2014-12-31": "-604.00000", "2013-12-31": "", "2012-12-31": "-920.00000", "2011-12-31": "-881.00000", "2010-12-31": "-670.00000", "2009-12-31": "-670.00000", "2008-12-31": "-671.00000", "2007-12-31": "-616.00000", "2006-12-31": "-586.00000", "2005-12-31": "-546.00000"}, "Financial Activities - Other": {"2019-12-31": "-35.00000", "2018-12-31": "-116.00000", "2017-12-31": "-72.00000", "2016-12-31": "-43.00000", "2015-12-31": "-26.00000", "2014-12-31": "-47.00000", "2013-12-31": "-183.00000", "2012-12-31": "-52.00000", "2011-12-31": "-38.00000", "2010-12-31": "-19.00000", "2009-12-31": "-57.00000", "2008-12-31": "19.00000", "2007-12-31": "-7.00000", "2006-12-31": "-30.00000", "2005-12-31": "-18.00000"}, "Cash Flow From Financial Activities": {"2019-12-31": "656.00000", "2018-12-31": "1394.00000", "2017-12-31": "-702.00000", "2016-12-31": "-34.00000", "2015-12-31": "-292.00000", "2014-12-31": "513.00000", "2013-12-31": "477.00000", "2012-12-31": "807.00000", "2011-12-31": "-2924.00000", "2010-12-31": "-983.00000", "2009-12-31": "49.00000", "2008-12-31": "1175.00000", "2007-12-31": "-1347.00000", "2006-12-31": "-804.00000", "2005-12-31": "-876.00000"}, "Net Cash Flow": {"2019-12-31": "250.00000", "2018-12-31": "-214.00000", "2017-12-31": "383.00000", "2016-12-31": "47.00000", "2015-12-31": "46.00000", "2014-12-31": "-133.00000", "2013-12-31": "46.00000", "2012-12-31": "-30.00000", "2011-12-31": "-817.00000", "2010-12-31": "145.00000", "2009-12-31": "329.00000", "2008-12-31": "416.00000", "2007-12-31": "39.00000", "2006-12-31": "26.00000", "2005-12-31": "11.00000"}, "Stock-Based Compensation": {"2019-12-31": "", "2018-12-31": "", "2017-12-31": "", "2016-12-31": "", "2015-12-31": "", "2014-12-31": "", "2013-12-31": "", "2012-12-31": "", "2011-12-31": "", "2010-12-31": "", "2009-12-31": "20.00000", "2008-12-31": "-64.00000", "2007-12-31": "-39.00000", "2006-12-31": "-37.00000", "2005-12-31": ""}, "Common Stock Dividends Paid": {"2019-12-31": "-814.00000", "2018-12-31": "-711.00000", "2017-12-31": "-639.00000", "2016-12-31": "-611.00000", "2015-12-31": "-607.00000", "2014-12-31": "-604.00000", "2013-12-31": "", "2012-12-31": "-920.00000", "2011-12-31": "-881.00000", "2010-12-31": "-670.00000", "2009-12-31": "-670.00000", "2008-12-31": "-671.00000", "2007-12-31": "-616.00000", "2006-12-31": "-586.00000", "2005-12-31": "-546.00000"}}, "cash flow statement, quarterly": {"Net Income/Loss": {"2020-09-30": 454, "2020-06-30": 309, "2020-03-31": "74.00000", "2019-12-31": -111, "2019-09-30": 391, "2019-06-30": 312, "2019-03-31": "320.00000", "2018-12-31": 138, "2018-09-30": -458, "2018-06-30": 299, "2018-03-31": "1369.00000", "2017-12-31": -2499, "2017-09-30": 396, "2017-06-30": 174, "2017-03-31": "205.00000", "2016-12-31": -5796, "2016-09-30": 380, "2016-06-30": -1089, "2016-03-31": "328.00000", "2015-12-31": -226, "2015-09-30": 395, "2015-06-30": 187, "2015-03-31": "222.00000", "2014-12-31": -306, "2014-09-30": 333, "2014-06-30": 64, "2014-03-31": "208.00000", "2013-12-31": 142, "2013-09-30": 218, "2013-06-30": -164, "2013-03-31": "196.00000", "2012-12-31": -148, "2012-09-30": 425, "2012-06-30": 188, "2012-03-31": "306.00000", "2011-12-31": 99, "2011-09-30": 530, "2011-06-30": 193, "2011-03-31": "47.00000", "2010-12-31": 138, "2010-09-30": 175, "2010-06-30": 256, "2010-03-31": "149.00000", "2009-12-31": 102, "2009-09-30": 231, "2009-06-30": 408, "2009-03-31": "115.00000", "2008-12-31": 328, "2008-09-30": 471, "2008-06-30": 263, "2008-03-31": "277.00000", "2007-12-31": 271, "2007-09-30": 413, "2007-06-30": 338, "2007-03-31": "290.00000", "2006-12-31": 275, "2006-09-30": 454, "2006-06-30": 304, "2006-03-31": "221.00000", "2005-12-31": 191, "2005-09-30": 332, "2005-06-30": 178, "2005-03-31": "160.00000"}, "Total Depreciation And Amortization - Cash Flow": {"2020-09-30": 202, "2020-06-30": 307, "2020-03-31": "295.00000", "2019-12-31": 148, "2019-09-30": 367, "2019-06-30": 357, "2019-03-31": "345.00000", "2018-12-31": 381, "2018-09-30": 399, "2018-06-30": 324, "2018-03-31": "280.00000", "2017-12-31": 393, "2017-09-30": 478, "2017-06-30": 413, "2017-03-31": "416.00000", "2016-12-31": 497, "2016-09-30": 527, "2016-06-30": 489, "2016-03-31": "461.00000", "2015-12-31": 491, "2015-09-30": 514, "2015-06-30": 444, "2015-03-31": "425.00000", "2014-12-31": 459, "2014-09-30": 404, "2014-06-30": 454, "2014-03-31": "323.00000", "2013-12-31": 562, "2013-09-30": 686, "2013-06-30": 417, "2013-03-31": "405.00000", "2012-12-31": 139, "2012-09-30": 381, "2012-06-30": 395, "2012-03-31": "412.00000", "2011-12-31": 432, "2011-09-30": 479, "2011-06-30": 422, "2011-03-31": "404.00000", "2010-12-31": 417, "2010-09-30": 405, "2010-06-30": 386, "2010-03-31": "446.00000", "2009-12-31": 359, "2009-09-30": 489, "2009-06-30": 441, "2009-03-31": "615.00000", "2008-12-31": 465, "2008-09-30": 490, "2008-06-30": 439, "2008-03-31": "448.00000", "2007-12-31": 421, "2007-09-30": 475, "2007-06-30": 429, "2007-03-31": "433.00000", "2006-12-31": 370, "2006-09-30": 422, "2006-06-30": 365, "2006-03-31": "390.00000", "2005-12-31": 469, "2005-09-30": 543, "2005-06-30": 474, "2005-03-31": "473.00000"}, "Other Non-Cash Items": {"2020-09-30": 53, "2020-06-30": 1, "2020-03-31": "-749.00000", "2019-12-31": 603, "2019-09-30": 38, "2019-06-30": 72, "2019-03-31": "-424.00000", "2018-12-31": 141, "2018-09-30": 953, "2018-06-30": -2, "2018-03-31": "-2257.00000", "2017-12-31": 2741, "2017-09-30": 282, "2017-06-30": 254, "2017-03-31": "171.00000", "2016-12-31": 5926, "2016-09-30": 122, "2016-06-30": 1396, "2016-03-31": "", "2015-12-31": 567, "2015-09-30": 177, "2015-06-30": 121, "2015-03-31": "-37.00000", "2014-12-31": 601, "2014-09-30": 172, "2014-06-30": -9, "2014-03-31": "44.00000", "2013-12-31": 170, "2013-09-30": -169, "2013-06-30": 317, "2013-03-31": "199.00000", "2012-12-31": 677, "2012-09-30": 231, "2012-06-30": -1, "2012-03-31": "-592.00000", "2011-12-31": -45, "2011-09-30": -4, "2011-06-30": 233, "2011-03-31": "-110.00000", "2010-12-31": 225, "2010-09-30": 339, "2010-06-30": -67, "2010-03-31": "10.00000", "2009-12-31": 52, "2009-09-30": -229, "2009-06-30": -48, "2009-03-31": "-158.00000", "2008-12-31": -257, "2008-09-30": 7, "2008-06-30": -234, "2008-03-31": "-111.00000", "2007-12-31": -281, "2007-09-30": -392, "2007-06-30": -291, "2007-03-31": "-526.00000", "2006-12-31": -193, "2006-09-30": -214, "2006-06-30": -307, "2006-03-31": "-192.00000", "2005-12-31": -590, "2005-09-30": -183, "2005-06-30": -210, "2005-03-31": "-243.00000"}, "Total Non-Cash Items": {"2020-09-30": 255, "2020-06-30": 308, "2020-03-31": "-454.00000", "2019-12-31": 751, "2019-09-30": 405, "2019-06-30": 429, "2019-03-31": "-79.00000", "2018-12-31": 522, "2018-09-30": 1352, "2018-06-30": 322, "2018-03-31": "-1977.00000", "2017-12-31": 3134, "2017-09-30": 760, "2017-06-30": 667, "2017-03-31": "587.00000", "2016-12-31": 6423, "2016-09-30": 649, "2016-06-30": 1885, "2016-03-31": "461.00000", "2015-12-31": 1058, "2015-09-30": 691, "2015-06-30": 565, "2015-03-31": "388.00000", "2014-12-31": 1060, "2014-09-30": 576, "2014-06-30": 445, "2014-03-31": "367.00000", "2013-12-31": 732, "2013-09-30": 517, "2013-06-30": 734, "2013-03-31": "604.00000", "2012-12-31": 816, "2012-09-30": 612, "2012-06-30": 394, "2012-03-31": "-180.00000", "2011-12-31": 387, "2011-09-30": 475, "2011-06-30": 655, "2011-03-31": "294.00000", "2010-12-31": 642, "2010-09-30": 744, "2010-06-30": 319, "2010-03-31": "456.00000", "2009-12-31": 411, "2009-09-30": 260, "2009-06-30": 393, "2009-03-31": "457.00000", "2008-12-31": 208, "2008-09-30": 497, "2008-06-30": 205, "2008-03-31": "337.00000", "2007-12-31": 140, "2007-09-30": 83, "2007-06-30": 138, "2007-03-31": "-93.00000", "2006-12-31": 177, "2006-09-30": 208, "2006-06-30": 58, "2006-03-31": "198.00000", "2005-12-31": -121, "2005-09-30": 360, "2005-06-30": 264, "2005-03-31": "230.00000"}, "Change In Accounts Receivable": {"2020-09-30": -108, "2020-06-30": 24, "2020-03-31": "51.00000", "2019-12-31": 43, "2019-09-30": 11, "2019-06-30": 125, "2019-03-31": "92.00000", "2018-12-31": 6, "2018-09-30": -274, "2018-06-30": -12, "2018-03-31": "32.00000", "2017-12-31": -112, "2017-09-30": -10, "2017-06-30": 15, "2017-03-31": "68.00000", "2016-12-31": 23, "2016-09-30": -135, "2016-06-30": 100, "2016-03-31": "1.00000", "2015-12-31": 177, "2015-09-30": -1, "2015-06-30": 105, "2015-03-31": "-97.00000", "2014-12-31": 49, "2014-09-30": 134, "2014-06-30": 124, "2014-03-31": "-168.00000", "2013-12-31": -107, "2013-09-30": 118, "2013-06-30": -91, "2013-03-31": "-34.00000", "2012-12-31": 28, "2012-09-30": 64, "2012-06-30": -164, "2012-03-31": "59.00000", "2011-12-31": 8, "2011-09-30": -60, "2011-06-30": 35, "2011-03-31": "164.00000", "2010-12-31": -5, "2010-09-30": -16, "2010-06-30": -158, "2010-03-31": "2.00000", "2009-12-31": -3, "2009-09-30": 46, "2009-06-30": -14, "2009-03-31": "46.00000", "2008-12-31": 88, "2008-09-30": 19, "2008-06-30": -130, "2008-03-31": "-6.00000", "2007-12-31": 193, "2007-09-30": -47, "2007-06-30": -127, "2007-03-31": "-155.00000", "2006-12-31": 112, "2006-09-30": -90, "2006-06-30": -143, "2006-03-31": "226.00000", "2005-12-31": 139, "2005-09-30": -91, "2005-06-30": -226, "2005-03-31": "91.00000"}, "Change In Inventories": {"2020-09-30": -5, "2020-06-30": -18, "2020-03-31": "", "2019-12-31": -23, "2019-09-30": 15, "2019-06-30": -29, "2019-03-31": "", "2018-12-31": -19, "2018-09-30": 15, "2018-06-30": -8, "2018-03-31": "36.00000", "2017-12-31": 0, "2017-09-30": 4, "2017-06-30": -21, "2017-03-31": "11.00000", "2016-12-31": -4, "2016-09-30": 46, "2016-06-30": -5, "2016-03-31": "4.00000", "2015-12-31": -47, "2015-09-30": 32, "2015-06-30": -30, "2015-03-31": "30.00000", "2014-12-31": -46, "2014-09-30": 31, "2014-06-30": -62, "2014-03-31": "12.00000", "2013-12-31": -21, "2013-09-30": 75, "2013-06-30": 16, "2013-03-31": "26.00000", "2012-12-31": 13, "2012-09-30": 46, "2012-06-30": 9, "2012-03-31": "-118.00000", "2011-12-31": -48, "2011-09-30": 38, "2011-06-30": -16, "2011-03-31": "40.00000", "2010-12-31": 8, "2010-09-30": 11, "2010-06-30": 25, "2010-03-31": "-42.00000", "2009-12-31": -41, "2009-09-30": 24, "2009-06-30": 13, "2009-03-31": "-7.00000", "2008-12-31": -18, "2008-09-30": -3, "2008-06-30": -14, "2008-03-31": "-17.00000", "2007-12-31": 17, "2007-09-30": 40, "2007-06-30": 7, "2007-03-31": "15.00000", "2006-12-31": 5, "2006-09-30": 41, "2006-06-30": -19, "2006-03-31": "-52.00000", "2005-12-31": 8, "2005-09-30": 12, "2005-06-30": -59, "2005-03-31": "7.00000"}, "Change In Accounts Payable": {"2020-09-30": 11, "2020-06-30": -17, "2020-03-31": "-66.00000", "2019-12-31": 53, "2019-09-30": 81, "2019-06-30": -40, "2019-03-31": "-143.00000", "2018-12-31": -16, "2018-09-30": 75, "2018-06-30": -46, "2018-03-31": "96.00000", "2017-12-31": 94, "2017-09-30": -22, "2017-06-30": -45, "2017-03-31": "45.00000", "2016-12-31": -20, "2016-09-30": 5, "2016-06-30": -47, "2016-03-31": "25.00000", "2015-12-31": 42, "2015-09-30": -40, "2015-06-30": -68, "2015-03-31": "-177.00000", "2014-12-31": 89, "2014-09-30": -150, "2014-06-30": -97, "2014-03-31": "200.00000", "2013-12-31": 254, "2013-09-30": 33, "2013-06-30": 66, "2013-03-31": "-378.00000", "2012-12-31": 327, "2012-09-30": -105, "2012-06-30": 134, "2012-03-31": "-256.00000", "2011-12-31": 214, "2011-09-30": -126, "2011-06-30": 62, "2011-03-31": "-90.00000", "2010-12-31": 59, "2010-09-30": -34, "2010-06-30": 75, "2010-03-31": "-57.00000", "2009-12-31": 153, "2009-09-30": -92, "2009-06-30": 79, "2009-03-31": "-90.00000", "2008-12-31": 44, "2008-09-30": -186, "2008-06-30": 175, "2008-03-31": "-23.00000", "2007-12-31": 66, "2007-09-30": -43, "2007-06-30": 136, "2007-03-31": "-108.00000", "2006-12-31": 192, "2006-09-30": -53, "2006-06-30": 74, "2006-03-31": "-114.00000", "2005-12-31": -28, "2005-09-30": -44, "2005-06-30": 43, "2005-03-31": "61.00000"}, "Change In Assets/Liabilities": {"2020-09-30": 66, "2020-06-30": -40, "2020-03-31": "-96.00000", "2019-12-31": -87, "2019-09-30": 120, "2019-06-30": 54, "2019-03-31": "-181.00000", "2018-12-31": 65, "2018-09-30": 146, "2018-06-30": -82, "2018-03-31": "-183.00000", "2017-12-31": 195, "2017-09-30": 180, "2017-06-30": -174, "2017-03-31": "137.00000", "2016-12-31": -96, "2016-09-30": 124, "2016-06-30": -104, "2016-03-31": "43.00000", "2015-12-31": 90, "2015-09-30": 242, "2015-06-30": -55, "2015-03-31": "-57.00000", "2014-12-31": 164, "2014-09-30": 115, "2014-06-30": 155, "2014-03-31": "-397.00000", "2013-12-31": -263, "2013-09-30": 138, "2013-06-30": -45, "2013-03-31": "-198.00000", "2012-12-31": -2, "2012-09-30": -42, "2012-06-30": 38, "2012-03-31": "-55.00000", "2011-12-31": 96, "2011-09-30": 178, "2011-06-30": -394, "2011-03-31": "142.00000", "2010-12-31": 169, "2010-09-30": 81, "2010-06-30": -141, "2010-03-31": "6.00000", "2009-12-31": 459, "2009-09-30": -345, "2009-06-30": -44, "2009-03-31": "-60.00000", "2008-12-31": -8, "2008-09-30": 170, "2008-06-30": -265, "2008-03-31": "-153.00000", "2007-12-31": 171, "2007-09-30": 99, "2007-06-30": -85, "2007-03-31": "-100.00000", "2006-12-31": 253, "2006-09-30": 36, "2006-06-30": -11, "2006-03-31": "-245.00000", "2005-12-31": 252, "2005-09-30": 101, "2005-06-30": 200, "2005-03-31": "-74.00000"}, "Total Change In Assets/Liabilities": {"2020-09-30": -8, "2020-06-30": 93, "2020-03-31": "-180.00000", "2019-12-31": 90, "2019-09-30": 316, "2019-06-30": 66, "2019-03-31": "-423.00000", "2018-12-31": 192, "2018-09-30": -48, "2018-06-30": -29, "2018-03-31": "-272.00000", "2017-12-31": 411, "2017-09-30": 124, "2017-06-30": -144, "2017-03-31": "-7.00000", "2016-12-31": 72, "2016-09-30": 91, "2016-06-30": 26, "2016-03-31": "-139.00000", "2015-12-31": 311, "2015-09-30": 241, "2015-06-30": 45, "2015-03-31": "-417.00000", "2014-12-31": 222, "2014-09-30": 206, "2014-06-30": 205, "2014-03-31": "-667.00000", "2013-12-31": 117, "2013-09-30": 443, "2013-06-30": -127, "2013-03-31": "-750.00000", "2012-12-31": 376, "2012-09-30": 177, "2012-06-30": -107, "2012-03-31": "-539.00000", "2011-12-31": 348, "2011-09-30": 193, "2011-06-30": -308, "2011-03-31": "150.00000", "2010-12-31": 223, "2010-09-30": 210, "2010-06-30": -266, "2010-03-31": "-99.00000", "2009-12-31": 488, "2009-09-30": -129, "2009-06-30": -161, "2009-03-31": "-110.00000", "2008-12-31": 257, "2008-09-30": 144, "2008-06-30": -508, "2008-03-31": "-255.00000", "2007-12-31": 78, "2007-09-30": 544, "2007-06-30": -249, "2007-03-31": "-254.00000", "2006-12-31": 244, "2006-09-30": 96, "2006-06-30": -201, "2006-03-31": "-95.00000", "2005-12-31": 234, "2005-09-30": 303, "2005-06-30": -119, "2005-03-31": "208.00000"}, "Cash Flow From Operating Activities": {"2020-09-30": 701, "2020-06-30": 710, "2020-03-31": "-560.00000", "2019-12-31": 730, "2019-09-30": 1112, "2019-06-30": 807, "2019-03-31": "-182.00000", "2018-12-31": 852, "2018-09-30": 846, "2018-06-30": 592, "2018-03-31": "-880.00000", "2017-12-31": 1046, "2017-09-30": 1280, "2017-06-30": 697, "2017-03-31": "785.00000", "2016-12-31": 791, "2016-09-30": 1120, "2016-06-30": 822, "2016-03-31": "650.00000", "2015-12-31": 1143, "2015-09-30": 1327, "2015-06-30": 797, "2015-03-31": "193.00000", "2014-12-31": 976, "2014-09-30": 1115, "2014-06-30": 714, "2014-03-31": "-92.00000", "2013-12-31": 991, "2013-09-30": 1178, "2013-06-30": 443, "2013-03-31": "50.00000", "2012-12-31": 1044, "2012-09-30": 1214, "2012-06-30": 475, "2012-03-31": "-413.00000", "2011-12-31": 834, "2011-09-30": 1198, "2011-06-30": 540, "2011-03-31": "491.00000", "2010-12-31": 1003, "2010-09-30": 1215, "2010-06-30": 352, "2010-03-31": "506.00000", "2009-12-31": 1001, "2009-09-30": 362, "2009-06-30": 640, "2009-03-31": "462.00000", "2008-12-31": 793, "2008-09-30": 1112, "2008-06-30": -40, "2008-03-31": "359.00000", "2007-12-31": 489, "2007-09-30": 1040, "2007-06-30": 227, "2007-03-31": "-57.00000", "2006-12-31": 696, "2006-09-30": 758, "2006-06-30": 161, "2006-03-31": "324.00000", "2005-12-31": 304, "2005-09-30": 995, "2005-06-30": 323, "2005-03-31": "598.00000"}, "Net Change In Property, Plant, And Equipment": {"2020-09-30": -687, "2020-06-30": -676, "2020-03-31": "-616.00000", "2019-12-31": -706, "2019-09-30": -684, "2019-06-30": -674, "2019-03-31": "-554.00000", "2018-12-31": -727, "2018-09-30": -606, "2018-06-30": -354, "2018-03-31": "-563.00000", "2017-12-31": -352, "2017-09-30": -593, "2017-06-30": -666, "2017-03-31": "-588.00000", "2016-12-31": -664, "2016-09-30": -664, "2016-06-30": -794, "2016-03-31": "-698.00000", "2015-12-31": -659, "2015-09-30": -539, "2015-06-30": -818, "2015-03-31": "-668.00000", "2014-12-31": -839, "2014-09-30": -664, "2014-06-30": -988, "2014-03-31": "-427.00000", "2013-12-31": -674, "2013-09-30": -548, "2013-06-30": -586, "2013-03-31": "-826.00000", "2012-12-31": -975, "2012-09-30": -775, "2012-06-30": -394, "2012-03-31": "-517.00000", "2011-12-31": -344, "2011-09-30": 73, "2011-06-30": -569, "2011-03-31": "-449.00000", "2010-12-31": -313, "2010-09-30": -469, "2010-06-30": -487, "2010-03-31": "-394.00000", "2009-12-31": -626, "2009-09-30": -432, "2009-06-30": -478, "2009-03-31": "-646.00000", "2008-12-31": -703, "2008-09-30": -552, "2008-06-30": -900, "2008-03-31": "-661.00000", "2007-12-31": -501, "2007-09-30": -405, "2007-06-30": -389, "2007-03-31": "-296.00000", "2006-12-31": -246, "2006-09-30": -231, "2006-06-30": -286, "2006-03-31": "-390.00000", "2005-12-31": -409, "2005-09-30": -294, "2005-06-30": -226, "2005-03-31": "-175.00000"}, "Net Change In Intangible Assets": {"2020-09-30": 0, "2020-06-30": 0, "2020-03-31": "", "2019-12-31": 0, "2019-09-30": 0, "2019-06-30": 0, "2019-03-31": "", "2018-12-31": 0, "2018-09-30": 0, "2018-06-30": 0, "2018-03-31": "", "2017-12-31": 0, "2017-09-30": 0, "2017-06-30": 0, "2017-03-31": "", "2016-12-31": 0, "2016-09-30": 0, "2016-06-30": 0, "2016-03-31": "", "2015-12-31": 0, "2015-09-30": 0, "2015-06-30": 0, "2015-03-31": "", "2014-12-31": 0, "2014-09-30": 0, "2014-06-30": 0, "2014-03-31": "", "2013-12-31": 0, "2013-09-30": 0, "2013-06-30": 0, "2013-03-31": "", "2012-12-31": 0, "2012-09-30": 0, "2012-06-30": 0, "2012-03-31": "", "2011-12-31": 0, "2011-09-30": 0, "2011-06-30": 0, "2011-03-31": "", "2010-12-31": 0, "2010-09-30": 0, "2010-06-30": 0, "2010-03-31": "", "2009-12-31": 0, "2009-09-30": 0, "2009-06-30": 0, "2009-03-31": "", "2008-12-31": 0, "2008-09-30": 0, "2008-06-30": 0, "2008-03-31": "", "2007-12-31": 0, "2007-09-30": 0, "2007-06-30": 0, "2007-03-31": "", "2006-12-31": 0, "2006-09-30": 0, "2006-06-30": 0, "2006-03-31": "", "2005-12-31": 0, "2005-09-30": 0, "2005-06-30": 0, "2005-03-31": ""}, "Net Acquisitions/Divestitures": {"2020-09-30": 0, "2020-06-30": 0, "2020-03-31": "", "2019-12-31": 0, "2019-09-30": 0, "2019-06-30": 0, "2019-03-31": "", "2018-12-31": 0, "2018-09-30": 0, "2018-06-30": 0, "2018-03-31": "", "2017-12-31": 0, "2017-09-30": 0, "2017-06-30": 0, "2017-03-31": "", "2016-12-31": 0, "2016-09-30": 0, "2016-06-30": 0, "2016-03-31": "", "2015-12-31": 0, "2015-09-30": 0, "2015-06-30": 0, "2015-03-31": "", "2014-12-31": 0, "2014-09-30": 0, "2014-06-30": 0, "2014-03-31": "", "2013-12-31": 0, "2013-09-30": 0, "2013-06-30": 0, "2013-03-31": "", "2012-12-31": 0, "2012-09-30": 0, "2012-06-30": 0, "2012-03-31": "", "2011-12-31": 0, "2011-09-30": 0, "2011-06-30": 0, "2011-03-31": "", "2010-12-31": 0, "2010-09-30": 0, "2010-06-30": 0, "2010-03-31": "", "2009-12-31": 0, "2009-09-30": 0, "2009-06-30": 0, "2009-03-31": "", "2008-12-31": 0, "2008-09-30": 0, "2008-06-30": 0, "2008-03-31": "", "2007-12-31": 0, "2007-09-30": 0, "2007-06-30": 0, "2007-03-31": "", "2006-12-31": 0, "2006-09-30": 0, "2006-06-30": 0, "2006-03-31": "", "2005-12-31": 0, "2005-09-30": 0, "2005-06-30": 0, "2005-03-31": ""}, "Net Change In Short-term Investments": {"2020-09-30": 0, "2020-06-30": 0, "2020-03-31": "", "2019-12-31": 0, "2019-09-30": 0, "2019-06-30": 0, "2019-03-31": "", "2018-12-31": 0, "2018-09-30": -500, "2018-06-30": 500, "2018-03-31": "-500.00000", "2017-12-31": 0, "2017-09-30": 0, "2017-06-30": 0, "2017-03-31": "", "2016-12-31": 0, "2016-09-30": 0, "2016-06-30": 0, "2016-03-31": "", "2015-12-31": 0, "2015-09-30": 0, "2015-06-30": -21, "2015-03-31": "21.00000", "2014-12-31": -42, "2014-09-30": 42, "2014-06-30": -28, "2014-03-31": "28.00000", "2013-12-31": -11, "2013-09-30": -12, "2013-06-30": -6, "2013-03-31": "6.00000", "2012-12-31": 2, "2012-09-30": 13, "2012-06-30": 9, "2012-03-31": "78.00000", "2011-12-31": 9, "2011-09-30": 1, "2011-06-30": 3, "2011-03-31": "47.00000", "2010-12-31": 10, "2010-09-30": -3, "2010-06-30": 10, "2010-03-31": "49.00000", "2009-12-31": 64, "2009-09-30": -44, "2009-06-30": 23, "2009-03-31": "17.00000", "2008-12-31": -12, "2008-09-30": 7, "2008-06-30": 7, "2008-03-31": "58.00000", "2007-12-31": 24, "2007-09-30": -6, "2007-06-30": 29, "2007-03-31": "25.00000", "2006-12-31": 12, "2006-09-30": -9, "2006-06-30": 15, "2006-03-31": "103.00000", "2005-12-31": -63, "2005-09-30": -14, "2005-06-30": 8, "2005-03-31": "27.00000"}, "Net Change In Long-Term Investments": {"2020-09-30": -4, "2020-06-30": -9, "2020-03-31": "-5.00000", "2019-12-31": -8, "2019-09-30": -10, "2019-06-30": -11, "2019-03-31": "-9.00000", "2018-12-31": -10, "2018-09-30": 489, "2018-06-30": -511, "2018-03-31": "-22.00000", "2017-12-31": -26, "2017-09-30": -24, "2017-06-30": -25, "2017-03-31": "-23.00000", "2016-12-31": -35, "2016-09-30": -27, "2016-06-30": -26, "2016-03-31": "-23.00000", "2015-12-31": -27, "2015-09-30": -25, "2015-06-30": -39, "2015-03-31": "-23.00000", "2014-12-31": -21, "2014-09-30": -25, "2014-06-30": -32, "2014-03-31": "-25.00000", "2013-12-31": -27, "2013-09-30": -26, "2013-06-30": 30, "2013-03-31": "-26.00000", "2012-12-31": 15, "2012-09-30": -17, "2012-06-30": -23, "2012-03-31": "-15.00000", "2011-12-31": 21, "2011-09-30": -19, "2011-06-30": -80, "2011-03-31": "-24.00000", "2010-12-31": -14, "2010-09-30": -14, "2010-06-30": 3, "2010-03-31": "-22.00000", "2009-12-31": -15, "2009-09-30": -22, "2009-06-30": -23, "2009-03-31": "-17.00000", "2008-12-31": -22, "2008-09-30": -22, "2008-06-30": -26, "2008-03-31": "-23.00000", "2007-12-31": -1316, "2007-09-30": 1260, "2007-06-30": -26, "2007-03-31": "-21.00000", "2006-12-31": -4, "2006-09-30": -4, "2006-06-30": -4, "2006-03-31": "-3.00000", "2005-12-31": -25, "2005-09-30": -25, "2005-06-30": -26, "2005-03-31": "-25.00000"}, "Net Change In Investments - Total": {"2020-09-30": -4, "2020-06-30": -9, "2020-03-31": "-5.00000", "2019-12-31": -8, "2019-09-30": -10, "2019-06-30": -11, "2019-03-31": "-9.00000", "2018-12-31": -10, "2018-09-30": -11, "2018-06-30": -11, "2018-03-31": "-522.00000", "2017-12-31": -26, "2017-09-30": -24, "2017-06-30": -25, "2017-03-31": "-23.00000", "2016-12-31": -35, "2016-09-30": -27, "2016-06-30": -26, "2016-03-31": "-23.00000", "2015-12-31": -27, "2015-09-30": -25, "2015-06-30": -60, "2015-03-31": "-2.00000", "2014-12-31": -63, "2014-09-30": 17, "2014-06-30": -60, "2014-03-31": "3.00000", "2013-12-31": -38, "2013-09-30": -38, "2013-06-30": 24, "2013-03-31": "-20.00000", "2012-12-31": 17, "2012-09-30": -4, "2012-06-30": -14, "2012-03-31": "63.00000", "2011-12-31": 30, "2011-09-30": -18, "2011-06-30": -77, "2011-03-31": "23.00000", "2010-12-31": -4, "2010-09-30": -17, "2010-06-30": 13, "2010-03-31": "27.00000", "2009-12-31": 49, "2009-09-30": -66, "2009-06-30": 0, "2009-03-31": "", "2008-12-31": -34, "2008-09-30": -15, "2008-06-30": -19, "2008-03-31": "35.00000", "2007-12-31": -1292, "2007-09-30": 1254, "2007-06-30": 3, "2007-03-31": "4.00000", "2006-12-31": 8, "2006-09-30": -13, "2006-06-30": 11, "2006-03-31": "100.00000", "2005-12-31": -88, "2005-09-30": -39, "2005-06-30": -18, "2005-03-31": "2.00000"}, "Investing Activities - Other": {"2020-09-30": -74, "2020-06-30": -62, "2020-03-31": "-38.00000", "2019-12-31": -78, "2019-09-30": -51, "2019-06-30": -21, "2019-03-31": "-67.00000", "2018-12-31": -44, "2018-09-30": -55, "2018-06-30": -57, "2018-03-31": "-58.00000", "2017-12-31": -139, "2017-09-30": -74, "2017-06-30": -45, "2017-03-31": "-168.00000", "2016-12-31": -127, "2016-09-30": -18, "2016-06-30": -82, "2016-03-31": "-144.00000", "2015-12-31": -149, "2015-09-30": -30, "2015-06-30": -67, "2015-03-31": "-78.00000", "2014-12-31": -167, "2014-09-30": -74, "2014-06-30": -6, "2014-03-31": "-91.00000", "2013-12-31": -106, "2013-09-30": -119, "2013-06-30": -81, "2013-03-31": "-81.00000", "2012-12-31": -209, "2012-09-30": -210, "2012-06-30": -59, "2012-03-31": "-80.00000", "2011-12-31": -87, "2011-09-30": -75, "2011-06-30": -30, "2011-03-31": "567.00000", "2010-12-31": -186, "2010-09-30": 8, "2010-06-30": -17, "2010-03-31": "-109.00000", "2009-12-31": 180, "2009-09-30": -117, "2009-06-30": -17, "2009-03-31": "-32.00000", "2008-12-31": 44, "2008-09-30": -118, "2008-06-30": -44, "2008-03-31": "-16.00000", "2007-12-31": 1308, "2007-09-30": 0, "2007-06-30": -1, "2007-03-31": "2.00000", "2006-12-31": -49, "2006-09-30": 6, "2006-06-30": 1, "2006-03-31": "-20.00000", "2005-12-31": -56, "2005-09-30": 9, "2005-06-30": -1, "2005-03-31": "-38.00000"}, "Cash Flow From Investing Activities": {"2020-09-30": -765, "2020-06-30": -747, "2020-03-31": "-659.00000", "2019-12-31": -792, "2019-09-30": -745, "2019-06-30": -706, "2019-03-31": "-630.00000", "2018-12-31": -781, "2018-09-30": -672, "2018-06-30": -422, "2018-03-31": "-1143.00000", "2017-12-31": -517, "2017-09-30": -691, "2017-06-30": -736, "2017-03-31": "-779.00000", "2016-12-31": -826, "2016-09-30": -709, "2016-06-30": -902, "2016-03-31": "-865.00000", "2015-12-31": -835, "2015-09-30": -594, "2015-06-30": -945, "2015-03-31": "-748.00000", "2014-12-31": -1069, "2014-09-30": -721, "2014-06-30": -1054, "2014-03-31": "-515.00000", "2013-12-31": -818, "2013-09-30": -705, "2013-06-30": -643, "2013-03-31": "-927.00000", "2012-12-31": -1167, "2012-09-30": -989, "2012-06-30": -467, "2012-03-31": "-534.00000", "2011-12-31": -401, "2011-09-30": -20, "2011-06-30": -676, "2011-03-31": "141.00000", "2010-12-31": -503, "2010-09-30": -478, "2010-06-30": -491, "2010-03-31": "-476.00000", "2009-12-31": -397, "2009-09-30": -615, "2009-06-30": -495, "2009-03-31": "-678.00000", "2008-12-31": -693, "2008-09-30": -685, "2008-06-30": -963, "2008-03-31": "-642.00000", "2007-12-31": -485, "2007-09-30": 849, "2007-06-30": -387, "2007-03-31": "-290.00000", "2006-12-31": -287, "2006-09-30": -238, "2006-06-30": -274, "2006-03-31": "-310.00000", "2005-12-31": -553, "2005-09-30": -324, "2005-06-30": -245, "2005-03-31": "-211.00000"}, "Net Long-Term Debt": {"2020-09-30": 222, "2020-06-30": 871, "2020-03-31": "1222.00000", "2019-12-31": 195, "2019-09-30": 123, "2019-06-30": 421, "2019-03-31": "772.00000", "2018-12-31": 609, "2018-09-30": 147, "2018-06-30": -414, "2018-03-31": "-1476.00000", "2017-12-31": 45, "2017-09-30": -426, "2017-06-30": 2726, "2017-03-31": "39.00000", "2016-12-31": 141, "2016-09-30": 85, "2016-06-30": -550, "2016-03-31": "-31.00000", "2015-12-31": 129, "2015-09-30": 395, "2015-06-30": -44, "2015-03-31": "-48.00000", "2014-12-31": 53, "2014-09-30": 504, "2014-06-30": 1234, "2014-03-31": "978.00000", "2013-12-31": 62, "2013-09-30": -194, "2013-06-30": -677, "2013-03-31": "954.00000", "2012-12-31": 20, "2012-09-30": 354, "2012-06-30": -548, "2012-03-31": "-16.00000", "2011-12-31": -327, "2011-09-30": -479, "2011-06-30": -357, "2011-03-31": "-142.00000", "2010-12-31": 255, "2010-09-30": 236, "2010-06-30": -298, "2010-03-31": "-109.00000", "2009-12-31": 84, "2009-09-30": 1140, "2009-06-30": 542, "2009-03-31": "256.00000", "2008-12-31": 435, "2008-09-30": 68, "2008-06-30": 198, "2008-03-31": "-368.00000", "2007-12-31": -3, "2007-09-30": 124, "2007-06-30": 92, "2007-03-31": "237.00000", "2006-12-31": -23, "2006-09-30": -326, "2006-06-30": 632, "2006-03-31": "-64.00000", "2005-12-31": -185, "2005-09-30": -74, "2005-06-30": -208, "2005-03-31": "-236.00000"}, "Net Current Debt": {"2020-09-30": 185, "2020-06-30": -635, "2020-03-31": "-250.00000", "2019-12-31": 0, "2019-09-30": 0, "2019-06-30": -50, "2019-03-31": "50.00000", "2018-12-31": -450, "2018-09-30": 36, "2018-06-30": 464, "2018-03-31": "900.00000", "2017-12-31": -200, "2017-09-30": 275, "2017-06-30": -2525, "2017-03-31": "75.00000", "2016-12-31": -300, "2016-09-30": 50, "2016-06-30": 800, "2016-03-31": "425.00000", "2015-12-31": -225, "2015-09-30": -975, "2015-06-30": 349, "2015-03-31": "760.00000", "2014-12-31": 178, "2014-09-30": -702, "2014-06-30": -762, "2014-03-31": "-319.00000", "2013-12-31": 0, "2013-09-30": 150, "2013-06-30": 1104, "2013-03-31": "181.00000", "2012-12-31": 365, "2012-09-30": -286, "2012-06-30": 815, "2012-03-31": "1075.00000", "2011-12-31": 0, "2011-09-30": -656, "2011-06-30": 170, "2011-03-31": "-214.00000", "2010-12-31": -207, "2010-09-30": -452, "2010-06-30": 576, "2010-03-31": "-295.00000", "2009-12-31": -482, "2009-09-30": -764, "2009-06-30": 0, "2009-03-31": "", "2008-12-31": 5, "2008-09-30": -216, "2008-06-30": 959, "2008-03-31": "746.00000", "2007-12-31": 330, "2007-09-30": -1843, "2007-06-30": 169, "2007-03-31": "1139.00000", "2006-12-31": -96, "2006-09-30": 111, "2006-06-30": 171, "2006-03-31": "200.00000", "2005-12-31": 484, "2005-09-30": -309, "2005-06-30": 246, "2005-03-31": "140.00000"}, "Debt Issuance/Retirement Net - Total": {"2020-09-30": 407, "2020-06-30": 236, "2020-03-31": "972.00000", "2019-12-31": 195, "2019-09-30": 123, "2019-06-30": 371, "2019-03-31": "822.00000", "2018-12-31": 159, "2018-09-30": 183, "2018-06-30": 50, "2018-03-31": "-576.00000", "2017-12-31": -155, "2017-09-30": -151, "2017-06-30": 201, "2017-03-31": "114.00000", "2016-12-31": -159, "2016-09-30": 135, "2016-06-30": 250, "2016-03-31": "394.00000", "2015-12-31": -96, "2015-09-30": -580, "2015-06-30": 305, "2015-03-31": "712.00000", "2014-12-31": 231, "2014-09-30": -198, "2014-06-30": 472, "2014-03-31": "659.00000", "2013-12-31": 62, "2013-09-30": -44, "2013-06-30": 427, "2013-03-31": "1135.00000", "2012-12-31": 385, "2012-09-30": 68, "2012-06-30": 267, "2012-03-31": "1059.00000", "2011-12-31": -327, "2011-09-30": -1135, "2011-06-30": -187, "2011-03-31": "-356.00000", "2010-12-31": 48, "2010-09-30": -216, "2010-06-30": 278, "2010-03-31": "-404.00000", "2009-12-31": -398, "2009-09-30": 376, "2009-06-30": 542, "2009-03-31": "256.00000", "2008-12-31": 440, "2008-09-30": -148, "2008-06-30": 1157, "2008-03-31": "378.00000", "2007-12-31": 327, "2007-09-30": -1719, "2007-06-30": 261, "2007-03-31": "1376.00000", "2006-12-31": -119, "2006-09-30": -215, "2006-06-30": 803, "2006-03-31": "136.00000", "2005-12-31": 299, "2005-09-30": -383, "2005-06-30": 38, "2005-03-31": "-96.00000"}, "Net Common Equity Issued/Repurchased": {"2020-09-30": 0, "2020-06-30": 0, "2020-03-31": "", "2019-12-31": 0, "2019-09-30": 0, "2019-06-30": 0, "2019-03-31": "", "2018-12-31": 0, "2018-09-30": 0, "2018-06-30": 0, "2018-03-31": "850.00000", "2017-12-31": 0, "2017-09-30": 0, "2017-06-30": 0, "2017-03-31": "", "2016-12-31": 0, "2016-09-30": 0, "2016-06-30": 0, "2016-03-31": "", "2015-12-31": 0, "2015-09-30": 0, "2015-06-30": 0, "2015-03-31": "", "2014-12-31": 0, "2014-09-30": 0, "2014-06-30": 0, "2014-03-31": "", "2013-12-31": -920, "2013-09-30": 0, "2013-06-30": 0, "2013-03-31": "", "2012-12-31": 690, "2012-09-30": -690, "2012-06-30": 0, "2012-03-31": "", "2011-12-31": 0, "2011-09-30": 0, "2011-06-30": 0, "2011-03-31": "", "2010-12-31": 0, "2010-09-30": 0, "2010-06-30": 0, "2010-03-31": "", "2009-12-31": 0, "2009-09-30": 0, "2009-06-30": 0, "2009-03-31": "", "2008-12-31": 0, "2008-09-30": 0, "2008-06-30": 0, "2008-03-31": "", "2007-12-31": -51, "2007-09-30": 0, "2007-06-30": -27, "2007-03-31": "-891.00000", "2006-12-31": 0, "2006-09-30": -600, "2006-06-30": 0, "2006-03-31": "", "2005-12-31": 0, "2005-09-30": 0, "2005-06-30": 0, "2005-03-31": ""}, "Net Total Equity Issued/Repurchased": {"2020-09-30": 0, "2020-06-30": 0, "2020-03-31": "", "2019-12-31": 0, "2019-09-30": 0, "2019-06-30": 0, "2019-03-31": "", "2018-12-31": 0, "2018-09-30": 0, "2018-06-30": 0, "2018-03-31": "2466.00000", "2017-12-31": 0, "2017-09-30": 0, "2017-06-30": 0, "2017-03-31": "", "2016-12-31": 0, "2016-09-30": 0, "2016-06-30": 0, "2016-03-31": "", "2015-12-31": 0, "2015-09-30": 0, "2015-06-30": 0, "2015-03-31": "", "2014-12-31": 0, "2014-09-30": 0, "2014-06-30": 0, "2014-03-31": "", "2013-12-31": -920, "2013-09-30": 0, "2013-06-30": 0, "2013-03-31": "", "2012-12-31": 690, "2012-09-30": -690, "2012-06-30": 0, "2012-03-31": "", "2011-12-31": 0, "2011-09-30": 0, "2011-06-30": 0, "2011-03-31": "", "2010-12-31": 0, "2010-09-30": 0, "2010-06-30": 0, "2010-03-31": "", "2009-12-31": 0, "2009-09-30": 0, "2009-06-30": 0, "2009-03-31": "", "2008-12-31": 0, "2008-09-30": 0, "2008-06-30": 0, "2008-03-31": "", "2007-12-31": -51, "2007-09-30": 0, "2007-06-30": -27, "2007-03-31": "-891.00000", "2006-12-31": -86, "2006-09-30": -677, "2006-06-30": 0, "2006-03-31": "-30.00000", "2005-12-31": 0, "2005-09-30": -30, "2005-06-30": -42, "2005-03-31": "-98.00000"}, "Total Common And Preferred Stock Dividends Paid": {"2020-09-30": -212, "2020-06-30": -211, "2020-03-31": "-211.00000", "2019-12-31": -205, "2019-09-30": -206, "2019-06-30": -205, "2019-03-31": "-204.00000", "2018-12-31": -193, "2018-09-30": -194, "2018-06-30": -193, "2018-03-31": "-192.00000", "2017-12-31": -161, "2017-09-30": -159, "2017-06-30": -160, "2017-03-31": "-159.00000", "2016-12-31": -153, "2016-09-30": -153, "2016-06-30": -153, "2016-03-31": "-152.00000", "2015-12-31": -152, "2015-09-30": -152, "2015-06-30": -151, "2015-03-31": "-152.00000", "2014-12-31": -152, "2014-09-30": -150, "2014-06-30": -151, "2014-03-31": "-151.00000", "2013-12-31": 690, "2013-09-30": -230, "2013-06-30": -230, "2013-03-31": "-230.00000", "2012-12-31": -920, "2012-09-30": 460, "2012-06-30": -230, "2012-03-31": "-230.00000", "2011-12-31": -230, "2011-09-30": -231, "2011-06-30": -230, "2011-03-31": "-190.00000", "2010-12-31": -167, "2010-09-30": -168, "2010-06-30": -167, "2010-03-31": "-168.00000", "2009-12-31": -167, "2009-09-30": -168, "2009-06-30": -167, "2009-03-31": "-168.00000", "2008-12-31": -168, "2008-09-30": -168, "2008-06-30": -167, "2008-03-31": "-168.00000", "2007-12-31": -152, "2007-09-30": -153, "2007-06-30": -152, "2007-03-31": "-159.00000", "2006-12-31": -147, "2006-09-30": -143, "2006-06-30": -148, "2006-03-31": "-148.00000", "2005-12-31": -135, "2005-09-30": -141, "2005-06-30": -135, "2005-03-31": "-135.00000"}, "Financial Activities - Other": {"2020-09-30": 0, "2020-06-30": -8, "2020-03-31": "-36.00000", "2019-12-31": 1, "2019-09-30": -8, "2019-06-30": -3, "2019-03-31": "-25.00000", "2018-12-31": -95, "2018-09-30": 0, "2018-06-30": -2, "2018-03-31": "-19.00000", "2017-12-31": -5, "2017-09-30": -15, "2017-06-30": -39, "2017-03-31": "-13.00000", "2016-12-31": -26, "2016-09-30": -41, "2016-06-30": 36, "2016-03-31": "-12.00000", "2015-12-31": -15, "2015-09-30": -9, "2015-06-30": -2, "2015-03-31": "", "2014-12-31": -10, "2014-09-30": -13, "2014-06-30": -14, "2014-03-31": "-10.00000", "2013-12-31": -9, "2013-09-30": -48, "2013-06-30": 7, "2013-03-31": "-133.00000", "2012-12-31": -10, "2012-09-30": -7, "2012-06-30": -25, "2012-03-31": "-10.00000", "2011-12-31": 35, "2011-09-30": 3, "2011-06-30": -72, "2011-03-31": "-4.00000", "2010-12-31": 6, "2010-09-30": -2, "2010-06-30": -1, "2010-03-31": "-22.00000", "2009-12-31": -3, "2009-09-30": -17, "2009-06-30": -19, "2009-03-31": "-18.00000", "2008-12-31": -8, "2008-09-30": 0, "2008-06-30": 13, "2008-03-31": "14.00000", "2007-12-31": -29, "2007-09-30": -24, "2007-06-30": 26, "2007-03-31": "20.00000", "2006-12-31": -8, "2006-09-30": -27, "2006-06-30": 13, "2006-03-31": "-8.00000", "2005-12-31": 9, "2005-09-30": -27, "2005-06-30": 30, "2005-03-31": "-30.00000"}, "Cash Flow From Financial Activities": {"2020-09-30": 195, "2020-06-30": 17, "2020-03-31": "725.00000", "2019-12-31": -9, "2019-09-30": -91, "2019-06-30": 163, "2019-03-31": "593.00000", "2018-12-31": -129, "2018-09-30": -11, "2018-06-30": -145, "2018-03-31": "1679.00000", "2017-12-31": -321, "2017-09-30": -325, "2017-06-30": 2, "2017-03-31": "-58.00000", "2016-12-31": -338, "2016-09-30": -59, "2016-06-30": 133, "2016-03-31": "230.00000", "2015-12-31": -263, "2015-09-30": -741, "2015-06-30": 152, "2015-03-31": "560.00000", "2014-12-31": 69, "2014-09-30": -361, "2014-06-30": 307, "2014-03-31": "498.00000", "2013-12-31": -177, "2013-09-30": -322, "2013-06-30": 204, "2013-03-31": "772.00000", "2012-12-31": 145, "2012-09-30": -169, "2012-06-30": 12, "2012-03-31": "819.00000", "2011-12-31": -522, "2011-09-30": -1363, "2011-06-30": -489, "2011-03-31": "-550.00000", "2010-12-31": -113, "2010-09-30": -386, "2010-06-30": 110, "2010-03-31": "-594.00000", "2009-12-31": -568, "2009-09-30": 191, "2009-06-30": 356, "2009-03-31": "70.00000", "2008-12-31": 264, "2008-09-30": -316, "2008-06-30": 1003, "2008-03-31": "224.00000", "2007-12-31": 95, "2007-09-30": -1896, "2007-06-30": 108, "2007-03-31": "346.00000", "2006-12-31": -360, "2006-09-30": -1062, "2006-06-30": 668, "2006-03-31": "-50.00000", "2005-12-31": 173, "2005-09-30": -581, "2005-06-30": -109, "2005-03-31": "-359.00000"}, "Net Cash Flow": {"2020-09-30": 131, "2020-06-30": -20, "2020-03-31": "-494.00000", "2019-12-31": -71, "2019-09-30": 276, "2019-06-30": 264, "2019-03-31": "-219.00000", "2018-12-31": -58, "2018-09-30": 163, "2018-06-30": 25, "2018-03-31": "-344.00000", "2017-12-31": 208, "2017-09-30": 264, "2017-06-30": -37, "2017-03-31": "-52.00000", "2016-12-31": -373, "2016-09-30": 352, "2016-06-30": 53, "2016-03-31": "15.00000", "2015-12-31": 45, "2015-09-30": -8, "2015-06-30": 4, "2015-03-31": "5.00000", "2014-12-31": -24, "2014-09-30": 33, "2014-06-30": -33, "2014-03-31": "-109.00000", "2013-12-31": -4, "2013-09-30": 151, "2013-06-30": 4, "2013-03-31": "-105.00000", "2012-12-31": 22, "2012-09-30": 56, "2012-06-30": 20, "2012-03-31": "-128.00000", "2011-12-31": -89, "2011-09-30": -185, "2011-06-30": -625, "2011-03-31": "82.00000", "2010-12-31": 387, "2010-09-30": 351, "2010-06-30": -29, "2010-03-31": "-564.00000", "2009-12-31": 36, "2009-09-30": -62, "2009-06-30": 501, "2009-03-31": "-146.00000", "2008-12-31": 364, "2008-09-30": 111, "2008-06-30": 0, "2008-03-31": "-59.00000", "2007-12-31": 99, "2007-09-30": -7, "2007-06-30": -52, "2007-03-31": "-1.00000", "2006-12-31": 49, "2006-09-30": -542, "2006-06-30": 555, "2006-03-31": "-36.00000", "2005-12-31": -76, "2005-09-30": 90, "2005-06-30": -31, "2005-03-31": "28.00000"}, "Stock-Based Compensation": {"2020-09-30": 0, "2020-06-30": 0, "2020-03-31": "", "2019-12-31": 0, "2019-09-30": 0, "2019-06-30": 0, "2019-03-31": "", "2018-12-31": 0, "2018-09-30": 0, "2018-06-30": 0, "2018-03-31": "", "2017-12-31": 0, "2017-09-30": 0, "2017-06-30": 0, "2017-03-31": "", "2016-12-31": 0, "2016-09-30": 0, "2016-06-30": 0, "2016-03-31": "", "2015-12-31": 0, "2015-09-30": 0, "2015-06-30": 0, "2015-03-31": "", "2014-12-31": 0, "2014-09-30": 0, "2014-06-30": 0, "2014-03-31": "", "2013-12-31": 0, "2013-09-30": 0, "2013-06-30": 0, "2013-03-31": "", "2012-12-31": 0, "2012-09-30": 18, "2012-06-30": -18, "2012-03-31": "", "2011-12-31": 0, "2011-09-30": 4, "2011-06-30": 5, "2011-03-31": "-9.00000", "2010-12-31": 0, "2010-09-30": 0, "2010-06-30": 0, "2010-03-31": "", "2009-12-31": 20, "2009-09-30": 2, "2009-06-30": 11, "2009-03-31": "-13.00000", "2008-12-31": 10, "2008-09-30": -2, "2008-06-30": -37, "2008-03-31": "-35.00000", "2007-12-31": -7, "2007-09-30": 5, "2007-06-30": -37, "2007-03-31": "", "2006-12-31": -37, "2006-09-30": 0, "2006-06-30": 0, "2006-03-31": "", "2005-12-31": 0, "2005-09-30": 0, "2005-06-30": 0, "2005-03-31": ""}, "Common Stock Dividends Paid": {"2020-09-30": -212, "2020-06-30": -211, "2020-03-31": "-211.00000", "2019-12-31": -205, "2019-09-30": -206, "2019-06-30": -202, "2019-03-31": "-201.00000", "2018-12-31": -184, "2018-09-30": -184, "2018-06-30": -172, "2018-03-31": "-171.00000", "2017-12-31": -161, "2017-09-30": -159, "2017-06-30": -160, "2017-03-31": "-159.00000", "2016-12-31": -153, "2016-09-30": -153, "2016-06-30": -153, "2016-03-31": "-152.00000", "2015-12-31": -152, "2015-09-30": -152, "2015-06-30": -151, "2015-03-31": "-152.00000", "2014-12-31": -152, "2014-09-30": -150, "2014-06-30": -151, "2014-03-31": "-151.00000", "2013-12-31": 690, "2013-09-30": -230, "2013-06-30": -230, "2013-03-31": "-230.00000", "2012-12-31": -920, "2012-09-30": 460, "2012-06-30": -230, "2012-03-31": "-230.00000", "2011-12-31": -230, "2011-09-30": -231, "2011-06-30": -230, "2011-03-31": "-190.00000", "2010-12-31": -167, "2010-09-30": -168, "2010-06-30": -167, "2010-03-31": "-168.00000", "2009-12-31": -167, "2009-09-30": -168, "2009-06-30": -167, "2009-03-31": "-168.00000", "2008-12-31": -168, "2008-09-30": -168, "2008-06-30": -167, "2008-03-31": "-168.00000", "2007-12-31": -152, "2007-09-30": -153, "2007-06-30": -152, "2007-03-31": "-159.00000", "2006-12-31": -147, "2006-09-30": -143, "2006-06-30": -148, "2006-03-31": "-148.00000", "2005-12-31": -135, "2005-09-30": -141, "2005-06-30": -135, "2005-03-31": "-135.00000"}}, "financial ratios": {"Current Ratio": {"2019-12-31": "0.50270", "2018-12-31": "0.51620", "2017-12-31": "0.75610", "2016-12-31": "0.41400", "2015-12-31": "0.54270", "2014-12-31": "0.60380", "2013-12-31": "0.52550", "2012-12-31": "0.49550", "2011-12-31": "0.69100", "2010-12-31": "0.78610", "2009-12-31": "0.63990", "2008-12-31": "0.43010", "2007-12-31": "0.43320", "2006-12-31": "0.39640", "2005-12-31": "0.42490"}, "Long-term Debt / Capital": {"2019-12-31": "0.73770", "2018-12-31": "0.72260", "2017-12-31": "0.82640", "2016-12-31": "0.74460", "2015-12-31": "0.60590", "2014-12-31": "0.60690", "2013-12-31": "0.55500", "2012-12-31": "0.53690", "2011-12-31": "0.54170", "2010-12-31": "0.58420", "2009-12-31": "0.58390", "2008-12-31": "0.52250", "2007-12-31": "0.49700", "2006-12-31": "0.48580", "2005-12-31": "0.46530"}, "Debt/Equity Ratio": {"2019-12-31": "3.01050", "2018-12-31": "2.86230", "2017-12-31": "4.97960", "2016-12-31": "3.61350", "2015-12-31": "1.76890", "2014-12-31": "1.75330", "2013-12-31": "1.62660", "2012-12-31": "1.46240", "2011-12-31": "1.30360", "2010-12-31": "1.64940", "2009-12-31": "1.74400", "2008-12-31": "1.68050", "2007-12-31": "1.31290", "2006-12-31": "1.27390", "2005-12-31": "1.16610"}, "Gross Margin": {"2019-12-31": "68.97150", "2018-12-31": "67.61390", "2017-12-31": "68.67680", "2016-12-31": "63.72900", "2015-12-31": "58.21910", "2014-12-31": "53.51190", "2013-12-31": "56.62770", "2012-12-31": "55.96850", "2011-12-31": "55.34930", "2010-12-31": "54.59930", "2009-12-31": "54.65200", "2008-12-31": "58.67760", "2007-12-31": "60.83430", "2006-12-31": "63.02060", "2005-12-31": "64.68570"}, "Operating Margin": {"2019-12-31": "22.74580", "2018-12-31": "22.21830", "2017-12-31": "22.21820", "2016-12-31": "19.19630", "2015-12-31": "15.25360", "2014-12-31": "7.05690", "2013-12-31": "10.62320", "2012-12-31": "13.98890", "2011-12-31": "10.41290", "2010-12-31": "13.06700", "2009-12-31": "12.97310", "2008-12-31": "20.24660", "2007-12-31": "22.01220", "2006-12-31": "22.65890", "2005-12-31": "18.19860"}, "EBIT Margin": {"2019-12-31": "22.74580", "2018-12-31": "22.21830", "2017-12-31": "22.21820", "2016-12-31": "19.19630", "2015-12-31": "15.25360", "2014-12-31": "7.05690", "2013-12-31": "10.62320", "2012-12-31": "13.98890", "2011-12-31": "10.41290", "2010-12-31": "13.06700", "2009-12-31": "12.97310", "2008-12-31": "20.24660", "2007-12-31": "22.01220", "2006-12-31": "22.65890", "2005-12-31": "18.19860"}, "EBITDA Margin": {"2019-12-31": "33.77440", "2018-12-31": "34.50850", "2017-12-31": "37.77450", "2016-12-31": "37.64490", "2015-12-31": "27.72530", "2014-12-31": "17.95470", "2013-12-31": "24.52320", "2012-12-31": "22.68760", "2011-12-31": "21.19840", "2010-12-31": "25.46670", "2009-12-31": "27.64970", "2008-12-31": "33.76390", "2007-12-31": "35.74440", "2006-12-31": "36.10990", "2005-12-31": "35.44640"}, "Pre-Tax Profit Margin": {"2019-12-31": "10.12230", "2018-12-31": "13.42690", "2017-12-31": "13.04910", "2016-12-31": "10.07480", "2015-12-31": "5.94300", "2014-12-31": "1.13630", "2013-12-31": "3.82760", "2012-12-31": "8.52180", "2011-12-31": "8.82960", "2010-12-31": "8.84620", "2009-12-31": "8.01660", "2008-12-31": "15.52800", "2007-12-31": "17.14580", "2006-12-31": "17.85060", "2005-12-31": "14.33350"}, "Net Profit Margin": {"2019-12-31": "8.22840", "2018-12-31": "8.71150", "2017-12-31": "-15.77600", "2016-12-31": "-57.72900", "2015-12-31": "3.84670", "2014-12-31": "1.98680", "2013-12-31": "2.63230", "2012-12-31": "5.04750", "2011-12-31": "5.49520", "2010-12-31": "5.56260", "2009-12-31": "6.72170", "2008-12-31": "9.84810", "2007-12-31": "10.22500", "2006-12-31": "10.82520", "2005-12-31": "7.58060"}, "Asset Turnover": {"2019-12-31": "0.26090", "2018-12-31": "0.28110", "2017-12-31": "0.25860", "2016-12-31": "0.24800", "2015-12-31": "0.28840", "2014-12-31": "0.29140", "2013-12-31": "0.29530", "2012-12-31": "0.30210", "2011-12-31": "0.34030", "2010-12-31": "0.37540", "2009-12-31": "0.37820", "2008-12-31": "0.40650", "2007-12-31": "0.39620", "2006-12-31": "0.36870", "2005-12-31": "0.35670"}, "Inventory Turnover Ratio": {"2019-12-31": "12.18510", "2018-12-31": "14.47220", "2017-12-31": "14.50420", "2016-12-31": "6.88120", "2015-12-31": "7.99750", "2014-12-31": "8.56300", "2013-12-31": "8.58910", "2012-12-31": "7.80140", "2011-12-31": "8.86680", "2010-12-31": "9.49220", "2009-12-31": "9.09270", "2008-12-31": "9.30740", "2007-12-31": "9.62380", "2006-12-31": "7.37090", "2005-12-31": "7.74320"}, "Receiveable Turnover": {"2019-12-31": "8.52780", "2018-12-31": "7.45270", "2017-12-31": "7.52620", "2016-12-31": "6.62540", "2015-12-31": "9.42070", "2014-12-31": "8.45920", "2013-12-31": "7.76430", "2012-12-31": "7.90820", "2011-12-31": "8.97710", "2010-12-31": "8.50700", "2009-12-31": "9.28630", "2008-12-31": "9.26380", "2007-12-31": "9.00910", "2006-12-31": "9.07730", "2005-12-31": "7.58210"}, "Days Sales In Receivables": {"2019-12-31": "42.80110", "2018-12-31": "48.97570", "2017-12-31": "48.49740", "2016-12-31": "55.09110", "2015-12-31": "38.74450", "2014-12-31": "43.14810", "2013-12-31": "47.00980", "2012-12-31": "46.15440", "2011-12-31": "40.65880", "2010-12-31": "42.90580", "2009-12-31": "39.30510", "2008-12-31": "39.40080", "2007-12-31": "40.51440", "2006-12-31": "40.21000", "2005-12-31": "48.13960"}, "ROE - Return On Equity": {"2019-12-31": "12.96060", "2018-12-31": "15.15650", "2017-12-31": "-7.36310", "2016-12-31": "8.82870", "2015-12-31": "4.65300", "2014-12-31": "1.71470", "2013-12-31": "2.95390", "2012-12-31": "5.76640", "2011-12-31": "6.43660", "2010-12-31": "8.02060", "2009-12-31": "10.00350", "2008-12-31": "16.10340", "2007-12-31": "14.61510", "2006-12-31": "13.92360", "2005-12-31": "9.56680"}, "Return On Tangible Equity": {"2019-12-31": "66.61750", "2018-12-31": "85.45150", "2017-12-31": "17.07030", "2016-12-31": "88.44300", "2015-12-31": "9.62690", "2014-12-31": "3.54760", "2013-12-31": "5.97420", "2012-12-31": "11.36020", "2011-12-31": "12.48180", "2010-12-31": "21.26150", "2009-12-31": "28.70560", "2008-12-31": "48.86860", "2007-12-31": "38.93180", "2006-12-31": "40.10200", "2005-12-31": "26.14520"}, "ROA - Return On Assets": {"2019-12-31": "2.13710", "2018-12-31": "2.55100", "2017-12-31": "-0.68390", "2016-12-31": "1.27700", "2015-12-31": "1.10950", "2014-12-31": "0.41240", "2013-12-31": "0.74370", "2012-12-31": "1.49520", "2011-12-31": "1.80870", "2010-12-31": "2.02080", "2009-12-31": "2.49530", "2008-12-31": "3.99450", "2007-12-31": "4.06050", "2006-12-31": "4.03260", "2005-12-31": "2.76060"}, "ROI - Return On Investment": {"2019-12-31": "3.39940", "2018-12-31": "4.16040", "2017-12-31": "-1.27810", "2016-12-31": "2.25510", "2015-12-31": "1.83370", "2014-12-31": "0.67410", "2013-12-31": "1.31460", "2012-12-31": "2.67050", "2011-12-31": "2.95020", "2010-12-31": "3.33470", "2009-12-31": "4.16240", "2008-12-31": "7.68880", "2007-12-31": "7.35180", "2006-12-31": "7.15990", "2005-12-31": "5.01510"}, "Book Value Per Share": {"2019-12-31": "12.90110", "2018-12-31": "13.31080", "2017-12-31": "8.81360", "2016-12-31": "14.10890", "2015-12-31": "29.32760", "2014-12-31": "29.49870", "2013-12-31": "30.32520", "2012-12-31": "31.27590", "2011-12-31": "31.79940", "2010-12-31": "29.36670", "2009-12-31": "28.07090", "2008-12-31": "27.27710", "2007-12-31": "29.44870", "2006-12-31": "28.30460", "2005-12-31": "28.41410"}, "Operating Cash Flow Per Share": {"2019-12-31": 1.6974, "2018-12-31": -5.7223, "2017-12-31": 0.6353, "2016-12-31": -0.2191, "2015-12-31": 1.7162, "2014-12-31": 0.091, "2013-12-31": 0.8162, "2012-12-31": -2.1014, "2011-12-31": -2.4469, "2010-12-31": 2.0297, "2009-12-31": 0.8113, "2008-12-31": 1.7637, "2007-12-31": -0.4491, "2006-12-31": -0.7976, "2005-12-31": 6.7273}, "Free Cash Flow Per Share": {"2019-12-31": 1.4218, "2018-12-31": -5.3243, "2017-12-31": 2.3023, "2016-12-31": -0.5086, "2015-12-31": 2.3171, "2014-12-31": -0.5537, "2013-12-31": 0.8806, "2012-12-31": -5.2377, "2011-12-31": -0.2089, "2010-12-31": 3.708, "2009-12-31": 2.8531, "2008-12-31": -2.2767, "2007-12-31": -2.0553, "2006-12-31": -0.9781, "2005-12-31": 3.3818}}, "financial ratios, quarterly": {"Current Ratio": {"2020-09-30": "0.70260", "2020-06-30": "0.78070", "2020-03-31": "0.54180", "2019-12-31": "0.50270", "2019-09-30": "0.61710", "2019-06-30": "0.59900", "2019-03-31": "0.53520", "2018-12-31": "0.51620", "2018-09-30": "0.44760", "2018-06-30": "0.46630", "2018-03-31": "0.45610", "2017-12-31": "0.75610", "2017-09-30": "0.68880", "2017-06-30": "0.59290", "2017-03-31": "0.36050", "2016-12-31": "0.41400", "2016-09-30": "0.49410", "2016-06-30": "0.45510", "2016-03-31": "0.50560", "2015-12-31": "0.54270", "2015-09-30": "0.65230", "2015-06-30": "0.60580", "2015-03-31": "0.64050", "2014-12-31": "0.60380", "2014-09-30": "0.63300", "2014-06-30": "0.67760", "2014-03-31": "0.59160", "2013-12-31": "0.52550", "2013-09-30": "0.44740", "2013-06-30": "0.47260", "2013-03-31": "0.49060", "2012-12-31": "0.49550", "2012-09-30": "0.62650", "2012-06-30": "0.59320", "2012-03-31": "0.60230", "2011-12-31": "0.69100", "2011-09-30": "0.73840", "2011-06-30": "0.74280", "2011-03-31": "0.90000", "2010-12-31": "0.78610", "2010-09-30": "0.68200", "2010-06-30": "0.61720", "2010-03-31": "0.58410", "2009-12-31": "0.63990", "2009-09-30": "0.65730", "2009-06-30": "0.58610", "2009-03-31": "0.44870", "2008-12-31": "0.43010", "2008-09-30": "0.39790", "2008-06-30": "0.39720", "2008-03-31": "0.38420", "2007-12-31": "0.43320", "2007-09-30": "0.44740", "2007-06-30": "0.40370", "2007-03-31": "0.36680", "2006-12-31": "0.39640", "2006-09-30": "0.42060", "2006-06-30": "0.52180", "2006-03-31": "0.38510", "2005-12-31": "0.42490", "2005-09-30": "0.62600", "2005-06-30": "0.61380", "2005-03-31": "0.56720"}, "Long-term Debt / Capital": {"2020-09-30": "0.75540", "2020-06-30": "0.75470", "2020-03-31": "0.75340", "2019-12-31": "0.73770", "2019-09-30": "0.72760", "2019-06-30": "0.72380", "2019-03-31": "0.73080", "2018-12-31": "0.72260", "2018-09-30": "0.70730", "2018-06-30": "0.68130", "2018-03-31": "0.69420", "2017-12-31": "0.82640", "2017-09-30": "0.76700", "2017-06-30": "0.76510", "2017-03-31": "0.74310", "2016-12-31": "0.74460", "2016-09-30": "0.61700", "2016-06-30": "0.61660", "2016-03-31": "0.60230", "2015-12-31": "0.60590", "2015-09-30": "0.60190", "2015-06-30": "0.59710", "2015-03-31": "0.60770", "2014-12-31": "0.60690", "2014-09-30": "0.59330", "2014-06-30": "0.59210", "2014-03-31": "0.57140", "2013-12-31": "0.55500", "2013-09-30": "0.54930", "2013-06-30": "0.54680", "2013-03-31": "0.54880", "2012-12-31": "0.53690", "2012-09-30": "0.53750", "2012-06-30": "0.52870", "2012-03-31": "0.53790", "2011-12-31": "0.54170", "2011-09-30": "0.54870", "2011-06-30": "0.56010", "2011-03-31": "0.58020", "2010-12-31": "0.58420", "2010-09-30": "0.58210", "2010-06-30": "0.57350", "2010-03-31": "0.58120", "2009-12-31": "0.58390", "2009-09-30": "0.57830", "2009-06-30": "0.53600", "2009-03-31": "0.53930", "2008-12-31": "0.52250", "2008-09-30": "0.48260", "2008-06-30": "0.48270", "2008-03-31": "0.48100", "2007-12-31": "0.49700", "2007-09-30": "0.49570", "2007-06-30": "0.50290", "2007-03-31": "0.50730", "2006-12-31": "0.48580", "2006-09-30": "0.48540", "2006-06-30": "0.47520", "2006-03-31": "0.45790", "2005-12-31": "0.46530", "2005-09-30": "0.51100", "2005-06-30": "0.51940", "2005-03-31": "0.52310"}, "Debt/Equity Ratio": {"2020-09-30": "3.14130", "2020-06-30": "3.10460", "2020-03-31": "3.22160", "2019-12-31": "3.01050", "2019-09-30": "2.86070", "2019-06-30": "2.84550", "2019-03-31": "2.93130", "2018-12-31": "2.86230", "2018-09-30": "2.82790", "2018-06-30": "2.50120", "2018-03-31": "2.58940", "2017-12-31": "4.97960", "2017-09-30": "3.53810", "2017-06-30": "3.61110", "2017-03-31": "3.69100", "2016-12-31": "3.61350", "2016-09-30": "1.97540", "2016-06-30": "1.98120", "2016-03-31": "1.79380", "2015-12-31": "1.76890", "2015-09-30": "1.75590", "2015-06-30": "1.81710", "2015-03-31": "1.81990", "2014-12-31": "1.75330", "2014-09-30": "1.69540", "2014-06-30": "1.71490", "2014-03-31": "1.69020", "2013-12-31": "1.62660", "2013-09-30": "1.64060", "2013-06-30": "1.61330", "2013-03-31": "1.55850", "2012-12-31": "1.46240", "2012-09-30": "1.39070", "2012-06-30": "1.37850", "2012-03-31": "1.37750", "2011-12-31": "1.30360", "2011-09-30": "1.35710", "2011-06-30": "1.48300", "2011-03-31": "1.52940", "2010-12-31": "1.64940", "2010-09-30": "1.69070", "2010-06-30": "1.68900", "2010-03-31": "1.70080", "2009-12-31": "1.74400", "2009-09-30": "1.80380", "2009-06-30": "1.64200", "2009-03-31": "1.71870", "2008-12-31": "1.68050", "2008-09-30": "1.45950", "2008-06-30": "1.48780", "2008-03-31": "1.35290", "2007-12-31": "1.31290", "2007-09-30": "1.30650", "2007-06-30": "1.52290", "2007-03-31": "1.55270", "2006-12-31": "1.27390", "2006-09-30": "1.25320", "2006-06-30": "1.22730", "2006-03-31": "1.16640", "2005-12-31": "1.16610", "2005-09-30": "1.18170", "2005-06-30": "1.25000", "2005-03-31": "1.24050"}, "Gross Margin": {"2020-09-30": "71.31040", "2020-06-30": "72.64080", "2020-03-31": "70.76410", "2019-12-31": "68.12570", "2019-09-30": "68.95040", "2019-06-30": "70.58820", "2019-03-31": "68.36630", "2018-12-31": "68.63470", "2018-09-30": "66.93860", "2018-06-30": "68.57140", "2018-03-31": "66.49200", "2017-12-31": "71.83930", "2017-09-30": "69.07220", "2017-06-30": "69.01680", "2017-03-31": "65.14890", "2016-12-31": "21.97130", "2016-09-30": "63.51800", "2016-06-30": "60.98210", "2016-03-31": "61.10110", "2015-12-31": "55.12570", "2015-09-30": "58.98620", "2015-06-30": "60.40400", "2015-03-31": "58.27560", "2014-12-31": "55.23970", "2014-09-30": "55.45270", "2014-06-30": "53.28950", "2014-03-31": "50.45430", "2013-12-31": "55.59230", "2013-09-30": "55.92760", "2013-06-30": "57.39950", "2013-03-31": "57.66860", "2012-12-31": "56.04400", "2012-09-30": "58.07010", "2012-06-30": "54.78030", "2012-03-31": "54.88720", "2011-12-31": "54.24000", "2011-09-30": "58.02080", "2011-06-30": "54.31030", "2011-03-31": "54.16670", "2010-12-31": "57.39050", "2010-09-30": "53.88950", "2010-06-30": "54.98570", "2010-03-31": "52.34920", "2009-12-31": "48.88510", "2009-09-30": "52.61150", "2009-06-30": "60.25680", "2009-03-31": "56.35870", "2008-12-31": "60.79350", "2008-09-30": "57.42830", "2008-06-30": "57.28810", "2008-03-31": "59.47510", "2007-12-31": "60.60410", "2007-09-30": "58.93990", "2007-06-30": "61.88490", "2007-03-31": "62.29400", "2006-12-31": "64.67740", "2006-09-30": "60.85020", "2006-06-30": "63.97670", "2006-03-31": "63.10540", "2005-12-31": "60.37150", "2005-09-30": "63.27060", "2005-06-30": "67.18260", "2005-03-31": "67.45450"}, "Operating Margin": {"2020-09-30": "23.85840", "2020-06-30": "20.42030", "2020-03-31": "19.63820", "2019-12-31": "23.00790", "2019-09-30": "22.98350", "2019-06-30": "23.25120", "2019-03-31": "21.81760", "2018-12-31": "18.89300", "2018-09-30": "23.17230", "2018-06-30": "26.66670", "2018-03-31": "20.26560", "2017-12-31": "19.41710", "2017-09-30": "25.18900", "2017-06-30": "21.87500", "2017-03-31": "21.99650", "2016-12-31": "-285.83160", "2016-09-30": "21.98110", "2016-06-30": "-28.66800", "2016-03-31": "20.05690", "2015-12-31": "6.66480", "2015-09-30": "22.02280", "2015-06-30": "15.98850", "2015-03-31": "15.24250", "2014-12-31": "-9.67560", "2014-09-30": "18.41560", "2014-06-30": "8.35240", "2014-03-31": "9.34960", "2013-12-31": "10.57850", "2013-09-30": "12.59920", "2013-06-30": "1.19760", "2013-03-31": "17.40530", "2012-12-31": "-2.05320", "2012-09-30": "22.26060", "2012-06-30": "14.83360", "2012-03-31": "18.69670", "2011-12-31": "-6.69330", "2011-09-30": "22.39880", "2011-06-30": "12.83250", "2011-03-31": "9.78750", "2010-12-31": "12.16510", "2010-09-30": "11.13200", "2010-06-30": "16.75690", "2010-03-31": "12.60990", "2009-12-31": "1.62160", "2009-09-30": "14.28990", "2009-06-30": "24.51850", "2009-03-31": "10.37790", "2008-12-31": "22.27430", "2008-09-30": "21.67010", "2008-06-30": "17.93530", "2008-03-31": "18.85870", "2007-12-31": "19.58430", "2007-09-30": "23.34520", "2007-06-30": "23.41590", "2007-03-31": "21.42620", "2006-12-31": "22.60350", "2006-09-30": "25.53510", "2006-06-30": "24.35480", "2006-03-31": "17.41220", "2005-12-31": "22.02570", "2005-09-30": "18.35050", "2005-06-30": "18.78300", "2005-03-31": "14.25460"}, "EBIT Margin": {"2020-09-30": "23.85840", "2020-06-30": "20.42030", "2020-03-31": "19.63820", "2019-12-31": "23.00790", "2019-09-30": "22.98350", "2019-06-30": "23.25120", "2019-03-31": "21.81760", "2018-12-31": "18.89300", "2018-09-30": "23.17230", "2018-06-30": "26.66670", "2018-03-31": "20.26560", "2017-12-31": "19.41710", "2017-09-30": "25.18900", "2017-06-30": "21.87500", "2017-03-31": "21.99650", "2016-12-31": "-285.83160", "2016-09-30": "21.98110", "2016-06-30": "-28.66800", "2016-03-31": "20.05690", "2015-12-31": "6.66480", "2015-09-30": "22.02280", "2015-06-30": "15.98850", "2015-03-31": "15.24250", "2014-12-31": "-9.67560", "2014-09-30": "18.41560", "2014-06-30": "8.35240", "2014-03-31": "9.34960", "2013-12-31": "10.57850", "2013-09-30": "12.59920", "2013-06-30": "1.19760", "2013-03-31": "17.40530", "2012-12-31": "-2.05320", "2012-09-30": "22.26060", "2012-06-30": "14.83360", "2012-03-31": "18.69670", "2011-12-31": "-6.69330", "2011-09-30": "22.39880", "2011-06-30": "12.83250", "2011-03-31": "9.78750", "2010-12-31": "12.16510", "2010-09-30": "11.13200", "2010-06-30": "16.75690", "2010-03-31": "12.60990", "2009-12-31": "1.62160", "2009-09-30": "14.28990", "2009-06-30": "24.51850", "2009-03-31": "10.37790", "2008-12-31": "22.27430", "2008-09-30": "21.67010", "2008-06-30": "17.93530", "2008-03-31": "18.85870", "2007-12-31": "19.58430", "2007-09-30": "23.34520", "2007-06-30": "23.41590", "2007-03-31": "21.42620", "2006-12-31": "22.60350", "2006-09-30": "25.53510", "2006-06-30": "24.35480", "2006-03-31": "17.41220", "2005-12-31": "22.02570", "2005-09-30": "18.35050", "2005-06-30": "18.78300", "2005-03-31": "14.25460"}, "EBITDA Margin": {"2020-09-30": "", "2020-06-30": "", "2020-03-31": "", "2019-12-31": "", "2019-09-30": "", "2019-06-30": "", "2019-03-31": "", "2018-12-31": "", "2018-09-30": "", "2018-06-30": "", "2018-03-31": "", "2017-12-31": "", "2017-09-30": "", "2017-06-30": "", "2017-03-31": "", "2016-12-31": "", "2016-09-30": "", "2016-06-30": "", "2016-03-31": "", "2015-12-31": "", "2015-09-30": "", "2015-06-30": "", "2015-03-31": "", "2014-12-31": "", "2014-09-30": "", "2014-06-30": "", "2014-03-31": "", "2013-12-31": "", "2013-09-30": "", "2013-06-30": "", "2013-03-31": "", "2012-12-31": "", "2012-09-30": "", "2012-06-30": "", "2012-03-31": "", "2011-12-31": "", "2011-09-30": "", "2011-06-30": "", "2011-03-31": "", "2010-12-31": "", "2010-09-30": "", "2010-06-30": "", "2010-03-31": "", "2009-12-31": "", "2009-09-30": "", "2009-06-30": "", "2009-03-31": "", "2008-12-31": "", "2008-09-30": "", "2008-06-30": "", "2008-03-31": "", "2007-12-31": "", "2007-09-30": "", "2007-06-30": "", "2007-03-31": "", "2006-12-31": "", "2006-09-30": "", "2006-06-30": "", "2006-03-31": "", "2005-12-31": "", "2005-09-30": "", "2005-06-30": "", "2005-03-31": ""}, "Pre-Tax Profit Margin": {"2020-09-30": "19.06020", "2020-06-30": "14.78990", "2020-03-31": "-1.32890", "2019-12-31": "-9.31540", "2019-09-30": "16.73980", "2019-06-30": "16.77270", "2019-03-31": "15.53940", "2018-12-31": "6.23620", "2018-09-30": "16.97130", "2018-06-30": "15.58100", "2018-03-31": "14.46540", "2017-12-31": "6.41990", "2017-09-30": "17.28520", "2017-06-30": "13.37650", "2017-03-31": "14.32570", "2016-12-31": "-231.00620", "2016-09-30": "16.10930", "2016-06-30": "-35.84240", "2016-03-31": "13.98290", "2015-12-31": "-11.18330", "2015-09-30": "15.06190", "2015-06-30": "8.71570", "2015-03-31": "9.39180", "2014-12-31": "-16.48010", "2014-09-30": "12.47430", "2014-06-30": "2.57440", "2014-03-31": "4.06500", "2013-12-31": "5.73000", "2013-09-30": "7.09330", "2013-06-30": "-6.55830", "2013-03-31": "8.21920", "2012-12-31": "-7.86580", "2012-09-30": "17.99110", "2012-06-30": "8.38880", "2012-03-31": "13.23310", "2011-12-31": "2.72000", "2011-09-30": "18.11830", "2011-06-30": "7.56160", "2011-03-31": "4.41830", "2010-12-31": "7.43780", "2010-09-30": "7.88630", "2010-06-30": "12.42430", "2010-03-31": "7.88120", "2009-12-31": "-4.83110", "2009-09-30": "10.50470", "2009-06-30": "20.05500", "2009-03-31": "5.06900", "2008-12-31": "16.24490", "2008-09-30": "18.16090", "2008-06-30": "13.03540", "2008-03-31": "14.15930", "2007-12-31": "14.90740", "2007-09-30": "18.84100", "2007-06-30": "18.01220", "2007-03-31": "16.48170", "2006-12-31": "16.63560", "2006-09-30": "21.55170", "2006-06-30": "19.19300", "2006-03-31": "13.08690", "2005-12-31": "16.67400", "2005-09-30": "16.23860", "2005-06-30": "14.77310", "2005-03-31": "9.52730"}, "Net Profit Margin": {"2020-09-30": "15.02320", "2020-06-30": "12.25220", "2020-03-31": "2.73160", "2019-12-31": "-3.96560", "2019-09-30": "13.19610", "2019-06-30": "12.24170", "2019-03-31": "10.92610", "2018-12-31": "5.38750", "2018-09-30": "-16.71020", "2018-06-30": "5.10480", "2018-03-31": "42.38300", "2017-12-31": "-98.42460", "2017-09-30": "13.60830", "2017-06-30": "6.63110", "2017-03-31": "7.18040", "2016-12-31": "1190.14400", "2016-09-30": "9.70130", "2016-06-30": "-32.02000", "2016-03-31": "8.47760", "2015-12-31": "-6.38240", "2015-09-30": "9.58040", "2015-06-30": "5.39680", "2015-03-31": "5.69670", "2014-12-31": "-8.78550", "2014-09-30": "8.56480", "2014-06-30": "1.83070", "2014-03-31": "4.97370", "2013-12-31": "3.91180", "2013-09-30": "5.40670", "2013-06-30": "-4.67640", "2013-03-31": "5.26460", "2012-12-31": "-4.27990", "2012-09-30": "10.48870", "2012-06-30": "4.98000", "2012-03-31": "7.66920", "2011-12-31": "2.61330", "2011-09-30": "11.27360", "2011-06-30": "5.00000", "2011-03-31": "1.45410", "2010-12-31": "4.50680", "2010-09-30": "4.80150", "2010-06-30": "8.44220", "2010-03-31": "4.69840", "2009-12-31": "3.54730", "2009-09-30": "6.86620", "2009-06-30": "12.65670", "2009-03-31": "3.56930", "2008-12-31": "10.37180", "2008-09-30": "12.06460", "2008-06-30": "8.10480", "2008-03-31": "8.42230", "2007-12-31": "8.70410", "2007-09-30": "11.34300", "2007-06-30": "10.87170", "2007-03-31": "9.75450", "2006-12-31": "9.92170", "2006-09-30": "13.49580", "2006-06-30": "11.05050", "2006-03-31": "8.17010", "2005-12-31": "8.44760", "2005-09-30": "9.47490", "2005-06-30": "6.26100", "2005-03-31": "5.81820"}, "Asset Turnover": {"2020-09-30": "0.07040", "2020-06-30": "0.05950", "2020-03-31": "0.06440", "2019-12-31": "0.06320", "2019-09-30": "0.07140", "2019-06-30": "0.06150", "2019-03-31": "0.07120", "2018-12-31": "0.06760", "2018-09-30": "0.07770", "2018-06-30": "0.06740", "2018-03-31": "0.07380", "2017-12-31": "0.06010", "2017-09-30": "0.06670", "2017-06-30": "0.06060", "2017-03-31": "0.06610", "2016-12-31": "-0.01130", "2016-09-30": "0.07540", "2016-06-30": "0.06620", "2016-03-31": "0.07340", "2015-12-31": "0.06800", "2015-09-30": "0.07830", "2015-06-30": "0.06540", "2015-03-31": "0.07420", "2014-12-31": "0.06740", "2014-09-30": "0.07590", "2014-06-30": "0.06800", "2014-03-31": "0.08160", "2013-12-31": "0.07200", "2013-09-30": "0.08000", "2013-06-30": "0.06990", "2013-03-31": "0.07380", "2012-12-31": "0.06850", "2012-09-30": "0.08310", "2012-06-30": "0.07820", "2012-03-31": "0.08370", "2011-12-31": "0.07920", "2011-09-30": "0.10110", "2011-06-30": "0.08530", "2011-03-31": "0.07470", "2010-12-31": "0.08930", "2010-09-30": "0.10740", "2010-06-30": "0.09110", "2010-03-31": "0.09680", "2009-12-31": "0.08630", "2009-09-30": "0.09830", "2009-06-30": "0.09530", "2009-03-31": "0.09940", "2008-12-31": "0.09550", "2008-09-30": "0.11630", "2008-06-30": "0.09670", "2008-03-31": "0.10110", "2007-12-31": "0.09530", "2007-09-30": "0.11500", "2007-06-30": "0.09710", "2007-03-31": "0.09350", "2006-12-31": "0.08590", "2006-09-30": "0.10460", "2006-06-30": "0.08440", "2006-03-31": "0.08510", "2005-12-31": "0.07100", "2005-09-30": "0.11170", "2005-06-30": "0.09110", "2005-03-31": "0.08800"}, "Inventory Turnover Ratio": {"2020-09-30": "2.81490", "2020-06-30": "2.27720", "2020-03-31": "2.77890", "2019-12-31": "3.03200", "2019-09-30": "3.56590", "2019-06-30": "2.83520", "2019-03-31": "3.40300", "2018-12-31": "3.37300", "2018-09-30": "4.22080", "2018-06-30": "2.93590", "2018-03-31": "3.51280", "2017-12-31": "3.02970", "2017-09-30": "1.65750", "2017-06-30": "1.47020", "2017-03-31": "1.87380", "2016-12-31": "-0.67380", "2016-09-30": "2.04430", "2016-06-30": "1.74840", "2016-03-31": "1.92700", "2015-12-31": "2.02420", "2015-09-30": "2.29130", "2015-06-30": "1.73230", "2015-03-31": "2.13390", "2014-12-31": "1.90820", "2014-09-30": "2.24640", "2014-06-30": "2.03620", "2014-03-31": "2.80000", "2013-12-31": "2.14360", "2013-09-30": "2.43090", "2013-06-30": "1.85360", "2013-03-31": "1.88740", "2012-12-31": "1.76540", "2012-09-30": "1.94170", "2012-06-30": "1.84360", "2012-03-31": "1.94170", "2011-12-31": "2.11590", "2011-09-30": "2.41000", "2011-06-30": "2.14200", "2011-03-31": "1.92370", "2010-12-31": "2.11910", "2010-09-30": "2.63650", "2010-06-30": "2.09330", "2010-03-31": "2.24890", "2009-12-31": "2.33850", "2009-09-30": "2.60060", "2009-06-30": "2.01860", "2009-03-31": "2.21460", "2008-12-31": "2.07440", "2008-09-30": "2.83130", "2008-06-30": "2.37740", "2008-03-31": "2.32980", "2007-12-31": "2.32820", "2007-09-30": "2.75320", "2007-06-30": "2.03260", "2007-03-31": "1.89680", "2006-12-31": "1.64120", "2006-09-30": "2.25130", "2006-06-30": "1.57550", "2006-03-31": "1.63610", "2005-12-31": "1.72970", "2005-09-30": "2.59370", "2005-06-30": "1.83600", "2005-03-31": "1.87290"}, "Receiveable Turnover": {"2020-09-30": "2.25520", "2020-06-30": "2.04710", "2020-03-31": "2.16030", "2019-12-31": "2.06570", "2019-09-30": "2.21780", "2019-06-30": "1.89600", "2019-03-31": "1.92070", "2018-12-31": "1.79350", "2018-09-30": "1.89600", "2018-06-30": "1.75590", "2018-03-31": "1.93120", "2017-12-31": "1.74860", "2017-09-30": "1.88720", "2017-06-30": "1.70830", "2017-03-31": "1.84070", "2016-12-31": "-0.30150", "2016-09-30": "2.40450", "2016-06-30": "2.27640", "2016-03-31": "2.42720", "2015-12-31": "2.22010", "2015-09-30": "2.32670", "2015-06-30": "1.95650", "2015-03-31": "2.07730", "2014-12-31": "1.95780", "2014-09-30": "2.13740", "2014-06-30": "1.78190", "2014-03-31": "2.00380", "2013-12-31": "1.89260", "2013-09-30": "2.22760", "2013-06-30": "1.82370", "2013-03-31": "2.00380", "2012-12-31": "1.79260", "2012-09-30": "2.21300", "2012-06-30": "1.97840", "2012-03-31": "2.29970", "2011-12-31": "2.09030", "2011-09-30": "2.51010", "2011-06-30": "2.21370", "2011-03-31": "1.91740", "2010-12-31": "2.02360", "2010-09-30": "2.38360", "2010-06-30": "2.01870", "2010-03-31": "2.36490", "2009-12-31": "2.11880", "2009-09-30": "2.44830", "2009-06-30": "2.27150", "2009-03-31": "2.33960", "2008-12-31": "2.17610", "2008-09-30": "2.55000", "2008-06-30": "2.08950", "2008-03-31": "2.30290", "2007-12-31": "2.16680", "2007-09-30": "2.23920", "2007-06-30": "1.95040", "2007-03-31": "2.07320", "2006-12-31": "2.11600", "2006-09-30": "2.36900", "2006-06-30": "2.04380", "2006-03-31": "2.20640", "2005-12-31": "1.50930", "2005-09-30": "2.28240", "2005-06-30": "1.96810", "2005-03-31": "2.18450"}, "Days Sales In Receivables": {"2020-09-30": "39.90730", "2020-06-30": "43.96510", "2020-03-31": "41.66110", "2019-12-31": "43.56900", "2019-09-30": "40.58050", "2019-06-30": "47.46820", "2019-03-31": "46.85740", "2018-12-31": "50.18080", "2018-09-30": "47.46740", "2018-06-30": "51.25710", "2018-03-31": "46.60380", "2017-12-31": "51.46910", "2017-09-30": "47.69070", "2017-06-30": "52.68290", "2017-03-31": "48.89320", "2016-12-31": "-298.46000", "2016-09-30": "37.42920", "2016-06-30": "39.53540", "2016-03-31": "37.07940", "2015-12-31": "40.53940", "2015-09-30": "38.68060", "2015-06-30": "46.00000", "2015-03-31": "43.32560", "2014-12-31": "45.96900", "2014-09-30": "42.10650", "2014-06-30": "50.50920", "2014-03-31": "44.91390", "2013-12-31": "47.55370", "2013-09-30": "40.40180", "2013-06-30": "49.34990", "2013-03-31": "44.91540", "2012-12-31": "50.20530", "2012-09-30": "40.66880", "2012-06-30": "45.49130", "2012-03-31": "39.13530", "2011-12-31": "43.05600", "2011-09-30": "35.85510", "2011-06-30": "40.65520", "2011-03-31": "46.93790", "2010-12-31": "44.47530", "2010-09-30": "37.75750", "2010-06-30": "44.58430", "2010-03-31": "38.05700", "2009-12-31": "42.47640", "2009-09-30": "36.76060", "2009-06-30": "39.62090", "2009-03-31": "38.46730", "2008-12-31": "41.35900", "2008-09-30": "35.29460", "2008-06-30": "43.07240", "2008-03-31": "39.08150", "2007-12-31": "41.53620", "2007-09-30": "40.19230", "2007-06-30": "46.14350", "2007-03-31": "43.41070", "2006-12-31": "42.53260", "2006-09-30": "37.99050", "2006-06-30": "44.03490", "2006-03-31": "40.79110", "2005-12-31": "59.62850", "2005-09-30": "39.43220", "2005-06-30": "45.72980", "2005-03-31": "41.19850"}, "ROE - Return On Equity": {"2020-09-30": "6.39960", "2020-06-30": "4.29790", "2020-03-31": "0.35220", "2019-12-31": "-2.59500", "2019-09-30": "5.34930", "2019-06-30": "4.70470", "2019-03-31": "5.13670", "2018-12-31": "1.98720", "2018-09-30": "5.86510", "2018-06-30": "4.08650", "2018-03-31": "2.50940", "2017-12-31": "-27.15920", "2017-09-30": "4.69870", "2017-06-30": "3.46520", "2017-03-31": "4.18640", "2016-12-31": "14.93350", "2016-09-30": "3.30350", "2016-06-30": "-9.54680", "2016-03-31": "2.63160", "2015-12-31": "-1.81940", "2015-09-30": "3.12800", "2015-06-30": "1.49230", "2015-03-31": "1.79760", "2014-12-31": "-2.46340", "2014-09-30": "2.62120", "2014-06-30": "0.50450", "2014-03-31": "0.96790", "2013-12-31": "1.11860", "2013-09-30": "1.66570", "2013-06-30": "-1.31220", "2013-03-31": "1.47690", "2012-12-31": "-1.22970", "2012-09-30": "3.13780", "2012-06-30": "1.39140", "2012-03-31": "2.29400", "2011-12-31": "0.64670", "2011-09-30": "4.07220", "2011-06-30": "1.49030", "2011-03-31": "0.37040", "2010-12-31": "1.54160", "2010-09-30": "2.01360", "2010-06-30": "2.90280", "2010-03-31": "1.74580", "2009-12-31": "1.20370", "2009-09-30": "2.70810", "2009-06-30": "4.53280", "2009-03-31": "1.38820", "2008-12-31": "3.94470", "2008-09-30": "5.06400", "2008-06-30": "2.85220", "2008-03-31": "3.08090", "2007-12-31": "3.01880", "2007-09-30": "4.71030", "2007-06-30": "3.91200", "2007-03-31": "3.49440", "2006-12-31": "3.04370", "2006-09-30": "4.90880", "2006-06-30": "3.28840", "2006-03-31": "2.34980", "2005-12-31": "2.47060", "2005-09-30": "3.76080", "2005-06-30": "2.07170", "2005-03-31": "1.63560"}, "Return On Tangible Equity": {"2020-09-30": "29.29940", "2020-06-30": "20.13120", "2020-03-31": "2.00670", "2019-12-31": "-13.33830", "2019-09-30": "23.51870", "2019-06-30": "20.65420", "2019-03-31": "27.01670", "2018-12-31": "11.20400", "2018-09-30": "31.79280", "2018-06-30": "14.80060", "2018-03-31": "10.30170", "2017-12-31": "62.96520", "2017-09-30": "38.19800", "2017-06-30": "31.19660", "2017-03-31": "49.32820", "2016-12-31": "149.59870", "2016-09-30": "6.45710", "2016-06-30": "-18.81150", "2016-03-31": "5.42510", "2015-12-31": "-3.76420", "2015-09-30": "6.36070", "2015-06-30": "3.05910", "2015-03-31": "3.74240", "2014-12-31": "-5.09660", "2014-09-30": "5.29750", "2014-06-30": "1.02120", "2014-03-31": "1.97190", "2013-12-31": "2.26220", "2013-09-30": "3.41000", "2013-06-30": "-2.64320", "2013-03-31": "2.93000", "2012-12-31": "-2.42250", "2012-09-30": "6.02430", "2012-06-30": "2.65990", "2012-03-31": "4.43800", "2011-12-31": "1.25400", "2011-09-30": "9.36890", "2011-06-30": "3.49570", "2011-03-31": "0.92390", "2010-12-31": "4.08650", "2010-09-30": "5.61620", "2010-06-30": "7.89150", "2010-03-31": "5.03380", "2009-12-31": "3.45410", "2009-09-30": "7.88210", "2009-06-30": "11.90890", "2009-03-31": "4.24510", "2008-12-31": "11.97080", "2008-09-30": "12.66810", "2008-06-30": "7.27520", "2008-03-31": "8.18320", "2007-12-31": "8.04150", "2007-09-30": "13.07380", "2007-06-30": "12.32680", "2007-03-31": "12.07830", "2006-12-31": "8.76630", "2006-09-30": "13.48050", "2006-06-30": "8.42790", "2006-03-31": "6.19690", "2005-12-31": "6.75190", "2005-09-30": "11.11370", "2005-06-30": "6.34400", "2005-03-31": "4.98950"}, "ROA - Return On Assets": {"2020-09-30": "1.07130", "2020-06-30": "0.72400", "2020-03-31": "0.05700", "2019-12-31": "-0.42790", "2019-09-30": "0.93720", "2019-06-30": "0.83410", "2019-03-31": "0.87680", "2018-12-31": "0.33450", "2018-09-30": "1.01160", "2018-06-30": "0.79030", "2018-03-31": "0.46660", "2017-12-31": "-2.52270", "2017-09-30": "0.68960", "2017-06-30": "0.50550", "2017-03-31": "0.59470", "2016-12-31": "2.16000", "2016-09-30": "0.73130", "2016-06-30": "-2.11860", "2016-03-31": "0.62240", "2015-12-31": "-0.43380", "2015-09-30": "0.75010", "2015-06-30": "0.35280", "2015-03-31": "0.42270", "2014-12-31": "-0.59250", "2014-09-30": "0.65010", "2014-06-30": "0.12450", "2014-03-31": "0.23820", "2013-12-31": "0.28160", "2013-09-30": "0.41480", "2013-06-30": "-0.33490", "2013-03-31": "0.38080", "2012-12-31": "-0.31880", "2012-09-30": "0.86590", "2012-06-30": "0.39130", "2012-03-31": "0.64160", "2011-12-31": "0.18170", "2011-09-30": "1.13590", "2011-06-30": "0.40550", "2011-03-31": "0.09820", "2010-12-31": "0.38840", "2010-09-30": "0.50420", "2010-06-30": "0.74280", "2010-03-31": "0.43720", "2009-12-31": "0.30030", "2009-09-30": "0.66330", "2009-06-30": "1.18930", "2009-03-31": "0.34270", "2008-12-31": "0.97850", "2008-09-30": "1.40340", "2008-06-30": "0.78400", "2008-03-31": "0.85450", "2007-12-31": "0.83870", "2007-09-30": "1.30480", "2007-06-30": "1.05520", "2007-03-31": "0.91220", "2006-12-31": "0.88150", "2006-09-30": "1.40540", "2006-06-30": "0.95770", "2006-03-31": "0.68870", "2005-12-31": "0.71290", "2005-09-30": "1.05820", "2005-06-30": "0.57350", "2005-03-31": "0.45100"}, "ROI - Return On Investment": {"2020-09-30": "1.56510", "2020-06-30": "1.05420", "2020-03-31": "0.08680", "2019-12-31": "-0.68060", "2019-09-30": "1.45730", "2019-06-30": "1.29550", "2019-03-31": "1.37890", "2018-12-31": "0.54550", "2018-09-30": "1.69920", "2018-06-30": "1.27480", "2018-03-31": "0.75060", "2017-12-31": "-4.71430", "2017-09-30": "1.09470", "2017-06-30": "0.81410", "2017-03-31": "1.07530", "2016-12-31": "3.81450", "2016-09-30": "1.26520", "2016-06-30": "-3.65990", "2016-03-31": "1.04650", "2015-12-31": "-0.71700", "2015-09-30": "1.24520", "2015-06-30": "0.60130", "2015-03-31": "0.70520", "2014-12-31": "-0.96840", "2014-09-30": "1.06610", "2014-06-30": "0.20580", "2014-03-31": "0.41480", "2013-12-31": "0.49780", "2013-09-30": "0.75080", "2013-06-30": "-0.59460", "2013-03-31": "0.66630", "2012-12-31": "-0.56950", "2012-09-30": "1.45140", "2012-06-30": "0.65570", "2012-03-31": "1.06010", "2011-12-31": "0.29640", "2011-09-30": "1.83790", "2011-06-30": "0.65550", "2011-03-31": "0.15550", "2010-12-31": "0.64090", "2010-09-30": "0.84150", "2010-06-30": "1.23790", "2010-03-31": "0.73100", "2009-12-31": "0.50090", "2009-09-30": "1.14200", "2009-06-30": "2.10310", "2009-03-31": "0.63960", "2008-12-31": "1.88340", "2008-09-30": "2.62030", "2008-06-30": "1.47550", "2008-03-31": "1.59900", "2007-12-31": "1.51850", "2007-09-30": "2.37560", "2007-06-30": "1.94450", "2007-03-31": "1.72160", "2006-12-31": "1.56520", "2006-09-30": "2.50440", "2006-06-30": "1.69830", "2006-03-31": "1.25300", "2005-12-31": "1.29510", "2005-09-30": "1.80140", "2005-06-30": "0.97160", "2005-03-31": "0.75890"}, "Book Value Per Share": {"2020-09-30": "13.24760", "2020-06-30": "13.17630", "2020-03-31": "12.57770", "2019-12-31": "12.90110", "2019-09-30": "13.45890", "2019-06-30": "13.66120", "2019-03-31": "13.04380", "2018-12-31": "13.31080", "2018-09-30": "13.43840", "2018-06-30": "16.12310", "2018-03-31": "15.46420", "2017-12-31": "8.81360", "2017-09-30": "14.40010", "2017-06-30": "14.22450", "2017-03-31": "13.83470", "2016-12-31": "14.10890", "2016-09-30": "27.01870", "2016-06-30": "26.82750", "2016-03-31": "29.34690", "2015-12-31": "29.32760", "2015-09-30": "29.85050", "2015-06-30": "29.66250", "2015-03-31": "29.26360", "2014-12-31": "29.49870", "2014-09-30": "30.19520", "2014-06-30": "30.18290", "2014-03-31": "30.02360", "2013-12-31": "30.32520", "2013-09-30": "30.00120", "2013-06-30": "30.61340", "2013-03-31": "31.08440", "2012-12-31": "31.27590", "2012-09-30": "32.15800", "2012-06-30": "32.30870", "2012-03-31": "31.89500", "2011-12-31": "31.79940", "2011-09-30": "31.12030", "2011-06-30": "30.96490", "2011-03-31": "30.34080", "2010-12-31": "29.36670", "2010-09-30": "28.51050", "2010-06-30": "28.93040", "2010-03-31": "27.99880", "2009-12-31": "28.07090", "2009-09-30": "27.86100", "2009-06-30": "29.52750", "2009-03-31": "27.17540", "2008-12-31": "27.27710", "2008-09-30": "30.51160", "2008-06-30": "30.24920", "2008-03-31": "29.49470", "2007-12-31": "29.44870", "2007-09-30": "28.76310", "2007-06-30": "28.34320", "2007-03-31": "27.22460", "2006-12-31": "28.30460", "2006-09-30": "29.09720", "2006-06-30": "29.23270", "2006-03-31": "28.72340", "2005-12-31": "28.41410", "2005-09-30": "27.32170", "2005-06-30": "26.84400", "2005-03-31": "26.86080"}, "Operating Cash Flow Per Share": {"2020-09-30": 1.291, "2020-06-30": 1.3075, "2020-03-31": "-1.03130", "2019-12-31": 1.3469, "2019-09-30": 2.0322, "2019-06-30": 1.5141, "2019-03-31": "-0.34150", "2018-12-31": 1.7493, "2018-09-30": 1.7063, "2018-06-30": 1.2397, "2018-03-31": "-1.84100", "2017-12-31": 2.3838, "2017-09-30": 2.8625, "2017-06-30": 1.5623, "2017-03-31": "1.76800", "2016-12-31": 1.871, "2016-09-30": 2.6068, "2016-06-30": 1.9377, "2016-03-31": "1.52580", "2015-12-31": 2.6958, "2015-09-30": 3.1242, "2015-06-30": 1.8841, "2015-03-31": "0.45630", "2014-12-31": 2.3183, "2014-09-30": 2.6485, "2014-06-30": 1.6964, "2014-03-31": "-0.21900", "2013-12-31": 2.3651, "2013-09-30": 2.8087, "2013-06-30": 1.0601, "2013-03-31": "0.11930", "2012-12-31": 2.4917, "2012-09-30": 2.8973, "2012-06-30": 1.1313, "2012-03-31": "-0.98330", "2011-12-31": 2.3313, "2011-09-30": 2.8523, "2011-06-30": 1.0233, "2011-03-31": "1.43150", "2010-12-31": 3.2886, "2010-09-30": 3.9836, "2010-06-30": 1.1595, "2010-03-31": "1.65360", "2009-12-31": 3.2713, "2009-09-30": 1.1712, "2009-06-30": 2.1033, "2009-03-31": "1.50980", "2008-12-31": 2.5831, "2008-09-30": 3.6221, "2008-06-30": -0.1303, "2008-03-31": "1.16940", "2007-12-31": 1.5392, "2007-09-30": 3.3895, "2007-06-30": 0.7323, "2007-03-31": "-0.18040", "2006-12-31": 2.1051, "2006-09-30": 2.3549, "2006-06-30": 0.4879, "2006-03-31": "0.98180", "2005-12-31": 0.9212, "2005-09-30": 3.0152, "2005-06-30": 0.9733, "2005-03-31": "1.81760"}, "Free Cash Flow Per Share": {"2020-09-30": 0.0258, "2020-06-30": 0.0626, "2020-03-31": "-2.16570", "2019-12-31": 0.0443, "2019-09-30": 0.8084, "2019-06-30": 0.2496, "2019-03-31": "-1.38090", "2018-12-31": 0.2105, "2018-09-30": 0.6048, "2018-06-30": 0.5031, "2018-03-31": "-3.01880", "2017-12-31": 1.5723, "2017-09-30": 1.5392, "2017-06-30": 0.0687, "2017-03-31": "0.44370", "2016-12-31": 0.3005, "2016-09-30": 1.0682, "2016-06-30": 0.0656, "2016-03-31": "-0.11270", "2015-12-31": 1.1415, "2015-09-30": 1.8613, "2015-06-30": -0.0497, "2015-03-31": "-1.12290", "2014-12-31": 0.3255, "2014-09-30": 1.0712, "2014-06-30": -0.6479, "2014-03-31": "-1.23570", "2013-12-31": 0.7565, "2013-09-30": 1.5089, "2013-06-30": -0.3466, "2013-03-31": "-1.85200", "2012-12-31": 0.1647, "2012-09-30": 1.0478, "2012-06-30": 0.188, "2012-03-31": "-2.21430", "2011-12-31": 1.3668, "2011-09-30": 3.0261, "2011-06-30": -0.0914, "2011-03-31": "0.12240", "2010-12-31": 2.2623, "2010-09-30": 2.4459, "2010-06-30": -0.4414, "2010-03-31": "0.36600", "2009-12-31": 1.2255, "2009-09-30": -0.2286, "2009-06-30": 0.5292, "2009-03-31": "-0.60130", "2008-12-31": 0.2932, "2008-09-30": 1.8241, "2008-06-30": -3.0619, "2008-03-31": "-0.98370", "2007-12-31": -0.0425, "2007-09-30": 2.063, "2007-06-30": -0.555, "2007-03-31": "-1.11710", "2006-12-31": 1.3699, "2006-09-30": 1.6126, "2006-06-30": -0.3788, "2006-03-31": "-0.20000", "2005-12-31": -0.3182, "2005-09-30": 2.1242, "2005-06-30": 0.2901, "2005-03-31": "1.28570"}}, "revenue": {"FirstEnergy Annual Revenue (Millions of US $)": {"2019": "$11,035", "2018": "$11,261", "2017": "$10,928", "2016": "$10,700", "2015": "$15,026", "2014": "$15,049", "2013": "$14,892", "2012": "$15,255", "2011": "$16,105", "2010": "$13,339", "2009": "$12,973", "2008": "$13,627", "2007": "$12,802", "2006": "$11,501", "2005": "$11,358"}, "FirstEnergy Quarterly Revenue (Millions of US $)": {"2020-09-30": "$3,022", "2020-06-30": "$2,522", "2020-03-31": "$2,709", "2019-12-31": "$2,673", "2019-09-30": "$2,963", "2019-06-30": "$2,516", "2019-03-31": "$2,883", "2018-12-31": "$2,710", "2018-09-30": "$3,064", "2018-06-30": "$2,625", "2018-03-31": "$2,862", "2017-12-31": "$2,539", "2017-09-30": "$2,910", "2017-06-30": "$2,624", "2017-03-31": "$2,855", "2016-12-31": "$-487", "2016-09-30": "$3,917", "2016-06-30": "$3,401", "2016-03-31": "$3,869", "2015-12-31": "$3,541", "2015-09-30": "$4,123", "2015-06-30": "$3,465", "2015-03-31": "$3,897", "2014-12-31": "$3,483", "2014-09-30": "$3,888", "2014-06-30": "$3,496", "2014-03-31": "$4,182", "2013-12-31": "$3,630", "2013-09-30": "$4,032", "2013-06-30": "$3,507", "2013-03-31": "$3,723", "2012-12-31": "$3,458", "2012-09-30": "$4,052", "2012-06-30": "$3,755", "2012-03-31": "$3,990", "2011-12-31": "$3,750", "2011-09-30": "$4,719", "2011-06-30": "$4,060", "2011-03-31": "$3,576", "2010-12-31": "$3,173", "2010-09-30": "$3,728", "2010-06-30": "$3,139", "2010-03-31": "$3,299", "2009-12-31": "$2,960", "2009-09-30": "$3,408", "2009-06-30": "$3,271", "2009-03-31": "$3,334", "2008-12-31": "$3,201", "2008-09-30": "$3,904", "2008-06-30": "$3,245", "2008-03-31": "$3,277", "2007-12-31": "$3,079", "2007-09-30": "$3,641", "2007-06-30": "$3,109", "2007-03-31": "$2,973", "2006-12-31": "$2,681", "2006-09-30": "$3,364", "2006-06-30": "$2,751", "2006-03-31": "$2,705", "2005-12-31": "$2,261", "2005-09-30": "$3,504", "2005-06-30": "$2,843", "2005-03-31": "$2,750"}}, "gross-profit": {"FirstEnergy Annual Gross Profit (Millions of US $)": {"2019": "$7,611", "2018": "$7,614", "2017": "$7,505", "2016": "$6,819", "2015": "$8,748", "2014": "$8,053", "2013": "$8,433", "2012": "$8,538", "2011": "$8,914", "2010": "$7,283", "2009": "$7,090", "2008": "$7,996", "2007": "$7,788", "2006": "$7,248", "2005": "$7,347"}, "FirstEnergy Quarterly Gross Profit (Millions of US $)": {"2020-09-30": "$2,155", "2020-06-30": "$1,832", "2020-03-31": "$1,917", "2019-12-31": "$1,821", "2019-09-30": "$2,043", "2019-06-30": "$1,776", "2019-03-31": "$1,971", "2018-12-31": "$1,860", "2018-09-30": "$2,051", "2018-06-30": "$1,800", "2018-03-31": "$1,903", "2017-12-31": "$1,824", "2017-09-30": "$2,010", "2017-06-30": "$1,811", "2017-03-31": "$1,860", "2016-12-31": "$-107", "2016-09-30": "$2,488", "2016-06-30": "$2,074", "2016-03-31": "$2,364", "2015-12-31": "$1,952", "2015-09-30": "$2,432", "2015-06-30": "$2,093", "2015-03-31": "$2,271", "2014-12-31": "$1,924", "2014-09-30": "$2,156", "2014-06-30": "$1,863", "2014-03-31": "$2,110", "2013-12-31": "$2,018", "2013-09-30": "$2,255", "2013-06-30": "$2,013", "2013-03-31": "$2,147", "2012-12-31": "$1,938", "2012-09-30": "$2,353", "2012-06-30": "$2,057", "2012-03-31": "$2,190", "2011-12-31": "$2,034", "2011-09-30": "$2,738", "2011-06-30": "$2,205", "2011-03-31": "$1,937", "2010-12-31": "$1,821", "2010-09-30": "$2,009", "2010-06-30": "$1,726", "2010-03-31": "$1,727", "2009-12-31": "$1,447", "2009-09-30": "$1,793", "2009-06-30": "$1,971", "2009-03-31": "$1,879", "2008-12-31": "$1,946", "2008-09-30": "$2,242", "2008-06-30": "$1,859", "2008-03-31": "$1,949", "2007-12-31": "$1,866", "2007-09-30": "$2,146", "2007-06-30": "$1,924", "2007-03-31": "$1,852", "2006-12-31": "$1,734", "2006-09-30": "$2,047", "2006-06-30": "$1,760", "2006-03-31": "$1,707", "2005-12-31": "$1,365", "2005-09-30": "$2,217", "2005-06-30": "$1,910", "2005-03-31": "$1,855"}}, "operating-income": {"FirstEnergy Annual Operating Income (Millions of US $)": {"2019": "$2,510", "2018": "$2,502", "2017": "$2,428", "2016": "$2,054", "2015": "$2,292", "2014": "$1,062", "2013": "$1,582", "2012": "$2,134", "2011": "$1,677", "2010": "$1,743", "2009": "$1,683", "2008": "$2,759", "2007": "$2,818", "2006": "$2,606", "2005": "$2,067"}, "FirstEnergy Quarterly Operating Income (Millions of US $)": {"2020-09-30": "$721", "2020-06-30": "$515", "2020-03-31": "$532", "2019-12-31": "$615", "2019-09-30": "$681", "2019-06-30": "$585", "2019-03-31": "$629", "2018-12-31": "$512", "2018-09-30": "$710", "2018-06-30": "$700", "2018-03-31": "$580", "2017-12-31": "$493", "2017-09-30": "$733", "2017-06-30": "$574", "2017-03-31": "$628", "2016-12-31": "$1,392", "2016-09-30": "$861", "2016-06-30": "$-975", "2016-03-31": "$776", "2015-12-31": "$236", "2015-09-30": "$908", "2015-06-30": "$554", "2015-03-31": "$594", "2014-12-31": "$-337", "2014-09-30": "$716", "2014-06-30": "$292", "2014-03-31": "$391", "2013-12-31": "$384", "2013-09-30": "$508", "2013-06-30": "$42", "2013-03-31": "$648", "2012-12-31": "$-71", "2012-09-30": "$902", "2012-06-30": "$557", "2012-03-31": "$746", "2011-12-31": "$-251", "2011-09-30": "$1,057", "2011-06-30": "$521", "2011-03-31": "$350", "2010-12-31": "$386", "2010-09-30": "$415", "2010-06-30": "$526", "2010-03-31": "$416", "2009-12-31": "$48", "2009-09-30": "$487", "2009-06-30": "$802", "2009-03-31": "$346", "2008-12-31": "$713", "2008-09-30": "$846", "2008-06-30": "$582", "2008-03-31": "$618", "2007-12-31": "$603", "2007-09-30": "$850", "2007-06-30": "$728", "2007-03-31": "$637", "2006-12-31": "$606", "2006-09-30": "$859", "2006-06-30": "$670", "2006-03-31": "$471", "2005-12-31": "$498", "2005-09-30": "$643", "2005-06-30": "$534", "2005-03-31": "$392"}}, "ebitda": {"FirstEnergy Annual EBITDA (Millions of US $)": {"2019": "$3,727", "2018": "$3,886", "2017": "$4,128", "2016": "$4,028", "2015": "$4,166", "2014": "$2,702", "2013": "$3,652", "2012": "$3,461", "2011": "$3,414", "2010": "$3,397", "2009": "$3,587", "2008": "$4,601", "2007": "$4,576", "2006": "$4,153", "2005": "$4,026"}, "FirstEnergy Quarterly EBITDA (Millions of US $)": {"2020-09-30": "$923", "2020-06-30": "$822", "2020-03-31": "$827", "2019-12-31": "$763", "2019-09-30": "$1,048", "2019-06-30": "$942", "2019-03-31": "$974", "2018-12-31": "$893", "2018-09-30": "$1,109", "2018-06-30": "$1,024", "2018-03-31": "$860", "2017-12-31": "$886", "2017-09-30": "$1,211", "2017-06-30": "$987", "2017-03-31": "$1,044", "2016-12-31": "$1,889", "2016-09-30": "$1,388", "2016-06-30": "$-486", "2016-03-31": "$1,237", "2015-12-31": "$727", "2015-09-30": "$1,422", "2015-06-30": "$998", "2015-03-31": "$1,019", "2014-12-31": "$122", "2014-09-30": "$1,120", "2014-06-30": "$746", "2014-03-31": "$714", "2013-12-31": "$946", "2013-09-30": "$1,194", "2013-06-30": "$459", "2013-03-31": "$1,053", "2012-12-31": "$68", "2012-09-30": "$1,283", "2012-06-30": "$952", "2012-03-31": "$1,158", "2011-12-31": "$181", "2011-09-30": "$1,536", "2011-06-30": "$943", "2011-03-31": "$754", "2010-12-31": "$803", "2010-09-30": "$820", "2010-06-30": "$912", "2010-03-31": "$862", "2009-12-31": "$407", "2009-09-30": "$976", "2009-06-30": "$1,243", "2009-03-31": "$961", "2008-12-31": "$1,178", "2008-09-30": "$1,336", "2008-06-30": "$1,021", "2008-03-31": "$1,066", "2007-12-31": "$1,024", "2007-09-30": "$1,325", "2007-06-30": "$1,157", "2007-03-31": "$1,070", "2006-12-31": "$976", "2006-09-30": "$1,281", "2006-06-30": "$1,035", "2006-03-31": "$861", "2005-12-31": "$967", "2005-09-30": "$1,186", "2005-06-30": "$1,008", "2005-03-31": "$865"}}, "net-income": {"FirstEnergy Annual Net Income (Millions of US $)": {"2019": "$908", "2018": "$981", "2017": "$-1,724", "2016": "$-6,177", "2015": "$578", "2014": "$299", "2013": "$392", "2012": "$770", "2011": "$885", "2010": "$742", "2009": "$872", "2008": "$1,342", "2007": "$1,309", "2006": "$1,245", "2005": "$861"}, "FirstEnergy Quarterly Net Income (Millions of US $)": {"2020-09-30": "$454", "2020-06-30": "$309", "2020-03-31": "$74", "2019-12-31": "$-106", "2019-09-30": "$391", "2019-06-30": "$308", "2019-03-31": "$315", "2018-12-31": "$146", "2018-09-30": "$-512", "2018-06-30": "$134", "2018-03-31": "$1,213", "2017-12-31": "$-2,499", "2017-09-30": "$396", "2017-06-30": "$174", "2017-03-31": "$205", "2016-12-31": "$-5,796", "2016-09-30": "$380", "2016-06-30": "$-1,089", "2016-03-31": "$328", "2015-12-31": "$-226", "2015-09-30": "$395", "2015-06-30": "$187", "2015-03-31": "$222", "2014-12-31": "$-306", "2014-09-30": "$333", "2014-06-30": "$64", "2014-03-31": "$208", "2013-12-31": "$142", "2013-09-30": "$218", "2013-06-30": "$-164", "2013-03-31": "$196", "2012-12-31": "$-148", "2012-09-30": "$425", "2012-06-30": "$187", "2012-03-31": "$306", "2011-12-31": "$98", "2011-09-30": "$532", "2011-06-30": "$203", "2011-03-31": "$52", "2010-12-31": "$143", "2010-09-30": "$179", "2010-06-30": "$265", "2010-03-31": "$155", "2009-12-31": "$105", "2009-09-30": "$234", "2009-06-30": "$414", "2009-03-31": "$119", "2008-12-31": "$332", "2008-09-30": "$471", "2008-06-30": "$263", "2008-03-31": "$276", "2007-12-31": "$268", "2007-09-30": "$413", "2007-06-30": "$338", "2007-03-31": "$290", "2006-12-31": "$266", "2006-09-30": "$454", "2006-06-30": "$304", "2006-03-31": "$221", "2005-12-31": "$191", "2005-09-30": "$332", "2005-06-30": "$178", "2005-03-31": "$160"}}, "eps-earnings-per-share-diluted": {"FirstEnergy Annual EPS": {"2019": "$1.68", "2018": "$1.99", "2017": "$-3.88", "2016": "$-14.49", "2015": "$1.37", "2014": "$0.71", "2013": "$0.94", "2012": "$1.84", "2011": "$2.21", "2010": "$2.42", "2009": "$2.85", "2008": "$4.38", "2007": "$4.22", "2006": "$3.81", "2005": "$2.61"}, "FirstEnergy Quarterly EPS": {"2020-09-30": "$0.84", "2020-06-30": "$0.57", "2020-03-31": "$0.14", "2019-12-31": "$-0.21", "2019-09-30": "$0.72", "2019-06-30": "$0.58", "2019-03-31": "$0.59", "2018-12-31": "$0.19", "2018-09-30": "$-1.02", "2018-06-30": "$0.28", "2018-03-31": "$2.54", "2017-12-31": "$-5.62", "2017-09-30": "$0.89", "2017-06-30": "$0.39", "2017-03-31": "$0.46", "2016-12-31": "$-13.59", "2016-09-30": "$0.89", "2016-06-30": "$-2.56", "2016-03-31": "$0.77", "2015-12-31": "$-0.53", "2015-09-30": "$0.93", "2015-06-30": "$0.44", "2015-03-31": "$0.53", "2014-12-31": "$-0.72", "2014-09-30": "$0.79", "2014-06-30": "$0.15", "2014-03-31": "$0.49", "2013-12-31": "$0.34", "2013-09-30": "$0.52", "2013-06-30": "$-0.39", "2013-03-31": "$0.47", "2012-12-31": "$-0.35", "2012-09-30": "$1.01", "2012-06-30": "$0.45", "2012-03-31": "$0.73", "2011-12-31": "$0.31", "2011-09-30": "$1.27", "2011-06-30": "$0.48", "2011-03-31": "$0.15", "2010-12-31": "$0.45", "2010-09-30": "$0.59", "2010-06-30": "$0.87", "2010-03-31": "$0.51", "2009-12-31": "$0.33", "2009-09-30": "$0.77", "2009-06-30": "$1.36", "2009-03-31": "$0.39", "2008-12-31": "$1.09", "2008-09-30": "$1.54", "2008-06-30": "$0.85", "2008-03-31": "$0.90", "2007-12-31": "$0.86", "2007-09-30": "$1.34", "2007-06-30": "$1.10", "2007-03-31": "$0.92", "2006-12-31": "$0.83", "2006-09-30": "$1.40", "2006-06-30": "$0.91", "2006-03-31": "$0.67", "2005-12-31": "$0.58", "2005-09-30": "$1.01", "2005-06-30": "$0.54", "2005-03-31": "$0.48"}}, "shares-outstanding": {"FirstEnergy Annual Shares Outstanding (Millions of Shares)": {"2019": "542", "2018": "494", "2017": "444", "2016": "426", "2015": "424", "2014": "421", "2013": "419", "2012": "419", "2011": "401", "2010": "305", "2009": "306", "2008": "307", "2007": "310", "2006": "327", "2005": "330"}, "FirstEnergy Quarterly Shares Outstanding (Millions of Shares)": {"2020-09-30": "543", "2020-06-30": "543", "2020-03-31": "543", "2019-12-31": "542", "2019-09-30": "542", "2019-06-30": "533", "2019-03-31": "533", "2018-12-31": "494", "2018-09-30": "505", "2018-06-30": "479", "2018-03-31": "478", "2017-12-31": "444", "2017-09-30": "446", "2017-06-30": "445", "2017-03-31": "444", "2016-12-31": "426", "2016-09-30": "427", "2016-06-30": "425", "2016-03-31": "426", "2015-12-31": "424", "2015-09-30": "424", "2015-06-30": "423", "2015-03-31": "423", "2014-12-31": "421", "2014-09-30": "421", "2014-06-30": "421", "2014-03-31": "420", "2013-12-31": "419", "2013-09-30": "419", "2013-06-30": "418", "2013-03-31": "419", "2012-12-31": "419", "2012-09-30": "419", "2012-06-30": "419", "2012-03-31": "420", "2011-12-31": "401", "2011-09-30": "420", "2011-06-30": "420", "2011-03-31": "343", "2010-12-31": "305", "2010-09-30": "305", "2010-06-30": "305", "2010-03-31": "306", "2009-12-31": "306", "2009-09-30": "306", "2009-06-30": "305", "2009-03-31": "306", "2008-12-31": "307", "2008-09-30": "307", "2008-06-30": "307", "2008-03-31": "307", "2007-12-31": "310", "2007-09-30": "307", "2007-06-30": "308", "2007-03-31": "316", "2006-12-31": "327", "2006-09-30": "325", "2006-06-30": "330", "2006-03-31": "330", "2005-12-31": "330", "2005-09-30": "330", "2005-06-30": "330", "2005-03-31": "329"}}, "total-assets": {"FirstEnergy Annual Total Assets (Millions of US $)": {"2019": "$42,301", "2018": "$40,063", "2017": "$42,257", "2016": "$43,148", "2015": "$52,094", "2014": "$51,648", "2013": "$50,424", "2012": "$50,494", "2011": "$47,326", "2010": "$35,531", "2009": "$34,304", "2008": "$33,521", "2007": "$32,311", "2006": "$31,196", "2005": "$31,841"}, "FirstEnergy Quarterly Total Assets (Millions of US $)": {"2020-09-30": "$42,938", "2020-06-30": "$42,403", "2020-03-31": "$42,090", "2019-12-31": "$42,301", "2019-09-30": "$41,506", "2019-06-30": "$40,884", "2019-03-31": "$40,490", "2018-12-31": "$40,063", "2018-09-30": "$39,443", "2018-06-30": "$38,971", "2018-03-31": "$38,795", "2017-12-31": "$42,257", "2017-09-30": "$43,649", "2017-06-30": "$43,327", "2017-03-31": "$43,212", "2016-12-31": "$43,148", "2016-09-30": "$51,961", "2016-06-30": "$51,401", "2016-03-31": "$52,695", "2015-12-31": "$52,094", "2015-09-30": "$52,663", "2015-06-30": "$53,005", "2015-03-31": "$52,521", "2014-12-31": "$51,648", "2014-09-30": "$51,224", "2014-06-30": "$51,388", "2014-03-31": "$51,228", "2013-12-31": "$50,424", "2013-09-30": "$50,383", "2013-06-30": "$50,157", "2013-03-31": "$50,424", "2012-12-31": "$50,494", "2012-09-30": "$48,738", "2012-06-30": "$48,048", "2012-03-31": "$47,691", "2011-12-31": "$47,326", "2011-09-30": "$46,661", "2011-06-30": "$47,596", "2011-03-31": "$47,866", "2010-12-31": "$35,531", "2010-09-30": "$34,707", "2010-06-30": "$34,466", "2010-03-31": "$34,078", "2009-12-31": "$34,304", "2009-09-30": "$34,674", "2009-06-30": "$34,306", "2009-03-31": "$33,557", "2008-12-31": "$33,521", "2008-09-30": "$33,562", "2008-06-30": "$33,545", "2008-03-31": "$32,415", "2007-12-31": "$32,311", "2007-09-30": "$31,653", "2007-06-30": "$32,033", "2007-03-31": "$31,790", "2006-12-31": "$31,196", "2006-09-30": "$32,162", "2006-06-30": "$32,578", "2006-03-31": "$31,797", "2005-12-31": "$31,841", "2005-09-30": "$31,374", "2005-06-30": "$31,211", "2005-03-31": "$31,261"}}, "cash-on-hand": {"FirstEnergy Annual Cash on Hand (Millions of US $)": {"2019": "$679", "2018": "$429", "2017": "$639", "2016": "$199", "2015": "$131", "2014": "$85", "2013": "$218", "2012": "$172", "2011": "$202", "2010": "$1,019", "2009": "$874", "2008": "$545", "2007": "$129", "2006": "$90", "2005": "$64"}, "FirstEnergy Quarterly Cash on Hand (Millions of US $)": {"2020-09-30": "$296", "2020-06-30": "$165", "2020-03-31": "$185", "2019-12-31": "$679", "2019-09-30": "$750", "2019-06-30": "$474", "2019-03-31": "$210", "2018-12-31": "$429", "2018-09-30": "$487", "2018-06-30": "$324", "2018-03-31": "$299", "2017-12-31": "$639", "2017-09-30": "$399", "2017-06-30": "$114", "2017-03-31": "$164", "2016-12-31": "$199", "2016-09-30": "$551", "2016-06-30": "$199", "2016-03-31": "$146", "2015-12-31": "$131", "2015-09-30": "$86", "2015-06-30": "$94", "2015-03-31": "$90", "2014-12-31": "$85", "2014-09-30": "$109", "2014-06-30": "$76", "2014-03-31": "$109", "2013-12-31": "$218", "2013-09-30": "$222", "2013-06-30": "$71", "2013-03-31": "$67", "2012-12-31": "$172", "2012-09-30": "$150", "2012-06-30": "$94", "2012-03-31": "$74", "2011-12-31": "$202", "2011-09-30": "$291", "2011-06-30": "$476", "2011-03-31": "$1,101", "2010-12-31": "$1,019", "2010-09-30": "$632", "2010-06-30": "$281", "2010-03-31": "$310", "2009-12-31": "$874", "2009-09-30": "$838", "2009-06-30": "$900", "2009-03-31": "$399", "2008-12-31": "$545", "2008-09-30": "$181", "2008-06-30": "$70", "2008-03-31": "$70", "2007-12-31": "$129", "2007-09-30": "$30", "2007-06-30": "$37", "2007-03-31": "$89", "2006-12-31": "$90", "2006-09-30": "$41", "2006-06-30": "$583", "2006-03-31": "$28", "2005-12-31": "$64", "2005-09-30": "$140", "2005-06-30": "$50", "2005-03-31": "$81"}}, "long-term-debt": {"FirstEnergy Annual Long Term Debt (Millions of US $)": {"2019": "$19,618", "2018": "$17,751", "2017": "$18,687", "2016": "$18,192", "2015": "$19,099", "2014": "$19,176", "2013": "$15,831", "2012": "$15,179", "2011": "$15,716", "2010": "$12,579", "2009": "$12,008", "2008": "$9,100", "2007": "$8,869", "2006": "$8,535", "2005": "$8,155"}, "FirstEnergy Quarterly Long Term Debt (Millions of US $)": {"2020-09-30": "$22,203", "2020-06-30": "$21,980", "2020-03-31": "$20,821", "2019-12-31": "$19,618", "2019-09-30": "$19,422", "2019-06-30": "$19,053", "2019-03-31": "$18,814", "2018-12-31": "$17,751", "2018-09-30": "$16,608", "2018-06-30": "$16,461", "2018-03-31": "$16,740", "2017-12-31": "$18,687", "2017-09-30": "$21,089", "2017-06-30": "$20,582", "2017-03-31": "$17,762", "2016-12-31": "$18,192", "2016-09-30": "$18,532", "2016-06-30": "$18,348", "2016-03-31": "$18,878", "2015-12-31": "$19,099", "2015-09-30": "$19,093", "2015-06-30": "$18,570", "2015-03-31": "$19,130", "2014-12-31": "$19,176", "2014-09-30": "$18,531", "2014-06-30": "$18,415", "2014-03-31": "$16,804", "2013-12-31": "$15,831", "2013-09-30": "$15,291", "2013-06-30": "$15,449", "2013-03-31": "$15,814", "2012-12-31": "$15,179", "2012-09-30": "$15,627", "2012-06-30": "$15,159", "2012-03-31": "$15,527", "2011-12-31": "$15,716", "2011-09-30": "$15,823", "2011-06-30": "$16,491", "2011-03-31": "$17,535", "2010-12-31": "$12,579", "2010-09-30": "$12,104", "2010-06-30": "$11,861", "2010-03-31": "$11,847", "2009-12-31": "$12,008", "2009-09-30": "$11,647", "2009-06-30": "$10,399", "2009-03-31": "$9,697", "2008-12-31": "$9,100", "2008-09-30": "$8,674", "2008-06-30": "$8,603", "2008-03-31": "$8,332", "2007-12-31": "$8,869", "2007-09-30": "$8,617", "2007-06-30": "$8,742", "2007-03-31": "$8,546", "2006-12-31": "$8,535", "2006-09-30": "$8,760", "2006-06-30": "$8,729", "2006-03-31": "$8,004", "2005-12-31": "$8,155", "2005-09-30": "$9,419", "2005-06-30": "$9,569", "2005-03-31": "$9,720"}}, "total-liabilities": {"FirstEnergy Annual Total Liabilities (Millions of US $)": {"2019": "$35,326", "2018": "$33,249", "2017": "$38,332", "2016": "$36,907", "2015": "$39,672", "2014": "$39,226", "2013": "$37,729", "2012": "$37,401", "2011": "$34,027", "2010": "$26,579", "2009": "$25,747", "2008": "$25,206", "2007": "$23,334", "2006": "$22,161", "2005": "$22,469"}, "FirstEnergy Quarterly Total Liabilities (Millions of US $)": {"2020-09-30": "$35,750", "2020-06-30": "$35,260", "2020-03-31": "$35,276", "2019-12-31": "$35,326", "2019-09-30": "$34,234", "2019-06-30": "$33,615", "2019-03-31": "$33,558", "2018-12-31": "$33,249", "2018-09-30": "$32,570", "2018-06-30": "$31,272", "2018-03-31": "$31,420", "2017-12-31": "$38,332", "2017-09-30": "$37,243", "2017-06-30": "$37,007", "2017-03-31": "$37,073", "2016-12-31": "$36,907", "2016-09-30": "$40,458", "2016-06-30": "$39,994", "2016-03-31": "$40,231", "2015-12-31": "$39,672", "2015-09-30": "$40,035", "2015-06-30": "$40,474", "2015-03-31": "$40,171", "2014-12-31": "$39,226", "2014-09-30": "$38,520", "2014-06-30": "$38,703", "2014-03-31": "$38,623", "2013-12-31": "$37,729", "2013-09-30": "$37,836", "2013-06-30": "$37,354", "2013-03-31": "$37,424", "2012-12-31": "$37,401", "2012-09-30": "$35,289", "2012-06-30": "$34,536", "2012-03-31": "$34,352", "2011-12-31": "$34,027", "2011-09-30": "$33,646", "2011-06-30": "$34,646", "2011-03-31": "$35,177", "2010-12-31": "$26,579", "2010-09-30": "$26,016", "2010-06-30": "$25,647", "2010-03-31": "$25,543", "2009-12-31": "$25,747", "2009-09-30": "$26,181", "2009-06-30": "$25,305", "2009-03-31": "$25,273", "2008-12-31": "$25,206", "2008-09-30": "$24,261", "2008-06-30": "$24,324", "2008-03-31": "$23,424", "2007-12-31": "$23,334", "2007-09-30": "$22,885", "2007-06-30": "$23,393", "2007-03-31": "$23,491", "2006-12-31": "$22,161", "2006-09-30": "$22,874", "2006-06-30": "$22,936", "2006-03-31": "$22,323", "2005-12-31": "$22,469", "2005-09-30": "$22,362", "2005-06-30": "$22,357", "2005-03-31": "$22,401"}}, "total-share-holder-equity": {"FirstEnergy Annual Share Holder Equity (Millions of US $)": {"2019": "$6,975", "2018": "$6,814", "2017": "$3,925", "2016": "$6,241", "2015": "$12,422", "2014": "$12,422", "2013": "$12,695", "2012": "$13,093", "2011": "$13,299", "2010": "$8,952", "2009": "$8,557", "2008": "$8,315", "2007": "$8,977", "2006": "$9,035", "2005": "$9,372"}, "FirstEnergy Quarterly Share Holder Equity (Millions of US $)": {"2020-09-30": "$7,188", "2020-06-30": "$7,143", "2020-03-31": "$6,814", "2019-12-31": "$6,975", "2019-09-30": "$7,272", "2019-06-30": "$7,269", "2019-03-31": "$6,932", "2018-12-31": "$6,814", "2018-09-30": "$6,873", "2018-06-30": "$7,699", "2018-03-31": "$7,375", "2017-12-31": "$3,925", "2017-09-30": "$6,406", "2017-06-30": "$6,320", "2017-03-31": "$6,139", "2016-12-31": "$6,241", "2016-09-30": "$11,503", "2016-06-30": "$11,407", "2016-03-31": "$12,464", "2015-12-31": "$12,422", "2015-09-30": "$12,628", "2015-06-30": "$12,531", "2015-03-31": "$12,350", "2014-12-31": "$12,422", "2014-09-30": "$12,704", "2014-06-30": "$12,685", "2014-03-31": "$12,605", "2013-12-31": "$12,695", "2013-09-30": "$12,547", "2013-06-30": "$12,803", "2013-03-31": "$13,000", "2012-12-31": "$13,093", "2012-09-30": "$13,449", "2012-06-30": "$13,512", "2012-03-31": "$13,339", "2011-12-31": "$13,299", "2011-09-30": "$13,015", "2011-06-30": "$12,950", "2011-03-31": "$12,689", "2010-12-31": "$8,952", "2010-09-30": "$8,691", "2010-06-30": "$8,819", "2010-03-31": "$8,535", "2009-12-31": "$8,557", "2009-09-30": "$8,493", "2009-06-30": "$9,001", "2009-03-31": "$8,284", "2008-12-31": "$8,315", "2008-09-30": "$9,301", "2008-06-30": "$9,221", "2008-03-31": "$8,991", "2007-12-31": "$8,977", "2007-09-30": "$8,768", "2007-06-30": "$8,640", "2007-03-31": "$8,299", "2006-12-31": "$9,035", "2006-09-30": "$9,288", "2006-06-30": "$9,642", "2006-03-31": "$9,474", "2005-12-31": "$9,372", "2005-09-30": "$9,012", "2005-06-30": "$8,854", "2005-03-31": "$8,860"}}, "profit-margins": {"current": "6.64%"}, "gross margin": {"2020-09-30": "70.70%", "2020-06-30": "70.06%", "2020-03-31": "69.58%", "2019-12-31": "68.97%", "2019-09-30": "69.09%", "2019-06-30": "68.54%", "2019-03-31": "68.09%", "2018-12-31": "67.61%", "2018-09-30": "68.33%", "2018-06-30": "68.92%", "2018-03-31": "69.03%", "2017-12-31": "68.68%", "2017-09-30": "70.54%", "2017-06-30": "67.93%", "2017-03-31": "65.20%", "2016-12-31": "63.73%", "2016-09-30": "60.28%", "2016-06-30": "59.07%", "2016-03-31": "58.95%", "2015-12-31": "58.22%", "2015-09-30": "58.26%", "2015-06-30": "57.31%", "2015-03-31": "55.64%", "2014-12-31": "53.51%", "2014-09-30": "53.61%", "2014-06-30": "53.75%", "2014-03-31": "54.69%", "2013-12-31": "56.63%", "2013-09-30": "56.75%", "2013-06-30": "57.33%", "2013-03-31": "56.68%", "2012-12-31": "55.97%", "2012-09-30": "55.53%", "2012-06-30": "55.62%", "2012-03-31": "55.49%", "2011-12-31": "55.35%", "2011-09-30": "56.03%", "2011-06-30": "54.84%", "2011-03-31": "55.03%", "2010-12-31": "54.60%", "2010-09-30": "52.64%", "2010-06-30": "52.26%", "2010-03-31": "53.62%", "2009-12-31": "54.65%", "2009-09-30": "57.43%", "2009-06-30": "58.63%", "2009-03-31": "57.92%", "2008-12-31": "58.68%", "2008-09-30": "58.62%", "2008-06-30": "59.05%", "2008-03-31": "60.16%", "2007-12-31": "60.83%", "2007-09-30": "61.72%", "2007-06-30": "62.32%", "2007-03-31": "62.82%", "2006-12-31": "63.02%", "2006-09-30": "62.08%", "2006-06-30": "62.82%", "2006-03-31": "63.63%", "2005-12-31": "64.69%"}, "operating margin": {"2020-09-30": "21.81%", "2020-06-30": "21.56%", "2020-03-31": "22.22%", "2019-12-31": "22.75%", "2019-09-30": "21.74%", "2019-06-30": "21.80%", "2019-03-31": "22.61%", "2018-12-31": "22.22%", "2018-09-30": "22.39%", "2018-06-30": "22.92%", "2018-03-31": "21.76%", "2017-12-31": "22.22%", "2017-09-30": "42.10%", "2017-06-30": "38.78%", "2017-03-31": "19.68%", "2016-12-31": "19.20%", "2016-09-30": "6.10%", "2016-06-30": "6.33%", "2016-03-31": "16.50%", "2015-12-31": "15.25%", "2015-09-30": "11.48%", "2015-06-30": "10.36%", "2015-03-31": "8.57%", "2014-12-31": "7.06%", "2014-09-30": "11.73%", "2014-06-30": "10.27%", "2014-03-31": "8.63%", "2013-12-31": "10.62%", "2013-09-30": "7.66%", "2013-06-30": "10.32%", "2013-03-31": "13.58%", "2012-12-31": "13.99%", "2012-09-30": "12.57%", "2012-06-30": "13.01%", "2012-03-31": "12.55%", "2011-12-31": "10.41%", "2011-09-30": "14.90%", "2011-06-30": "11.50%", "2011-03-31": "12.32%", "2010-12-31": "13.07%", "2010-09-30": "10.70%", "2010-06-30": "11.53%", "2010-03-31": "13.55%", "2009-12-31": "12.97%", "2009-09-30": "17.77%", "2009-06-30": "19.74%", "2009-03-31": "18.17%", "2008-12-31": "20.25%", "2008-09-30": "19.61%", "2008-06-30": "20.03%", "2008-03-31": "21.36%", "2007-12-31": "22.01%", "2007-09-30": "22.74%", "2007-06-30": "23.34%", "2007-03-31": "23.55%", "2006-12-31": "22.66%", "2006-09-30": "22.54%", "2006-06-30": "20.34%", "2006-03-31": "18.97%", "2005-12-31": "18.20%"}, "ebitda margin": {"2020-09-30": "30.52%", "2020-06-30": "31.84%", "2020-03-31": "32.96%", "2019-12-31": "33.77%", "2019-09-30": "34.84%", "2019-06-30": "35.07%", "2019-03-31": "35.45%", "2018-12-31": "34.51%", "2018-09-30": "34.98%", "2018-06-30": "36.40%", "2018-03-31": "36.07%", "2017-12-31": "37.77%", "2017-09-30": "64.93%", "2017-06-30": "59.58%", "2017-03-31": "39.59%", "2016-12-31": "37.64%", "2016-09-30": "19.46%", "2016-06-30": "19.42%", "2016-03-31": "29.23%", "2015-12-31": "27.73%", "2015-09-30": "23.79%", "2015-06-30": "22.12%", "2015-03-31": "20.37%", "2014-12-31": "17.95%", "2014-09-30": "23.20%", "2014-06-30": "23.47%", "2014-03-31": "21.58%", "2013-12-31": "24.52%", "2013-09-30": "18.85%", "2013-06-30": "19.42%", "2013-03-31": "22.39%", "2012-12-31": "22.69%", "2012-09-30": "22.99%", "2012-06-30": "23.60%", "2012-03-31": "23.11%", "2011-12-31": "21.20%", "2011-09-30": "25.99%", "2011-06-30": "22.84%", "2011-03-31": "24.16%", "2010-12-31": "25.47%", "2010-09-30": "22.86%", "2010-06-30": "24.65%", "2010-03-31": "26.96%", "2009-12-31": "27.65%", "2009-09-30": "32.98%", "2009-06-30": "34.41%", "2009-03-31": "32.86%", "2008-12-31": "33.76%", "2008-09-30": "32.93%", "2008-06-30": "33.50%", "2008-03-31": "34.88%", "2007-12-31": "35.74%", "2007-09-30": "36.50%", "2007-06-30": "36.98%", "2007-03-31": "37.06%", "2006-12-31": "36.11%", "2006-09-30": "37.40%", "2006-06-30": "36.08%", "2006-03-31": "35.55%", "2005-12-31": "35.45%"}, "pre tax profit margin": {"2020-09-30": "6.08%", "2020-06-30": "5.37%", "2020-03-31": "5.83%", "2019-12-31": "10.12%", "2019-09-30": "13.86%", "2019-06-30": "13.95%", "2019-03-31": "13.70%", "2018-12-31": "13.43%", "2018-09-30": "13.58%", "2018-06-30": "13.62%", "2018-03-31": "13.09%", "2017-12-31": "13.05%", "2017-09-30": "30.22%", "2017-06-30": "28.24%", "2017-03-31": "9.77%", "2016-12-31": "10.07%", "2016-09-30": "-3.01%", "2016-06-30": "-3.03%", "2016-03-31": "7.12%", "2015-12-31": "5.94%", "2015-09-30": "4.78%", "2015-06-30": "3.93%", "2015-03-31": "2.49%", "2014-12-31": "1.14%", "2014-09-30": "6.27%", "2014-06-30": "4.92%", "2014-03-31": "2.83%", "2013-12-31": "3.83%", "2013-09-30": "0.61%", "2013-06-30": "3.62%", "2013-03-31": "7.19%", "2012-12-31": "8.52%", "2012-09-30": "10.77%", "2012-06-30": "11.10%", "2012-03-31": "10.85%", "2011-12-31": "8.83%", "2011-09-30": "10.02%", "2011-06-30": "6.84%", "2011-03-31": "7.92%", "2010-12-31": "8.85%", "2010-09-30": "6.10%", "2010-06-30": "6.75%", "2010-03-31": "8.74%", "2009-12-31": "8.02%", "2009-09-30": "12.89%", "2009-06-30": "14.98%", "2009-03-31": "13.31%", "2008-12-31": "15.53%", "2008-09-30": "15.22%", "2008-06-30": "15.35%", "2008-03-31": "16.55%", "2007-12-31": "17.15%", "2007-09-30": "17.59%", "2007-06-30": "18.31%", "2007-03-31": "18.60%", "2006-12-31": "17.85%", "2006-09-30": "17.90%", "2006-06-30": "16.29%", "2006-03-31": "15.20%", "2005-12-31": "14.33%"}, "net profit margin": {"2020-09-30": "6.69%", "2020-06-30": "6.15%", "2020-03-31": "6.14%", "2019-12-31": "8.23%", "2019-09-30": "10.48%", "2019-06-30": "2.30%", "2019-03-31": "0.74%", "2018-12-31": "8.71%", "2018-09-30": "-15.00%", "2018-06-30": "-6.91%", "2018-03-31": "-6.55%", "2017-12-31": "-15.78%", "2017-09-30": "-63.54%", "2017-06-30": "-56.54%", "2017-03-31": "-65.04%", "2016-12-31": "-57.73%", "2016-09-30": "-4.12%", "2016-06-30": "-3.96%", "2016-03-31": "4.56%", "2015-12-31": "3.85%", "2015-09-30": "3.33%", "2015-06-30": "2.96%", "2015-03-31": "2.12%", "2014-12-31": "1.99%", "2014-09-30": "4.92%", "2014-06-30": "4.12%", "2014-03-31": "2.63%", "2013-12-31": "2.63%", "2013-09-30": "0.69%", "2013-06-30": "2.10%", "2013-03-31": "4.40%", "2012-12-31": "5.05%", "2012-09-30": "6.54%", "2012-06-30": "6.93%", "2012-03-31": "6.90%", "2011-12-31": "5.50%", "2011-09-30": "5.99%", "2011-06-30": "3.97%", "2011-03-31": "4.69%", "2010-12-31": "5.56%", "2010-09-30": "5.36%", "2010-06-30": "5.93%", "2010-03-31": "7.02%", "2009-12-31": "6.72%", "2009-09-30": "8.32%", "2009-06-30": "9.74%", "2009-03-31": "8.66%", "2008-12-31": "9.85%", "2008-09-30": "9.46%", "2008-06-30": "9.21%", "2008-03-31": "9.88%", "2007-12-31": "10.22%", "2007-09-30": "10.54%", "2007-06-30": "11.12%", "2007-03-31": "11.16%", "2006-12-31": "10.83%", "2006-09-30": "10.56%", "2006-06-30": "9.34%", "2006-03-31": "8.15%", "2005-12-31": "7.58%"}, "pe ratio": {"current": "12.42", "2021-02-11": "23.05", "2020-09-30": "20.74", "2020-06-30": "30.09", "2020-03-31": "30.55", "2019-12-31": "27.04", "2019-09-30": "21.05", "2019-06-30": "99.54", "2019-03-31": "383.52", "2018-12-31": "16.72", "2018-09-30": "0.00", "2018-06-30": "0.00", "2018-03-31": "0.00", "2017-12-31": "0.00", "2017-09-30": "0.00", "2017-06-30": "0.00", "2017-03-31": "0.00", "2016-12-31": "0.00", "2016-09-30": "0.00", "2016-06-30": "0.00", "2016-03-31": "18.08", "2015-12-31": "18.55", "2015-09-30": "21.18", "2015-06-30": "24.75", "2015-03-31": "36.73", "2014-12-31": "42.80", "2014-09-30": "14.43", "2014-06-30": "17.42", "2014-03-31": "26.39", "2013-12-31": "25.81", "2013-09-30": "105.70", "2013-06-30": "36.05", "2013-03-31": "18.85", "2012-12-31": "15.80", "2012-09-30": "12.52", "2012-06-30": "12.71", "2012-03-31": "11.73", "2011-12-31": "14.48", "2011-09-30": "12.21", "2011-06-30": "16.06", "2011-03-31": "10.67", "2010-12-31": "9.04", "2010-09-30": "8.69", "2010-06-30": "7.35", "2010-03-31": "6.88", "2009-12-31": "8.37", "2009-09-30": "7.43", "2009-06-30": "5.12", "2009-03-31": "5.70", "2008-12-31": "6.27", "2008-09-30": "9.01", "2008-06-30": "11.55", "2008-03-31": "8.99", "2007-12-31": "9.36", "2007-09-30": "8.19", "2007-06-30": "8.19", "2007-03-31": "8.68", "2006-12-31": "8.35"}, "price sales": {"2021-02-11": "1.55", "2020-09-30": "1.39", "2020-06-30": "1.86", "2020-03-31": "1.90", "2019-12-31": "2.24", "2019-09-30": "2.15", "2019-06-30": "1.84", "2019-03-31": "1.71", "2018-12-31": "1.49", "2018-09-30": "1.45", "2018-06-30": "1.36", "2018-03-31": "1.25", "2017-12-31": "1.09", "2017-09-30": "1.51", "2017-06-30": "1.23", "2017-03-31": "1.20", "2016-12-31": "1.03", "2016-09-30": "0.79", "2016-06-30": "0.81", "2016-03-31": "0.82", "2015-12-31": "0.72", "2015-09-30": "0.70", "2015-06-30": "0.73", "2015-03-31": "0.78", "2014-12-31": "0.84", "2014-09-30": "0.71", "2014-06-30": "0.71", "2014-03-31": "0.69", "2013-12-31": "0.68", "2013-09-30": "0.75", "2013-06-30": "0.76", "2013-03-31": "0.83", "2012-12-31": "0.80", "2012-09-30": "0.81", "2012-06-30": "0.86", "2012-03-31": "0.77", "2011-12-31": "0.72", "2011-09-30": "0.71", "2011-06-30": "0.67", "2011-03-31": "0.55", "2010-12-31": "0.53", "2010-09-30": "0.56", "2010-06-30": "0.51", "2010-03-31": "0.56", "2009-12-31": "0.65", "2009-09-30": "0.62", "2009-06-30": "0.50", "2009-03-31": "0.49", "2008-12-31": "0.62", "2008-09-30": "0.85", "2008-06-30": "1.06", "2008-03-31": "0.89", "2007-12-31": "0.96", "2007-09-30": "0.87", "2007-06-30": "0.92", "2007-03-31": "0.98", "2006-12-31": "0.91"}, "price book": {"current": "2.46", "2021-02-11": "2.35", "2020-09-30": "2.11", "2020-06-30": "2.83", "2020-03-31": "3.04", "2019-12-31": "3.56", "2019-09-30": "3.36", "2019-06-30": "2.91", "2019-03-31": "2.94", "2018-12-31": "2.57", "2018-09-30": "2.50", "2018-06-30": "1.99", "2018-03-31": "1.95", "2017-12-31": "3.04", "2017-09-30": "1.85", "2017-06-30": "1.76", "2017-03-31": "1.95", "2016-12-31": "1.83", "2016-09-30": "1.01", "2016-06-30": "1.06", "2016-03-31": "0.99", "2015-12-31": "0.87", "2015-09-30": "0.83", "2015-06-30": "0.86", "2015-03-31": "0.93", "2014-12-31": "1.02", "2014-09-30": "0.85", "2014-06-30": "0.87", "2014-03-31": "0.84", "2013-12-31": "0.80", "2013-09-30": "0.88", "2013-06-30": "0.87", "2013-03-31": "0.96", "2012-12-31": "0.93", "2012-09-30": "0.94", "2012-06-30": "1.03", "2012-03-31": "0.96", "2011-12-31": "0.92", "2011-09-30": "0.95", "2011-06-30": "0.92", "2011-03-31": "0.78", "2010-12-31": "0.79", "2010-09-30": "0.84", "2010-06-30": "0.74", "2010-03-31": "0.84", "2009-12-31": "0.98", "2009-09-30": "0.96", "2009-06-30": "0.76", "2009-03-31": "0.81", "2008-12-31": "1.01", "2008-09-30": "1.23", "2008-06-30": "1.51", "2008-03-31": "1.28", "2007-12-31": "1.34", "2007-09-30": "1.20", "2007-06-30": "1.23", "2007-03-31": "1.30", "2006-12-31": "1.13", "2006-09-30": "1.01", "2006-06-30": "0.97", "2006-03-31": "0.88"}, "price fcf": {"2021-02-11": "", "2020-09-30": "$-2.03", "2020-06-30": "$-1.25", "2020-03-31": "$-1.06", "2019-12-31": "$-0.28", "2019-09-30": "$-0.11", "2019-06-30": "$-0.32", "2019-03-31": "$-0.06", "2018-12-31": "$-1.70", "2018-09-30": "$-0.34", "2018-06-30": "$0.60", "2018-03-31": "$0.16", "2017-12-31": "$3.62", "2017-09-30": "$2.35", "2017-06-30": "$1.88", "2017-03-31": "$1.88", "2016-12-31": "$1.32", "2016-09-30": "$2.16", "2016-06-30": "$2.96", "2016-03-31": "$2.84", "2015-12-31": "$1.83", "2015-09-30": "$1.01", "2015-06-30": "$0.22", "2015-03-31": "$-0.37", "2014-12-31": "$-0.49", "2014-09-30": "$-0.06", "2014-06-30": "$0.38", "2014-03-31": "$0.68", "2013-12-31": "$0.07", "2013-09-30": "$-0.53", "2013-06-30": "$-0.99", "2013-03-31": "$-0.45", "2012-12-31": "$-0.81", "2012-09-30": "$0.39", "2012-06-30": "$2.37", "2012-03-31": "$2.09", "2011-12-31": "$4.42", "2011-09-30": "$5.32", "2011-06-30": "$4.74", "2011-03-31": "$4.39", "2010-12-31": "$4.63", "2010-09-30": "$3.60", "2010-06-30": "$0.92", "2010-03-31": "$1.89", "2009-12-31": "$0.92", "2009-09-30": "$-0.01", "2009-06-30": "$2.05", "2009-03-31": "$-1.55", "2008-12-31": "$-1.93", "2008-09-30": "$-2.26", "2008-06-30": "$-2.03", "2008-03-31": "$0.48", "2007-12-31": "$0.35", "2007-09-30": "$1.76", "2007-06-30": "$1.31", "2007-03-31": "$1.49", "2006-12-31": "$2.40"}, "net worth": {"value": "$17.65B"}, "current ratio": {"current": "0.70", "2020-09-30": "0.70", "2020-06-30": "0.78", "2020-03-31": "0.54", "2019-12-31": "0.50", "2019-09-30": "0.62", "2019-06-30": "0.60", "2019-03-31": "0.54", "2018-12-31": "0.52", "2018-09-30": "0.45", "2018-06-30": "0.47", "2018-03-31": "0.46", "2017-12-31": "0.76", "2017-09-30": "0.69", "2017-06-30": "0.59", "2017-03-31": "0.36", "2016-12-31": "0.41", "2016-09-30": "0.49", "2016-06-30": "0.46", "2016-03-31": "0.51", "2015-12-31": "0.54", "2015-09-30": "0.65", "2015-06-30": "0.61", "2015-03-31": "0.64", "2014-12-31": "0.60", "2014-09-30": "0.63", "2014-06-30": "0.68", "2014-03-31": "0.59", "2013-12-31": "0.53", "2013-09-30": "0.45", "2013-06-30": "0.47", "2013-03-31": "0.49", "2012-12-31": "0.50", "2012-09-30": "0.63", "2012-06-30": "0.59", "2012-03-31": "0.60", "2011-12-31": "0.69", "2011-09-30": "0.74", "2011-06-30": "0.74", "2011-03-31": "0.90", "2010-12-31": "0.79", "2010-09-30": "0.68", "2010-06-30": "0.62", "2010-03-31": "0.58", "2009-12-31": "0.64", "2009-09-30": "0.66", "2009-06-30": "0.59", "2009-03-31": "0.45", "2008-12-31": "0.43", "2008-09-30": "0.40", "2008-06-30": "0.40", "2008-03-31": "0.38", "2007-12-31": "0.43", "2007-09-30": "0.45", "2007-06-30": "0.40", "2007-03-31": "0.37", "2006-12-31": "0.40", "2006-09-30": "0.42", "2006-06-30": "0.52", "2006-03-31": "0.39", "2005-12-31": "0.43", "2005-09-30": "0.63", "2005-06-30": "0.61", "2005-03-31": "0.57"}, "quick ratio": {"2020-09-30": "0.60", "2020-06-30": "0.66", "2020-03-31": "0.47", "2019-12-31": "0.45", "2019-09-30": "0.56", "2019-06-30": "0.53", "2019-03-31": "0.47", "2018-12-31": "0.46", "2018-09-30": "0.41", "2018-06-30": "0.41", "2018-03-31": "0.40", "2017-12-31": "0.70", "2017-09-30": "0.56", "2017-06-30": "0.47", "2017-03-31": "0.29", "2016-12-31": "0.34", "2016-09-30": "0.40", "2016-06-30": "0.34", "2016-03-31": "0.38", "2015-12-31": "0.40", "2015-09-30": "0.53", "2015-06-30": "0.49", "2015-03-31": "0.52", "2014-12-31": "0.46", "2014-09-30": "0.50", "2014-06-30": "0.55", "2014-03-31": "0.50", "2013-12-31": "0.43", "2013-09-30": "0.36", "2013-06-30": "0.37", "2013-03-31": "0.37", "2012-12-31": "0.38", "2012-09-30": "0.48", "2012-06-30": "0.44", "2012-03-31": "0.44", "2011-12-31": "0.52", "2011-09-30": "0.57", "2011-06-30": "0.59", "2011-03-31": "0.74", "2010-12-31": "0.65", "2010-09-30": "0.55", "2010-06-30": "0.48", "2010-03-31": "0.44", "2009-12-31": "0.52", "2009-09-30": "0.55", "2009-06-30": "0.48", "2009-03-31": "0.35", "2008-12-31": "0.35", "2008-09-30": "0.32", "2008-06-30": "0.32", "2008-03-31": "0.29", "2007-12-31": "0.33", "2007-09-30": "0.35", "2007-06-30": "0.31", "2007-03-31": "0.27", "2006-12-31": "0.29", "2006-09-30": "0.31", "2006-06-30": "0.41", "2006-03-31": "0.27", "2005-12-31": "0.33", "2005-09-30": "0.50", "2005-06-30": "0.48", "2005-03-31": "0.44"}, "debt equity ratio": {"current": "3.09", "2020-09-30": "4.97", "2020-06-30": "4.94", "2020-03-31": "5.18", "2019-12-31": "5.07", "2019-09-30": "4.71", "2019-06-30": "4.62", "2019-03-31": "4.84", "2018-12-31": "4.88", "2018-09-30": "4.74", "2018-06-30": "4.06", "2018-03-31": "4.26", "2017-12-31": "9.77", "2017-09-30": "5.81", "2017-06-30": "5.86", "2017-03-31": "6.04", "2016-12-31": "5.91", "2016-09-30": "3.52", "2016-06-30": "3.51", "2016-03-31": "3.23", "2015-12-31": "3.19", "2015-09-30": "3.17", "2015-06-30": "3.23", "2015-03-31": "3.25", "2014-12-31": "3.16", "2014-09-30": "3.03", "2014-06-30": "3.05", "2014-03-31": "3.06", "2013-12-31": "2.97", "2013-09-30": "3.02", "2013-06-30": "2.92", "2013-03-31": "2.88", "2012-12-31": "2.86", "2012-09-30": "2.62", "2012-06-30": "2.56", "2012-03-31": "2.58", "2011-12-31": "2.56", "2011-09-30": "2.59", "2011-06-30": "2.68", "2011-03-31": "2.77", "2010-12-31": "2.97", "2010-09-30": "2.99", "2010-06-30": "2.91", "2010-03-31": "2.99", "2009-12-31": "3.01", "2009-09-30": "3.08", "2009-06-30": "2.81", "2009-03-31": "3.05", "2008-12-31": "3.03", "2008-09-30": "2.61", "2008-06-30": "2.64", "2008-03-31": "2.61", "2007-12-31": "2.60", "2007-09-30": "2.61", "2007-06-30": "2.71", "2007-03-31": "2.83", "2006-12-31": "2.45", "2006-09-30": "2.46", "2006-06-30": "2.38", "2006-03-31": "2.36", "2005-12-31": "2.40", "2005-09-30": "2.48", "2005-06-30": "2.53", "2005-03-31": "2.53"}, "return on equity": {"2020-09-30": "10.40%", "2020-06-30": "9.47%", "2020-03-31": "9.42%", "2019-12-31": "12.77%", "2019-09-30": "16.40%", "2019-06-30": "3.69%", "2019-03-31": "1.17%", "2018-12-31": "13.64%", "2018-09-30": "-25.73%", "2018-06-30": "-11.90%", "2018-03-31": "-11.92%", "2017-12-31": "-30.26%", "2017-09-30": "-80.00%", "2017-06-30": "-66.71%", "2017-03-31": "-71.41%", "2016-12-31": "-59.37%", "2016-09-30": "-5.08%", "2016-06-30": "-4.84%", "2016-03-31": "5.47%", "2015-12-31": "4.63%", "2015-09-30": "3.99%", "2015-06-30": "3.49%", "2015-03-31": "2.50%", "2014-12-31": "2.37%", "2014-09-30": "5.89%", "2014-06-30": "5.00%", "2014-03-31": "3.19%", "2013-12-31": "3.07%", "2013-09-30": "0.79%", "2013-06-30": "2.36%", "2013-03-31": "4.98%", "2012-12-31": "5.77%", "2012-09-30": "7.58%", "2012-06-30": "8.45%", "2012-03-31": "8.66%", "2011-12-31": "6.81%", "2011-09-30": "7.81%", "2011-06-30": "5.33%", "2011-03-31": "6.53%", "2010-12-31": "8.48%", "2010-09-30": "8.14%", "2010-06-30": "8.82%", "2010-03-31": "10.50%", "2009-12-31": "10.16%", "2009-09-30": "12.89%", "2009-06-30": "15.31%", "2009-03-31": "13.50%", "2008-12-31": "14.98%", "2008-09-30": "14.01%", "2008-06-30": "13.57%", "2008-03-31": "14.64%", "2007-12-31": "15.10%", "2007-09-30": "15.05%", "2007-06-30": "15.29%", "2007-03-31": "14.49%", "2006-12-31": "13.30%", "2006-09-30": "12.39%", "2006-06-30": "11.18%", "2006-03-31": "10.05%", "2005-12-31": "9.54%"}, "return on assets": {"2020-09-30": "1.72%", "2020-06-30": "1.59%", "2020-03-31": "1.60%", "2019-12-31": "2.20%", "2019-09-30": "2.85%", "2019-06-30": "0.64%", "2019-03-31": "0.21%", "2018-12-31": "2.50%", "2018-09-30": "-4.17%", "2018-06-30": "-1.85%", "2018-03-31": "-1.70%", "2017-12-31": "-4.00%", "2017-09-30": "-11.59%", "2017-06-30": "-11.09%", "2017-03-31": "-13.28%", "2016-12-31": "-12.40%", "2016-09-30": "-1.17%", "2016-06-30": "-1.13%", "2016-03-31": "1.30%", "2015-12-31": "1.10%", "2015-09-30": "0.95%", "2015-06-30": "0.84%", "2015-03-31": "0.61%", "2014-12-31": "0.58%", "2014-09-30": "1.46%", "2014-06-30": "1.24%", "2014-03-31": "0.80%", "2013-12-31": "0.78%", "2013-09-30": "0.20%", "2013-06-30": "0.62%", "2013-03-31": "1.34%", "2012-12-31": "1.58%", "2012-09-30": "2.12%", "2012-06-30": "2.37%", "2012-03-31": "2.41%", "2011-12-31": "1.87%", "2011-09-30": "2.09%", "2011-06-30": "1.39%", "2011-03-31": "1.68%", "2010-12-31": "2.14%", "2010-09-30": "2.05%", "2010-06-30": "2.21%", "2010-03-31": "2.64%", "2009-12-31": "2.55%", "2009-09-30": "3.23%", "2009-06-30": "3.96%", "2009-03-31": "3.53%", "2008-12-31": "4.03%", "2008-09-30": "3.88%", "2008-06-30": "3.76%", "2008-03-31": "4.03%", "2007-12-31": "4.10%", "2007-09-30": "4.13%", "2007-06-30": "4.24%", "2007-03-31": "4.12%", "2006-12-31": "3.90%", "2006-09-30": "3.65%", "2006-06-30": "3.29%", "2006-03-31": "2.92%", "2005-12-31": "2.74%"}, "return on investments": {"2020-09-30": "8.45%", "2020-06-30": "8.52%", "2020-03-31": "9.00%", "2019-12-31": "9.53%", "2019-09-30": "9.32%", "2019-06-30": "9.73%", "2019-03-31": "10.42%", "2018-12-31": "10.39%", "2018-09-30": "10.52%", "2018-06-30": "10.19%", "2018-03-31": "9.41%", "2017-12-31": "9.62%", "2017-09-30": "12.95%", "2017-06-30": "13.13%", "2017-03-31": "7.05%", "2016-12-31": "7.11%", "2016-09-30": "2.93%", "2016-06-30": "3.04%", "2016-03-31": "7.87%", "2015-12-31": "7.29%", "2015-09-30": "5.46%", "2015-06-30": "4.87%", "2015-03-31": "4.03%", "2014-12-31": "3.44%", "2014-09-30": "5.93%", "2014-06-30": "5.39%", "2014-03-31": "4.65%", "2013-12-31": "5.58%", "2013-09-30": "3.98%", "2013-06-30": "5.32%", "2013-03-31": "7.09%", "2012-12-31": "7.43%", "2012-09-30": "6.76%", "2012-06-30": "7.31%", "2012-03-31": "7.14%", "2011-12-31": "5.71%", "2011-09-30": "8.41%", "2011-06-30": "6.56%", "2011-03-31": "7.20%", "2010-12-31": "8.36%", "2010-09-30": "6.82%", "2010-06-30": "7.23%", "2010-03-31": "8.71%", "2009-12-31": "8.62%", "2009-09-30": "12.53%", "2009-06-30": "14.88%", "2009-03-31": "13.97%", "2008-12-31": "15.65%", "2008-09-30": "14.93%", "2008-06-30": "15.08%", "2008-03-31": "16.01%", "2007-12-31": "16.23%", "2007-09-30": "16.31%", "2007-06-30": "16.21%", "2007-03-31": "15.65%", "2006-12-31": "14.59%", "2006-09-30": "13.99%", "2006-06-30": "12.71%", "2006-03-31": "11.95%", "2005-12-31": "11.33%"}, "return on tangible equity": {"2020-09-30": "51.77%", "2020-06-30": "46.62%", "2020-03-31": "45.54%", "2019-12-31": "60.78%", "2019-09-30": "79.79%", "2019-06-30": "18.98%", "2019-03-31": "5.68%", "2018-12-31": "62.39%", "2018-09-30": "-195.76%", "2018-06-30": "-103.10%", "2018-03-31": "-184.30%", "2017-12-31": "-2168.55%", "2017-09-30": "-762.49%", "2017-06-30": "-260.61%", "2017-03-31": "-196.60%", "2016-12-31": "-134.70%", "2016-09-30": "-10.23%", "2016-06-30": "-9.85%", "2016-03-31": "11.23%", "2015-12-31": "9.53%", "2015-09-30": "8.21%", "2015-06-30": "7.17%", "2015-03-31": "5.11%", "2014-12-31": "4.83%", "2014-09-30": "11.94%", "2014-06-30": "10.17%", "2014-03-31": "6.48%", "2013-12-31": "6.19%", "2013-09-30": "1.59%", "2013-06-30": "4.65%", "2013-03-31": "9.68%", "2012-12-31": "11.15%", "2012-09-30": "14.61%", "2012-06-30": "16.97%", "2012-03-31": "18.27%", "2011-12-31": "15.31%", "2011-09-30": "18.94%", "2011-06-30": "13.50%", "2011-03-31": "17.24%", "2010-12-31": "23.38%", "2010-09-30": "22.89%", "2010-06-30": "25.08%", "2010-03-31": "29.56%", "2009-12-31": "28.98%", "2009-09-30": "37.28%", "2009-06-30": "42.44%", "2009-03-31": "37.08%", "2008-12-31": "39.89%", "2008-09-30": "36.29%", "2008-06-30": "36.07%", "2008-03-31": "40.93%", "2007-12-31": "44.86%", "2007-09-30": "45.70%", "2007-06-30": "46.35%", "2007-03-31": "41.74%", "2006-12-31": "36.28%", "2006-09-30": "33.55%", "2006-06-30": "30.86%", "2006-03-31": "29.03%", "2005-12-31": "28.71%"}, "dividend yield history": {"last payout": "$1.56", "last yield": "4.80%"}}