{"ticker": "FDX", "price": {"title": "FedEx Historical Annual Stock Price Data", "value": 255.01, "historical": {"2021": {"Average Stock Price": "248.5871", "Year Open": "253.1900", "Year High": "256.2700", "Year Low": "235.3400", "Year Close": "255.0100", "Annual % Change": "-1.78%"}, "2020": {"Average Stock Price": "186.4798", "Year Open": "155.1000", "Year High": "301.4500", "Year Low": "90.4900", "Year Close": "259.6200", "Annual % Change": "71.69%"}, "2019": {"Average Stock Price": "166.6462", "Year Open": "163.1900", "Year High": "198.1500", "Year Low": "138.3900", "Year Close": "151.2100", "Annual % Change": "-6.27%"}, "2018": {"Average Stock Price": "238.4649", "Year Open": "257.6000", "Year High": "274.3200", "Year Low": "152.7000", "Year Close": "161.3300", "Annual % Change": "-35.35%"}, "2017": {"Average Stock Price": "207.5699", "Year Open": "187.7000", "Year High": "251.0700", "Year Low": "183.5600", "Year Close": "249.5400", "Annual % Change": "34.02%"}, "2016": {"Average Stock Price": "162.3129", "Year Open": "143.4300", "Year High": "201.0200", "Year Low": "123.1800", "Year Close": "186.2000", "Annual % Change": "24.97%"}, "2015": {"Average Stock Price": "165.3302", "Year Open": "172.4500", "Year High": "184.9800", "Year Low": "140.7400", "Year Close": "148.9900", "Annual % Change": "-14.21%"}, "2014": {"Average Stock Price": "149.3230", "Year Open": "139.7700", "Year High": "182.0300", "Year Low": "129.4400", "Year Close": "173.6600", "Annual % Change": "20.79%"}, "2013": {"Average Stock Price": "110.1319", "Year Open": "94.2500", "Year High": "143.7700", "Year Low": "91.8700", "Year Close": "143.7700", "Annual % Change": "56.75%"}, "2012": {"Average Stock Price": "89.7424", "Year Open": "85.1700", "Year High": "96.9800", "Year Low": "84.0900", "Year Close": "91.7200", "Annual % Change": "9.83%"}, "2011": {"Average Stock Price": "86.2858", "Year Open": "93.1900", "Year High": "98.5000", "Year Low": "65.1500", "Year Close": "83.5100", "Annual % Change": "-10.21%"}, "2010": {"Average Stock Price": "85.1546", "Year Open": "83.4500", "Year High": "95.6200", "Year Low": "70.1100", "Year Close": "93.0100", "Annual % Change": "11.46%"}, "2009": {"Average Stock Price": "63.1846", "Year Open": "64.4400", "Year High": "91.3600", "Year Low": "34.2800", "Year Close": "83.4500", "Annual % Change": "30.09%"}, "2008": {"Average Stock Price": "81.4992", "Year Open": "86.1600", "Year High": "98.6500", "Year Low": "54.9400", "Year Close": "64.1500", "Annual % Change": "-28.06%"}, "2007": {"Average Stock Price": "107.6147", "Year Open": "109.7700", "Year High": "120.9700", "Year Low": "89.1700", "Year Close": "89.1700", "Annual % Change": "-17.91%"}, "2006": {"Average Stock Price": "109.6667", "Year Open": "103.3200", "Year High": "119.4200", "Year Low": "98.0200", "Year Close": "108.6200", "Annual % Change": "5.06%"}, "2005": {"Average Stock Price": "90.2494", "Year Open": "97.4000", "Year High": "104.5600", "Year Low": "77.0000", "Year Close": "103.3900", "Annual % Change": "4.98%"}, "2004": {"Average Stock Price": "79.8663", "Year Open": "67.8900", "Year High": "100.5300", "Year Low": "64.9200", "Year Close": "98.4900", "Annual % Change": "45.91%"}, "2003": {"Average Stock Price": "63.0786", "Year Open": "55.5600", "Year High": "77.1600", "Year Low": "49.0000", "Year Close": "67.5000", "Annual % Change": "24.49%"}, "2002": {"Average Stock Price": "52.5266", "Year Open": "50.9000", "Year High": "61.2200", "Year Low": "42.8000", "Year Close": "54.2200", "Annual % Change": "4.51%"}, "2001": {"Average Stock Price": "41.6322", "Year Open": "38.2000", "Year High": "53.2000", "Year Low": "34.4500", "Year Close": "51.8800", "Annual % Change": "29.83%"}, "2000": {"Average Stock Price": "40.0492", "Year Open": "42.6900", "Year High": "49.8500", "Year Low": "31.0600", "Year Close": "39.9600", "Annual % Change": "-2.39%"}, "1999": {"Average Stock Price": "45.9027", "Year Open": "43.3150", "Year High": "61.7500", "Year Low": "35.1900", "Year Close": "40.9400", "Annual % Change": "-8.20%"}, "1998": {"Average Stock Price": "31.2746", "Year Open": "30.4050", "Year High": "45.3450", "Year Low": "22.1900", "Year Close": "44.5950", "Annual % Change": "46.07%"}, "1997": {"Average Stock Price": "29.8425", "Year Open": "21.8150", "Year High": "41.3150", "Year Low": "21.3150", "Year Close": "30.5300", "Annual % Change": "37.21%"}, "1996": {"Average Stock Price": "19.4278", "Year Open": "18.3750", "Year High": "22.4375", "Year Low": "17.3438", "Year Close": "22.2500", "Annual % Change": "20.47%"}, "1995": {"Average Stock Price": "17.3515", "Year Open": "15.0950", "Year High": "21.5000", "Year Low": "14.6875", "Year Close": "18.4700", "Annual % Change": "22.87%"}, "1994": {"Average Stock Price": "17.1371", "Year Open": "17.4375", "Year High": "20.1875", "Year Low": "13.4700", "Year Close": "15.0325", "Annual % Change": "-15.17%"}, "1993": {"Average Stock Price": "14.3529", "Year Open": "14.0000", "Year High": "17.8750", "Year Low": "11.1575", "Year Close": "17.7200", "Annual % Change": "30.06%"}, "1992": {"Average Stock Price": "11.1590", "Year Open": "9.6250", "Year High": "13.8750", "Year Low": "8.7825", "Year Close": "13.6250", "Annual % Change": "40.65%"}, "1991": {"Average Stock Price": "9.5227", "Year Open": "8.5000", "Year High": "11.1250", "Year Low": "8.1250", "Year Close": "9.6875", "Annual % Change": "14.37%"}, "1990": {"Average Stock Price": "10.9407", "Year Open": "12.0325", "Year High": "14.3750", "Year Low": "7.4700", "Year Close": "8.4700", "Annual % Change": "-25.95%"}, "1989": {"Average Stock Price": "12.3436", "Year Open": "12.5950", "Year High": "14.4700", "Year Low": "10.6875", "Year Close": "11.4375", "Annual % Change": "-9.62%"}, "1988": {"Average Stock Price": "11.1561", "Year Open": "10.6250", "Year High": "12.7500", "Year Low": "8.9375", "Year Close": "12.6550", "Annual % Change": "26.93%"}, "1987": {"Average Stock Price": "15.4712", "Year Open": "16.0950", "Year High": "18.8450", "Year Low": "9.1550", "Year Close": "9.9700", "Annual % Change": "-36.82%"}, "1986": {"Average Stock Price": "15.5994", "Year Open": "14.8450", "Year High": "18.3450", "Year Low": "12.9700", "Year Close": "15.7800", "Annual % Change": "4.12%"}, "1985": {"Average Stock Price": "10.8605", "Year Open": "8.4375", "Year High": "15.1550", "Year Low": "8.0625", "Year Close": "15.1550", "Annual % Change": "75.71%"}, "1984": {"Average Stock Price": "9.2103", "Year Open": "11.3125", "Year High": "11.6550", "Year Low": "7.0000", "Year Close": "8.6250", "Annual % Change": "-25.41%"}, "1983": {"Average Stock Price": "9.9507", "Year Open": "8.9063", "Year High": "12.0625", "Year Low": "8.2500", "Year Close": "11.5625", "Annual % Change": "24.58%"}, "1982": {"Average Stock Price": "6.7221", "Year Open": "7.9850", "Year High": "9.5938", "Year Low": "5.2663", "Year Close": "9.2813", "Annual % Change": "18.80%"}, "1981": {"Average Stock Price": "7.1933", "Year Open": "5.6725", "Year High": "8.9063", "Year Low": "5.1725", "Year Close": "7.8125", "Annual % Change": "41.24%"}, "1980": {"Average Stock Price": "3.7198", "Year Open": "2.8125", "Year High": "6.0163", "Year Low": "2.5000", "Year Close": "5.5313", "Annual % Change": "90.32%"}, "1979": {"Average Stock Price": "1.8322", "Year Open": "1.6013", "Year High": "3.1406", "Year Low": "1.3125", "Year Close": "2.9063", "Annual % Change": "77.15%"}}}, "market cap": {"value": "$67.6B"}, "income statement": {"Revenue": {"2020-05-31": "69217.00000", "2019-05-31": "69693.00000", "2018-05-31": "65450.00000", "2017-05-31": "60319.00000", "2016-05-31": "50365.00000", "2015-05-31": "47453.00000", "2014-05-31": "45567.00000", "2013-05-31": "44287.00000", "2012-05-31": "42680.00000", "2011-05-31": "39304.00000", "2010-05-31": "34734.00000", "2009-05-31": "35497.00000", "2008-05-31": "37953.00000", "2007-05-31": "35214.00000", "2006-05-31": "32294.00000", "2005-05-31": "29363.00000"}, "Cost Of Goods Sold": {"2020-05-31": "20622.00000", "2019-05-31": "20543.00000", "2018-05-31": "18475.00000", "2017-05-31": "16403.00000", "2016-05-31": "12365.00000", "2015-05-31": "12203.00000", "2014-05-31": "12568.00000", "2013-05-31": "12018.00000", "2012-05-31": "11291.00000", "2011-05-31": "9825.00000", "2010-05-31": "7834.00000", "2009-05-31": "8345.00000", "2008-05-31": "9043.00000", "2007-05-31": "7406.00000", "2006-05-31": "6507.00000", "2005-05-31": "5252.00000"}, "Gross Profit": {"2020-05-31": "48595.00000", "2019-05-31": "49150.00000", "2018-05-31": "46975.00000", "2017-05-31": "43916.00000", "2016-05-31": "38000.00000", "2015-05-31": "35250.00000", "2014-05-31": "32999.00000", "2013-05-31": "32269.00000", "2012-05-31": "31389.00000", "2011-05-31": "29479.00000", "2010-05-31": "26900.00000", "2009-05-31": "27152.00000", "2008-05-31": "28910.00000", "2007-05-31": "27808.00000", "2006-05-31": "25787.00000", "2005-05-31": "24111.00000"}, "Research And Development Expenses": {"2020-05-31": "", "2019-05-31": "", "2018-05-31": "", "2017-05-31": "", "2016-05-31": "", "2015-05-31": "", "2014-05-31": "", "2013-05-31": "", "2012-05-31": "", "2011-05-31": "", "2010-05-31": "", "2009-05-31": "", "2008-05-31": "", "2007-05-31": "", "2006-05-31": "", "2005-05-31": ""}, "SG&A Expenses": {"2020-05-31": "25031.00000", "2019-05-31": "24776.00000", "2018-05-31": "23795.00000", "2017-05-31": "21989.00000", "2016-05-31": "18581.00000", "2015-05-31": "17110.00000", "2014-05-31": "16171.00000", "2013-05-31": "16055.00000", "2012-05-31": "16099.00000", "2011-05-31": "15276.00000", "2010-05-31": "14027.00000", "2009-05-31": "13767.00000", "2008-05-31": "14202.00000", "2007-05-31": "13740.00000", "2006-05-31": "12571.00000", "2005-05-31": "11963.00000"}, "Other Operating Income Or Expenses": {"2020-05-31": "-13820.00000", "2019-05-31": "-12875.00000", "2018-05-31": "-12452.00000", "2017-05-31": "-11126.00000", "2016-05-31": "-9359.00000", "2015-05-31": "-8790.00000", "2014-05-31": "-7789.00000", "2013-05-31": "-7581.00000", "2012-05-31": "-7370.00000", "2011-05-31": "-7390.00000", "2010-05-31": "-6558.00000", "2009-05-31": "-8234.00000", "2008-05-31": "-8246.00000", "2007-05-31": "-6707.00000", "2006-05-31": "-6262.00000", "2005-05-31": "-5916.00000"}, "Operating Expenses": {"2020-05-31": "66800.00000", "2019-05-31": "65227.00000", "2018-05-31": "61178.00000", "2017-05-31": "55753.00000", "2016-05-31": "47288.00000", "2015-05-31": "45586.00000", "2014-05-31": "41752.00000", "2013-05-31": "39853.00000", "2012-05-31": "39494.00000", "2011-05-31": "36926.00000", "2010-05-31": "32736.00000", "2009-05-31": "34750.00000", "2008-05-31": "35878.00000", "2007-05-31": "31938.00000", "2006-05-31": "29280.00000", "2005-05-31": "26892.00000"}, "Operating Income": {"2020-05-31": "2417.00000", "2019-05-31": "4466.00000", "2018-05-31": "4272.00000", "2017-05-31": "4566.00000", "2016-05-31": "3077.00000", "2015-05-31": "1867.00000", "2014-05-31": "3815.00000", "2013-05-31": "4434.00000", "2012-05-31": "3186.00000", "2011-05-31": "2378.00000", "2010-05-31": "1998.00000", "2009-05-31": "747.00000", "2008-05-31": "2075.00000", "2007-05-31": "3276.00000", "2006-05-31": "3014.00000", "2005-05-31": "2471.00000"}, "Total Non-Operating Income/Expense": {"2020-05-31": "-748.00000", "2019-05-31": "-3811.00000", "2018-05-31": "81.00000", "2017-05-31": "13.00000", "2016-05-31": "-337.00000", "2015-05-31": "-240.00000", "2014-05-31": "-157.00000", "2013-05-31": "-96.00000", "2012-05-31": "-45.00000", "2011-05-31": "-113.00000", "2010-05-31": "-104.00000", "2009-05-31": "-70.00000", "2008-05-31": "-59.00000", "2007-05-31": "-61.00000", "2006-05-31": "-115.00000", "2005-05-31": "-158.00000"}, "Pre-Tax Income": {"2020-05-31": "1669.00000", "2019-05-31": "655.00000", "2018-05-31": "4353.00000", "2017-05-31": "4579.00000", "2016-05-31": "2740.00000", "2015-05-31": "1627.00000", "2014-05-31": "3658.00000", "2013-05-31": "4338.00000", "2012-05-31": "3141.00000", "2011-05-31": "2265.00000", "2010-05-31": "1894.00000", "2009-05-31": "677.00000", "2008-05-31": "2016.00000", "2007-05-31": "3215.00000", "2006-05-31": "2899.00000", "2005-05-31": "2313.00000"}, "Income Taxes": {"2020-05-31": "383.00000", "2019-05-31": "115.00000", "2018-05-31": "-219.00000", "2017-05-31": "1582.00000", "2016-05-31": "920.00000", "2015-05-31": "577.00000", "2014-05-31": "1334.00000", "2013-05-31": "1622.00000", "2012-05-31": "1109.00000", "2011-05-31": "813.00000", "2010-05-31": "710.00000", "2009-05-31": "579.00000", "2008-05-31": "891.00000", "2007-05-31": "1199.00000", "2006-05-31": "1093.00000", "2005-05-31": "864.00000"}, "Income After Taxes": {"2020-05-31": "1286.00000", "2019-05-31": "540.00000", "2018-05-31": "4572.00000", "2017-05-31": "2997.00000", "2016-05-31": "1820.00000", "2015-05-31": "1050.00000", "2014-05-31": "2324.00000", "2013-05-31": "2716.00000", "2012-05-31": "2032.00000", "2011-05-31": "1452.00000", "2010-05-31": "1184.00000", "2009-05-31": "98.00000", "2008-05-31": "1125.00000", "2007-05-31": "2016.00000", "2006-05-31": "1806.00000", "2005-05-31": "1449.00000"}, "Other Income": {"2020-05-31": "", "2019-05-31": "", "2018-05-31": "", "2017-05-31": "", "2016-05-31": "", "2015-05-31": "", "2014-05-31": "", "2013-05-31": "", "2012-05-31": "", "2011-05-31": "", "2010-05-31": "", "2009-05-31": "", "2008-05-31": "", "2007-05-31": "", "2006-05-31": "", "2005-05-31": ""}, "Income From Continuous Operations": {"2020-05-31": "1286.00000", "2019-05-31": "540.00000", "2018-05-31": "4572.00000", "2017-05-31": "2997.00000", "2016-05-31": "1820.00000", "2015-05-31": "1050.00000", "2014-05-31": "2324.00000", "2013-05-31": "2716.00000", "2012-05-31": "2032.00000", "2011-05-31": "1452.00000", "2010-05-31": "1184.00000", "2009-05-31": "98.00000", "2008-05-31": "1125.00000", "2007-05-31": "2016.00000", "2006-05-31": "1806.00000", "2005-05-31": "1449.00000"}, "Income From Discontinued Operations": {"2020-05-31": "", "2019-05-31": "", "2018-05-31": "", "2017-05-31": "", "2016-05-31": "", "2015-05-31": "", "2014-05-31": "", "2013-05-31": "", "2012-05-31": "", "2011-05-31": "", "2010-05-31": "", "2009-05-31": "", "2008-05-31": "", "2007-05-31": "", "2006-05-31": "", "2005-05-31": ""}, "Net Income": {"2020-05-31": "1286.00000", "2019-05-31": "540.00000", "2018-05-31": "4572.00000", "2017-05-31": "2997.00000", "2016-05-31": "1820.00000", "2015-05-31": "1050.00000", "2014-05-31": "2324.00000", "2013-05-31": "2716.00000", "2012-05-31": "2032.00000", "2011-05-31": "1452.00000", "2010-05-31": "1184.00000", "2009-05-31": "98.00000", "2008-05-31": "1125.00000", "2007-05-31": "2016.00000", "2006-05-31": "1806.00000", "2005-05-31": "1449.00000"}, "EBITDA": {"2020-05-31": "6467.00000", "2019-05-31": "7819.00000", "2018-05-31": "7747.00000", "2017-05-31": "7561.00000", "2016-05-31": "5708.00000", "2015-05-31": "4478.00000", "2014-05-31": "6402.00000", "2013-05-31": "6820.00000", "2012-05-31": "5299.00000", "2011-05-31": "4351.00000", "2010-05-31": "3956.00000", "2009-05-31": "2722.00000", "2008-05-31": "4021.00000", "2007-05-31": "5018.00000", "2006-05-31": "4562.00000", "2005-05-31": "3933.00000"}, "EBIT": {"2020-05-31": "2417.00000", "2019-05-31": "4466.00000", "2018-05-31": "4272.00000", "2017-05-31": "4566.00000", "2016-05-31": "3077.00000", "2015-05-31": "1867.00000", "2014-05-31": "3815.00000", "2013-05-31": "4434.00000", "2012-05-31": "3186.00000", "2011-05-31": "2378.00000", "2010-05-31": "1998.00000", "2009-05-31": "747.00000", "2008-05-31": "2075.00000", "2007-05-31": "3276.00000", "2006-05-31": "3014.00000", "2005-05-31": "2471.00000"}, "Basic Shares Outstanding": {"2020-05-31": "261.00000", "2019-05-31": "262.00000", "2018-05-31": "267.00000", "2017-05-31": "266.00000", "2016-05-31": "276.00000", "2015-05-31": "283.00000", "2014-05-31": "307.00000", "2013-05-31": "315.00000", "2012-05-31": "315.00000", "2011-05-31": "315.00000", "2010-05-31": "312.00000", "2009-05-31": "311.00000", "2008-05-31": "309.00000", "2007-05-31": "307.00000", "2006-05-31": "304.00000", "2005-05-31": "301.00000"}, "Shares Outstanding": {"2020-05-31": "262.00000", "2019-05-31": "265.00000", "2018-05-31": "272.00000", "2017-05-31": "270.00000", "2016-05-31": "279.00000", "2015-05-31": "287.00000", "2014-05-31": "310.00000", "2013-05-31": "317.00000", "2012-05-31": "317.00000", "2011-05-31": "317.00000", "2010-05-31": "314.00000", "2009-05-31": "312.00000", "2008-05-31": "312.00000", "2007-05-31": "311.00000", "2006-05-31": "310.00000", "2005-05-31": "307.00000"}, "Basic EPS": {"2020-05-31": "4.92000", "2019-05-31": "2.06000", "2018-05-31": "17.08000", "2017-05-31": "11.24000", "2016-05-31": "6.59000", "2015-05-31": "3.70000", "2014-05-31": "7.56000", "2013-05-31": "8.61000", "2012-05-31": "6.44000", "2011-05-31": "4.61000", "2010-05-31": "3.78000", "2009-05-31": "0.31000", "2008-05-31": "3.64000", "2007-05-31": "6.57000", "2006-05-31": "5.94000", "2005-05-31": "4.81000"}, "EPS - Earnings Per Share": {"2020-05-31": "4.90000", "2019-05-31": "2.03000", "2018-05-31": "16.79000", "2017-05-31": "11.07000", "2016-05-31": "6.51000", "2015-05-31": "3.65000", "2014-05-31": "7.48000", "2013-05-31": "8.55000", "2012-05-31": "6.41000", "2011-05-31": "4.57000", "2010-05-31": "3.76000", "2009-05-31": "0.31000", "2008-05-31": "3.60000", "2007-05-31": "6.48000", "2006-05-31": "5.83000", "2005-05-31": "4.72000"}}, "income statement, quarterly": {"Revenue": {"2020-11-30": "20563.00000", "2020-08-31": "19321.00000", "2020-05-31": "17358.00000", "2020-02-29": "17487.00000", "2019-11-30": "17324.00000", "2019-08-31": "17048.00000", "2019-05-31": "17807.00000", "2019-02-28": "17010.00000", "2018-11-30": "17824.00000", "2018-08-31": "17052.00000", "2018-05-31": "17314.00000", "2018-02-28": "16526.00000", "2017-11-30": "16313.00000", "2017-08-31": "15297.00000", "2017-05-31": "15728.00000", "2017-02-28": "14997.00000", "2016-11-30": "14931.00000", "2016-08-31": "14663.00000", "2016-05-31": "12979.00000", "2016-02-29": "12654.00000", "2015-11-30": "12453.00000", "2015-08-31": "12279.00000", "2015-05-31": "12114.00000", "2015-02-28": "11716.00000", "2014-11-30": "11939.00000", "2014-08-31": "11684.00000", "2014-05-31": "11839.00000", "2014-02-28": "11301.00000", "2013-11-30": "11403.00000", "2013-08-31": "11024.00000", "2013-05-31": "11435.00000", "2013-02-28": "10953.00000", "2012-11-30": "11107.00000", "2012-08-31": "10792.00000", "2012-05-31": "11008.00000", "2012-02-29": "10564.00000", "2011-11-30": "10587.00000", "2011-08-31": "10521.00000", "2011-05-31": "10552.00000", "2011-02-28": "9663.00000", "2010-11-30": "9632.00000", "2010-08-31": "9457.00000", "2010-05-31": "9428.00000", "2010-02-28": "8701.00000", "2009-11-30": "8596.00000", "2009-08-31": "8009.00000", "2009-05-31": "7852.00000", "2009-02-28": "8137.00000", "2008-11-30": "9538.00000", "2008-08-31": "9970.00000", "2008-05-31": "9866.00000", "2008-02-29": "9437.00000", "2007-11-30": "9451.00000", "2007-08-31": "9199.00000", "2007-05-31": "9151.00000", "2007-02-28": "8592.00000", "2006-11-30": "8926.00000", "2006-08-31": "8545.00000", "2006-05-31": "8494.00000", "2006-02-28": "8003.00000", "2005-11-30": "8090.00000", "2005-08-31": "7707.00000", "2005-05-31": "7715.00000", "2005-02-28": "7339.00000"}, "Cost Of Goods Sold": {"2020-11-30": "6032.00000", "2020-08-31": "5542.00000", "2020-05-31": "5069.00000", "2020-02-29": "5437.00000", "2019-11-30": "5218.00000", "2019-08-31": "4898.00000", "2019-05-31": "5032.00000", "2019-02-28": "5160.00000", "2018-11-30": "5398.00000", "2018-08-31": "4953.00000", "2018-05-31": "4820.00000", "2018-02-28": "4849.00000", "2017-11-30": "4658.00000", "2017-08-31": "4148.00000", "2017-05-31": "4191.00000", "2017-02-28": "4233.00000", "2016-11-30": "4089.00000", "2016-08-31": "3890.00000", "2016-05-31": "2996.00000", "2016-02-29": "3160.00000", "2015-11-30": "3153.00000", "2015-08-31": "3056.00000", "2015-05-31": "2817.00000", "2015-02-28": "2975.00000", "2014-11-30": "3237.00000", "2014-08-31": "3174.00000", "2014-05-31": "3183.00000", "2014-02-28": "3226.00000", "2013-11-30": "3176.00000", "2013-08-31": "2983.00000", "2013-05-31": "3019.00000", "2013-02-28": "3086.00000", "2012-11-30": "3095.00000", "2012-08-31": "2818.00000", "2012-05-31": "2901.00000", "2012-02-29": "2852.00000", "2011-11-30": "2776.00000", "2011-08-31": "2762.00000", "2011-05-31": "2788.00000", "2011-02-28": "2495.00000", "2010-11-30": "2328.00000", "2010-08-31": "2214.00000", "2010-05-31": "2185.00000", "2010-02-28": "2030.00000", "2009-11-30": "1899.00000", "2009-08-31": "1720.00000", "2009-05-31": "1556.00000", "2009-02-28": "1696.00000", "2008-11-30": "2287.00000", "2008-08-31": "2806.00000", "2008-05-31": "2550.00000", "2008-02-29": "2308.00000", "2007-11-30": "2196.00000", "2007-08-31": "1989.00000", "2007-05-31": "1875.00000", "2007-02-28": "1838.00000", "2006-11-30": "1856.00000", "2006-08-31": "1837.00000", "2006-05-31": "1717.00000", "2006-02-28": "1588.00000", "2005-11-30": "1703.00000", "2005-08-31": "1499.00000", "2005-05-31": "1431.00000", "2005-02-28": "1318.00000"}, "Gross Profit": {"2020-11-30": "14531.00000", "2020-08-31": "13779.00000", "2020-05-31": "12289.00000", "2020-02-29": "12050.00000", "2019-11-30": "12106.00000", "2019-08-31": "12150.00000", "2019-05-31": "12775.00000", "2019-02-28": "11850.00000", "2018-11-30": "12426.00000", "2018-08-31": "12099.00000", "2018-05-31": "12494.00000", "2018-02-28": "11677.00000", "2017-11-30": "11655.00000", "2017-08-31": "11149.00000", "2017-05-31": "11537.00000", "2017-02-28": "10764.00000", "2016-11-30": "10842.00000", "2016-08-31": "10773.00000", "2016-05-31": "9983.00000", "2016-02-29": "9494.00000", "2015-11-30": "9300.00000", "2015-08-31": "9223.00000", "2015-05-31": "9297.00000", "2015-02-28": "8741.00000", "2014-11-30": "8702.00000", "2014-08-31": "8510.00000", "2014-05-31": "8656.00000", "2014-02-28": "8075.00000", "2013-11-30": "8227.00000", "2013-08-31": "8041.00000", "2013-05-31": "8416.00000", "2013-02-28": "7867.00000", "2012-11-30": "8012.00000", "2012-08-31": "7974.00000", "2012-05-31": "8107.00000", "2012-02-29": "7712.00000", "2011-11-30": "7811.00000", "2011-08-31": "7759.00000", "2011-05-31": "7764.00000", "2011-02-28": "7168.00000", "2010-11-30": "7304.00000", "2010-08-31": "7243.00000", "2010-05-31": "7243.00000", "2010-02-28": "6671.00000", "2009-11-30": "6697.00000", "2009-08-31": "6289.00000", "2009-05-31": "6296.00000", "2009-02-28": "6441.00000", "2008-11-30": "7251.00000", "2008-08-31": "7164.00000", "2008-05-31": "7316.00000", "2008-02-29": "7129.00000", "2007-11-30": "7255.00000", "2007-08-31": "7210.00000", "2007-05-31": "7276.00000", "2007-02-28": "6754.00000", "2006-11-30": "7070.00000", "2006-08-31": "6708.00000", "2006-05-31": "6777.00000", "2006-02-28": "6415.00000", "2005-11-30": "6387.00000", "2005-08-31": "6208.00000", "2005-05-31": "6284.00000", "2005-02-28": "6021.00000"}, "Research And Development Expenses": {"2020-11-30": "", "2020-08-31": "", "2020-05-31": "", "2020-02-29": "", "2019-11-30": "", "2019-08-31": "", "2019-05-31": "", "2019-02-28": "", "2018-11-30": "", "2018-08-31": "", "2018-05-31": "", "2018-02-28": "", "2017-11-30": "", "2017-08-31": "", "2017-05-31": "", "2017-02-28": "", "2016-11-30": "", "2016-08-31": "", "2016-05-31": "", "2016-02-29": "", "2015-11-30": "", "2015-08-31": "", "2015-05-31": "", "2015-02-28": "", "2014-11-30": "", "2014-08-31": "", "2014-05-31": "", "2014-02-28": "", "2013-11-30": "", "2013-08-31": "", "2013-05-31": "", "2013-02-28": "", "2012-11-30": "", "2012-08-31": "", "2012-05-31": "", "2012-02-29": "", "2011-11-30": "", "2011-08-31": "", "2011-05-31": "", "2011-02-28": "", "2010-11-30": "", "2010-08-31": "", "2010-05-31": "", "2010-02-28": "", "2009-11-30": "", "2009-08-31": "", "2009-05-31": "", "2009-02-28": "", "2008-11-30": "", "2008-08-31": "", "2008-05-31": "", "2008-02-29": "", "2007-11-30": "", "2007-08-31": "", "2007-05-31": "", "2007-02-28": "", "2006-11-30": "", "2006-08-31": "", "2006-05-31": "", "2006-02-28": "", "2005-11-30": "", "2005-08-31": "", "2005-05-31": "", "2005-02-28": ""}, "SG&A Expenses": {"2020-11-30": "7443.00000", "2020-08-31": "6852.00000", "2020-05-31": "6327.00000", "2020-02-29": "6382.00000", "2019-11-30": "6235.00000", "2019-08-31": "6087.00000", "2019-05-31": "6187.00000", "2019-02-28": "6069.00000", "2018-11-30": "6260.00000", "2018-08-31": "6260.00000", "2018-05-31": "6118.00000", "2018-02-28": "6124.00000", "2017-11-30": "5889.00000", "2017-08-31": "5664.00000", "2017-05-31": "5930.00000", "2017-02-28": "5395.00000", "2016-11-30": "5353.00000", "2016-08-31": "5311.00000", "2016-05-31": "4774.00000", "2016-02-29": "4712.00000", "2015-11-30": "4570.00000", "2015-08-31": "4525.00000", "2015-05-31": "4432.00000", "2015-02-28": "4335.00000", "2014-11-30": "4229.00000", "2014-08-31": "4114.00000", "2014-05-31": "3779.00000", "2014-02-28": "4167.00000", "2013-11-30": "4148.00000", "2013-08-31": "4077.00000", "2013-05-31": "3669.00000", "2013-02-28": "4150.00000", "2012-11-30": "4133.00000", "2012-08-31": "4103.00000", "2012-05-31": "4092.00000", "2012-02-29": "4021.00000", "2011-11-30": "3982.00000", "2011-08-31": "4004.00000", "2011-05-31": "3866.00000", "2011-02-28": "3828.00000", "2010-11-30": "3779.00000", "2010-08-31": "3803.00000", "2010-05-31": "3677.00000", "2010-02-28": "3549.00000", "2009-11-30": "3424.00000", "2009-08-31": "3377.00000", "2009-05-31": "3265.00000", "2009-02-28": "3414.00000", "2008-11-30": "3503.00000", "2008-08-31": "3585.00000", "2008-05-31": "3616.00000", "2008-02-29": "3593.00000", "2007-11-30": "3510.00000", "2007-08-31": "3483.00000", "2007-05-31": "3515.00000", "2007-02-28": "3414.00000", "2006-11-30": "3526.00000", "2006-08-31": "3285.00000", "2006-05-31": "3266.00000", "2006-02-28": "3162.00000", "2005-11-30": "3081.00000", "2005-08-31": "3062.00000", "2005-05-31": "3087.00000", "2005-02-28": "3026.00000"}, "Other Operating Income Or Expenses": {"2020-11-30": "-3681.00000", "2020-08-31": "-3475.00000", "2020-05-31": "-3656.00000", "2020-02-29": "-3385.00000", "2019-11-30": "-3492.00000", "2019-08-31": "-3287.00000", "2019-05-31": "-3263.00000", "2019-02-28": "-3141.00000", "2018-11-30": "-3334.00000", "2018-08-31": "-3137.00000", "2018-05-31": "-3411.00000", "2018-02-28": "-3036.00000", "2017-11-30": "-3060.00000", "2017-08-31": "-2945.00000", "2017-05-31": "-2929.00000", "2017-02-28": "-2748.00000", "2016-11-30": "-2780.00000", "2016-08-31": "-2669.00000", "2016-05-31": "-2379.00000", "2016-02-29": "-2511.00000", "2015-11-30": "-2258.00000", "2015-08-31": "-2211.00000", "2015-05-31": "-2666.00000", "2015-02-28": "-2030.00000", "2014-11-30": "-2071.00000", "2014-08-31": "-2023.00000", "2014-05-31": "-1989.00000", "2014-02-28": "-1953.00000", "2013-11-30": "-1957.00000", "2013-08-31": "-1890.00000", "2013-05-31": "-1862.00000", "2013-02-28": "-1842.00000", "2012-11-30": "-1939.00000", "2012-08-31": "-1938.00000", "2012-05-31": "-1866.00000", "2012-02-29": "-1707.00000", "2011-11-30": "-1908.00000", "2011-08-31": "-1889.00000", "2011-05-31": "-1899.00000", "2011-02-28": "-1833.00000", "2010-11-30": "-1926.00000", "2010-08-31": "-1732.00000", "2010-05-31": "-1787.00000", "2010-02-28": "-1625.00000", "2009-11-30": "-1622.00000", "2009-08-31": "-1524.00000", "2009-05-31": "-2793.00000", "2009-02-28": "-1740.00000", "2008-11-30": "-1861.00000", "2008-08-31": "-1840.00000", "2008-05-31": "-4092.00000", "2008-02-29": "-1788.00000", "2007-11-30": "-519.00000", "2007-08-31": "-1847.00000", "2007-05-31": "-1694.00000", "2007-02-28": "-1652.00000", "2006-11-30": "-1691.00000", "2006-08-31": "-1670.00000", "2006-05-31": "-1617.00000", "2006-02-28": "-1572.00000", "2005-11-30": "-1546.00000", "2005-08-31": "-1527.00000", "2005-05-31": "-1500.00000", "2005-02-28": "-1490.00000"}, "Operating Expenses": {"2020-11-30": "19098.00000", "2020-08-31": "17731.00000", "2020-05-31": "16883.00000", "2020-02-29": "17076.00000", "2019-11-30": "16770.00000", "2019-08-31": "16071.00000", "2019-05-31": "16491.00000", "2019-02-28": "16099.00000", "2018-11-30": "16656.00000", "2018-08-31": "15981.00000", "2018-05-31": "15986.00000", "2018-02-28": "15668.00000", "2017-11-30": "15198.00000", "2017-08-31": "14326.00000", "2017-05-31": "14618.00000", "2017-02-28": "13972.00000", "2016-11-30": "13764.00000", "2016-08-31": "13399.00000", "2016-05-31": "13047.00000", "2016-02-29": "11790.00000", "2015-11-30": "11316.00000", "2015-08-31": "11135.00000", "2015-05-31": "13435.00000", "2015-02-28": "10678.00000", "2014-11-30": "10851.00000", "2014-08-31": "10622.00000", "2014-05-31": "10287.00000", "2014-02-28": "10660.00000", "2013-11-30": "10576.00000", "2013-08-31": "10229.00000", "2013-05-31": "9050.00000", "2013-02-28": "10364.00000", "2012-11-30": "10389.00000", "2012-08-31": "10050.00000", "2012-05-31": "10152.00000", "2012-02-29": "9751.00000", "2011-11-30": "9807.00000", "2011-08-31": "9784.00000", "2011-05-31": "9664.00000", "2011-02-28": "9270.00000", "2010-11-30": "9163.00000", "2010-08-31": "8829.00000", "2010-05-31": "8732.00000", "2010-02-28": "8285.00000", "2009-11-30": "8025.00000", "2009-08-31": "7694.00000", "2009-05-31": "8701.00000", "2009-02-28": "7955.00000", "2008-11-30": "8754.00000", "2008-08-31": "9340.00000", "2008-05-31": "11379.00000", "2008-02-29": "8796.00000", "2007-11-30": "7318.00000", "2007-08-31": "8385.00000", "2007-05-31": "8139.00000", "2007-02-28": "7951.00000", "2006-11-30": "8087.00000", "2006-08-31": "7761.00000", "2006-05-31": "7567.00000", "2006-02-28": "7290.00000", "2005-11-30": "7300.00000", "2005-08-31": "7123.00000", "2005-05-31": "6975.00000", "2005-02-28": "6787.00000"}, "Operating Income": {"2020-11-30": "1465.00000", "2020-08-31": "1590.00000", "2020-05-31": "475.00000", "2020-02-29": "411.00000", "2019-11-30": "554.00000", "2019-08-31": "977.00000", "2019-05-31": "1316.00000", "2019-02-28": "911.00000", "2018-11-30": "1168.00000", "2018-08-31": "1071.00000", "2018-05-31": "1328.00000", "2018-02-28": "858.00000", "2017-11-30": "1115.00000", "2017-08-31": "971.00000", "2017-05-31": "1110.00000", "2017-02-28": "1025.00000", "2016-11-30": "1167.00000", "2016-08-31": "1264.00000", "2016-05-31": "-68.00000", "2016-02-29": "864.00000", "2015-11-30": "1137.00000", "2015-08-31": "1144.00000", "2015-05-31": "-1321.00000", "2015-02-28": "1038.00000", "2014-11-30": "1088.00000", "2014-08-31": "1062.00000", "2014-05-31": "1552.00000", "2014-02-28": "641.00000", "2013-11-30": "827.00000", "2013-08-31": "795.00000", "2013-05-31": "2385.00000", "2013-02-28": "589.00000", "2012-11-30": "718.00000", "2012-08-31": "742.00000", "2012-05-31": "856.00000", "2012-02-29": "813.00000", "2011-11-30": "780.00000", "2011-08-31": "737.00000", "2011-05-31": "888.00000", "2011-02-28": "393.00000", "2010-11-30": "469.00000", "2010-08-31": "628.00000", "2010-05-31": "696.00000", "2010-02-28": "416.00000", "2009-11-30": "571.00000", "2009-08-31": "315.00000", "2009-05-31": "-849.00000", "2009-02-28": "182.00000", "2008-11-30": "784.00000", "2008-08-31": "630.00000", "2008-05-31": "-1513.00000", "2008-02-29": "641.00000", "2007-11-30": "2133.00000", "2007-08-31": "814.00000", "2007-05-31": "1012.00000", "2007-02-28": "641.00000", "2006-11-30": "839.00000", "2006-08-31": "784.00000", "2006-05-31": "927.00000", "2006-02-28": "713.00000", "2005-11-30": "790.00000", "2005-08-31": "584.00000", "2005-05-31": "740.00000", "2005-02-28": "552.00000"}, "Total Non-Operating Income/Expense": {"2020-11-30": "-59.00000", "2020-08-31": "16.00000", "2020-05-31": "-794.00000", "2020-02-29": "9.00000", "2019-11-30": "18.00000", "2019-08-31": "19.00000", "2019-05-31": "-3870.00000", "2019-02-28": "20.00000", "2018-11-30": "9.00000", "2018-08-31": "30.00000", "2018-05-31": "30.00000", "2018-02-28": "16.00000", "2017-11-30": "24.00000", "2017-08-31": "11.00000", "2017-05-31": "350.00000", "2017-02-28": "-126.00000", "2016-11-30": "-89.00000", "2016-08-31": "-122.00000", "2016-05-31": "-113.00000", "2016-02-29": "-82.00000", "2015-11-30": "-82.00000", "2015-08-31": "-60.00000", "2015-05-31": "-95.00000", "2015-02-28": "-53.00000", "2014-11-30": "-42.00000", "2014-08-31": "-50.00000", "2014-05-31": "-46.00000", "2014-02-28": "-47.00000", "2013-11-30": "-35.00000", "2013-08-31": "-29.00000", "2013-05-31": "-30.00000", "2013-02-28": "-25.00000", "2012-11-30": "-26.00000", "2012-08-31": "-15.00000", "2012-05-31": "-8.00000", "2012-02-29": "-21.00000", "2011-11-30": "-3.00000", "2011-08-31": "-13.00000", "2011-05-31": "-23.00000", "2011-02-28": "-33.00000", "2010-11-30": "-32.00000", "2010-08-31": "-25.00000", "2010-05-31": "-24.00000", "2010-02-28": "-35.00000", "2009-11-30": "-24.00000", "2009-08-31": "-21.00000", "2009-05-31": "-25.00000", "2009-02-28": "-23.00000", "2008-11-30": "-10.00000", "2008-08-31": "-12.00000", "2008-05-31": "1346.00000", "2008-02-29": "-13.00000", "2007-11-30": "-1365.00000", "2007-08-31": "-27.00000", "2007-05-31": "-19.00000", "2007-02-28": "-12.00000", "2006-11-30": "-16.00000", "2006-08-31": "-14.00000", "2006-05-31": "-20.00000", "2006-02-28": "-30.00000", "2005-11-30": "-30.00000", "2005-08-31": "-35.00000", "2005-05-31": "-29.00000", "2005-02-28": "-38.00000"}, "Pre-Tax Income": {"2020-11-30": "1406.00000", "2020-08-31": "1606.00000", "2020-05-31": "-319.00000", "2020-02-29": "420.00000", "2019-11-30": "572.00000", "2019-08-31": "996.00000", "2019-05-31": "-2554.00000", "2019-02-28": "931.00000", "2018-11-30": "1177.00000", "2018-08-31": "1101.00000", "2018-05-31": "1358.00000", "2018-02-28": "874.00000", "2017-11-30": "1139.00000", "2017-08-31": "982.00000", "2017-05-31": "1460.00000", "2017-02-28": "899.00000", "2016-11-30": "1078.00000", "2016-08-31": "1142.00000", "2016-05-31": "-181.00000", "2016-02-29": "782.00000", "2015-11-30": "1055.00000", "2015-08-31": "1084.00000", "2015-05-31": "-1416.00000", "2015-02-28": "985.00000", "2014-11-30": "1046.00000", "2014-08-31": "1012.00000", "2014-05-31": "1506.00000", "2014-02-28": "594.00000", "2013-11-30": "792.00000", "2013-08-31": "766.00000", "2013-05-31": "2355.00000", "2013-02-28": "564.00000", "2012-11-30": "692.00000", "2012-08-31": "727.00000", "2012-05-31": "848.00000", "2012-02-29": "792.00000", "2011-11-30": "777.00000", "2011-08-31": "724.00000", "2011-05-31": "865.00000", "2011-02-28": "360.00000", "2010-11-30": "437.00000", "2010-08-31": "603.00000", "2010-05-31": "672.00000", "2010-02-28": "381.00000", "2009-11-30": "547.00000", "2009-08-31": "294.00000", "2009-05-31": "-874.00000", "2009-02-28": "159.00000", "2008-11-30": "774.00000", "2008-08-31": "618.00000", "2008-05-31": "-167.00000", "2008-02-29": "628.00000", "2007-11-30": "768.00000", "2007-08-31": "787.00000", "2007-05-31": "993.00000", "2007-02-28": "629.00000", "2006-11-30": "823.00000", "2006-08-31": "770.00000", "2006-05-31": "907.00000", "2006-02-28": "683.00000", "2005-11-30": "760.00000", "2005-08-31": "549.00000", "2005-05-31": "711.00000", "2005-02-28": "514.00000"}, "Income Taxes": {"2020-11-30": "180.00000", "2020-08-31": "361.00000", "2020-05-31": "15.00000", "2020-02-29": "105.00000", "2019-11-30": "12.00000", "2019-08-31": "251.00000", "2019-05-31": "-585.00000", "2019-02-28": "192.00000", "2018-11-30": "242.00000", "2018-08-31": "266.00000", "2018-05-31": "231.00000", "2018-02-28": "-1200.00000", "2017-11-30": "364.00000", "2017-08-31": "386.00000", "2017-05-31": "440.00000", "2017-02-28": "337.00000", "2016-11-30": "378.00000", "2016-08-31": "427.00000", "2016-05-31": "-111.00000", "2016-02-29": "275.00000", "2015-11-30": "364.00000", "2015-08-31": "392.00000", "2015-05-31": "-522.00000", "2015-02-28": "357.00000", "2014-11-30": "383.00000", "2014-08-31": "359.00000", "2014-05-31": "549.00000", "2014-02-28": "216.00000", "2013-11-30": "292.00000", "2013-08-31": "277.00000", "2013-05-31": "897.00000", "2013-02-28": "203.00000", "2012-11-30": "254.00000", "2012-08-31": "268.00000", "2012-05-31": "298.00000", "2012-02-29": "271.00000", "2011-11-30": "280.00000", "2011-08-31": "260.00000", "2011-05-31": "307.00000", "2011-02-28": "129.00000", "2010-11-30": "154.00000", "2010-08-31": "223.00000", "2010-05-31": "253.00000", "2010-02-28": "142.00000", "2009-11-30": "202.00000", "2009-08-31": "113.00000", "2009-05-31": "2.00000", "2009-02-28": "62.00000", "2008-11-30": "281.00000", "2008-08-31": "234.00000", "2008-05-31": "74.00000", "2008-02-29": "235.00000", "2007-11-30": "289.00000", "2007-08-31": "293.00000", "2007-05-31": "383.00000", "2007-02-28": "209.00000", "2006-11-30": "312.00000", "2006-08-31": "295.00000", "2006-05-31": "339.00000", "2006-02-28": "255.00000", "2005-11-30": "289.00000", "2005-08-31": "210.00000", "2005-05-31": "263.00000", "2005-02-28": "197.00000"}, "Income After Taxes": {"2020-11-30": "1226.00000", "2020-08-31": "1245.00000", "2020-05-31": "-334.00000", "2020-02-29": "315.00000", "2019-11-30": "560.00000", "2019-08-31": "745.00000", "2019-05-31": "-1969.00000", "2019-02-28": "739.00000", "2018-11-30": "935.00000", "2018-08-31": "835.00000", "2018-05-31": "1127.00000", "2018-02-28": "2074.00000", "2017-11-30": "775.00000", "2017-08-31": "596.00000", "2017-05-31": "1020.00000", "2017-02-28": "562.00000", "2016-11-30": "700.00000", "2016-08-31": "715.00000", "2016-05-31": "-70.00000", "2016-02-29": "507.00000", "2015-11-30": "691.00000", "2015-08-31": "692.00000", "2015-05-31": "-894.00000", "2015-02-28": "628.00000", "2014-11-30": "663.00000", "2014-08-31": "653.00000", "2014-05-31": "957.00000", "2014-02-28": "378.00000", "2013-11-30": "500.00000", "2013-08-31": "489.00000", "2013-05-31": "1458.00000", "2013-02-28": "361.00000", "2012-11-30": "438.00000", "2012-08-31": "459.00000", "2012-05-31": "550.00000", "2012-02-29": "521.00000", "2011-11-30": "497.00000", "2011-08-31": "464.00000", "2011-05-31": "558.00000", "2011-02-28": "231.00000", "2010-11-30": "283.00000", "2010-08-31": "380.00000", "2010-05-31": "419.00000", "2010-02-28": "239.00000", "2009-11-30": "345.00000", "2009-08-31": "181.00000", "2009-05-31": "-876.00000", "2009-02-28": "97.00000", "2008-11-30": "493.00000", "2008-08-31": "384.00000", "2008-05-31": "-241.00000", "2008-02-29": "393.00000", "2007-11-30": "479.00000", "2007-08-31": "494.00000", "2007-05-31": "610.00000", "2007-02-28": "420.00000", "2006-11-30": "511.00000", "2006-08-31": "475.00000", "2006-05-31": "568.00000", "2006-02-28": "428.00000", "2005-11-30": "471.00000", "2005-08-31": "339.00000", "2005-05-31": "448.00000", "2005-02-28": "317.00000"}, "Other Income": {"2020-11-30": "", "2020-08-31": "", "2020-05-31": "", "2020-02-29": "", "2019-11-30": "", "2019-08-31": "", "2019-05-31": "", "2019-02-28": "", "2018-11-30": "", "2018-08-31": "", "2018-05-31": "", "2018-02-28": "", "2017-11-30": "", "2017-08-31": "", "2017-05-31": "", "2017-02-28": "", "2016-11-30": "", "2016-08-31": "", "2016-05-31": "", "2016-02-29": "", "2015-11-30": "", "2015-08-31": "", "2015-05-31": "", "2015-02-28": "", "2014-11-30": "", "2014-08-31": "", "2014-05-31": "", "2014-02-28": "", "2013-11-30": "", "2013-08-31": "", "2013-05-31": "", "2013-02-28": "", "2012-11-30": "", "2012-08-31": "", "2012-05-31": "", "2012-02-29": "", "2011-11-30": "", "2011-08-31": "", "2011-05-31": "", "2011-02-28": "", "2010-11-30": "", "2010-08-31": "", "2010-05-31": "", "2010-02-28": "", "2009-11-30": "", "2009-08-31": "", "2009-05-31": "", "2009-02-28": "", "2008-11-30": "", "2008-08-31": "", "2008-05-31": "", "2008-02-29": "", "2007-11-30": "", "2007-08-31": "", "2007-05-31": "", "2007-02-28": "", "2006-11-30": "", "2006-08-31": "", "2006-05-31": "", "2006-02-28": "", "2005-11-30": "", "2005-08-31": "", "2005-05-31": "", "2005-02-28": ""}, "Income From Continuous Operations": {"2020-11-30": "1226.00000", "2020-08-31": "1245.00000", "2020-05-31": "-334.00000", "2020-02-29": "315.00000", "2019-11-30": "560.00000", "2019-08-31": "745.00000", "2019-05-31": "-1969.00000", "2019-02-28": "739.00000", "2018-11-30": "935.00000", "2018-08-31": "835.00000", "2018-05-31": "1127.00000", "2018-02-28": "2074.00000", "2017-11-30": "775.00000", "2017-08-31": "596.00000", "2017-05-31": "1020.00000", "2017-02-28": "562.00000", "2016-11-30": "700.00000", "2016-08-31": "715.00000", "2016-05-31": "-70.00000", "2016-02-29": "507.00000", "2015-11-30": "691.00000", "2015-08-31": "692.00000", "2015-05-31": "-894.00000", "2015-02-28": "628.00000", "2014-11-30": "663.00000", "2014-08-31": "653.00000", "2014-05-31": "957.00000", "2014-02-28": "378.00000", "2013-11-30": "500.00000", "2013-08-31": "489.00000", "2013-05-31": "1458.00000", "2013-02-28": "361.00000", "2012-11-30": "438.00000", "2012-08-31": "459.00000", "2012-05-31": "550.00000", "2012-02-29": "521.00000", "2011-11-30": "497.00000", "2011-08-31": "464.00000", "2011-05-31": "558.00000", "2011-02-28": "231.00000", "2010-11-30": "283.00000", "2010-08-31": "380.00000", "2010-05-31": "419.00000", "2010-02-28": "239.00000", "2009-11-30": "345.00000", "2009-08-31": "181.00000", "2009-05-31": "-876.00000", "2009-02-28": "97.00000", "2008-11-30": "493.00000", "2008-08-31": "384.00000", "2008-05-31": "-241.00000", "2008-02-29": "393.00000", "2007-11-30": "479.00000", "2007-08-31": "494.00000", "2007-05-31": "610.00000", "2007-02-28": "420.00000", "2006-11-30": "511.00000", "2006-08-31": "475.00000", "2006-05-31": "568.00000", "2006-02-28": "428.00000", "2005-11-30": "471.00000", "2005-08-31": "339.00000", "2005-05-31": "448.00000", "2005-02-28": "317.00000"}, "Income From Discontinued Operations": {"2020-11-30": "", "2020-08-31": "", "2020-05-31": "", "2020-02-29": "", "2019-11-30": "", "2019-08-31": "", "2019-05-31": "", "2019-02-28": "", "2018-11-30": "", "2018-08-31": "", "2018-05-31": "", "2018-02-28": "", "2017-11-30": "", "2017-08-31": "", "2017-05-31": "", "2017-02-28": "", "2016-11-30": "", "2016-08-31": "", "2016-05-31": "", "2016-02-29": "", "2015-11-30": "", "2015-08-31": "", "2015-05-31": "", "2015-02-28": "", "2014-11-30": "", "2014-08-31": "", "2014-05-31": "", "2014-02-28": "", "2013-11-30": "", "2013-08-31": "", "2013-05-31": "", "2013-02-28": "", "2012-11-30": "", "2012-08-31": "", "2012-05-31": "", "2012-02-29": "", "2011-11-30": "", "2011-08-31": "", "2011-05-31": "", "2011-02-28": "", "2010-11-30": "", "2010-08-31": "", "2010-05-31": "", "2010-02-28": "", "2009-11-30": "", "2009-08-31": "", "2009-05-31": "", "2009-02-28": "", "2008-11-30": "", "2008-08-31": "", "2008-05-31": "", "2008-02-29": "", "2007-11-30": "", "2007-08-31": "", "2007-05-31": "", "2007-02-28": "", "2006-11-30": "", "2006-08-31": "", "2006-05-31": "", "2006-02-28": "", "2005-11-30": "", "2005-08-31": "", "2005-05-31": "", "2005-02-28": ""}, "Net Income": {"2020-11-30": "1226.00000", "2020-08-31": "1245.00000", "2020-05-31": "-334.00000", "2020-02-29": "315.00000", "2019-11-30": "560.00000", "2019-08-31": "745.00000", "2019-05-31": "-1969.00000", "2019-02-28": "739.00000", "2018-11-30": "935.00000", "2018-08-31": "835.00000", "2018-05-31": "1127.00000", "2018-02-28": "2074.00000", "2017-11-30": "775.00000", "2017-08-31": "596.00000", "2017-05-31": "1020.00000", "2017-02-28": "562.00000", "2016-11-30": "700.00000", "2016-08-31": "715.00000", "2016-05-31": "-70.00000", "2016-02-29": "507.00000", "2015-11-30": "691.00000", "2015-08-31": "692.00000", "2015-05-31": "-894.00000", "2015-02-28": "628.00000", "2014-11-30": "663.00000", "2014-08-31": "653.00000", "2014-05-31": "957.00000", "2014-02-28": "378.00000", "2013-11-30": "500.00000", "2013-08-31": "489.00000", "2013-05-31": "1458.00000", "2013-02-28": "361.00000", "2012-11-30": "438.00000", "2012-08-31": "459.00000", "2012-05-31": "550.00000", "2012-02-29": "521.00000", "2011-11-30": "497.00000", "2011-08-31": "464.00000", "2011-05-31": "558.00000", "2011-02-28": "231.00000", "2010-11-30": "283.00000", "2010-08-31": "380.00000", "2010-05-31": "419.00000", "2010-02-28": "239.00000", "2009-11-30": "345.00000", "2009-08-31": "181.00000", "2009-05-31": "-876.00000", "2009-02-28": "97.00000", "2008-11-30": "493.00000", "2008-08-31": "384.00000", "2008-05-31": "-241.00000", "2008-02-29": "393.00000", "2007-11-30": "479.00000", "2007-08-31": "494.00000", "2007-05-31": "610.00000", "2007-02-28": "420.00000", "2006-11-30": "511.00000", "2006-08-31": "475.00000", "2006-05-31": "568.00000", "2006-02-28": "428.00000", "2005-11-30": "471.00000", "2005-08-31": "339.00000", "2005-05-31": "448.00000", "2005-02-28": "317.00000"}, "EBITDA": {"2020-11-30": "2401.00000", "2020-08-31": "2516.00000", "2020-05-31": "1837.00000", "2020-02-29": "1319.00000", "2019-11-30": "1455.00000", "2019-08-31": "1856.00000", "2019-05-31": "2182.00000", "2019-02-28": "1762.00000", "2018-11-30": "1996.00000", "2018-08-31": "1879.00000", "2018-05-31": "2510.00000", "2018-02-28": "1644.00000", "2017-11-30": "1871.00000", "2017-08-31": "1722.00000", "2017-05-31": "1864.00000", "2017-02-28": "1787.00000", "2016-11-30": "1907.00000", "2016-08-31": "2003.00000", "2016-05-31": "599.00000", "2016-02-29": "1527.00000", "2015-11-30": "1790.00000", "2015-08-31": "1792.00000", "2015-05-31": "-664.00000", "2015-02-28": "1690.00000", "2014-11-30": "1739.00000", "2014-08-31": "1713.00000", "2014-05-31": "2201.00000", "2014-02-28": "1293.00000", "2013-11-30": "1474.00000", "2013-08-31": "1434.00000", "2013-05-31": "3007.00000", "2013-02-28": "1188.00000", "2012-11-30": "1310.00000", "2012-08-31": "1315.00000", "2012-05-31": "1399.00000", "2012-02-29": "1356.00000", "2011-11-30": "1298.00000", "2011-08-31": "1246.00000", "2011-05-31": "1387.00000", "2011-02-28": "886.00000", "2010-11-30": "971.00000", "2010-08-31": "1107.00000", "2010-05-31": "1184.00000", "2010-02-28": "904.00000", "2009-11-30": "1058.00000", "2009-08-31": "810.00000", "2009-05-31": "-353.00000", "2009-02-28": "678.00000", "2008-11-30": "1275.00000", "2008-08-31": "1122.00000", "2008-05-31": "-1014.00000", "2008-02-29": "1133.00000", "2007-11-30": "2615.00000", "2007-08-31": "1287.00000", "2007-05-31": "1476.00000", "2007-02-28": "1090.00000", "2006-11-30": "1269.00000", "2006-08-31": "1183.00000", "2006-05-31": "1330.00000", "2006-02-28": "1104.00000", "2005-11-30": "1176.00000", "2005-08-31": "952.00000", "2005-05-31": "1111.00000", "2005-02-28": "920.00000"}, "EBIT": {"2020-11-30": "1465.00000", "2020-08-31": "1590.00000", "2020-05-31": "475.00000", "2020-02-29": "411.00000", "2019-11-30": "554.00000", "2019-08-31": "977.00000", "2019-05-31": "1316.00000", "2019-02-28": "911.00000", "2018-11-30": "1168.00000", "2018-08-31": "1071.00000", "2018-05-31": "1328.00000", "2018-02-28": "858.00000", "2017-11-30": "1115.00000", "2017-08-31": "971.00000", "2017-05-31": "1110.00000", "2017-02-28": "1025.00000", "2016-11-30": "1167.00000", "2016-08-31": "1264.00000", "2016-05-31": "-68.00000", "2016-02-29": "864.00000", "2015-11-30": "1137.00000", "2015-08-31": "1144.00000", "2015-05-31": "-1321.00000", "2015-02-28": "1038.00000", "2014-11-30": "1088.00000", "2014-08-31": "1062.00000", "2014-05-31": "1552.00000", "2014-02-28": "641.00000", "2013-11-30": "827.00000", "2013-08-31": "795.00000", "2013-05-31": "2385.00000", "2013-02-28": "589.00000", "2012-11-30": "718.00000", "2012-08-31": "742.00000", "2012-05-31": "856.00000", "2012-02-29": "813.00000", "2011-11-30": "780.00000", "2011-08-31": "737.00000", "2011-05-31": "888.00000", "2011-02-28": "393.00000", "2010-11-30": "469.00000", "2010-08-31": "628.00000", "2010-05-31": "696.00000", "2010-02-28": "416.00000", "2009-11-30": "571.00000", "2009-08-31": "315.00000", "2009-05-31": "-849.00000", "2009-02-28": "182.00000", "2008-11-30": "784.00000", "2008-08-31": "630.00000", "2008-05-31": "-1513.00000", "2008-02-29": "641.00000", "2007-11-30": "2133.00000", "2007-08-31": "814.00000", "2007-05-31": "1012.00000", "2007-02-28": "641.00000", "2006-11-30": "839.00000", "2006-08-31": "784.00000", "2006-05-31": "927.00000", "2006-02-28": "713.00000", "2005-11-30": "790.00000", "2005-08-31": "584.00000", "2005-05-31": "740.00000", "2005-02-28": "552.00000"}, "Basic Shares Outstanding": {"2020-11-30": "264.00000", "2020-08-31": "262.00000", "2020-05-31": "261.00000", "2020-02-29": "261.00000", "2019-11-30": "261.00000", "2019-08-31": "260.00000", "2019-05-31": "262.00000", "2019-02-28": "261.00000", "2018-11-30": "262.00000", "2018-08-31": "265.00000", "2018-05-31": "267.00000", "2018-02-28": "268.00000", "2017-11-30": "268.00000", "2017-08-31": "268.00000", "2017-05-31": "266.00000", "2017-02-28": "266.00000", "2016-11-30": "266.00000", "2016-08-31": "265.00000", "2016-05-31": "276.00000", "2016-02-29": "272.00000", "2015-11-30": "279.00000", "2015-08-31": "282.00000", "2015-05-31": "283.00000", "2015-02-28": "283.00000", "2014-11-30": "283.00000", "2014-08-31": "285.00000", "2014-05-31": "307.00000", "2014-02-28": "303.00000", "2013-11-30": "315.00000", "2013-08-31": "316.00000", "2013-05-31": "315.00000", "2013-02-28": "315.00000", "2012-11-30": "314.00000", "2012-08-31": "315.00000", "2012-05-31": "315.00000", "2012-02-29": "314.00000", "2011-11-30": "315.00000", "2011-08-31": "316.00000", "2011-05-31": "315.00000", "2011-02-28": "315.00000", "2010-11-30": "314.00000", "2010-08-31": "314.00000", "2010-05-31": "312.00000", "2010-02-28": "312.00000", "2009-11-30": "312.00000", "2009-08-31": "312.00000", "2009-05-31": "311.00000", "2009-02-28": "311.00000", "2008-11-30": "311.00000", "2008-08-31": "311.00000", "2008-05-31": "309.00000", "2008-02-29": "309.00000", "2007-11-30": "309.00000", "2007-08-31": "308.00000", "2007-05-31": "307.00000", "2007-02-28": "307.00000", "2006-11-30": "307.00000", "2006-08-31": "306.00000", "2006-05-31": "304.00000", "2006-02-28": "305.00000", "2005-11-30": "303.00000", "2005-08-31": "303.00000", "2005-05-31": "301.00000", "2005-02-28": "302.00000"}, "Shares Outstanding": {"2020-11-30": "269.00000", "2020-08-31": "263.00000", "2020-05-31": "262.00000", "2020-02-29": "262.00000", "2019-11-30": "262.00000", "2019-08-31": "262.00000", "2019-05-31": "265.00000", "2019-02-28": "263.00000", "2018-11-30": "266.00000", "2018-08-31": "269.00000", "2018-05-31": "272.00000", "2018-02-28": "273.00000", "2017-11-30": "272.00000", "2017-08-31": "272.00000", "2017-05-31": "270.00000", "2017-02-28": "271.00000", "2016-11-30": "270.00000", "2016-08-31": "269.00000", "2016-05-31": "279.00000", "2016-02-29": "275.00000", "2015-11-30": "283.00000", "2015-08-31": "286.00000", "2015-05-31": "287.00000", "2015-02-28": "287.00000", "2014-11-30": "287.00000", "2014-08-31": "289.00000", "2014-05-31": "310.00000", "2014-02-28": "307.00000", "2013-11-30": "319.00000", "2013-08-31": "319.00000", "2013-05-31": "317.00000", "2013-02-28": "317.00000", "2012-11-30": "315.00000", "2012-08-31": "316.00000", "2012-05-31": "317.00000", "2012-02-29": "316.00000", "2011-11-30": "316.00000", "2011-08-31": "318.00000", "2011-05-31": "317.00000", "2011-02-28": "317.00000", "2010-11-30": "316.00000", "2010-08-31": "315.00000", "2010-05-31": "314.00000", "2010-02-28": "315.00000", "2009-11-30": "314.00000", "2009-08-31": "312.00000", "2009-05-31": "312.00000", "2009-02-28": "312.00000", "2008-11-30": "312.00000", "2008-08-31": "313.00000", "2008-05-31": "312.00000", "2008-02-29": "312.00000", "2007-11-30": "312.00000", "2007-08-31": "312.00000", "2007-05-31": "311.00000", "2007-02-28": "311.00000", "2006-11-30": "311.00000", "2006-08-31": "310.00000", "2006-05-31": "310.00000", "2006-02-28": "310.00000", "2005-11-30": "308.00000", "2005-08-31": "308.00000", "2005-05-31": "307.00000", "2005-02-28": "308.00000"}, "Basic EPS": {"2020-11-30": "4.64000", "2020-08-31": "4.75000", "2020-05-31": "-1.30000", "2020-02-29": "1.21000", "2019-11-30": "2.15000", "2019-08-31": "2.86000", "2019-05-31": "-7.48000", "2019-02-28": "2.83000", "2018-11-30": "3.56000", "2018-08-31": "3.15000", "2018-05-31": "4.23000", "2018-02-28": "7.74000", "2017-11-30": "2.89000", "2017-08-31": "2.22000", "2017-05-31": "3.81000", "2017-02-28": "2.11000", "2016-11-30": "2.63000", "2016-08-31": "2.69000", "2016-05-31": "-0.19000", "2016-02-29": "1.86000", "2015-11-30": "2.47000", "2015-08-31": "2.45000", "2015-05-31": "-3.14000", "2015-02-28": "2.21000", "2014-11-30": "2.34000", "2014-08-31": "2.29000", "2014-05-31": "3.20000", "2014-02-28": "1.24000", "2013-11-30": "1.58000", "2013-08-31": "1.54000", "2013-05-31": "4.62000", "2013-02-28": "1.14000", "2012-11-30": "1.39000", "2012-08-31": "1.46000", "2012-05-31": "1.75000", "2012-02-29": "1.66000", "2011-11-30": "1.57000", "2011-08-31": "1.46000", "2011-05-31": "1.77000", "2011-02-28": "0.73000", "2010-11-30": "0.90000", "2010-08-31": "1.21000", "2010-05-31": "1.34000", "2010-02-28": "0.76000", "2009-11-30": "1.10000", "2009-08-31": "0.58000", "2009-05-31": "-2.83000", "2009-02-28": "0.31000", "2008-11-30": "1.59000", "2008-08-31": "1.24000", "2008-05-31": "-0.78000", "2008-02-29": "1.27000", "2007-11-30": "1.55000", "2007-08-31": "1.60000", "2007-05-31": "1.98000", "2007-02-28": "1.37000", "2006-11-30": "1.67000", "2006-08-31": "1.55000", "2006-05-31": "1.86000", "2006-02-28": "1.41000", "2005-11-30": "1.55000", "2005-08-31": "1.12000", "2005-05-31": "1.48000", "2005-02-28": "1.05000"}, "EPS - Earnings Per Share": {"2020-11-30": "4.55000", "2020-08-31": "4.72000", "2020-05-31": "-1.27000", "2020-02-29": "1.20000", "2019-11-30": "2.13000", "2019-08-31": "2.84000", "2019-05-31": "-7.38000", "2019-02-28": "2.80000", "2018-11-30": "3.51000", "2018-08-31": "3.10000", "2018-05-31": "4.17000", "2018-02-28": "7.59000", "2017-11-30": "2.84000", "2017-08-31": "2.19000", "2017-05-31": "3.76000", "2017-02-28": "2.07000", "2016-11-30": "2.59000", "2016-08-31": "2.65000", "2016-05-31": "-0.19000", "2016-02-29": "1.84000", "2015-11-30": "2.44000", "2015-08-31": "2.42000", "2015-05-31": "-3.10000", "2015-02-28": "2.18000", "2014-11-30": "2.31000", "2014-08-31": "2.26000", "2014-05-31": "3.15000", "2014-02-28": "1.23000", "2013-11-30": "1.57000", "2013-08-31": "1.53000", "2013-05-31": "4.58000", "2013-02-28": "1.13000", "2012-11-30": "1.39000", "2012-08-31": "1.45000", "2012-05-31": "1.73000", "2012-02-29": "1.65000", "2011-11-30": "1.57000", "2011-08-31": "1.46000", "2011-05-31": "1.75000", "2011-02-28": "0.73000", "2010-11-30": "0.89000", "2010-08-31": "1.20000", "2010-05-31": "1.32000", "2010-02-28": "0.76000", "2009-11-30": "1.10000", "2009-08-31": "0.58000", "2009-05-31": "-2.81000", "2009-02-28": "0.31000", "2008-11-30": "1.58000", "2008-08-31": "1.23000", "2008-05-31": "-0.78000", "2008-02-29": "1.26000", "2007-11-30": "1.54000", "2007-08-31": "1.58000", "2007-05-31": "1.96000", "2007-02-28": "1.35000", "2006-11-30": "1.64000", "2006-08-31": "1.53000", "2006-05-31": "1.82000", "2006-02-28": "1.38000", "2005-11-30": "1.53000", "2005-08-31": "1.10000", "2005-05-31": "1.46000", "2005-02-28": "1.03000"}}, "balance sheet": {"Cash On Hand": {"2020-05-31": "4881.00000", "2019-05-31": "2319.00000", "2018-05-31": "3265.00000", "2017-05-31": "3969.00000", "2016-05-31": "3534.00000", "2015-05-31": "3763.00000", "2014-05-31": "2908.00000", "2013-05-31": "4917.00000", "2012-05-31": "2843.00000", "2011-05-31": "2328.00000", "2010-05-31": "1952.00000", "2009-05-31": "2292.00000", "2008-05-31": "1539.00000", "2007-05-31": "1569.00000", "2006-05-31": "1937.00000", "2005-05-31": "1039.00000"}, "Receivables": {"2020-05-31": "10102.00000", "2019-05-31": "9116.00000", "2018-05-31": "8481.00000", "2017-05-31": "7599.00000", "2016-05-31": "7252.00000", "2015-05-31": "5719.00000", "2014-05-31": "5460.00000", "2013-05-31": "5044.00000", "2012-05-31": "4704.00000", "2011-05-31": "4581.00000", "2010-05-31": "4163.00000", "2009-05-31": "3391.00000", "2008-05-31": "4359.00000", "2007-05-31": "3942.00000", "2006-05-31": "3516.00000", "2005-05-31": "3297.00000"}, "Inventory": {"2020-05-31": "572.00000", "2019-05-31": "553.00000", "2018-05-31": "525.00000", "2017-05-31": "514.00000", "2016-05-31": "496.00000", "2015-05-31": "498.00000", "2014-05-31": "463.00000", "2013-05-31": "457.00000", "2012-05-31": "440.00000", "2011-05-31": "437.00000", "2010-05-31": "389.00000", "2009-05-31": "367.00000", "2008-05-31": "435.00000", "2007-05-31": "338.00000", "2006-05-31": "308.00000", "2005-05-31": "250.00000"}, "Pre-Paid Expenses": {"2020-05-31": "828.00000", "2019-05-31": "1098.00000", "2018-05-31": "1070.00000", "2017-05-31": "546.00000", "2016-05-31": "707.00000", "2015-05-31": "355.00000", "2014-05-31": "330.00000", "2013-05-31": "323.00000", "2012-05-31": "536.00000", "2011-05-31": "329.00000", "2010-05-31": "251.00000", "2009-05-31": "555.00000", "2008-05-31": "367.00000", "2007-05-31": "244.00000", "2006-05-31": "164.00000", "2005-05-31": "173.00000"}, "Other Current Assets": {"2020-05-31": "", "2019-05-31": "", "2018-05-31": "", "2017-05-31": "", "2016-05-31": "", "2015-05-31": "", "2014-05-31": "", "2013-05-31": "", "2012-05-31": "", "2011-05-31": "", "2010-05-31": "", "2009-05-31": "", "2008-05-31": "", "2007-05-31": "", "2006-05-31": "", "2005-05-31": ""}, "Total Current Assets": {"2020-05-31": "16383.00000", "2019-05-31": "13086.00000", "2018-05-31": "13341.00000", "2017-05-31": "12628.00000", "2016-05-31": "11989.00000", "2015-05-31": "10335.00000", "2014-05-31": "9683.00000", "2013-05-31": "11274.00000", "2012-05-31": "9056.00000", "2011-05-31": "8285.00000", "2010-05-31": "7284.00000", "2009-05-31": "7116.00000", "2008-05-31": "7244.00000", "2007-05-31": "6629.00000", "2006-05-31": "6464.00000", "2005-05-31": "5269.00000"}, "Property, Plant, And Equipment": {"2020-05-31": "33608.00000", "2019-05-31": "30429.00000", "2018-05-31": "28154.00000", "2017-05-31": "25981.00000", "2016-05-31": "24284.00000", "2015-05-31": "20875.00000", "2014-05-31": "19550.00000", "2013-05-31": "18484.00000", "2012-05-31": "17248.00000", "2011-05-31": "15543.00000", "2010-05-31": "14385.00000", "2009-05-31": "13417.00000", "2008-05-31": "13478.00000", "2007-05-31": "12636.00000", "2006-05-31": "10770.00000", "2005-05-31": "9643.00000"}, "Long-Term Investments": {"2020-05-31": "", "2019-05-31": "", "2018-05-31": "", "2017-05-31": "", "2016-05-31": "", "2015-05-31": "", "2014-05-31": "", "2013-05-31": "", "2012-05-31": "", "2011-05-31": "", "2010-05-31": "", "2009-05-31": "", "2008-05-31": "", "2007-05-31": "", "2006-05-31": "", "2005-05-31": ""}, "Goodwill And Intangible Assets": {"2020-05-31": "6372.00000", "2019-05-31": "6884.00000", "2018-05-31": "6973.00000", "2017-05-31": "7154.00000", "2016-05-31": "6747.00000", "2015-05-31": "3810.00000", "2014-05-31": "2790.00000", "2013-05-31": "2755.00000", "2012-05-31": "2387.00000", "2011-05-31": "2326.00000", "2010-05-31": "2200.00000", "2009-05-31": "2229.00000", "2008-05-31": "4084.00000", "2007-05-31": "4735.00000", "2006-05-31": "4107.00000", "2005-05-31": "4220.00000"}, "Other Long-Term Assets": {"2020-05-31": "3257.00000", "2019-05-31": "4004.00000", "2018-05-31": "3862.00000", "2017-05-31": "2789.00000", "2016-05-31": "2939.00000", "2015-05-31": "1511.00000", "2014-05-31": "1047.00000", "2013-05-31": "1054.00000", "2012-05-31": "1212.00000", "2011-05-31": "1231.00000", "2010-05-31": "1033.00000", "2009-05-31": "1171.00000", "2008-05-31": "", "2007-05-31": "", "2006-05-31": "", "2005-05-31": ""}, "Total Long-Term Assets": {"2020-05-31": "57154.00000", "2019-05-31": "41317.00000", "2018-05-31": "38989.00000", "2017-05-31": "35924.00000", "2016-05-31": "33970.00000", "2015-05-31": "26196.00000", "2014-05-31": "23387.00000", "2013-05-31": "22293.00000", "2012-05-31": "20847.00000", "2011-05-31": "19100.00000", "2010-05-31": "17618.00000", "2009-05-31": "17128.00000", "2008-05-31": "18389.00000", "2007-05-31": "17371.00000", "2006-05-31": "16226.00000", "2005-05-31": "15135.00000"}, "Total Assets": {"2020-05-31": "73537.00000", "2019-05-31": "54403.00000", "2018-05-31": "52330.00000", "2017-05-31": "48552.00000", "2016-05-31": "45959.00000", "2015-05-31": "36531.00000", "2014-05-31": "33070.00000", "2013-05-31": "33567.00000", "2012-05-31": "29903.00000", "2011-05-31": "27385.00000", "2010-05-31": "24902.00000", "2009-05-31": "24244.00000", "2008-05-31": "25633.00000", "2007-05-31": "24000.00000", "2006-05-31": "22690.00000", "2005-05-31": "20404.00000"}, "Total Current Liabilities": {"2020-05-31": "10344.00000", "2019-05-31": "9013.00000", "2018-05-31": "9627.00000", "2017-05-31": "7918.00000", "2016-05-31": "8008.00000", "2015-05-31": "5956.00000", "2014-05-31": "5312.00000", "2013-05-31": "5750.00000", "2012-05-31": "5374.00000", "2011-05-31": "4882.00000", "2010-05-31": "4645.00000", "2009-05-31": "4524.00000", "2008-05-31": "5368.00000", "2007-05-31": "5428.00000", "2006-05-31": "5473.00000", "2005-05-31": "4734.00000"}, "Long Term Debt": {"2020-05-31": "21952.00000", "2019-05-31": "16617.00000", "2018-05-31": "15243.00000", "2017-05-31": "14909.00000", "2016-05-31": "13733.00000", "2015-05-31": "7249.00000", "2014-05-31": "4736.00000", "2013-05-31": "2739.00000", "2012-05-31": "1250.00000", "2011-05-31": "1667.00000", "2010-05-31": "1668.00000", "2009-05-31": "1930.00000", "2008-05-31": "1506.00000", "2007-05-31": "2007.00000", "2006-05-31": "1592.00000", "2005-05-31": "2427.00000"}, "Other Non-Current Liabilities": {"2020-05-31": "2570.00000", "2019-05-31": "2569.00000", "2018-05-31": "2318.00000", "2017-05-31": "2012.00000", "2016-05-31": "2085.00000", "2015-05-31": "1338.00000", "2014-05-31": "1183.00000", "2013-05-31": "1107.00000", "2012-05-31": "1099.00000", "2011-05-31": "1131.00000", "2010-05-31": "1111.00000", "2009-05-31": "1068.00000", "2008-05-31": "994.00000", "2007-05-31": "850.00000", "2006-05-31": "772.00000", "2005-05-31": "689.00000"}, "Total Long Term Liabilities": {"2020-05-31": "44898.00000", "2019-05-31": "27633.00000", "2018-05-31": "23287.00000", "2017-05-31": "24561.00000", "2016-05-31": "24167.00000", "2015-05-31": "15582.00000", "2014-05-31": "12481.00000", "2013-05-31": "10419.00000", "2012-05-31": "9802.00000", "2011-05-31": "7283.00000", "2010-05-31": "6446.00000", "2009-05-31": "6094.00000", "2008-05-31": "5739.00000", "2007-05-31": "5916.00000", "2006-05-31": "5706.00000", "2005-05-31": "6082.00000"}, "Total Liabilities": {"2020-05-31": "55242.00000", "2019-05-31": "36646.00000", "2018-05-31": "32914.00000", "2017-05-31": "32479.00000", "2016-05-31": "32175.00000", "2015-05-31": "21538.00000", "2014-05-31": "17793.00000", "2013-05-31": "16169.00000", "2012-05-31": "15176.00000", "2011-05-31": "12165.00000", "2010-05-31": "11091.00000", "2009-05-31": "10618.00000", "2008-05-31": "11107.00000", "2007-05-31": "11344.00000", "2006-05-31": "11179.00000", "2005-05-31": "10816.00000"}, "Common Stock Net": {"2020-05-31": "32.00000", "2019-05-31": "32.00000", "2018-05-31": "32.00000", "2017-05-31": "32.00000", "2016-05-31": "32.00000", "2015-05-31": "32.00000", "2014-05-31": "32.00000", "2013-05-31": "32.00000", "2012-05-31": "32.00000", "2011-05-31": "32.00000", "2010-05-31": "31.00000", "2009-05-31": "31.00000", "2008-05-31": "31.00000", "2007-05-31": "31.00000", "2006-05-31": "31.00000", "2005-05-31": "30.00000"}, "Retained Earnings (Accumulated Deficit)": {"2020-05-31": "25216.00000", "2019-05-31": "24648.00000", "2018-05-31": "24823.00000", "2017-05-31": "20833.00000", "2016-05-31": "18371.00000", "2015-05-31": "16900.00000", "2014-05-31": "16229.00000", "2013-05-31": "18519.00000", "2012-05-31": "17134.00000", "2011-05-31": "15266.00000", "2010-05-31": "13966.00000", "2009-05-31": "12919.00000", "2008-05-31": "13002.00000", "2007-05-31": "11970.00000", "2006-05-31": "10068.00000", "2005-05-31": "8363.00000"}, "Comprehensive Income": {"2020-05-31": "-1147.00000", "2019-05-31": "-865.00000", "2018-05-31": "-578.00000", "2017-05-31": "-415.00000", "2016-05-31": "-169.00000", "2015-05-31": "172.00000", "2014-05-31": "506.00000", "2013-05-31": "-3820.00000", "2012-05-31": "-4953.00000", "2011-05-31": "-2550.00000", "2010-05-31": "-2440.00000", "2009-05-31": "-1373.00000", "2008-05-31": "-425.00000", "2007-05-31": "-1030.00000", "2006-05-31": "-24.00000", "2005-05-31": "-17.00000"}, "Other Share Holders Equity": {"2020-05-31": "", "2019-05-31": "", "2018-05-31": "", "2017-05-31": "", "2016-05-31": "", "2015-05-31": "", "2014-05-31": "", "2013-05-31": "", "2012-05-31": "", "2011-05-31": "", "2010-05-31": "", "2009-05-31": "", "2008-05-31": "", "2007-05-31": "", "2006-05-31": "", "2005-05-31": ""}, "Share Holder Equity": {"2020-05-31": "18295.00000", "2019-05-31": "17757.00000", "2018-05-31": "19416.00000", "2017-05-31": "16073.00000", "2016-05-31": "13784.00000", "2015-05-31": "14993.00000", "2014-05-31": "15277.00000", "2013-05-31": "17398.00000", "2012-05-31": "14727.00000", "2011-05-31": "15220.00000", "2010-05-31": "13811.00000", "2009-05-31": "13626.00000", "2008-05-31": "14526.00000", "2007-05-31": "12656.00000", "2006-05-31": "11511.00000", "2005-05-31": "9588.00000"}, "Total Liabilities And Share Holders Equity": {"2020-05-31": "73537.00000", "2019-05-31": "54403.00000", "2018-05-31": "52330.00000", "2017-05-31": "48552.00000", "2016-05-31": "45959.00000", "2015-05-31": "36531.00000", "2014-05-31": "33070.00000", "2013-05-31": "33567.00000", "2012-05-31": "29903.00000", "2011-05-31": "27385.00000", "2010-05-31": "24902.00000", "2009-05-31": "24244.00000", "2008-05-31": "25633.00000", "2007-05-31": "24000.00000", "2006-05-31": "22690.00000", "2005-05-31": "20404.00000"}}, "balance sheet, quarterly": {"Cash On Hand": {"2020-11-30": "8339.00000", "2020-08-31": "6954.00000", "2020-05-31": "4881.00000", "2020-02-29": "1766.00000", "2019-11-30": "2031.00000", "2019-08-31": "2389.00000", "2019-05-31": "2319.00000", "2019-02-28": "2872.00000", "2018-11-30": "2123.00000", "2018-08-31": "2369.00000", "2018-05-31": "3265.00000", "2018-02-28": "2789.00000", "2017-11-30": "2768.00000", "2017-08-31": "3503.00000", "2017-05-31": "3969.00000", "2017-02-28": "3173.00000", "2016-11-30": "3059.00000", "2016-08-31": "2989.00000", "2016-05-31": "3534.00000", "2016-02-29": "2841.00000", "2015-11-30": "3647.00000", "2015-08-31": "3543.00000", "2015-05-31": "3763.00000", "2015-02-28": "3478.00000", "2014-11-30": "2266.00000", "2014-08-31": "2416.00000", "2014-05-31": "2908.00000", "2014-02-28": "3042.00000", "2013-11-30": "3935.00000", "2013-08-31": "5096.00000", "2013-05-31": "4917.00000", "2013-02-28": "3372.00000", "2012-11-30": "2517.00000", "2012-08-31": "2743.00000", "2012-05-31": "2843.00000", "2012-02-29": "2040.00000", "2011-11-30": "1896.00000", "2011-08-31": "1959.00000", "2011-05-31": "2328.00000", "2011-02-28": "1359.00000", "2010-11-30": "1877.00000", "2010-08-31": "1709.00000", "2010-05-31": "1952.00000", "2010-02-28": "1549.00000", "2009-11-30": "1465.00000", "2009-08-31": "1789.00000", "2009-05-31": "2292.00000", "2009-02-28": "2673.00000", "2008-11-30": "1542.00000", "2008-08-31": "1573.00000", "2008-05-31": "1539.00000", "2008-02-29": "1011.00000", "2007-11-30": "830.00000", "2007-08-31": "1112.00000", "2007-05-31": "1569.00000", "2007-02-28": "1770.00000", "2006-11-30": "1855.00000", "2006-08-31": "2690.00000", "2006-05-31": "1937.00000", "2006-02-28": "1121.00000", "2005-11-30": "786.00000", "2005-08-31": "1051.00000", "2005-05-31": "1039.00000", "2005-02-28": "1084.00000"}, "Receivables": {"2020-11-30": "11417.00000", "2020-08-31": "10508.00000", "2020-05-31": "10102.00000", "2020-02-29": "9323.00000", "2019-11-30": "9709.00000", "2019-08-31": "9312.00000", "2019-05-31": "9116.00000", "2019-02-28": "9037.00000", "2018-11-30": "9573.00000", "2018-08-31": "8716.00000", "2018-05-31": "8481.00000", "2018-02-28": "8671.00000", "2017-11-30": "8655.00000", "2017-08-31": "8006.00000", "2017-05-31": "7599.00000", "2017-02-28": "7418.00000", "2016-11-30": "7575.00000", "2016-08-31": "7233.00000", "2016-05-31": "7252.00000", "2016-02-29": "5634.00000", "2015-11-30": "5865.00000", "2015-08-31": "5617.00000", "2015-05-31": "5719.00000", "2015-02-28": "5584.00000", "2014-11-30": "5592.00000", "2014-08-31": "5487.00000", "2014-05-31": "5460.00000", "2014-02-28": "5197.00000", "2013-11-30": "5377.00000", "2013-08-31": "4990.00000", "2013-05-31": "5044.00000", "2013-02-28": "4950.00000", "2012-11-30": "5202.00000", "2012-08-31": "4780.00000", "2012-05-31": "4704.00000", "2012-02-29": "4635.00000", "2011-11-30": "4837.00000", "2011-08-31": "4624.00000", "2011-05-31": "4581.00000", "2011-02-28": "4478.00000", "2010-11-30": "4279.00000", "2010-08-31": "4135.00000", "2010-05-31": "4163.00000", "2010-02-28": "3937.00000", "2009-11-30": "3771.00000", "2009-08-31": "3410.00000", "2009-05-31": "3391.00000", "2009-02-28": "3520.00000", "2008-11-30": "4103.00000", "2008-08-31": "4361.00000", "2008-05-31": "4359.00000", "2008-02-29": "4242.00000", "2007-11-30": "4324.00000", "2007-08-31": "3959.00000", "2007-05-31": "3942.00000", "2007-02-28": "3925.00000", "2006-11-30": "3956.00000", "2006-08-31": "3624.00000", "2006-05-31": "3516.00000", "2006-02-28": "3401.00000", "2005-11-30": "3546.00000", "2005-08-31": "3270.00000", "2005-05-31": "3297.00000", "2005-02-28": "3188.00000"}, "Inventory": {"2020-11-30": "587.00000", "2020-08-31": "593.00000", "2020-05-31": "572.00000", "2020-02-29": "568.00000", "2019-11-30": "576.00000", "2019-08-31": "574.00000", "2019-05-31": "553.00000", "2019-02-28": "546.00000", "2018-11-30": "522.00000", "2018-08-31": "523.00000", "2018-05-31": "525.00000", "2018-02-28": "523.00000", "2017-11-30": "533.00000", "2017-08-31": "516.00000", "2017-05-31": "514.00000", "2017-02-28": "527.00000", "2016-11-30": "517.00000", "2016-08-31": "512.00000", "2016-05-31": "496.00000", "2016-02-29": "476.00000", "2015-11-30": "493.00000", "2015-08-31": "488.00000", "2015-05-31": "498.00000", "2015-02-28": "488.00000", "2014-11-30": "476.00000", "2014-08-31": "481.00000", "2014-05-31": "463.00000", "2014-02-28": "462.00000", "2013-11-30": "458.00000", "2013-08-31": "451.00000", "2013-05-31": "457.00000", "2013-02-28": "460.00000", "2012-11-30": "456.00000", "2012-08-31": "465.00000", "2012-05-31": "440.00000", "2012-02-29": "447.00000", "2011-11-30": "440.00000", "2011-08-31": "418.00000", "2011-05-31": "437.00000", "2011-02-28": "413.00000", "2010-11-30": "400.00000", "2010-08-31": "377.00000", "2010-05-31": "389.00000", "2010-02-28": "380.00000", "2009-11-30": "391.00000", "2009-08-31": "372.00000", "2009-05-31": "367.00000", "2009-02-28": "370.00000", "2008-11-30": "405.00000", "2008-08-31": "412.00000", "2008-05-31": "435.00000", "2008-02-29": "384.00000", "2007-11-30": "392.00000", "2007-08-31": "342.00000", "2007-05-31": "338.00000", "2007-02-28": "322.00000", "2006-11-30": "325.00000", "2006-08-31": "320.00000", "2006-05-31": "308.00000", "2006-02-28": "294.00000", "2005-11-30": "278.00000", "2005-08-31": "251.00000", "2005-05-31": "250.00000", "2005-02-28": "245.00000"}, "Pre-Paid Expenses": {"2020-11-30": "922.00000", "2020-08-31": "848.00000", "2020-05-31": "828.00000", "2020-02-29": "884.00000", "2019-11-30": "882.00000", "2019-08-31": "742.00000", "2019-05-31": "1098.00000", "2019-02-28": "1045.00000", "2018-11-30": "1220.00000", "2018-08-31": "1033.00000", "2018-05-31": "1070.00000", "2018-02-28": "1592.00000", "2017-11-30": "925.00000", "2017-08-31": "697.00000", "2017-05-31": "546.00000", "2017-02-28": "820.00000", "2016-11-30": "901.00000", "2016-08-31": "667.00000", "2016-05-31": "707.00000", "2016-02-29": "678.00000", "2015-11-30": "460.00000", "2015-08-31": "449.00000", "2015-05-31": "355.00000", "2015-02-28": "422.00000", "2014-11-30": "381.00000", "2014-08-31": "369.00000", "2014-05-31": "330.00000", "2014-02-28": "456.00000", "2013-11-30": "441.00000", "2013-08-31": "352.00000", "2013-05-31": "323.00000", "2013-02-28": "453.00000", "2012-11-30": "474.00000", "2012-08-31": "371.00000", "2012-05-31": "536.00000", "2012-02-29": "459.00000", "2011-11-30": "367.00000", "2011-08-31": "352.00000", "2011-05-31": "329.00000", "2011-02-28": "448.00000", "2010-11-30": "302.00000", "2010-08-31": "286.00000", "2010-05-31": "251.00000", "2010-02-28": "300.00000", "2009-11-30": "292.00000", "2009-08-31": "307.00000", "2009-05-31": "555.00000", "2009-02-28": "294.00000", "2008-11-30": "266.00000", "2008-08-31": "300.00000", "2008-05-31": "367.00000", "2008-02-29": "243.00000", "2007-11-30": "274.00000", "2007-08-31": "282.00000", "2007-05-31": "244.00000", "2007-02-28": "210.00000", "2006-11-30": "192.00000", "2006-08-31": "172.00000", "2006-05-31": "164.00000", "2006-02-28": "163.00000", "2005-11-30": "162.00000", "2005-08-31": "164.00000", "2005-05-31": "173.00000", "2005-02-28": "201.00000"}, "Other Current Assets": {"2020-11-30": "", "2020-08-31": "", "2020-05-31": "", "2020-02-29": "", "2019-11-30": "", "2019-08-31": "", "2019-05-31": "", "2019-02-28": "", "2018-11-30": "", "2018-08-31": "", "2018-05-31": "", "2018-02-28": "", "2017-11-30": "", "2017-08-31": "", "2017-05-31": "", "2017-02-28": "", "2016-11-30": "", "2016-08-31": "", "2016-05-31": "", "2016-02-29": "", "2015-11-30": "", "2015-08-31": "", "2015-05-31": "", "2015-02-28": "", "2014-11-30": "", "2014-08-31": "", "2014-05-31": "", "2014-02-28": "", "2013-11-30": "", "2013-08-31": "", "2013-05-31": "", "2013-02-28": "", "2012-11-30": "", "2012-08-31": "", "2012-05-31": "", "2012-02-29": "", "2011-11-30": "", "2011-08-31": "", "2011-05-31": "", "2011-02-28": "", "2010-11-30": "", "2010-08-31": "", "2010-05-31": "", "2010-02-28": "", "2009-11-30": "", "2009-08-31": "", "2009-05-31": "", "2009-02-28": "", "2008-11-30": "", "2008-08-31": "", "2008-05-31": "", "2008-02-29": "", "2007-11-30": "", "2007-08-31": "", "2007-05-31": "", "2007-02-28": "", "2006-11-30": "", "2006-08-31": "", "2006-05-31": "", "2006-02-28": "", "2005-11-30": "", "2005-08-31": "", "2005-05-31": "", "2005-02-28": ""}, "Total Current Assets": {"2020-11-30": "21265.00000", "2020-08-31": "18903.00000", "2020-05-31": "16383.00000", "2020-02-29": "12541.00000", "2019-11-30": "13198.00000", "2019-08-31": "13017.00000", "2019-05-31": "13086.00000", "2019-02-28": "13500.00000", "2018-11-30": "13438.00000", "2018-08-31": "12641.00000", "2018-05-31": "13341.00000", "2018-02-28": "13575.00000", "2017-11-30": "12881.00000", "2017-08-31": "12722.00000", "2017-05-31": "12628.00000", "2017-02-28": "11938.00000", "2016-11-30": "12052.00000", "2016-08-31": "11401.00000", "2016-05-31": "11989.00000", "2016-02-29": "10237.00000", "2015-11-30": "11152.00000", "2015-08-31": "10703.00000", "2015-05-31": "10335.00000", "2015-02-28": "10482.00000", "2014-11-30": "9212.00000", "2014-08-31": "9250.00000", "2014-05-31": "9683.00000", "2014-02-28": "9781.00000", "2013-11-30": "10866.00000", "2013-08-31": "11493.00000", "2013-05-31": "11274.00000", "2013-02-28": "9745.00000", "2012-11-30": "9159.00000", "2012-08-31": "8877.00000", "2012-05-31": "9056.00000", "2012-02-29": "8198.00000", "2011-11-30": "8168.00000", "2011-08-31": "7963.00000", "2011-05-31": "8285.00000", "2011-02-28": "7238.00000", "2010-11-30": "7398.00000", "2010-08-31": "7036.00000", "2010-05-31": "7284.00000", "2010-02-28": "6683.00000", "2009-11-30": "6434.00000", "2009-08-31": "6388.00000", "2009-05-31": "7116.00000", "2009-02-28": "7373.00000", "2008-11-30": "6834.00000", "2008-08-31": "7174.00000", "2008-05-31": "7244.00000", "2008-02-29": "6431.00000", "2007-11-30": "6351.00000", "2007-08-31": "6228.00000", "2007-05-31": "6629.00000", "2007-02-28": "6767.00000", "2006-11-30": "6843.00000", "2006-08-31": "7342.00000", "2006-05-31": "6464.00000", "2006-02-28": "5514.00000", "2005-11-30": "5292.00000", "2005-08-31": "5246.00000", "2005-05-31": "5269.00000", "2005-02-28": "5272.00000"}, "Property, Plant, And Equipment": {"2020-11-30": "34610.00000", "2020-08-31": "34262.00000", "2020-05-31": "33608.00000", "2020-02-29": "33306.00000", "2019-11-30": "32408.00000", "2019-08-31": "31610.00000", "2019-05-31": "30429.00000", "2019-02-28": "29768.00000", "2018-11-30": "29387.00000", "2018-08-31": "28779.00000", "2018-05-31": "28154.00000", "2018-02-28": "27697.00000", "2017-11-30": "27290.00000", "2017-08-31": "26235.00000", "2017-05-31": "25981.00000", "2017-02-28": "25613.00000", "2016-11-30": "25307.00000", "2016-08-31": "24804.00000", "2016-05-31": "24284.00000", "2016-02-29": "22552.00000", "2015-11-30": "22278.00000", "2015-08-31": "21483.00000", "2015-05-31": "20875.00000", "2015-02-28": "20425.00000", "2014-11-30": "19893.00000", "2014-08-31": "19424.00000", "2014-05-31": "19550.00000", "2014-02-28": "19285.00000", "2013-11-30": "19120.00000", "2013-08-31": "18437.00000", "2013-05-31": "18484.00000", "2013-02-28": "18328.00000", "2012-11-30": "18349.00000", "2012-08-31": "17866.00000", "2012-05-31": "17248.00000", "2012-02-29": "16843.00000", "2011-11-30": "16709.00000", "2011-08-31": "15820.00000", "2011-05-31": "15543.00000", "2011-02-28": "15328.00000", "2010-11-30": "15266.00000", "2010-08-31": "14679.00000", "2010-05-31": "14385.00000", "2010-02-28": "14003.00000", "2009-11-30": "13937.00000", "2009-08-31": "13538.00000", "2009-05-31": "13417.00000", "2009-02-28": "13619.00000", "2008-11-30": "13610.00000", "2008-08-31": "13533.00000", "2008-05-31": "13478.00000", "2008-02-29": "13314.00000", "2007-11-30": "13225.00000", "2007-08-31": "12943.00000", "2007-05-31": "12636.00000", "2007-02-28": "12169.00000", "2006-11-30": "11988.00000", "2006-08-31": "11115.00000", "2006-05-31": "10770.00000", "2006-02-28": "10423.00000", "2005-11-30": "10275.00000", "2005-08-31": "9980.00000", "2005-05-31": "9643.00000", "2005-02-28": "9391.00000"}, "Long-Term Investments": {"2020-11-30": "", "2020-08-31": "", "2020-05-31": "", "2020-02-29": "", "2019-11-30": "", "2019-08-31": "", "2019-05-31": "", "2019-02-28": "", "2018-11-30": "", "2018-08-31": "", "2018-05-31": "", "2018-02-28": "", "2017-11-30": "", "2017-08-31": "", "2017-05-31": "", "2017-02-28": "", "2016-11-30": "", "2016-08-31": "", "2016-05-31": "", "2016-02-29": "", "2015-11-30": "", "2015-08-31": "", "2015-05-31": "", "2015-02-28": "", "2014-11-30": "", "2014-08-31": "", "2014-05-31": "", "2014-02-28": "", "2013-11-30": "", "2013-08-31": "", "2013-05-31": "", "2013-02-28": "", "2012-11-30": "", "2012-08-31": "", "2012-05-31": "", "2012-02-29": "", "2011-11-30": "", "2011-08-31": "", "2011-05-31": "", "2011-02-28": "", "2010-11-30": "", "2010-08-31": "", "2010-05-31": "", "2010-02-28": "", "2009-11-30": "", "2009-08-31": "", "2009-05-31": "", "2009-02-28": "", "2008-11-30": "", "2008-08-31": "", "2008-05-31": "", "2008-02-29": "", "2007-11-30": "", "2007-08-31": "", "2007-05-31": "", "2007-02-28": "", "2006-11-30": "", "2006-08-31": "", "2006-05-31": "", "2006-02-28": "", "2005-11-30": "", "2005-08-31": "", "2005-05-31": "", "2005-02-28": ""}, "Goodwill And Intangible Assets": {"2020-11-30": "6702.00000", "2020-08-31": "6633.00000", "2020-05-31": "6372.00000", "2020-02-29": "6814.00000", "2019-11-30": "6861.00000", "2019-08-31": "6821.00000", "2019-05-31": "6884.00000", "2019-02-28": "6916.00000", "2018-11-30": "6908.00000", "2018-08-31": "6869.00000", "2018-05-31": "6973.00000", "2018-02-28": "7464.00000", "2017-11-30": "7325.00000", "2017-08-31": "7382.00000", "2017-05-31": "7154.00000", "2017-02-28": "7000.00000", "2016-11-30": "6921.00000", "2016-08-31": "6783.00000", "2016-05-31": "6747.00000", "2016-02-29": "3764.00000", "2015-11-30": "3806.00000", "2015-08-31": "3792.00000", "2015-05-31": "3810.00000", "2015-02-28": "3805.00000", "2014-11-30": "2734.00000", "2014-08-31": "2775.00000", "2014-05-31": "2790.00000", "2014-02-28": "2739.00000", "2013-11-30": "2737.00000", "2013-08-31": "2712.00000", "2013-05-31": "2755.00000", "2013-02-28": "2765.00000", "2012-11-30": "2757.00000", "2012-08-31": "2734.00000", "2012-05-31": "2387.00000", "2012-02-29": "2419.00000", "2011-11-30": "2399.00000", "2011-08-31": "2435.00000", "2011-05-31": "2326.00000", "2011-02-28": "2321.00000", "2010-11-30": "2224.00000", "2010-08-31": "2211.00000", "2010-05-31": "2200.00000", "2010-02-28": "2229.00000", "2009-11-30": "2237.00000", "2009-08-31": "2233.00000", "2009-05-31": "2229.00000", "2009-02-28": "4311.00000", "2008-11-30": "4192.00000", "2008-08-31": "4126.00000", "2008-05-31": "4084.00000", "2008-02-29": "4851.00000", "2007-11-30": "4771.00000", "2007-08-31": "4735.00000", "2007-05-31": "4735.00000", "2007-02-28": "4498.00000", "2006-11-30": "4246.00000", "2006-08-31": "4070.00000", "2006-05-31": "4107.00000", "2006-02-28": "4159.00000", "2005-11-30": "4107.00000", "2005-08-31": "4183.00000", "2005-05-31": "4220.00000", "2005-02-28": "4364.00000"}, "Other Long-Term Assets": {"2020-11-30": "3734.00000", "2020-08-31": "3354.00000", "2020-05-31": "3257.00000", "2020-02-29": "3372.00000", "2019-11-30": "3390.00000", "2019-08-31": "3185.00000", "2019-05-31": "4004.00000", "2019-02-28": "4280.00000", "2018-11-30": "3556.00000", "2018-08-31": "3612.00000", "2018-05-31": "3862.00000", "2018-02-28": "3115.00000", "2017-11-30": "2785.00000", "2017-08-31": "3011.00000", "2017-05-31": "2789.00000", "2017-02-28": "2230.00000", "2016-11-30": "2068.00000", "2016-08-31": "2587.00000", "2016-05-31": "2939.00000", "2016-02-29": "1266.00000", "2015-11-30": "1135.00000", "2015-08-31": "1267.00000", "2015-05-31": "1511.00000", "2015-02-28": "1396.00000", "2014-11-30": "1145.00000", "2014-08-31": "1138.00000", "2014-05-31": "1047.00000", "2014-02-28": "924.00000", "2013-11-30": "819.00000", "2013-08-31": "1031.00000", "2013-05-31": "1054.00000", "2013-02-28": "992.00000", "2012-11-30": "1047.00000", "2012-08-31": "1214.00000", "2012-05-31": "1212.00000", "2012-02-29": "1292.00000", "2011-11-30": "1176.00000", "2011-08-31": "1620.00000", "2011-05-31": "1231.00000", "2011-02-28": "1315.00000", "2010-11-30": "1205.00000", "2010-08-31": "1286.00000", "2010-05-31": "1033.00000", "2010-02-28": "1128.00000", "2009-11-30": "1213.00000", "2009-08-31": "1435.00000", "2009-05-31": "1171.00000", "2009-02-28": "", "2008-11-30": "", "2008-08-31": "", "2008-05-31": "", "2008-02-29": "", "2007-11-30": "", "2007-08-31": "", "2007-05-31": "", "2007-02-28": "", "2006-11-30": "", "2006-08-31": "", "2006-05-31": "", "2006-02-28": "", "2005-11-30": "", "2005-08-31": "", "2005-05-31": "", "2005-02-28": ""}, "Total Long-Term Assets": {"2020-11-30": "59891.00000", "2020-08-31": "58745.00000", "2020-05-31": "57154.00000", "2020-02-29": "57473.00000", "2019-11-30": "56756.00000", "2019-08-31": "55435.00000", "2019-05-31": "41317.00000", "2019-02-28": "40964.00000", "2018-11-30": "39851.00000", "2018-08-31": "39260.00000", "2018-05-31": "38989.00000", "2018-02-28": "38276.00000", "2017-11-30": "37400.00000", "2017-08-31": "36628.00000", "2017-05-31": "35924.00000", "2017-02-28": "34843.00000", "2016-11-30": "34296.00000", "2016-08-31": "34174.00000", "2016-05-31": "33970.00000", "2016-02-29": "27582.00000", "2015-11-30": "27219.00000", "2015-08-31": "26542.00000", "2015-05-31": "26196.00000", "2015-02-28": "25626.00000", "2014-11-30": "23772.00000", "2014-08-31": "23337.00000", "2014-05-31": "23387.00000", "2014-02-28": "22948.00000", "2013-11-30": "22676.00000", "2013-08-31": "22180.00000", "2013-05-31": "22293.00000", "2013-02-28": "22085.00000", "2012-11-30": "22153.00000", "2012-08-31": "21814.00000", "2012-05-31": "20847.00000", "2012-02-29": "20554.00000", "2011-11-30": "20284.00000", "2011-08-31": "19875.00000", "2011-05-31": "19100.00000", "2011-02-28": "18964.00000", "2010-11-30": "18695.00000", "2010-08-31": "18176.00000", "2010-05-31": "17618.00000", "2010-02-28": "18193.00000", "2009-11-30": "18160.00000", "2009-08-31": "17469.00000", "2009-05-31": "17128.00000", "2009-02-28": "19633.00000", "2008-11-30": "19550.00000", "2008-08-31": "18969.00000", "2008-05-31": "18389.00000", "2008-02-29": "18165.00000", "2007-11-30": "17996.00000", "2007-08-31": "17678.00000", "2007-05-31": "17371.00000", "2007-02-28": "18206.00000", "2006-11-30": "17870.00000", "2006-08-31": "16536.00000", "2006-05-31": "16226.00000", "2006-02-28": "16025.00000", "2005-11-30": "15919.00000", "2005-08-31": "15340.00000", "2005-05-31": "15135.00000", "2005-02-28": "15103.00000"}, "Total Assets": {"2020-11-30": "81156.00000", "2020-08-31": "77648.00000", "2020-05-31": "73537.00000", "2020-02-29": "70014.00000", "2019-11-30": "69954.00000", "2019-08-31": "68452.00000", "2019-05-31": "54403.00000", "2019-02-28": "54464.00000", "2018-11-30": "53289.00000", "2018-08-31": "51901.00000", "2018-05-31": "52330.00000", "2018-02-28": "51851.00000", "2017-11-30": "50281.00000", "2017-08-31": "49350.00000", "2017-05-31": "48552.00000", "2017-02-28": "46781.00000", "2016-11-30": "46348.00000", "2016-08-31": "45575.00000", "2016-05-31": "45959.00000", "2016-02-29": "37819.00000", "2015-11-30": "38371.00000", "2015-08-31": "37245.00000", "2015-05-31": "36531.00000", "2015-02-28": "36108.00000", "2014-11-30": "32984.00000", "2014-08-31": "32587.00000", "2014-05-31": "33070.00000", "2014-02-28": "32729.00000", "2013-11-30": "33542.00000", "2013-08-31": "33673.00000", "2013-05-31": "33567.00000", "2013-02-28": "31830.00000", "2012-11-30": "31312.00000", "2012-08-31": "30691.00000", "2012-05-31": "29903.00000", "2012-02-29": "28752.00000", "2011-11-30": "28452.00000", "2011-08-31": "27838.00000", "2011-05-31": "27385.00000", "2011-02-28": "26202.00000", "2010-11-30": "26093.00000", "2010-08-31": "25212.00000", "2010-05-31": "24902.00000", "2010-02-28": "24876.00000", "2009-11-30": "24594.00000", "2009-08-31": "23857.00000", "2009-05-31": "24244.00000", "2009-02-28": "27006.00000", "2008-11-30": "26384.00000", "2008-08-31": "26143.00000", "2008-05-31": "25633.00000", "2008-02-29": "24596.00000", "2007-11-30": "24347.00000", "2007-08-31": "23906.00000", "2007-05-31": "24000.00000", "2007-02-28": "24973.00000", "2006-11-30": "24713.00000", "2006-08-31": "23878.00000", "2006-05-31": "22690.00000", "2006-02-28": "21539.00000", "2005-11-30": "21211.00000", "2005-08-31": "20586.00000", "2005-05-31": "20404.00000", "2005-02-28": "20375.00000"}, "Total Current Liabilities": {"2020-11-30": "12115.00000", "2020-08-31": "11195.00000", "2020-05-31": "10344.00000", "2020-02-29": "10325.00000", "2019-11-30": "10547.00000", "2019-08-31": "9935.00000", "2019-05-31": "9013.00000", "2019-02-28": "9256.00000", "2018-11-30": "9496.00000", "2018-08-31": "9606.00000", "2018-05-31": "9627.00000", "2018-02-28": "9503.00000", "2017-11-30": "8227.00000", "2017-08-31": "7790.00000", "2017-05-31": "7918.00000", "2017-02-28": "7450.00000", "2016-11-30": "7807.00000", "2016-08-31": "7474.00000", "2016-05-31": "8008.00000", "2016-02-29": "5939.00000", "2015-11-30": "5951.00000", "2015-08-31": "5844.00000", "2015-05-31": "5956.00000", "2015-02-28": "5243.00000", "2014-11-30": "5173.00000", "2014-08-31": "5153.00000", "2014-05-31": "5312.00000", "2014-02-28": "5019.00000", "2013-11-30": "5406.00000", "2013-08-31": "5523.00000", "2013-05-31": "5750.00000", "2013-02-28": "5099.00000", "2012-11-30": "4828.00000", "2012-08-31": "4809.00000", "2012-05-31": "5374.00000", "2012-02-29": "5152.00000", "2011-11-30": "5380.00000", "2011-08-31": "4981.00000", "2011-05-31": "4882.00000", "2011-02-28": "4574.00000", "2010-11-30": "4863.00000", "2010-08-31": "4541.00000", "2010-05-31": "4645.00000", "2010-02-28": "4372.00000", "2009-11-30": "4119.00000", "2009-08-31": "3886.00000", "2009-05-31": "4524.00000", "2009-02-28": "4893.00000", "2008-11-30": "5523.00000", "2008-08-31": "5519.00000", "2008-05-31": "5368.00000", "2008-02-29": "4612.00000", "2007-11-30": "4910.00000", "2007-08-31": "4695.00000", "2007-05-31": "5428.00000", "2007-02-28": "5770.00000", "2006-11-30": "5974.00000", "2006-08-31": "5623.00000", "2006-05-31": "5473.00000", "2006-02-28": "4511.00000", "2005-11-30": "4791.00000", "2005-08-31": "4525.00000", "2005-05-31": "4734.00000", "2005-02-28": "5180.00000"}, "Long Term Debt": {"2020-11-30": "23221.00000", "2020-08-31": "23204.00000", "2020-05-31": "21952.00000", "2020-02-29": "18973.00000", "2019-11-30": "18691.00000", "2019-08-31": "18726.00000", "2019-05-31": "16617.00000", "2019-02-28": "17218.00000", "2018-11-30": "16399.00000", "2018-08-31": "15241.00000", "2018-05-31": "15243.00000", "2018-02-28": "16017.00000", "2017-11-30": "15180.00000", "2017-08-31": "15137.00000", "2017-05-31": "14909.00000", "2017-02-28": "14713.00000", "2016-11-30": "13553.00000", "2016-08-31": "13735.00000", "2016-05-31": "13733.00000", "2016-02-29": "8477.00000", "2015-11-30": "8481.00000", "2015-08-31": "7244.00000", "2015-05-31": "7249.00000", "2015-02-28": "7228.00000", "2014-11-30": "4735.00000", "2014-08-31": "4735.00000", "2014-05-31": "4736.00000", "2014-02-28": "4735.00000", "2013-11-30": "2739.00000", "2013-08-31": "2739.00000", "2013-05-31": "2739.00000", "2013-02-28": "1991.00000", "2012-11-30": "2241.00000", "2012-08-31": "2242.00000", "2012-05-31": "1250.00000", "2012-02-29": "1251.00000", "2011-11-30": "1251.00000", "2011-08-31": "1367.00000", "2011-05-31": "1667.00000", "2011-02-28": "1667.00000", "2010-11-30": "1667.00000", "2010-08-31": "1668.00000", "2010-05-31": "1668.00000", "2010-02-28": "1668.00000", "2009-11-30": "1918.00000", "2009-08-31": "1918.00000", "2009-05-31": "1930.00000", "2009-02-28": "1918.00000", "2008-11-30": "918.00000", "2008-08-31": "1007.00000", "2008-05-31": "1506.00000", "2008-02-29": "2006.00000", "2007-11-30": "2007.00000", "2007-08-31": "2007.00000", "2007-05-31": "2007.00000", "2007-02-28": "2005.00000", "2006-11-30": "2047.00000", "2006-08-31": "2090.00000", "2006-05-31": "1592.00000", "2006-02-28": "2209.00000", "2005-11-30": "2203.00000", "2005-08-31": "2408.00000", "2005-05-31": "2427.00000", "2005-02-28": "2441.00000"}, "Other Non-Current Liabilities": {"2020-11-30": "3213.00000", "2020-08-31": "2866.00000", "2020-05-31": "2570.00000", "2020-02-29": "2387.00000", "2019-11-30": "2397.00000", "2019-08-31": "2403.00000", "2019-05-31": "2569.00000", "2019-02-28": "2408.00000", "2018-11-30": "2370.00000", "2018-08-31": "2257.00000", "2018-05-31": "2318.00000", "2018-02-28": "2199.00000", "2017-11-30": "2108.00000", "2017-08-31": "2061.00000", "2017-05-31": "2012.00000", "2017-02-28": "1867.00000", "2016-11-30": "1772.00000", "2016-08-31": "1792.00000", "2016-05-31": "2085.00000", "2016-02-29": "1518.00000", "2015-11-30": "1481.00000", "2015-08-31": "1347.00000", "2015-05-31": "1338.00000", "2015-02-28": "1285.00000", "2014-11-30": "1248.00000", "2014-08-31": "1210.00000", "2014-05-31": "1183.00000", "2014-02-28": "1130.00000", "2013-11-30": "1118.00000", "2013-08-31": "1105.00000", "2013-05-31": "1107.00000", "2013-02-28": "1128.00000", "2012-11-30": "1131.00000", "2012-08-31": "1134.00000", "2012-05-31": "1099.00000", "2012-02-29": "1102.00000", "2011-11-30": "1153.00000", "2011-08-31": "1148.00000", "2011-05-31": "1131.00000", "2011-02-28": "1134.00000", "2010-11-30": "1125.00000", "2010-08-31": "1112.00000", "2010-05-31": "1111.00000", "2010-02-28": "1099.00000", "2009-11-30": "1066.00000", "2009-08-31": "1086.00000", "2009-05-31": "1068.00000", "2009-02-28": "1040.00000", "2008-11-30": "998.00000", "2008-08-31": "1004.00000", "2008-05-31": "994.00000", "2008-02-29": "967.00000", "2007-11-30": "957.00000", "2007-08-31": "954.00000", "2007-05-31": "850.00000", "2007-02-28": "836.00000", "2006-11-30": "838.00000", "2006-08-31": "797.00000", "2006-05-31": "772.00000", "2006-02-28": "742.00000", "2005-11-30": "715.00000", "2005-08-31": "712.00000", "2005-05-31": "689.00000", "2005-02-28": "696.00000"}, "Total Long Term Liabilities": {"2020-11-30": "48002.00000", "2020-08-31": "46991.00000", "2020-05-31": "44898.00000", "2020-02-29": "40858.00000", "2019-11-30": "40748.00000", "2019-08-31": "40351.00000", "2019-05-31": "27633.00000", "2019-02-28": "25314.00000", "2018-11-30": "24499.00000", "2018-08-31": "23122.00000", "2018-05-31": "23287.00000", "2018-02-28": "23454.00000", "2017-11-30": "24999.00000", "2017-08-31": "24942.00000", "2017-05-31": "24561.00000", "2017-02-28": "24147.00000", "2016-11-30": "24010.00000", "2016-08-31": "23959.00000", "2016-05-31": "24167.00000", "2016-02-29": "17553.00000", "2015-11-30": "17430.00000", "2015-08-31": "16118.00000", "2015-05-31": "15582.00000", "2015-02-28": "14853.00000", "2014-11-30": "12248.00000", "2014-08-31": "12313.00000", "2014-05-31": "12481.00000", "2014-02-28": "12483.00000", "2013-11-30": "10603.00000", "2013-08-31": "10495.00000", "2013-05-31": "10419.00000", "2013-02-28": "10619.00000", "2012-11-30": "10941.00000", "2012-08-31": "10858.00000", "2012-05-31": "9802.00000", "2012-02-29": "7031.00000", "2011-11-30": "7155.00000", "2011-08-31": "7143.00000", "2011-05-31": "7283.00000", "2011-02-28": "6748.00000", "2010-11-30": "6669.00000", "2010-08-31": "6466.00000", "2010-05-31": "6446.00000", "2010-02-28": "6124.00000", "2009-11-30": "6307.00000", "2009-08-31": "6185.00000", "2009-05-31": "6094.00000", "2009-02-28": "6562.00000", "2008-11-30": "5380.00000", "2008-08-31": "5484.00000", "2008-05-31": "5739.00000", "2008-02-29": "5792.00000", "2007-11-30": "5677.00000", "2007-08-31": "5990.00000", "2007-05-31": "5916.00000", "2007-02-28": "6193.00000", "2006-11-30": "6181.00000", "2006-08-31": "6234.00000", "2006-05-31": "5706.00000", "2006-02-28": "6104.00000", "2005-11-30": "6012.00000", "2005-08-31": "6132.00000", "2005-05-31": "6082.00000", "2005-02-28": "6073.00000"}, "Total Liabilities": {"2020-11-30": "60117.00000", "2020-08-31": "58186.00000", "2020-05-31": "55242.00000", "2020-02-29": "51183.00000", "2019-11-30": "51295.00000", "2019-08-31": "50286.00000", "2019-05-31": "36646.00000", "2019-02-28": "34570.00000", "2018-11-30": "33995.00000", "2018-08-31": "32728.00000", "2018-05-31": "32914.00000", "2018-02-28": "32957.00000", "2017-11-30": "33226.00000", "2017-08-31": "32732.00000", "2017-05-31": "32479.00000", "2017-02-28": "31597.00000", "2016-11-30": "31817.00000", "2016-08-31": "31433.00000", "2016-05-31": "32175.00000", "2016-02-29": "23492.00000", "2015-11-30": "23381.00000", "2015-08-31": "21962.00000", "2015-05-31": "21538.00000", "2015-02-28": "20096.00000", "2014-11-30": "17421.00000", "2014-08-31": "17466.00000", "2014-05-31": "17793.00000", "2014-02-28": "17502.00000", "2013-11-30": "16009.00000", "2013-08-31": "16018.00000", "2013-05-31": "16169.00000", "2013-02-28": "15718.00000", "2012-11-30": "15769.00000", "2012-08-31": "15667.00000", "2012-05-31": "15176.00000", "2012-02-29": "12183.00000", "2011-11-30": "12535.00000", "2011-08-31": "12124.00000", "2011-05-31": "12165.00000", "2011-02-28": "11322.00000", "2010-11-30": "11532.00000", "2010-08-31": "11007.00000", "2010-05-31": "11091.00000", "2010-02-28": "10496.00000", "2009-11-30": "10426.00000", "2009-08-31": "10071.00000", "2009-05-31": "10618.00000", "2009-02-28": "11455.00000", "2008-11-30": "10903.00000", "2008-08-31": "11003.00000", "2008-05-31": "11107.00000", "2008-02-29": "10404.00000", "2007-11-30": "10587.00000", "2007-08-31": "10685.00000", "2007-05-31": "11344.00000", "2007-02-28": "11963.00000", "2006-11-30": "12155.00000", "2006-08-31": "11857.00000", "2006-05-31": "11179.00000", "2006-02-28": "10615.00000", "2005-11-30": "10803.00000", "2005-08-31": "10657.00000", "2005-05-31": "10816.00000", "2005-02-28": "11253.00000"}, "Common Stock Net": {"2020-11-30": "32.00000", "2020-08-31": "32.00000", "2020-05-31": "32.00000", "2020-02-29": "32.00000", "2019-11-30": "32.00000", "2019-08-31": "32.00000", "2019-05-31": "32.00000", "2019-02-28": "32.00000", "2018-11-30": "32.00000", "2018-08-31": "32.00000", "2018-05-31": "32.00000", "2018-02-28": "32.00000", "2017-11-30": "32.00000", "2017-08-31": "32.00000", "2017-05-31": "32.00000", "2017-02-28": "32.00000", "2016-11-30": "32.00000", "2016-08-31": "32.00000", "2016-05-31": "32.00000", "2016-02-29": "32.00000", "2015-11-30": "32.00000", "2015-08-31": "32.00000", "2015-05-31": "32.00000", "2015-02-28": "32.00000", "2014-11-30": "32.00000", "2014-08-31": "32.00000", "2014-05-31": "32.00000", "2014-02-28": "32.00000", "2013-11-30": "32.00000", "2013-08-31": "32.00000", "2013-05-31": "32.00000", "2013-02-28": "32.00000", "2012-11-30": "32.00000", "2012-08-31": "32.00000", "2012-05-31": "32.00000", "2012-02-29": "32.00000", "2011-11-30": "32.00000", "2011-08-31": "32.00000", "2011-05-31": "32.00000", "2011-02-28": "31.00000", "2010-11-30": "31.00000", "2010-08-31": "31.00000", "2010-05-31": "31.00000", "2010-02-28": "31.00000", "2009-11-30": "31.00000", "2009-08-31": "31.00000", "2009-05-31": "31.00000", "2009-02-28": "31.00000", "2008-11-30": "31.00000", "2008-08-31": "31.00000", "2008-05-31": "31.00000", "2008-02-29": "31.00000", "2007-11-30": "31.00000", "2007-08-31": "31.00000", "2007-05-31": "31.00000", "2007-02-28": "31.00000", "2006-11-30": "31.00000", "2006-08-31": "31.00000", "2006-05-31": "31.00000", "2006-02-28": "31.00000", "2005-11-30": "30.00000", "2005-08-31": "30.00000", "2005-05-31": "30.00000", "2005-02-28": "30.00000"}, "Retained Earnings (Accumulated Deficit)": {"2020-11-30": "27208.00000", "2020-08-31": "26108.00000", "2020-05-31": "25216.00000", "2020-02-29": "25569.00000", "2019-11-30": "25431.00000", "2019-08-31": "25048.00000", "2019-05-31": "24648.00000", "2019-02-28": "26650.00000", "2018-11-30": "26080.00000", "2018-08-31": "25315.00000", "2018-05-31": "24823.00000", "2018-02-28": "23710.00000", "2017-11-30": "21785.00000", "2017-08-31": "21156.00000", "2017-05-31": "20833.00000", "2017-02-28": "19830.00000", "2016-11-30": "19410.00000", "2016-08-31": "18862.00000", "2016-05-31": "18371.00000", "2016-02-29": "18481.00000", "2015-11-30": "18048.00000", "2015-08-31": "17434.00000", "2015-05-31": "16900.00000", "2015-02-28": "21880.00000", "2014-11-30": "21480.00000", "2014-08-31": "20921.00000", "2014-05-31": "16229.00000", "2014-02-28": "19699.00000", "2013-11-30": "19366.00000", "2013-08-31": "18913.00000", "2013-05-31": "18519.00000", "2013-02-28": "18216.00000", "2012-11-30": "17899.00000", "2012-08-31": "17505.00000", "2012-05-31": "17134.00000", "2012-02-29": "16584.00000", "2011-11-30": "16103.00000", "2011-08-31": "15648.00000", "2011-05-31": "15266.00000", "2011-02-28": "14709.00000", "2010-11-30": "14515.00000", "2010-08-31": "14270.00000", "2010-05-31": "13966.00000", "2010-02-28": "13546.00000", "2009-11-30": "13342.00000", "2009-08-31": "13031.00000", "2009-05-31": "12919.00000", "2009-02-28": "13795.00000", "2008-11-30": "13733.00000", "2008-08-31": "13274.00000", "2008-05-31": "13002.00000", "2008-02-29": "13244.00000", "2007-11-30": "12882.00000", "2007-08-31": "12433.00000", "2007-05-31": "11970.00000", "2007-02-28": "11391.00000", "2006-11-30": "10999.00000", "2006-08-31": "10516.00000", "2006-05-31": "10068.00000", "2006-02-28": "9528.00000", "2005-11-30": "9125.00000", "2005-08-31": "8678.00000", "2005-05-31": "8363.00000", "2005-02-28": "7939.00000"}, "Comprehensive Income": {"2020-11-30": "-898.00000", "2020-08-31": "-1020.00000", "2020-05-31": "-1147.00000", "2020-02-29": "-887.00000", "2019-11-30": "-866.00000", "2019-08-31": "-918.00000", "2019-05-31": "-865.00000", "2019-02-28": "-737.00000", "2018-11-30": "-817.00000", "2018-08-31": "-763.00000", "2018-05-31": "-578.00000", "2018-02-28": "-357.00000", "2017-11-30": "-434.00000", "2017-08-31": "-325.00000", "2017-05-31": "-415.00000", "2017-02-28": "-334.00000", "2016-11-30": "-425.00000", "2016-08-31": "-176.00000", "2016-05-31": "-169.00000", "2016-02-29": "-159.00000", "2015-11-30": "-41.00000", "2015-08-31": "10.00000", "2015-05-31": "172.00000", "2015-02-28": "-3909.00000", "2014-11-30": "-3787.00000", "2014-08-31": "-3694.00000", "2014-05-31": "506.00000", "2014-02-28": "-3754.00000", "2013-11-30": "-3769.00000", "2013-08-31": "-3857.00000", "2013-05-31": "-3820.00000", "2013-02-28": "-4710.00000", "2012-11-30": "-4770.00000", "2012-08-31": "-4847.00000", "2012-05-31": "-4953.00000", "2012-02-29": "-2483.00000", "2011-11-30": "-2581.00000", "2011-08-31": "-2501.00000", "2011-05-31": "-2550.00000", "2011-02-28": "-2256.00000", "2010-11-30": "-2316.00000", "2010-08-31": "-2386.00000", "2010-05-31": "-2440.00000", "2010-02-28": "-1362.00000", "2009-11-30": "-1334.00000", "2009-08-31": "-1363.00000", "2009-05-31": "-1373.00000", "2009-02-28": "-272.00000", "2008-11-30": "-258.00000", "2008-08-31": "-115.00000", "2008-05-31": "-425.00000", "2008-02-29": "-928.00000", "2007-11-30": "-945.00000", "2007-08-31": "-1000.00000", "2007-05-31": "-1030.00000", "2007-02-28": "-30.00000", "2006-11-30": "-22.00000", "2006-08-31": "-24.00000", "2006-05-31": "-24.00000", "2006-02-28": "-5.00000", "2005-11-30": "-16.00000", "2005-08-31": "-12.00000", "2005-05-31": "-17.00000", "2005-02-28": "-6.00000"}, "Other Share Holders Equity": {"2020-11-30": "", "2020-08-31": "", "2020-05-31": "", "2020-02-29": "", "2019-11-30": "", "2019-08-31": "", "2019-05-31": "", "2019-02-28": "", "2018-11-30": "", "2018-08-31": "", "2018-05-31": "", "2018-02-28": "", "2017-11-30": "", "2017-08-31": "", "2017-05-31": "", "2017-02-28": "", "2016-11-30": "", "2016-08-31": "", "2016-05-31": "", "2016-02-29": "", "2015-11-30": "", "2015-08-31": "", "2015-05-31": "", "2015-02-28": "", "2014-11-30": "", "2014-08-31": "", "2014-05-31": "", "2014-02-28": "", "2013-11-30": "", "2013-08-31": "", "2013-05-31": "", "2013-02-28": "", "2012-11-30": "", "2012-08-31": "", "2012-05-31": "", "2012-02-29": "", "2011-11-30": "", "2011-08-31": "", "2011-05-31": "", "2011-02-28": "", "2010-11-30": "", "2010-08-31": "", "2010-05-31": "", "2010-02-28": "", "2009-11-30": "", "2009-08-31": "", "2009-05-31": "", "2009-02-28": "", "2008-11-30": "", "2008-08-31": "", "2008-05-31": "", "2008-02-29": "", "2007-11-30": "", "2007-08-31": "", "2007-05-31": "", "2007-02-28": "", "2006-11-30": "", "2006-08-31": "", "2006-05-31": "", "2006-02-28": "", "2005-11-30": "", "2005-08-31": "", "2005-05-31": "", "2005-02-28": ""}, "Share Holder Equity": {"2020-11-30": "21039.00000", "2020-08-31": "19462.00000", "2020-05-31": "18295.00000", "2020-02-29": "18831.00000", "2019-11-30": "18659.00000", "2019-08-31": "18166.00000", "2019-05-31": "17757.00000", "2019-02-28": "19894.00000", "2018-11-30": "19294.00000", "2018-08-31": "19173.00000", "2018-05-31": "19416.00000", "2018-02-28": "18894.00000", "2017-11-30": "17055.00000", "2017-08-31": "16618.00000", "2017-05-31": "16073.00000", "2017-02-28": "15184.00000", "2016-11-30": "14531.00000", "2016-08-31": "14142.00000", "2016-05-31": "13784.00000", "2016-02-29": "14327.00000", "2015-11-30": "14990.00000", "2015-08-31": "15283.00000", "2015-05-31": "14993.00000", "2015-02-28": "16012.00000", "2014-11-30": "15563.00000", "2014-08-31": "15121.00000", "2014-05-31": "15277.00000", "2014-02-28": "15227.00000", "2013-11-30": "17533.00000", "2013-08-31": "17655.00000", "2013-05-31": "17398.00000", "2013-02-28": "16112.00000", "2012-11-30": "15543.00000", "2012-08-31": "15024.00000", "2012-05-31": "14727.00000", "2012-02-29": "16569.00000", "2011-11-30": "15917.00000", "2011-08-31": "15714.00000", "2011-05-31": "15220.00000", "2011-02-28": "14880.00000", "2010-11-30": "14561.00000", "2010-08-31": "14205.00000", "2010-05-31": "13811.00000", "2010-02-28": "14380.00000", "2009-11-30": "14168.00000", "2009-08-31": "13786.00000", "2009-05-31": "13626.00000", "2009-02-28": "15551.00000", "2008-11-30": "15481.00000", "2008-08-31": "15140.00000", "2008-05-31": "14526.00000", "2008-02-29": "14192.00000", "2007-11-30": "13760.00000", "2007-08-31": "13221.00000", "2007-05-31": "12656.00000", "2007-02-28": "13010.00000", "2006-11-30": "12558.00000", "2006-08-31": "12021.00000", "2006-05-31": "11511.00000", "2006-02-28": "10924.00000", "2005-11-30": "10408.00000", "2005-08-31": "9929.00000", "2005-05-31": "9588.00000", "2005-02-28": "9122.00000"}, "Total Liabilities And Share Holders Equity": {"2020-11-30": "81156.00000", "2020-08-31": "77648.00000", "2020-05-31": "73537.00000", "2020-02-29": "70014.00000", "2019-11-30": "69954.00000", "2019-08-31": "68452.00000", "2019-05-31": "54403.00000", "2019-02-28": "54464.00000", "2018-11-30": "53289.00000", "2018-08-31": "51901.00000", "2018-05-31": "52330.00000", "2018-02-28": "51851.00000", "2017-11-30": "50281.00000", "2017-08-31": "49350.00000", "2017-05-31": "48552.00000", "2017-02-28": "46781.00000", "2016-11-30": "46348.00000", "2016-08-31": "45575.00000", "2016-05-31": "45959.00000", "2016-02-29": "37819.00000", "2015-11-30": "38371.00000", "2015-08-31": "37245.00000", "2015-05-31": "36531.00000", "2015-02-28": "36108.00000", "2014-11-30": "32984.00000", "2014-08-31": "32587.00000", "2014-05-31": "33070.00000", "2014-02-28": "32729.00000", "2013-11-30": "33542.00000", "2013-08-31": "33673.00000", "2013-05-31": "33567.00000", "2013-02-28": "31830.00000", "2012-11-30": "31312.00000", "2012-08-31": "30691.00000", "2012-05-31": "29903.00000", "2012-02-29": "28752.00000", "2011-11-30": "28452.00000", "2011-08-31": "27838.00000", "2011-05-31": "27385.00000", "2011-02-28": "26202.00000", "2010-11-30": "26093.00000", "2010-08-31": "25212.00000", "2010-05-31": "24902.00000", "2010-02-28": "24876.00000", "2009-11-30": "24594.00000", "2009-08-31": "23857.00000", "2009-05-31": "24244.00000", "2009-02-28": "27006.00000", "2008-11-30": "26384.00000", "2008-08-31": "26143.00000", "2008-05-31": "25633.00000", "2008-02-29": "24596.00000", "2007-11-30": "24347.00000", "2007-08-31": "23906.00000", "2007-05-31": "24000.00000", "2007-02-28": "24973.00000", "2006-11-30": "24713.00000", "2006-08-31": "23878.00000", "2006-05-31": "22690.00000", "2006-02-28": "21539.00000", "2005-11-30": "21211.00000", "2005-08-31": "20586.00000", "2005-05-31": "20404.00000", "2005-02-28": "20375.00000"}}, "cash flow statement": {"Net Income/Loss": {"2020-05-31": "1286.00000", "2019-05-31": "540.00000", "2018-05-31": "4572.00000", "2017-05-31": "2997.00000", "2016-05-31": "1820.00000", "2015-05-31": "1050.00000", "2014-05-31": "2324.00000", "2013-05-31": "2716.00000", "2012-05-31": "2032.00000", "2011-05-31": "1452.00000", "2010-05-31": "1184.00000", "2009-05-31": "98.00000", "2008-05-31": "1125.00000", "2007-05-31": "2016.00000", "2006-05-31": "1806.00000", "2005-05-31": "1449.00000"}, "Total Depreciation And Amortization - Cash Flow": {"2020-05-31": "4050.00000", "2019-05-31": "3353.00000", "2018-05-31": "3475.00000", "2017-05-31": "2995.00000", "2016-05-31": "2631.00000", "2015-05-31": "2611.00000", "2014-05-31": "2587.00000", "2013-05-31": "2386.00000", "2012-05-31": "2113.00000", "2011-05-31": "1973.00000", "2010-05-31": "1958.00000", "2009-05-31": "1975.00000", "2008-05-31": "1946.00000", "2007-05-31": "1742.00000", "2006-05-31": "1548.00000", "2005-05-31": "1462.00000"}, "Other Non-Cash Items": {"2020-05-31": "3853.00000", "2019-05-31": "4211.00000", "2018-05-31": "87.00000", "2017-05-31": "1140.00000", "2016-05-31": "1794.00000", "2015-05-31": "2142.00000", "2014-05-31": "601.00000", "2013-05-31": "121.00000", "2012-05-31": "1525.00000", "2011-05-31": "948.00000", "2010-05-31": "574.00000", "2009-05-31": "1682.00000", "2008-05-31": "1241.00000", "2007-05-31": "246.00000", "2006-05-31": "458.00000", "2005-05-31": "209.00000"}, "Total Non-Cash Items": {"2020-05-31": "7903.00000", "2019-05-31": "7564.00000", "2018-05-31": "3562.00000", "2017-05-31": "4135.00000", "2016-05-31": "4425.00000", "2015-05-31": "4753.00000", "2014-05-31": "3188.00000", "2013-05-31": "2507.00000", "2012-05-31": "3638.00000", "2011-05-31": "2921.00000", "2010-05-31": "2532.00000", "2009-05-31": "3657.00000", "2008-05-31": "3187.00000", "2007-05-31": "1988.00000", "2006-05-31": "2006.00000", "2005-05-31": "1671.00000"}, "Change In Accounts Receivable": {"2020-05-31": "-1331.00000", "2019-05-31": "-873.00000", "2018-05-31": "-1049.00000", "2017-05-31": "-556.00000", "2016-05-31": "-199.00000", "2015-05-31": "-392.00000", "2014-05-31": "-516.00000", "2013-05-31": "-451.00000", "2012-05-31": "-254.00000", "2011-05-31": "-400.00000", "2010-05-31": "-906.00000", "2009-05-31": "762.00000", "2008-05-31": "-447.00000", "2007-05-31": "-323.00000", "2006-05-31": "-319.00000", "2005-05-31": "-235.00000"}, "Change In Inventories": {"2020-05-31": "", "2019-05-31": "", "2018-05-31": "", "2017-05-31": "", "2016-05-31": "", "2015-05-31": "", "2014-05-31": "", "2013-05-31": "", "2012-05-31": "", "2011-05-31": "", "2010-05-31": "", "2009-05-31": "", "2008-05-31": "", "2007-05-31": "", "2006-05-31": "", "2005-05-31": ""}, "Change In Accounts Payable": {"2020-05-31": "", "2019-05-31": "", "2018-05-31": "", "2017-05-31": "", "2016-05-31": "", "2015-05-31": "", "2014-05-31": "", "2013-05-31": "", "2012-05-31": "", "2011-05-31": "", "2010-05-31": "", "2009-05-31": "", "2008-05-31": "", "2007-05-31": "", "2006-05-31": "", "2005-05-31": ""}, "Change In Assets/Liabilities": {"2020-05-31": "-974.00000", "2019-05-31": "-1047.00000", "2018-05-31": "-2552.00000", "2017-05-31": "-1749.00000", "2016-05-31": "-805.00000", "2015-05-31": "-704.00000", "2014-05-31": "-497.00000", "2013-05-31": "-94.00000", "2012-05-31": "-725.00000", "2011-05-31": "-302.00000", "2010-05-31": "-382.00000", "2009-05-31": "-1136.00000", "2008-05-31": "-590.00000", "2007-05-31": "-190.00000", "2006-05-31": "-163.00000", "2005-05-31": "-133.00000"}, "Total Change In Assets/Liabilities": {"2020-05-31": "-4092.00000", "2019-05-31": "-2491.00000", "2018-05-31": "-3460.00000", "2017-05-31": "-2202.00000", "2016-05-31": "-537.00000", "2015-05-31": "-437.00000", "2014-05-31": "-1248.00000", "2013-05-31": "-535.00000", "2012-05-31": "-835.00000", "2011-05-31": "-332.00000", "2010-05-31": "-578.00000", "2009-05-31": "-1002.00000", "2008-05-31": "-847.00000", "2007-05-31": "-447.00000", "2006-05-31": "-136.00000", "2005-05-31": "-3.00000"}, "Cash Flow From Operating Activities": {"2020-05-31": "5097.00000", "2019-05-31": "5613.00000", "2018-05-31": "4674.00000", "2017-05-31": "4930.00000", "2016-05-31": "5708.00000", "2015-05-31": "5366.00000", "2014-05-31": "4264.00000", "2013-05-31": "4688.00000", "2012-05-31": "4835.00000", "2011-05-31": "4041.00000", "2010-05-31": "3138.00000", "2009-05-31": "2753.00000", "2008-05-31": "3465.00000", "2007-05-31": "3557.00000", "2006-05-31": "3676.00000", "2005-05-31": "3117.00000"}, "Net Change In Property, Plant, And Equipment": {"2020-05-31": "-5846.00000", "2019-05-31": "-5407.00000", "2018-05-31": "-5621.00000", "2017-05-31": "-4981.00000", "2016-05-31": "-4828.00000", "2015-05-31": "-4323.00000", "2014-05-31": "-3515.00000", "2013-05-31": "-3320.00000", "2012-05-31": "-3933.00000", "2011-05-31": "-3323.00000", "2010-05-31": "-2781.00000", "2009-05-31": "-2383.00000", "2008-05-31": "-2947.00000", "2007-05-31": "-2814.00000", "2006-05-31": "-2454.00000", "2005-05-31": "-2224.00000"}, "Net Change In Intangible Assets": {"2020-05-31": "", "2019-05-31": "", "2018-05-31": "", "2017-05-31": "", "2016-05-31": "", "2015-05-31": "", "2014-05-31": "", "2013-05-31": "", "2012-05-31": "", "2011-05-31": "", "2010-05-31": "", "2009-05-31": "", "2008-05-31": "", "2007-05-31": "", "2006-05-31": "", "2005-05-31": ""}, "Net Acquisitions/Divestitures": {"2020-05-31": "", "2019-05-31": "-66.00000", "2018-05-31": "-56.00000", "2017-05-31": "", "2016-05-31": "-4618.00000", "2015-05-31": "-1429.00000", "2014-05-31": "-36.00000", "2013-05-31": "-483.00000", "2012-05-31": "-116.00000", "2011-05-31": "-96.00000", "2010-05-31": "", "2009-05-31": "", "2008-05-31": "50.00000", "2007-05-31": "-1310.00000", "2006-05-31": "", "2005-05-31": "-122.00000"}, "Net Change In Short-term Investments": {"2020-05-31": "", "2019-05-31": "", "2018-05-31": "", "2017-05-31": "", "2016-05-31": "", "2015-05-31": "", "2014-05-31": "", "2013-05-31": "", "2012-05-31": "", "2011-05-31": "", "2010-05-31": "", "2009-05-31": "", "2008-05-31": "", "2007-05-31": "", "2006-05-31": "", "2005-05-31": ""}, "Net Change In Long-Term Investments": {"2020-05-31": "", "2019-05-31": "", "2018-05-31": "", "2017-05-31": "", "2016-05-31": "", "2015-05-31": "", "2014-05-31": "", "2013-05-31": "", "2012-05-31": "", "2011-05-31": "", "2010-05-31": "", "2009-05-31": "", "2008-05-31": "", "2007-05-31": "", "2006-05-31": "", "2005-05-31": ""}, "Net Change In Investments - Total": {"2020-05-31": "", "2019-05-31": "", "2018-05-31": "", "2017-05-31": "", "2016-05-31": "", "2015-05-31": "", "2014-05-31": "", "2013-05-31": "", "2012-05-31": "", "2011-05-31": "", "2010-05-31": "", "2009-05-31": "", "2008-05-31": "", "2007-05-31": "", "2006-05-31": "", "2005-05-31": ""}, "Investing Activities - Other": {"2020-05-31": "", "2019-05-31": "", "2018-05-31": "", "2017-05-31": "", "2016-05-31": "", "2015-05-31": "", "2014-05-31": "", "2013-05-31": "", "2012-05-31": "", "2011-05-31": "", "2010-05-31": "", "2009-05-31": "", "2008-05-31": "", "2007-05-31": "", "2006-05-31": "", "2005-05-31": "-2.00000"}, "Cash Flow From Investing Activities": {"2020-05-31": "-5846.00000", "2019-05-31": "-5473.00000", "2018-05-31": "-5677.00000", "2017-05-31": "-4981.00000", "2016-05-31": "-9446.00000", "2015-05-31": "-5752.00000", "2014-05-31": "-3551.00000", "2013-05-31": "-3803.00000", "2012-05-31": "-4049.00000", "2011-05-31": "-3419.00000", "2010-05-31": "-2781.00000", "2009-05-31": "-2383.00000", "2008-05-31": "-2897.00000", "2007-05-31": "-4124.00000", "2006-05-31": "-2454.00000", "2005-05-31": "-2348.00000"}, "Net Long-Term Debt": {"2020-05-31": "4008.00000", "2019-05-31": "1027.00000", "2018-05-31": "1442.00000", "2017-05-31": "1108.00000", "2016-05-31": "6478.00000", "2015-05-31": "2486.00000", "2014-05-31": "1743.00000", "2013-05-31": "1322.00000", "2012-05-31": "-29.00000", "2011-05-31": "-262.00000", "2010-05-31": "-653.00000", "2009-05-31": "499.00000", "2008-05-31": "-639.00000", "2007-05-31": "148.00000", "2006-05-31": "-369.00000", "2005-05-31": "-791.00000"}, "Net Current Debt": {"2020-05-31": "", "2019-05-31": "", "2018-05-31": "", "2017-05-31": "", "2016-05-31": "", "2015-05-31": "", "2014-05-31": "", "2013-05-31": "", "2012-05-31": "", "2011-05-31": "", "2010-05-31": "", "2009-05-31": "", "2008-05-31": "", "2007-05-31": "", "2006-05-31": "", "2005-05-31": ""}, "Debt Issuance/Retirement Net - Total": {"2020-05-31": "4008.00000", "2019-05-31": "1027.00000", "2018-05-31": "1442.00000", "2017-05-31": "1108.00000", "2016-05-31": "6478.00000", "2015-05-31": "2486.00000", "2014-05-31": "1743.00000", "2013-05-31": "1322.00000", "2012-05-31": "-29.00000", "2011-05-31": "-262.00000", "2010-05-31": "-653.00000", "2009-05-31": "499.00000", "2008-05-31": "-639.00000", "2007-05-31": "148.00000", "2006-05-31": "-369.00000", "2005-05-31": "-791.00000"}, "Net Common Equity Issued/Repurchased": {"2020-05-31": "61.00000", "2019-05-31": "-1379.00000", "2018-05-31": "-690.00000", "2017-05-31": "-172.00000", "2016-05-31": "-2539.00000", "2015-05-31": "-934.00000", "2014-05-31": "-4300.00000", "2013-05-31": "34.00000", "2012-05-31": "-69.00000", "2011-05-31": "108.00000", "2010-05-31": "94.00000", "2009-05-31": "41.00000", "2008-05-31": "108.00000", "2007-05-31": "115.00000", "2006-05-31": "144.00000", "2005-05-31": "99.00000"}, "Net Total Equity Issued/Repurchased": {"2020-05-31": "61.00000", "2019-05-31": "-1379.00000", "2018-05-31": "-690.00000", "2017-05-31": "-172.00000", "2016-05-31": "-2539.00000", "2015-05-31": "-934.00000", "2014-05-31": "-4300.00000", "2013-05-31": "34.00000", "2012-05-31": "-69.00000", "2011-05-31": "108.00000", "2010-05-31": "94.00000", "2009-05-31": "41.00000", "2008-05-31": "108.00000", "2007-05-31": "115.00000", "2006-05-31": "144.00000", "2005-05-31": "99.00000"}, "Total Common And Preferred Stock Dividends Paid": {"2020-05-31": "-679.00000", "2019-05-31": "-683.00000", "2018-05-31": "-535.00000", "2017-05-31": "-426.00000", "2016-05-31": "-277.00000", "2015-05-31": "-227.00000", "2014-05-31": "-187.00000", "2013-05-31": "-177.00000", "2012-05-31": "-164.00000", "2011-05-31": "-151.00000", "2010-05-31": "-138.00000", "2009-05-31": "-137.00000", "2008-05-31": "-124.00000", "2007-05-31": "-110.00000", "2006-05-31": "-97.00000", "2005-05-31": "-84.00000"}, "Financial Activities - Other": {"2020-05-31": "-9.00000", "2019-05-31": "-4.00000", "2018-05-31": "10.00000", "2017-05-31": "18.00000", "2016-05-31": "-51.00000", "2015-05-31": "24.00000", "2014-05-31": "25.00000", "2013-05-31": "5.00000", "2012-05-31": "18.00000", "2011-05-31": "18.00000", "2010-05-31": "5.00000", "2009-05-31": "-3.00000", "2008-05-31": "38.00000", "2007-05-31": "40.00000", "2006-05-31": "-2.00000", "2005-05-31": ""}, "Cash Flow From Financial Activities": {"2020-05-31": "3381.00000", "2019-05-31": "-1039.00000", "2018-05-31": "227.00000", "2017-05-31": "528.00000", "2016-05-31": "3611.00000", "2015-05-31": "1349.00000", "2014-05-31": "-2719.00000", "2013-05-31": "1184.00000", "2012-05-31": "-244.00000", "2011-05-31": "-287.00000", "2010-05-31": "-692.00000", "2009-05-31": "400.00000", "2008-05-31": "-617.00000", "2007-05-31": "193.00000", "2006-05-31": "-324.00000", "2005-05-31": "-776.00000"}, "Net Cash Flow": {"2020-05-31": "2562.00000", "2019-05-31": "-946.00000", "2018-05-31": "-704.00000", "2017-05-31": "435.00000", "2016-05-31": "-229.00000", "2015-05-31": "855.00000", "2014-05-31": "-2009.00000", "2013-05-31": "2074.00000", "2012-05-31": "515.00000", "2011-05-31": "376.00000", "2010-05-31": "-340.00000", "2009-05-31": "753.00000", "2008-05-31": "-30.00000", "2007-05-31": "-368.00000", "2006-05-31": "898.00000", "2005-05-31": "-7.00000"}, "Stock-Based Compensation": {"2020-05-31": "168.00000", "2019-05-31": "174.00000", "2018-05-31": "167.00000", "2017-05-31": "154.00000", "2016-05-31": "144.00000", "2015-05-31": "133.00000", "2014-05-31": "117.00000", "2013-05-31": "109.00000", "2012-05-31": "105.00000", "2011-05-31": "98.00000", "2010-05-31": "101.00000", "2009-05-31": "99.00000", "2008-05-31": "101.00000", "2007-05-31": "103.00000", "2006-05-31": "37.00000", "2005-05-31": "32.00000"}, "Common Stock Dividends Paid": {"2020-05-31": "-679.00000", "2019-05-31": "-683.00000", "2018-05-31": "-535.00000", "2017-05-31": "-426.00000", "2016-05-31": "-277.00000", "2015-05-31": "-227.00000", "2014-05-31": "-187.00000", "2013-05-31": "-177.00000", "2012-05-31": "-164.00000", "2011-05-31": "-151.00000", "2010-05-31": "-138.00000", "2009-05-31": "-137.00000", "2008-05-31": "-124.00000", "2007-05-31": "-110.00000", "2006-05-31": "-97.00000", "2005-05-31": "-84.00000"}}, "cash flow statement, quarterly": {"Net Income/Loss": {"2020-11-30": 1226, "2020-08-31": "1245.00000", "2020-05-31": -334, "2020-02-29": 315, "2019-11-30": 560, "2019-08-31": "745.00000", "2019-05-31": -1969, "2019-02-28": 739, "2018-11-30": 935, "2018-08-31": "835.00000", "2018-05-31": 1127, "2018-02-28": 2074, "2017-11-30": 775, "2017-08-31": "596.00000", "2017-05-31": 1020, "2017-02-28": 562, "2016-11-30": 700, "2016-08-31": "715.00000", "2016-05-31": -70, "2016-02-29": 507, "2015-11-30": 691, "2015-08-31": "692.00000", "2015-05-31": -894, "2015-02-28": 628, "2014-11-30": 663, "2014-08-31": "653.00000", "2014-05-31": 957, "2014-02-28": 378, "2013-11-30": 500, "2013-08-31": "489.00000", "2013-05-31": 1458, "2013-02-28": 361, "2012-11-30": 438, "2012-08-31": "459.00000", "2012-05-31": 550, "2012-02-29": 521, "2011-11-30": 497, "2011-08-31": "464.00000", "2011-05-31": 558, "2011-02-28": 231, "2010-11-30": 283, "2010-08-31": "380.00000", "2010-05-31": 419, "2010-02-28": 239, "2009-11-30": 345, "2009-08-31": "181.00000", "2009-05-31": -876, "2009-02-28": 97, "2008-11-30": 493, "2008-08-31": "384.00000", "2008-05-31": -241, "2008-02-29": 393, "2007-11-30": 479, "2007-08-31": "494.00000", "2007-05-31": 610, "2007-02-28": 420, "2006-11-30": 511, "2006-08-31": "475.00000", "2006-05-31": 568, "2006-02-28": 428, "2005-11-30": 471, "2005-08-31": "339.00000", "2005-05-31": 448, "2005-02-28": 1001}, "Total Depreciation And Amortization - Cash Flow": {"2020-11-30": 936, "2020-08-31": "926.00000", "2020-05-31": 1362, "2020-02-29": 908, "2019-11-30": 901, "2019-08-31": "879.00000", "2019-05-31": 866, "2019-02-28": 851, "2018-11-30": 828, "2018-08-31": "808.00000", "2018-05-31": 1182, "2018-02-28": 786, "2017-11-30": 756, "2017-08-31": "751.00000", "2017-05-31": 754, "2017-02-28": 762, "2016-11-30": 740, "2016-08-31": "739.00000", "2016-05-31": 667, "2016-02-29": 663, "2015-11-30": 653, "2015-08-31": "648.00000", "2015-05-31": 657, "2015-02-28": 652, "2014-11-30": 651, "2014-08-31": "651.00000", "2014-05-31": 649, "2014-02-28": 652, "2013-11-30": 647, "2013-08-31": "639.00000", "2013-05-31": 622, "2013-02-28": 599, "2012-11-30": 592, "2012-08-31": "573.00000", "2012-05-31": 543, "2012-02-29": 543, "2011-11-30": 518, "2011-08-31": "509.00000", "2011-05-31": 499, "2011-02-28": 493, "2010-11-30": 502, "2010-08-31": "479.00000", "2010-05-31": 488, "2010-02-28": 488, "2009-11-30": 487, "2009-08-31": "495.00000", "2009-05-31": 496, "2009-02-28": 496, "2008-11-30": 491, "2008-08-31": "492.00000", "2008-05-31": 499, "2008-02-29": 492, "2007-11-30": 482, "2007-08-31": "473.00000", "2007-05-31": 464, "2007-02-28": 449, "2006-11-30": 430, "2006-08-31": "399.00000", "2006-05-31": 403, "2006-02-28": 391, "2005-11-30": 386, "2005-08-31": "368.00000", "2005-05-31": 371, "2005-02-28": 1091}, "Other Non-Cash Items": {"2020-11-30": 1197, "2020-08-31": "749.00000", "2020-05-31": 1597, "2020-02-29": 714, "2019-11-30": 676, "2019-08-31": "866.00000", "2019-05-31": 3599, "2019-02-28": 108, "2018-11-30": 331, "2018-08-31": "173.00000", "2018-05-31": 689, "2018-02-28": -1148, "2017-11-30": 327, "2017-08-31": "219.00000", "2017-05-31": 463, "2017-02-28": 223, "2016-11-30": 185, "2016-08-31": "269.00000", "2016-05-31": 1301, "2016-02-29": 398, "2015-11-30": -6, "2015-08-31": "101.00000", "2015-05-31": 1704, "2015-02-28": 318, "2014-11-30": 59, "2014-08-31": "61.00000", "2014-05-31": 20, "2014-02-28": 244, "2013-11-30": 166, "2013-08-31": "171.00000", "2013-05-31": -589, "2013-02-28": 286, "2012-11-30": 215, "2012-08-31": "209.00000", "2012-05-31": 625, "2012-02-29": 478, "2011-11-30": 211, "2011-08-31": "211.00000", "2011-05-31": 286, "2011-02-28": 400, "2010-11-30": 164, "2010-08-31": "98.00000", "2010-05-31": 211, "2010-02-28": 187, "2009-11-30": 54, "2009-08-31": "122.00000", "2009-05-31": 1405, "2009-02-28": 64, "2008-11-30": 110, "2008-08-31": "103.00000", "2008-05-31": 915, "2008-02-29": 180, "2007-11-30": 52, "2007-08-31": "94.00000", "2007-05-31": 110, "2007-02-28": 46, "2006-11-30": 42, "2006-08-31": "48.00000", "2006-05-31": 215, "2006-02-28": 43, "2005-11-30": 123, "2005-08-31": "77.00000", "2005-05-31": 180, "2005-02-28": 29}, "Total Non-Cash Items": {"2020-11-30": 2133, "2020-08-31": "1675.00000", "2020-05-31": 2959, "2020-02-29": 1622, "2019-11-30": 1577, "2019-08-31": "1745.00000", "2019-05-31": 4465, "2019-02-28": 959, "2018-11-30": 1159, "2018-08-31": "981.00000", "2018-05-31": 1871, "2018-02-28": -362, "2017-11-30": 1083, "2017-08-31": "970.00000", "2017-05-31": 1217, "2017-02-28": 985, "2016-11-30": 925, "2016-08-31": "1008.00000", "2016-05-31": 1968, "2016-02-29": 1061, "2015-11-30": 647, "2015-08-31": "749.00000", "2015-05-31": 2361, "2015-02-28": 970, "2014-11-30": 710, "2014-08-31": "712.00000", "2014-05-31": 669, "2014-02-28": 896, "2013-11-30": 813, "2013-08-31": "810.00000", "2013-05-31": 33, "2013-02-28": 885, "2012-11-30": 807, "2012-08-31": "782.00000", "2012-05-31": 1168, "2012-02-29": 1021, "2011-11-30": 729, "2011-08-31": "720.00000", "2011-05-31": 785, "2011-02-28": 893, "2010-11-30": 666, "2010-08-31": "577.00000", "2010-05-31": 699, "2010-02-28": 675, "2009-11-30": 541, "2009-08-31": "617.00000", "2009-05-31": 1901, "2009-02-28": 560, "2008-11-30": 601, "2008-08-31": "595.00000", "2008-05-31": 1414, "2008-02-29": 672, "2007-11-30": 534, "2007-08-31": "567.00000", "2007-05-31": 574, "2007-02-28": 495, "2006-11-30": 472, "2006-08-31": "447.00000", "2006-05-31": 618, "2006-02-28": 434, "2005-11-30": 509, "2005-08-31": "445.00000", "2005-05-31": 551, "2005-02-28": 1120}, "Change In Accounts Receivable": {"2020-11-30": -713, "2020-08-31": "-387.00000", "2020-05-31": -827, "2020-02-29": 180, "2019-11-30": -417, "2019-08-31": "-267.00000", "2019-05-31": -93, "2019-02-28": 563, "2018-11-30": -963, "2018-08-31": "-380.00000", "2018-05-31": -63, "2018-02-28": -3, "2017-11-30": -712, "2017-08-31": "-271.00000", "2017-05-31": -216, "2017-02-28": 173, "2016-11-30": -533, "2016-08-31": "20.00000", "2016-05-31": -121, "2016-02-29": 185, "2015-11-30": -313, "2015-08-31": "50.00000", "2015-05-31": -192, "2015-02-28": 117, "2014-11-30": -231, "2014-08-31": "-86.00000", "2014-05-31": -274, "2014-02-28": 143, "2013-11-30": -395, "2013-08-31": "10.00000", "2013-05-31": -171, "2013-02-28": 223, "2012-11-30": -506, "2012-08-31": "3.00000", "2012-05-31": -167, "2012-02-29": 204, "2011-11-30": -250, "2011-08-31": "-41.00000", "2011-05-31": -116, "2011-02-28": -205, "2010-11-30": -117, "2010-08-31": "38.00000", "2010-05-31": -261, "2010-02-28": -237, "2009-11-30": -356, "2009-08-31": "-52.00000", "2009-05-31": 212, "2009-02-28": 551, "2008-11-30": 97, "2008-08-31": "-98.00000", "2008-05-31": -114, "2008-02-29": 46, "2007-11-30": -344, "2007-08-31": "-35.00000", "2007-05-31": -30, "2007-02-28": 59, "2006-11-30": -214, "2006-08-31": "-138.00000", "2006-05-31": -128, "2006-02-28": 123, "2005-11-30": -311, "2005-08-31": "-3.00000", "2005-05-31": -75, "2005-02-28": -160}, "Change In Inventories": {"2020-11-30": 0, "2020-08-31": "", "2020-05-31": 0, "2020-02-29": 0, "2019-11-30": 0, "2019-08-31": "", "2019-05-31": 0, "2019-02-28": 0, "2018-11-30": 0, "2018-08-31": "", "2018-05-31": 0, "2018-02-28": 0, "2017-11-30": 0, "2017-08-31": "", "2017-05-31": 0, "2017-02-28": 0, "2016-11-30": 0, "2016-08-31": "", "2016-05-31": 0, "2016-02-29": 0, "2015-11-30": 0, "2015-08-31": "", "2015-05-31": 0, "2015-02-28": 0, "2014-11-30": 0, "2014-08-31": "", "2014-05-31": 0, "2014-02-28": 0, "2013-11-30": 0, "2013-08-31": "", "2013-05-31": 0, "2013-02-28": 0, "2012-11-30": 0, "2012-08-31": "", "2012-05-31": 0, "2012-02-29": 0, "2011-11-30": 0, "2011-08-31": "", "2011-05-31": 0, "2011-02-28": 0, "2010-11-30": 0, "2010-08-31": "", "2010-05-31": 0, "2010-02-28": 0, "2009-11-30": 0, "2009-08-31": "", "2009-05-31": 0, "2009-02-28": 0, "2008-11-30": 0, "2008-08-31": "", "2008-05-31": 0, "2008-02-29": 0, "2007-11-30": 0, "2007-08-31": "", "2007-05-31": 0, "2007-02-28": 0, "2006-11-30": 0, "2006-08-31": "", "2006-05-31": 0, "2006-02-28": 0, "2005-11-30": 0, "2005-08-31": "", "2005-05-31": 41, "2005-02-28": -41}, "Change In Accounts Payable": {"2020-11-30": 0, "2020-08-31": "", "2020-05-31": 0, "2020-02-29": 0, "2019-11-30": 0, "2019-08-31": "", "2019-05-31": 0, "2019-02-28": 0, "2018-11-30": 0, "2018-08-31": "", "2018-05-31": 0, "2018-02-28": 0, "2017-11-30": 0, "2017-08-31": "", "2017-05-31": 0, "2017-02-28": 0, "2016-11-30": 0, "2016-08-31": "", "2016-05-31": 0, "2016-02-29": 0, "2015-11-30": 0, "2015-08-31": "", "2015-05-31": 0, "2015-02-28": 0, "2014-11-30": 0, "2014-08-31": "", "2014-05-31": 0, "2014-02-28": 0, "2013-11-30": 0, "2013-08-31": "", "2013-05-31": 0, "2013-02-28": 0, "2012-11-30": 0, "2012-08-31": "", "2012-05-31": 0, "2012-02-29": 0, "2011-11-30": 0, "2011-08-31": "", "2011-05-31": 0, "2011-02-28": 0, "2010-11-30": 0, "2010-08-31": "", "2010-05-31": 0, "2010-02-28": 0, "2009-11-30": 0, "2009-08-31": "", "2009-05-31": 0, "2009-02-28": 0, "2008-11-30": 0, "2008-08-31": "", "2008-05-31": 0, "2008-02-29": 0, "2007-11-30": 0, "2007-08-31": "", "2007-05-31": 0, "2007-02-28": 0, "2006-11-30": 0, "2006-08-31": "", "2006-05-31": 0, "2006-02-28": 0, "2005-11-30": 0, "2005-08-31": "", "2005-05-31": 0, "2005-02-28": 0}, "Change In Assets/Liabilities": {"2020-11-30": -110, "2020-08-31": "-80.00000", "2020-05-31": -804, "2020-02-29": 8, "2019-11-30": -57, "2019-08-31": "-121.00000", "2019-05-31": -849, "2019-02-28": -37, "2018-11-30": -10, "2018-08-31": "-151.00000", "2018-05-31": -2345, "2018-02-28": 172, "2017-11-30": -214, "2017-08-31": "-165.00000", "2017-05-31": -1481, "2017-02-28": -1, "2016-11-30": -248, "2016-08-31": "-19.00000", "2016-05-31": -478, "2016-02-29": -199, "2015-11-30": -29, "2015-08-31": "-99.00000", "2015-05-31": -640, "2015-02-28": 5, "2014-11-30": -29, "2014-08-31": "-40.00000", "2014-05-31": -324, "2014-02-28": -31, "2013-11-30": -105, "2013-08-31": "-37.00000", "2013-05-31": -188, "2013-02-28": 14, "2012-11-30": -53, "2012-08-31": "133.00000", "2012-05-31": -537, "2012-02-29": -118, "2011-11-30": -50, "2011-08-31": "-20.00000", "2011-05-31": -73, "2011-02-28": -160, "2010-11-30": -30, "2010-08-31": "-39.00000", "2010-05-31": -49, "2010-02-28": -110, "2009-11-30": -510, "2009-08-31": "287.00000", "2009-05-31": -871, "2009-02-28": 34, "2008-11-30": -422, "2008-08-31": "123.00000", "2008-05-31": -434, "2008-02-29": -39, "2007-11-30": -58, "2007-08-31": "-59.00000", "2007-05-31": 70, "2007-02-28": 112, "2006-11-30": -338, "2006-08-31": "-34.00000", "2006-05-31": 81, "2006-02-28": 62, "2005-11-30": -390, "2005-08-31": "84.00000", "2005-05-31": 77, "2005-02-28": -210}, "Total Change In Assets/Liabilities": {"2020-11-30": -780, "2020-08-31": "-269.00000", "2020-05-31": -806, "2020-02-29": -733, "2019-11-30": -628, "2019-08-31": "-1925.00000", "2019-05-31": -206, "2019-02-28": -554, "2018-11-30": -616, "2018-08-31": "-1115.00000", "2018-05-31": 514, "2018-02-28": -2048, "2017-11-30": -950, "2017-08-31": "-976.00000", "2017-05-31": 48, "2017-02-28": -1537, "2016-11-30": 39, "2016-08-31": "-752.00000", "2016-05-31": 14, "2016-02-29": -226, "2015-11-30": -125, "2015-08-31": "-200.00000", "2015-05-31": 426, "2015-02-28": -276, "2014-11-30": -204, "2014-08-31": "-383.00000", "2014-05-31": 60, "2014-02-28": -305, "2013-11-30": -633, "2013-08-31": "-370.00000", "2013-05-31": 221, "2013-02-28": 12, "2012-11-30": -430, "2012-08-31": "-338.00000", "2012-05-31": 100, "2012-02-29": -693, "2011-11-30": 82, "2011-08-31": "-324.00000", "2011-05-31": 241, "2011-02-28": -678, "2010-11-30": 266, "2010-08-31": "-161.00000", "2010-05-31": 112, "2010-02-28": -363, "2009-11-30": -427, "2009-08-31": "100.00000", "2009-05-31": -493, "2009-02-28": 109, "2008-11-30": -337, "2008-08-31": "-281.00000", "2008-05-31": 115, "2008-02-29": -152, "2007-11-30": -550, "2007-08-31": "-260.00000", "2007-05-31": 269, "2007-02-28": -159, "2006-11-30": -300, "2006-08-31": "-257.00000", "2006-05-31": 271, "2006-02-28": 222, "2005-11-30": -628, "2005-08-31": "-1.00000", "2005-05-31": 158, "2005-02-28": -161}, "Cash Flow From Operating Activities": {"2020-11-30": 2579, "2020-08-31": "2651.00000", "2020-05-31": 1819, "2020-02-29": 1204, "2019-11-30": 1509, "2019-08-31": "565.00000", "2019-05-31": 2290, "2019-02-28": 1144, "2018-11-30": 1478, "2018-08-31": "701.00000", "2018-05-31": 3512, "2018-02-28": -336, "2017-11-30": 908, "2017-08-31": "590.00000", "2017-05-31": 2285, "2017-02-28": 10, "2016-11-30": 1664, "2016-08-31": "971.00000", "2016-05-31": 1912, "2016-02-29": 1342, "2015-11-30": 1213, "2015-08-31": "1241.00000", "2015-05-31": 1893, "2015-02-28": 1322, "2014-11-30": 1169, "2014-08-31": "982.00000", "2014-05-31": 1686, "2014-02-28": 969, "2013-11-30": 680, "2013-08-31": "929.00000", "2013-05-31": 1712, "2013-02-28": 1258, "2012-11-30": 815, "2012-08-31": "903.00000", "2012-05-31": 1818, "2012-02-29": 849, "2011-11-30": 1308, "2011-08-31": "860.00000", "2011-05-31": 1584, "2011-02-28": 446, "2010-11-30": 1215, "2010-08-31": "796.00000", "2010-05-31": 1230, "2010-02-28": 551, "2009-11-30": 459, "2009-08-31": "898.00000", "2009-05-31": 532, "2009-02-28": 766, "2008-11-30": 757, "2008-08-31": "698.00000", "2008-05-31": 1288, "2008-02-29": 913, "2007-11-30": 463, "2007-08-31": "801.00000", "2007-05-31": 1453, "2007-02-28": 756, "2006-11-30": 683, "2006-08-31": "665.00000", "2006-05-31": 1457, "2006-02-28": 1084, "2005-11-30": 352, "2005-08-31": "783.00000", "2005-05-31": 1157, "2005-02-28": 1960}, "Net Change In Property, Plant, And Equipment": {"2020-11-30": -1394, "2020-08-31": "-1418.00000", "2020-05-31": -1156, "2020-02-29": -1428, "2019-11-30": -1843, "2019-08-31": "-1419.00000", "2019-05-31": -1712, "2019-02-28": -1114, "2018-11-30": -1480, "2018-08-31": "-1101.00000", "2018-05-31": -1648, "2018-02-28": -1364, "2017-11-30": -1571, "2017-08-31": "-1038.00000", "2017-05-31": -1314, "2017-02-28": -1086, "2016-11-30": -1375, "2016-08-31": "-1206.00000", "2016-05-31": -1249, "2016-02-29": -1029, "2015-11-30": -1351, "2015-08-31": "-1199.00000", "2015-05-31": -1370, "2015-02-28": -1070, "2014-11-30": -1167, "2014-08-31": "-716.00000", "2014-05-31": -984, "2014-02-28": -860, "2013-11-30": -1109, "2013-08-31": "-562.00000", "2013-05-31": -935, "2013-02-28": -517, "2012-11-30": -908, "2012-08-31": "-960.00000", "2012-05-31": -1007, "2012-02-29": -724, "2011-11-30": -1097, "2011-08-31": "-1105.00000", "2011-05-31": -635, "2011-02-28": -636, "2010-11-30": -1043, "2010-08-31": "-1009.00000", "2010-05-31": -831, "2010-02-28": -434, "2009-11-30": -662, "2009-08-31": "-854.00000", "2009-05-31": -431, "2009-02-28": -595, "2008-11-30": -736, "2008-08-31": "-621.00000", "2008-05-31": -820, "2008-02-29": -625, "2007-11-30": -731, "2007-08-31": "-771.00000", "2007-05-31": -737, "2007-02-28": -650, "2006-11-30": -733, "2006-08-31": "-694.00000", "2006-05-31": -642, "2006-02-28": -523, "2005-11-30": -619, "2005-08-31": "-670.00000", "2005-05-31": -573, "2005-02-28": -1651}, "Net Change In Intangible Assets": {"2020-11-30": 0, "2020-08-31": "", "2020-05-31": 0, "2020-02-29": 0, "2019-11-30": 0, "2019-08-31": "", "2019-05-31": 0, "2019-02-28": 0, "2018-11-30": 0, "2018-08-31": "", "2018-05-31": 0, "2018-02-28": 0, "2017-11-30": 0, "2017-08-31": "", "2017-05-31": 0, "2017-02-28": 0, "2016-11-30": 0, "2016-08-31": "", "2016-05-31": 0, "2016-02-29": 0, "2015-11-30": 0, "2015-08-31": "", "2015-05-31": 0, "2015-02-28": 0, "2014-11-30": 0, "2014-08-31": "", "2014-05-31": 0, "2014-02-28": 0, "2013-11-30": 0, "2013-08-31": "", "2013-05-31": 0, "2013-02-28": 0, "2012-11-30": 0, "2012-08-31": "", "2012-05-31": 0, "2012-02-29": 0, "2011-11-30": 0, "2011-08-31": "", "2011-05-31": 0, "2011-02-28": 0, "2010-11-30": 0, "2010-08-31": "", "2010-05-31": 0, "2010-02-28": 0, "2009-11-30": 0, "2009-08-31": "", "2009-05-31": 0, "2009-02-28": 0, "2008-11-30": 0, "2008-08-31": "", "2008-05-31": 0, "2008-02-29": 0, "2007-11-30": 0, "2007-08-31": "", "2007-05-31": 0, "2007-02-28": 0, "2006-11-30": 0, "2006-08-31": "", "2006-05-31": 0, "2006-02-28": 0, "2005-11-30": 0, "2005-08-31": "", "2005-05-31": 0, "2005-02-28": 0}, "Net Acquisitions/Divestitures": {"2020-11-30": 0, "2020-08-31": "", "2020-05-31": 0, "2020-02-29": 0, "2019-11-30": 0, "2019-08-31": "", "2019-05-31": -66, "2019-02-28": 0, "2018-11-30": 0, "2018-08-31": "", "2018-05-31": -12, "2018-02-28": 0, "2017-11-30": -44, "2017-08-31": "", "2017-05-31": 0, "2017-02-28": 0, "2016-11-30": 0, "2016-08-31": "", "2016-05-31": -4618, "2016-02-29": 0, "2015-11-30": 0, "2015-08-31": "", "2015-05-31": 0, "2015-02-28": -1429, "2014-11-30": 0, "2014-08-31": "", "2014-05-31": -36, "2014-02-28": 0, "2013-11-30": 0, "2013-08-31": "", "2013-05-31": 0, "2013-02-28": 0, "2012-11-30": 0, "2012-08-31": "-483.00000", "2012-05-31": -2, "2012-02-29": 0, "2011-11-30": -3, "2011-08-31": "-111.00000", "2011-05-31": 0, "2011-02-28": -96, "2010-11-30": 0, "2010-08-31": "", "2010-05-31": 0, "2010-02-28": 0, "2009-11-30": 0, "2009-08-31": "", "2009-05-31": 0, "2009-02-28": 0, "2008-11-30": 0, "2008-08-31": "", "2008-05-31": 50, "2008-02-29": 0, "2007-11-30": 0, "2007-08-31": "", "2007-05-31": -319, "2007-02-28": -207, "2006-11-30": -784, "2006-08-31": "", "2006-05-31": 0, "2006-02-28": 0, "2005-11-30": 0, "2005-08-31": "", "2005-05-31": 0, "2005-02-28": -122}, "Net Change In Short-term Investments": {"2020-11-30": 0, "2020-08-31": "", "2020-05-31": 0, "2020-02-29": 0, "2019-11-30": 0, "2019-08-31": "", "2019-05-31": 0, "2019-02-28": 0, "2018-11-30": 0, "2018-08-31": "", "2018-05-31": 0, "2018-02-28": 0, "2017-11-30": 0, "2017-08-31": "", "2017-05-31": 0, "2017-02-28": 0, "2016-11-30": 0, "2016-08-31": "", "2016-05-31": 0, "2016-02-29": 0, "2015-11-30": 0, "2015-08-31": "", "2015-05-31": 0, "2015-02-28": 0, "2014-11-30": 0, "2014-08-31": "", "2014-05-31": 0, "2014-02-28": 0, "2013-11-30": 0, "2013-08-31": "", "2013-05-31": 0, "2013-02-28": 0, "2012-11-30": 0, "2012-08-31": "", "2012-05-31": 0, "2012-02-29": 0, "2011-11-30": 0, "2011-08-31": "", "2011-05-31": 0, "2011-02-28": 0, "2010-11-30": 0, "2010-08-31": "", "2010-05-31": 0, "2010-02-28": 0, "2009-11-30": 0, "2009-08-31": "", "2009-05-31": 0, "2009-02-28": 0, "2008-11-30": 0, "2008-08-31": "", "2008-05-31": 0, "2008-02-29": 0, "2007-11-30": 0, "2007-08-31": "", "2007-05-31": 0, "2007-02-28": 0, "2006-11-30": 0, "2006-08-31": "", "2006-05-31": 0, "2006-02-28": 0, "2005-11-30": 0, "2005-08-31": "", "2005-05-31": 0, "2005-02-28": 0}, "Net Change In Long-Term Investments": {"2020-11-30": 0, "2020-08-31": "", "2020-05-31": 0, "2020-02-29": 0, "2019-11-30": 0, "2019-08-31": "", "2019-05-31": 0, "2019-02-28": 0, "2018-11-30": 0, "2018-08-31": "", "2018-05-31": 0, "2018-02-28": 0, "2017-11-30": 0, "2017-08-31": "", "2017-05-31": 0, "2017-02-28": 0, "2016-11-30": 0, "2016-08-31": "", "2016-05-31": 0, "2016-02-29": 0, "2015-11-30": 0, "2015-08-31": "", "2015-05-31": 0, "2015-02-28": 0, "2014-11-30": 0, "2014-08-31": "", "2014-05-31": 0, "2014-02-28": 0, "2013-11-30": 0, "2013-08-31": "", "2013-05-31": 0, "2013-02-28": 0, "2012-11-30": 0, "2012-08-31": "", "2012-05-31": 0, "2012-02-29": 0, "2011-11-30": 0, "2011-08-31": "", "2011-05-31": 0, "2011-02-28": 0, "2010-11-30": 0, "2010-08-31": "", "2010-05-31": 0, "2010-02-28": 0, "2009-11-30": 0, "2009-08-31": "", "2009-05-31": 0, "2009-02-28": 0, "2008-11-30": 0, "2008-08-31": "", "2008-05-31": 0, "2008-02-29": 0, "2007-11-30": 0, "2007-08-31": "", "2007-05-31": 0, "2007-02-28": 0, "2006-11-30": 0, "2006-08-31": "", "2006-05-31": 0, "2006-02-28": 0, "2005-11-30": 0, "2005-08-31": "", "2005-05-31": 0, "2005-02-28": 0}, "Net Change In Investments - Total": {"2020-11-30": 0, "2020-08-31": "", "2020-05-31": 0, "2020-02-29": 0, "2019-11-30": 0, "2019-08-31": "", "2019-05-31": 0, "2019-02-28": 0, "2018-11-30": 0, "2018-08-31": "", "2018-05-31": 0, "2018-02-28": 0, "2017-11-30": 0, "2017-08-31": "", "2017-05-31": 0, "2017-02-28": 0, "2016-11-30": 0, "2016-08-31": "", "2016-05-31": 0, "2016-02-29": 0, "2015-11-30": 0, "2015-08-31": "", "2015-05-31": 0, "2015-02-28": 0, "2014-11-30": 0, "2014-08-31": "", "2014-05-31": 0, "2014-02-28": 0, "2013-11-30": 0, "2013-08-31": "", "2013-05-31": 0, "2013-02-28": 0, "2012-11-30": 0, "2012-08-31": "", "2012-05-31": 0, "2012-02-29": 0, "2011-11-30": 0, "2011-08-31": "", "2011-05-31": 0, "2011-02-28": 0, "2010-11-30": 0, "2010-08-31": "", "2010-05-31": 0, "2010-02-28": 0, "2009-11-30": 0, "2009-08-31": "", "2009-05-31": 0, "2009-02-28": 0, "2008-11-30": 0, "2008-08-31": "", "2008-05-31": 0, "2008-02-29": 0, "2007-11-30": 0, "2007-08-31": "", "2007-05-31": 0, "2007-02-28": 0, "2006-11-30": 0, "2006-08-31": "", "2006-05-31": 0, "2006-02-28": 0, "2005-11-30": 0, "2005-08-31": "", "2005-05-31": 0, "2005-02-28": 0}, "Investing Activities - Other": {"2020-11-30": 0, "2020-08-31": "", "2020-05-31": 0, "2020-02-29": 0, "2019-11-30": 0, "2019-08-31": "", "2019-05-31": 0, "2019-02-28": 0, "2018-11-30": 0, "2018-08-31": "", "2018-05-31": 0, "2018-02-28": 0, "2017-11-30": 0, "2017-08-31": "", "2017-05-31": 0, "2017-02-28": 0, "2016-11-30": 0, "2016-08-31": "", "2016-05-31": 0, "2016-02-29": 0, "2015-11-30": 0, "2015-08-31": "", "2015-05-31": 0, "2015-02-28": 0, "2014-11-30": 0, "2014-08-31": "", "2014-05-31": 0, "2014-02-28": 0, "2013-11-30": 0, "2013-08-31": "", "2013-05-31": 0, "2013-02-28": 0, "2012-11-30": 0, "2012-08-31": "", "2012-05-31": 0, "2012-02-29": 0, "2011-11-30": 0, "2011-08-31": "", "2011-05-31": 0, "2011-02-28": 0, "2010-11-30": 0, "2010-08-31": "", "2010-05-31": 0, "2010-02-28": 0, "2009-11-30": 0, "2009-08-31": "", "2009-05-31": 0, "2009-02-28": 0, "2008-11-30": 0, "2008-08-31": "", "2008-05-31": 0, "2008-02-29": 0, "2007-11-30": 0, "2007-08-31": "", "2007-05-31": 0, "2007-02-28": 0, "2006-11-30": 0, "2006-08-31": "", "2006-05-31": 0, "2006-02-28": 0, "2005-11-30": 0, "2005-08-31": "", "2005-05-31": -2, "2005-02-28": 0}, "Cash Flow From Investing Activities": {"2020-11-30": -1394, "2020-08-31": "-1418.00000", "2020-05-31": -1156, "2020-02-29": -1428, "2019-11-30": -1843, "2019-08-31": "-1419.00000", "2019-05-31": -1778, "2019-02-28": -1114, "2018-11-30": -1480, "2018-08-31": "-1101.00000", "2018-05-31": -1660, "2018-02-28": -1364, "2017-11-30": -1615, "2017-08-31": "-1038.00000", "2017-05-31": -1314, "2017-02-28": -1086, "2016-11-30": -1375, "2016-08-31": "-1206.00000", "2016-05-31": -5867, "2016-02-29": -1029, "2015-11-30": -1351, "2015-08-31": "-1199.00000", "2015-05-31": -1370, "2015-02-28": -2499, "2014-11-30": -1167, "2014-08-31": "-716.00000", "2014-05-31": -1020, "2014-02-28": -860, "2013-11-30": -1109, "2013-08-31": "-562.00000", "2013-05-31": -935, "2013-02-28": -517, "2012-11-30": -908, "2012-08-31": "-1443.00000", "2012-05-31": -1009, "2012-02-29": -724, "2011-11-30": -1100, "2011-08-31": "-1216.00000", "2011-05-31": -635, "2011-02-28": -732, "2010-11-30": -1043, "2010-08-31": "-1009.00000", "2010-05-31": -831, "2010-02-28": -434, "2009-11-30": -662, "2009-08-31": "-854.00000", "2009-05-31": -431, "2009-02-28": -595, "2008-11-30": -736, "2008-08-31": "-621.00000", "2008-05-31": -770, "2008-02-29": -625, "2007-11-30": -731, "2007-08-31": "-771.00000", "2007-05-31": -1056, "2007-02-28": -857, "2006-11-30": -1517, "2006-08-31": "-694.00000", "2006-05-31": -642, "2006-02-28": -523, "2005-11-30": -619, "2005-08-31": "-670.00000", "2005-05-31": -575, "2005-02-28": -1773}, "Net Long-Term Debt": {"2020-11-30": -19, "2020-08-31": "914.00000", "2020-05-31": 2960, "2020-02-29": -24, "2019-11-30": -36, "2019-08-31": "1108.00000", "2019-05-31": -562, "2019-02-28": 1141, "2018-11-30": 450, "2018-08-31": "-2.00000", "2018-05-31": -8, "2018-02-28": 1478, "2017-11-30": -16, "2017-08-31": "-12.00000", "2017-05-31": -33, "2017-02-28": 1184, "2016-11-30": -31, "2016-08-31": "-12.00000", "2016-05-31": 5268, "2016-02-29": -11, "2015-11-30": 1236, "2015-08-31": "-15.00000", "2015-05-31": -4, "2015-02-28": 2491, "2014-11-30": -1, "2014-08-31": "", "2014-05-31": 0, "2014-02-28": 1746, "2013-11-30": -3, "2013-08-31": "", "2013-05-31": 748, "2013-02-28": 0, "2012-11-30": -116, "2012-08-31": "690.00000", "2012-05-31": -1, "2012-02-29": -10, "2011-11-30": -1, "2011-08-31": "-17.00000", "2011-05-31": 0, "2011-02-28": -250, "2010-11-30": 0, "2010-08-31": "-12.00000", "2010-05-31": -21, "2010-02-28": -7, "2009-11-30": -117, "2009-08-31": "-508.00000", "2009-05-31": -500, "2009-02-28": 1000, "2008-11-30": -5, "2008-08-31": "4.00000", "2008-05-31": -16, "2008-02-29": -108, "2007-11-30": -8, "2007-08-31": "-507.00000", "2007-05-31": -623, "2007-02-28": -2, "2006-11-30": -5, "2006-08-31": "778.00000", "2006-05-31": -14, "2006-02-28": -253, "2005-11-30": -7, "2005-08-31": "-95.00000", "2005-05-31": -618, "2005-02-28": -173}, "Net Current Debt": {"2020-11-30": 0, "2020-08-31": "", "2020-05-31": -298, "2020-02-29": 148, "2019-11-30": 150, "2019-08-31": "", "2019-05-31": -220, "2019-02-28": -28, "2018-11-30": -51, "2018-08-31": "299.00000", "2018-05-31": -797, "2018-02-28": 547, "2017-11-30": 250, "2017-08-31": "", "2017-05-31": 0, "2017-02-28": 0, "2016-11-30": 0, "2016-08-31": "", "2016-05-31": 0, "2016-02-29": 0, "2015-11-30": 0, "2015-08-31": "", "2015-05-31": 0, "2015-02-28": 0, "2014-11-30": 0, "2014-08-31": "", "2014-05-31": 0, "2014-02-28": 0, "2013-11-30": 0, "2013-08-31": "", "2013-05-31": 0, "2013-02-28": 0, "2012-11-30": 0, "2012-08-31": "", "2012-05-31": 0, "2012-02-29": 0, "2011-11-30": 0, "2011-08-31": "", "2011-05-31": 0, "2011-02-28": 0, "2010-11-30": 0, "2010-08-31": "", "2010-05-31": 0, "2010-02-28": 0, "2009-11-30": 0, "2009-08-31": "", "2009-05-31": 0, "2009-02-28": 0, "2008-11-30": 0, "2008-08-31": "", "2008-05-31": 0, "2008-02-29": 0, "2007-11-30": 0, "2007-08-31": "", "2007-05-31": 0, "2007-02-28": 0, "2006-11-30": 0, "2006-08-31": "", "2006-05-31": 0, "2006-02-28": 0, "2005-11-30": 0, "2005-08-31": "", "2005-05-31": 0, "2005-02-28": 0}, "Debt Issuance/Retirement Net - Total": {"2020-11-30": -19, "2020-08-31": "914.00000", "2020-05-31": 2662, "2020-02-29": 124, "2019-11-30": 114, "2019-08-31": "1108.00000", "2019-05-31": -782, "2019-02-28": 1113, "2018-11-30": 399, "2018-08-31": "297.00000", "2018-05-31": -805, "2018-02-28": 2025, "2017-11-30": 234, "2017-08-31": "-12.00000", "2017-05-31": -33, "2017-02-28": 1184, "2016-11-30": -31, "2016-08-31": "-12.00000", "2016-05-31": 5268, "2016-02-29": -11, "2015-11-30": 1236, "2015-08-31": "-15.00000", "2015-05-31": -4, "2015-02-28": 2491, "2014-11-30": -1, "2014-08-31": "", "2014-05-31": 0, "2014-02-28": 1746, "2013-11-30": -3, "2013-08-31": "", "2013-05-31": 748, "2013-02-28": 0, "2012-11-30": -116, "2012-08-31": "690.00000", "2012-05-31": -1, "2012-02-29": -10, "2011-11-30": -1, "2011-08-31": "-17.00000", "2011-05-31": 0, "2011-02-28": -250, "2010-11-30": 0, "2010-08-31": "-12.00000", "2010-05-31": -21, "2010-02-28": -7, "2009-11-30": -117, "2009-08-31": "-508.00000", "2009-05-31": -500, "2009-02-28": 1000, "2008-11-30": -5, "2008-08-31": "4.00000", "2008-05-31": -16, "2008-02-29": -108, "2007-11-30": -8, "2007-08-31": "-507.00000", "2007-05-31": -623, "2007-02-28": -2, "2006-11-30": -5, "2006-08-31": "778.00000", "2006-05-31": -14, "2006-02-28": -253, "2005-11-30": -7, "2005-08-31": "-95.00000", "2005-05-31": -618, "2005-02-28": -173}, "Net Common Equity Issued/Repurchased": {"2020-11-30": 349, "2020-08-31": "82.00000", "2020-05-31": 26, "2020-02-29": 12, "2019-11-30": 14, "2019-08-31": "9.00000", "2019-05-31": -72, "2019-02-28": -81, "2018-11-30": -626, "2018-08-31": "-600.00000", "2018-05-31": -416, "2018-02-28": -209, "2017-11-30": -129, "2017-08-31": "64.00000", "2017-05-31": -79, "2017-02-28": 77, "2016-11-30": 12, "2016-08-31": "-182.00000", "2016-05-31": -485, "2016-02-29": -1015, "2015-11-30": -895, "2015-08-31": "-144.00000", "2015-05-31": -190, "2015-02-28": 14, "2014-11-30": -64, "2014-08-31": "-694.00000", "2014-05-31": -778, "2014-02-28": -2683, "2013-11-30": -692, "2013-08-31": "-147.00000", "2013-05-31": 59, "2013-02-28": 168, "2012-11-30": 23, "2012-08-31": "-216.00000", "2012-05-31": 45, "2012-02-29": 51, "2011-11-30": -193, "2011-08-31": "28.00000", "2011-05-31": 44, "2011-02-28": 39, "2010-11-30": 17, "2010-08-31": "8.00000", "2010-05-31": 58, "2010-02-28": 12, "2009-11-30": 17, "2009-08-31": "7.00000", "2009-05-31": 31, "2009-02-28": 2, "2008-11-30": 8, "2008-08-31": "", "2008-05-31": 37, "2008-02-29": 21, "2007-11-30": 10, "2007-08-31": "40.00000", "2007-05-31": 22, "2007-02-28": 38, "2006-11-30": 25, "2006-08-31": "30.00000", "2006-05-31": 39, "2006-02-28": 52, "2005-11-30": 35, "2005-08-31": "18.00000", "2005-05-31": 11, "2005-02-28": 88}, "Net Total Equity Issued/Repurchased": {"2020-11-30": 349, "2020-08-31": "82.00000", "2020-05-31": 26, "2020-02-29": 12, "2019-11-30": 14, "2019-08-31": "9.00000", "2019-05-31": -72, "2019-02-28": -81, "2018-11-30": -626, "2018-08-31": "-600.00000", "2018-05-31": -416, "2018-02-28": -209, "2017-11-30": -129, "2017-08-31": "64.00000", "2017-05-31": -79, "2017-02-28": 77, "2016-11-30": 12, "2016-08-31": "-182.00000", "2016-05-31": -485, "2016-02-29": -1015, "2015-11-30": -895, "2015-08-31": "-144.00000", "2015-05-31": -190, "2015-02-28": 14, "2014-11-30": -64, "2014-08-31": "-694.00000", "2014-05-31": -778, "2014-02-28": -2683, "2013-11-30": -692, "2013-08-31": "-147.00000", "2013-05-31": 59, "2013-02-28": 168, "2012-11-30": 23, "2012-08-31": "-216.00000", "2012-05-31": 45, "2012-02-29": 51, "2011-11-30": -193, "2011-08-31": "28.00000", "2011-05-31": 44, "2011-02-28": 39, "2010-11-30": 17, "2010-08-31": "8.00000", "2010-05-31": 58, "2010-02-28": 12, "2009-11-30": 17, "2009-08-31": "7.00000", "2009-05-31": 31, "2009-02-28": 2, "2008-11-30": 8, "2008-08-31": "", "2008-05-31": 37, "2008-02-29": 21, "2007-11-30": 10, "2007-08-31": "40.00000", "2007-05-31": 22, "2007-02-28": 38, "2006-11-30": 25, "2006-08-31": "30.00000", "2006-05-31": 39, "2006-02-28": 52, "2005-11-30": 35, "2005-08-31": "18.00000", "2005-05-31": 11, "2005-02-28": 88}, "Total Common And Preferred Stock Dividends Paid": {"2020-11-30": -171, "2020-08-31": "-170.00000", "2020-05-31": -170, "2020-02-29": -170, "2019-11-30": -169, "2019-08-31": "-170.00000", "2019-05-31": -169, "2019-02-28": -341, "2018-11-30": 0, "2018-08-31": "-173.00000", "2018-05-31": -133, "2018-02-28": -134, "2017-11-30": -134, "2017-08-31": "-134.00000", "2017-05-31": -107, "2017-02-28": -106, "2016-11-30": -107, "2016-08-31": "-106.00000", "2016-05-31": -67, "2016-02-29": -69, "2015-11-30": -70, "2015-08-31": "-71.00000", "2015-05-31": -56, "2015-02-28": -57, "2014-11-30": -57, "2014-08-31": "-57.00000", "2014-05-31": -45, "2014-02-28": -47, "2013-11-30": -47, "2013-08-31": "-48.00000", "2013-05-31": -45, "2013-02-28": -44, "2012-11-30": -44, "2012-08-31": "-44.00000", "2012-05-31": -41, "2012-02-29": -41, "2011-11-30": -41, "2011-08-31": "-41.00000", "2011-05-31": -38, "2011-02-28": -37, "2010-11-30": -38, "2010-08-31": "-38.00000", "2010-05-31": -35, "2010-02-28": -34, "2009-11-30": -35, "2009-08-31": "-34.00000", "2009-05-31": -34, "2009-02-28": -35, "2008-11-30": -34, "2008-08-31": "-34.00000", "2008-05-31": -31, "2008-02-29": -31, "2007-11-30": -31, "2007-08-31": "-31.00000", "2007-05-31": -27, "2007-02-28": -28, "2006-11-30": -27, "2006-08-31": "-28.00000", "2006-05-31": -24, "2006-02-28": -25, "2005-11-30": -24, "2005-08-31": "-24.00000", "2005-05-31": -21, "2005-02-28": -63}, "Financial Activities - Other": {"2020-11-30": -11, "2020-08-31": "-1.00000", "2020-05-31": -4, "2020-02-29": 0, "2019-11-30": 0, "2019-08-31": "-5.00000", "2019-05-31": -9, "2019-02-28": 4, "2018-11-30": -3, "2018-08-31": "4.00000", "2018-05-31": 4, "2018-02-28": 3, "2017-11-30": 9, "2017-08-31": "-6.00000", "2017-05-31": 16, "2017-02-28": 7, "2016-11-30": 8, "2016-08-31": "-13.00000", "2016-05-31": -44, "2016-02-29": 1, "2015-11-30": -14, "2015-08-31": "6.00000", "2015-05-31": 16, "2015-02-28": -15, "2014-11-30": 13, "2014-08-31": "10.00000", "2014-05-31": 16, "2014-02-28": -11, "2013-11-30": 6, "2013-08-31": "14.00000", "2013-05-31": 5, "2013-02-28": 3, "2012-11-30": 2, "2012-08-31": "-5.00000", "2012-05-31": 11, "2012-02-29": 2, "2011-11-30": 1, "2011-08-31": "4.00000", "2011-05-31": 7, "2011-02-28": 7, "2010-11-30": 3, "2010-08-31": "1.00000", "2010-05-31": 12, "2010-02-28": 4, "2009-11-30": 4, "2009-08-31": "-15.00000", "2009-05-31": 3, "2009-02-28": -7, "2008-11-30": 1, "2008-08-31": "", "2008-05-31": 15, "2008-02-29": 11, "2007-11-30": 3, "2007-08-31": "9.00000", "2007-05-31": 24, "2007-02-28": 8, "2006-11-30": 6, "2006-08-31": "2.00000", "2006-05-31": 0, "2006-02-28": 0, "2005-11-30": -2, "2005-08-31": "", "2005-05-31": 1, "2005-02-28": -1}, "Cash Flow From Financial Activities": {"2020-11-30": 148, "2020-08-31": "825.00000", "2020-05-31": 2514, "2020-02-29": -34, "2019-11-30": -41, "2019-08-31": "942.00000", "2019-05-31": -1032, "2019-02-28": 695, "2018-11-30": -230, "2018-08-31": "-472.00000", "2018-05-31": -1350, "2018-02-28": 1685, "2017-11-30": -20, "2017-08-31": "-88.00000", "2017-05-31": -203, "2017-02-28": 1162, "2016-11-30": -118, "2016-08-31": "-313.00000", "2016-05-31": 4672, "2016-02-29": -1094, "2015-11-30": 257, "2015-08-31": "-224.00000", "2015-05-31": -234, "2015-02-28": 2433, "2014-11-30": -109, "2014-08-31": "-741.00000", "2014-05-31": -807, "2014-02-28": -995, "2013-11-30": -736, "2013-08-31": "-181.00000", "2013-05-31": 767, "2013-02-28": 127, "2012-11-30": -135, "2012-08-31": "425.00000", "2012-05-31": 14, "2012-02-29": 2, "2011-11-30": -234, "2011-08-31": "-26.00000", "2011-05-31": 13, "2011-02-28": -241, "2010-11-30": -18, "2010-08-31": "-41.00000", "2010-05-31": 14, "2010-02-28": -25, "2009-11-30": -131, "2009-08-31": "-550.00000", "2009-05-31": -500, "2009-02-28": 960, "2008-11-30": -30, "2008-08-31": "-30.00000", "2008-05-31": 5, "2008-02-29": -107, "2007-11-30": -26, "2007-08-31": "-489.00000", "2007-05-31": -604, "2007-02-28": 16, "2006-11-30": -1, "2006-08-31": "782.00000", "2006-05-31": 1, "2006-02-28": -226, "2005-11-30": 2, "2005-08-31": "-101.00000", "2005-05-31": -627, "2005-02-28": -149}, "Net Cash Flow": {"2020-11-30": 1385, "2020-08-31": "2073.00000", "2020-05-31": 3115, "2020-02-29": -265, "2019-11-30": -358, "2019-08-31": "70.00000", "2019-05-31": -553, "2019-02-28": 749, "2018-11-30": -246, "2018-08-31": "-896.00000", "2018-05-31": 476, "2018-02-28": 21, "2017-11-30": -735, "2017-08-31": "-466.00000", "2017-05-31": 796, "2017-02-28": 114, "2016-11-30": 70, "2016-08-31": "-545.00000", "2016-05-31": 693, "2016-02-29": -806, "2015-11-30": 104, "2015-08-31": "-220.00000", "2015-05-31": 285, "2015-02-28": 1212, "2014-11-30": -150, "2014-08-31": "-492.00000", "2014-05-31": -134, "2014-02-28": -893, "2013-11-30": -1161, "2013-08-31": "179.00000", "2013-05-31": 1545, "2013-02-28": 855, "2012-11-30": -226, "2012-08-31": "-100.00000", "2012-05-31": 803, "2012-02-29": 144, "2011-11-30": -63, "2011-08-31": "-369.00000", "2011-05-31": 969, "2011-02-28": -518, "2010-11-30": 168, "2010-08-31": "-243.00000", "2010-05-31": 403, "2010-02-28": 84, "2009-11-30": -324, "2009-08-31": "-503.00000", "2009-05-31": -381, "2009-02-28": 1131, "2008-11-30": -31, "2008-08-31": "34.00000", "2008-05-31": 528, "2008-02-29": 181, "2007-11-30": -282, "2007-08-31": "-457.00000", "2007-05-31": -201, "2007-02-28": -85, "2006-11-30": -835, "2006-08-31": "753.00000", "2006-05-31": 816, "2006-02-28": 335, "2005-11-30": -265, "2005-08-31": "12.00000", "2005-05-31": -45, "2005-02-28": 38}, "Stock-Based Compensation": {"2020-11-30": 46, "2020-08-31": "75.00000", "2020-05-31": 31, "2020-02-29": 33, "2019-11-30": 37, "2019-08-31": "67.00000", "2019-05-31": 33, "2019-02-28": 33, "2018-11-30": 40, "2018-08-31": "68.00000", "2018-05-31": 32, "2018-02-28": 32, "2017-11-30": 41, "2017-08-31": "62.00000", "2017-05-31": 31, "2017-02-28": 30, "2016-11-30": 36, "2016-08-31": "57.00000", "2016-05-31": 29, "2016-02-29": 29, "2015-11-30": 33, "2015-08-31": "53.00000", "2015-05-31": 27, "2015-02-28": 27, "2014-11-30": 31, "2014-08-31": "48.00000", "2014-05-31": 23, "2014-02-28": 23, "2013-11-30": 26, "2013-08-31": "45.00000", "2013-05-31": 22, "2013-02-28": 23, "2012-11-30": 24, "2012-08-31": "40.00000", "2012-05-31": 22, "2012-02-29": 23, "2011-11-30": 23, "2011-08-31": "37.00000", "2011-05-31": 20, "2011-02-28": 22, "2010-11-30": 22, "2010-08-31": "34.00000", "2010-05-31": 21, "2010-02-28": 22, "2009-11-30": 23, "2009-08-31": "35.00000", "2009-05-31": 21, "2009-02-28": 22, "2008-11-30": 23, "2008-08-31": "33.00000", "2008-05-31": 24, "2008-02-29": 23, "2007-11-30": 25, "2007-08-31": "29.00000", "2007-05-31": 24, "2007-02-28": 23, "2006-11-30": 25, "2006-08-31": "31.00000", "2006-05-31": 37, "2006-02-28": 0, "2005-11-30": 0, "2005-08-31": "", "2005-05-31": 32, "2005-02-28": 0}, "Common Stock Dividends Paid": {"2020-11-30": -171, "2020-08-31": "-170.00000", "2020-05-31": -170, "2020-02-29": -170, "2019-11-30": -169, "2019-08-31": "-170.00000", "2019-05-31": -169, "2019-02-28": -341, "2018-11-30": 0, "2018-08-31": "-173.00000", "2018-05-31": -133, "2018-02-28": -134, "2017-11-30": -134, "2017-08-31": "-134.00000", "2017-05-31": -107, "2017-02-28": -106, "2016-11-30": -107, "2016-08-31": "-106.00000", "2016-05-31": -67, "2016-02-29": -69, "2015-11-30": -70, "2015-08-31": "-71.00000", "2015-05-31": -56, "2015-02-28": -57, "2014-11-30": -57, "2014-08-31": "-57.00000", "2014-05-31": -45, "2014-02-28": -47, "2013-11-30": -47, "2013-08-31": "-48.00000", "2013-05-31": -45, "2013-02-28": -44, "2012-11-30": -44, "2012-08-31": "-44.00000", "2012-05-31": -41, "2012-02-29": -41, "2011-11-30": -41, "2011-08-31": "-41.00000", "2011-05-31": -38, "2011-02-28": -37, "2010-11-30": -38, "2010-08-31": "-38.00000", "2010-05-31": -35, "2010-02-28": -34, "2009-11-30": -35, "2009-08-31": "-34.00000", "2009-05-31": -34, "2009-02-28": -35, "2008-11-30": -34, "2008-08-31": "-34.00000", "2008-05-31": -31, "2008-02-29": -31, "2007-11-30": -31, "2007-08-31": "-31.00000", "2007-05-31": -27, "2007-02-28": -28, "2006-11-30": -27, "2006-08-31": "-28.00000", "2006-05-31": -24, "2006-02-28": -25, "2005-11-30": -24, "2005-08-31": "-24.00000", "2005-05-31": -21, "2005-02-28": -63}}, "financial ratios": {"Current Ratio": {"2020-05-31": "1.58380", "2019-05-31": "1.45190", "2018-05-31": "1.38580", "2017-05-31": "1.59480", "2016-05-31": "1.49710", "2015-05-31": "1.73520", "2014-05-31": "1.82290", "2013-05-31": "1.96070", "2012-05-31": "1.68520", "2011-05-31": "1.69710", "2010-05-31": "1.56810", "2009-05-31": "1.57290", "2008-05-31": "1.34950", "2007-05-31": "1.22130", "2006-05-31": "1.18110", "2005-05-31": "1.11300"}, "Long-term Debt / Capital": {"2020-05-31": "0.54540", "2019-05-31": "0.48340", "2018-05-31": "0.43980", "2017-05-31": "0.48120", "2016-05-31": "0.49910", "2015-05-31": "0.32590", "2014-05-31": "0.23660", "2013-05-31": "0.13600", "2012-05-31": "0.07820", "2011-05-31": "0.09870", "2010-05-31": "0.10780", "2009-05-31": "0.12410", "2008-05-31": "0.09390", "2007-05-31": "0.13690", "2006-05-31": "0.12150", "2005-05-31": "0.20200"}, "Debt/Equity Ratio": {"2020-05-31": "1.20270", "2019-05-31": "0.99010", "2018-05-31": "0.85420", "2017-05-31": "0.92890", "2016-05-31": "0.99840", "2015-05-31": "0.48480", "2014-05-31": "0.31010", "2013-05-31": "0.17190", "2012-05-31": "0.11320", "2011-05-31": "0.11070", "2010-05-31": "0.13970", "2009-05-31": "0.18960", "2008-05-31": "0.13820", "2007-05-31": "0.20910", "2006-05-31": "0.21210", "2005-05-31": "0.29160"}, "Gross Margin": {"2020-05-31": "70.20670", "2019-05-31": "70.52360", "2018-05-31": "71.77240", "2017-05-31": "72.80620", "2016-05-31": "75.44920", "2015-05-31": "74.28400", "2014-05-31": "72.41860", "2013-05-31": "72.86340", "2012-05-31": "73.54500", "2011-05-31": "75.00260", "2010-05-31": "77.44570", "2009-05-31": "76.49100", "2008-05-31": "76.17320", "2007-05-31": "78.96860", "2006-05-31": "79.85080", "2005-05-31": "82.11360"}, "Operating Margin": {"2020-05-31": "3.49190", "2019-05-31": "6.40810", "2018-05-31": "6.52710", "2017-05-31": "7.56980", "2016-05-31": "6.10940", "2015-05-31": "3.93440", "2014-05-31": "8.37230", "2013-05-31": "10.01200", "2012-05-31": "7.46490", "2011-05-31": "6.05030", "2010-05-31": "5.75230", "2009-05-31": "2.10440", "2008-05-31": "5.46730", "2007-05-31": "9.30310", "2006-05-31": "9.33300", "2005-05-31": "8.41540"}, "EBIT Margin": {"2020-05-31": "3.49190", "2019-05-31": "6.40810", "2018-05-31": "6.52710", "2017-05-31": "7.56980", "2016-05-31": "6.10940", "2015-05-31": "3.93440", "2014-05-31": "8.37230", "2013-05-31": "10.01200", "2012-05-31": "7.46490", "2011-05-31": "6.05030", "2010-05-31": "5.75230", "2009-05-31": "2.10440", "2008-05-31": "5.46730", "2007-05-31": "9.30310", "2006-05-31": "9.33300", "2005-05-31": "8.41540"}, "EBITDA Margin": {"2020-05-31": "9.34310", "2019-05-31": "11.21920", "2018-05-31": "11.83650", "2017-05-31": "12.53500", "2016-05-31": "11.33330", "2015-05-31": "9.43670", "2014-05-31": "14.04960", "2013-05-31": "15.39960", "2012-05-31": "12.41570", "2011-05-31": "11.07010", "2010-05-31": "11.38940", "2009-05-31": "7.66830", "2008-05-31": "10.59470", "2007-05-31": "14.25000", "2006-05-31": "14.12650", "2005-05-31": "13.39440"}, "Pre-Tax Profit Margin": {"2020-05-31": "2.41130", "2019-05-31": "0.93980", "2018-05-31": "6.65090", "2017-05-31": "7.59130", "2016-05-31": "5.44030", "2015-05-31": "3.42870", "2014-05-31": "8.02770", "2013-05-31": "9.79520", "2012-05-31": "7.35940", "2011-05-31": "5.76280", "2010-05-31": "5.45290", "2009-05-31": "1.90720", "2008-05-31": "5.31180", "2007-05-31": "9.12990", "2006-05-31": "8.97690", "2005-05-31": "7.87730"}, "Net Profit Margin": {"2020-05-31": "1.85790", "2019-05-31": "0.77480", "2018-05-31": "6.98550", "2017-05-31": "4.96860", "2016-05-31": "3.61360", "2015-05-31": "2.21270", "2014-05-31": "5.10020", "2013-05-31": "6.13270", "2012-05-31": "4.76100", "2011-05-31": "3.69430", "2010-05-31": "3.40880", "2009-05-31": "0.27610", "2008-05-31": "2.96420", "2007-05-31": "5.72500", "2006-05-31": "5.59240", "2005-05-31": "4.93480"}, "Asset Turnover": {"2020-05-31": "0.94130", "2019-05-31": "1.28110", "2018-05-31": "1.25070", "2017-05-31": "1.24240", "2016-05-31": "1.09590", "2015-05-31": "1.29900", "2014-05-31": "1.37790", "2013-05-31": "1.31940", "2012-05-31": "1.42730", "2011-05-31": "1.43520", "2010-05-31": "1.39480", "2009-05-31": "1.46420", "2008-05-31": "1.48060", "2007-05-31": "1.46730", "2006-05-31": "1.42330", "2005-05-31": "1.43910"}, "Inventory Turnover Ratio": {"2020-05-31": "36.05250", "2019-05-31": "37.14830", "2018-05-31": "35.19050", "2017-05-31": "31.91250", "2016-05-31": "24.92940", "2015-05-31": "24.50400", "2014-05-31": "27.14470", "2013-05-31": "26.29760", "2012-05-31": "25.66140", "2011-05-31": "22.48280", "2010-05-31": "20.13880", "2009-05-31": "22.73840", "2008-05-31": "20.78850", "2007-05-31": "21.91120", "2006-05-31": "21.12660", "2005-05-31": "21.00800"}, "Receiveable Turnover": {"2020-05-31": "6.85180", "2019-05-31": "7.64510", "2018-05-31": "7.71730", "2017-05-31": "7.93780", "2016-05-31": "6.94500", "2015-05-31": "8.29740", "2014-05-31": "8.34560", "2013-05-31": "8.78010", "2012-05-31": "9.07310", "2011-05-31": "8.57980", "2010-05-31": "8.34350", "2009-05-31": "10.46800", "2008-05-31": "8.70680", "2007-05-31": "8.93300", "2006-05-31": "9.18490", "2005-05-31": "8.90600"}, "Days Sales In Receivables": {"2020-05-31": "53.27060", "2019-05-31": "47.74280", "2018-05-31": "47.29660", "2017-05-31": "45.98280", "2016-05-31": "52.55590", "2015-05-31": "43.98950", "2014-05-31": "43.73560", "2013-05-31": "41.57110", "2012-05-31": "40.22870", "2011-05-31": "42.54190", "2010-05-31": "43.74660", "2009-05-31": "34.86820", "2008-05-31": "41.92120", "2007-05-31": "40.85960", "2006-05-31": "39.73930", "2005-05-31": "40.98370"}, "ROE - Return On Equity": {"2020-05-31": "7.02920", "2019-05-31": "3.04110", "2018-05-31": "23.54760", "2017-05-31": "18.64620", "2016-05-31": "13.20370", "2015-05-31": "7.00330", "2014-05-31": "15.21240", "2013-05-31": "15.61100", "2012-05-31": "13.79780", "2011-05-31": "9.54010", "2010-05-31": "8.57290", "2009-05-31": "0.71920", "2008-05-31": "7.74470", "2007-05-31": "15.92920", "2006-05-31": "15.68930", "2005-05-31": "15.11260"}, "Return On Tangible Equity": {"2020-05-31": "10.78590", "2019-05-31": "4.96640", "2018-05-31": "36.74360", "2017-05-31": "33.60240", "2016-05-31": "25.86330", "2015-05-31": "9.38930", "2014-05-31": "18.61140", "2013-05-31": "18.54810", "2012-05-31": "16.46680", "2011-05-31": "11.26110", "2010-05-31": "10.19720", "2009-05-31": "0.85990", "2008-05-31": "10.77380", "2007-05-31": "25.45130", "2006-05-31": "24.39220", "2005-05-31": "26.99330"}, "ROA - Return On Assets": {"2020-05-31": "1.74880", "2019-05-31": "0.99260", "2018-05-31": "8.73690", "2017-05-31": "6.17280", "2016-05-31": "3.96010", "2015-05-31": "2.87430", "2014-05-31": "7.02750", "2013-05-31": "8.09130", "2012-05-31": "6.79530", "2011-05-31": "5.30220", "2010-05-31": "4.75460", "2009-05-31": "0.40420", "2008-05-31": "4.38890", "2007-05-31": "8.40000", "2006-05-31": "7.95950", "2005-05-31": "7.10150"}, "ROI - Return On Investment": {"2020-05-31": "3.19530", "2019-05-31": "1.57100", "2018-05-31": "13.19140", "2017-05-31": "9.67340", "2016-05-31": "6.61410", "2015-05-31": "4.72080", "2014-05-31": "11.61250", "2013-05-31": "13.48760", "2012-05-31": "12.71830", "2011-05-31": "8.59830", "2010-05-31": "7.64910", "2009-05-31": "0.63000", "2008-05-31": "7.01720", "2007-05-31": "13.74890", "2006-05-31": "13.78310", "2005-05-31": "12.05990"}, "Book Value Per Share": {"2020-05-31": "69.84050", "2019-05-31": "68.08460", "2018-05-31": "73.01310", "2017-05-31": "59.91640", "2016-05-31": "51.91250", "2015-05-31": "53.08570", "2014-05-31": "53.52410", "2013-05-31": "54.95540", "2012-05-31": "46.45740", "2011-05-31": "48.01260", "2010-05-31": "43.98410", "2009-05-31": "43.67310", "2008-05-31": "46.70740", "2007-05-31": "41.09090", "2006-05-31": "37.61770", "2005-05-31": "31.74830"}, "Operating Cash Flow Per Share": {"2020-05-31": -1.7269, "2019-05-31": 3.9973, "2018-05-31": -1.0755, "2017-05-31": -2.1995, "2016-05-31": 1.7619, "2015-05-31": 4.9421, "2014-05-31": -1.0338, "2013-05-31": -0.4638, "2012-05-31": 2.5048, "2011-05-31": 2.754, "2010-05-31": 1.1699, "2009-05-31": -2.2821, "2008-05-31": -0.3315, "2007-05-31": -0.4208, "2006-05-31": 1.705, "2005-05-31": 10.1531}, "Free Cash Flow Per Share": {"2020-05-31": -3.6362, "2019-05-31": 4.259, "2018-05-31": -3.2927, "2017-05-31": -3.343, "2016-05-31": -0.48, "2015-05-31": 1.218, "2014-05-31": -1.8994, "2013-05-31": 1.4701, "2012-05-31": 0.5804, "2011-05-31": 1.1281, "2010-05-31": -0.049, "2009-05-31": -0.4744, "2008-05-31": -0.7288, "2007-05-31": -1.5528, "2006-05-31": 1.0331, "2005-05-31": 2.9088}}, "financial ratios, quarterly": {"Current Ratio": {"2020-11-30": "1.75530", "2020-08-31": "1.68850", "2020-05-31": "1.58380", "2020-02-29": "1.21460", "2019-11-30": "1.25140", "2019-08-31": "1.31020", "2019-05-31": "1.45190", "2019-02-28": "1.45850", "2018-11-30": "1.41510", "2018-08-31": "1.31590", "2018-05-31": "1.38580", "2018-02-28": "1.42850", "2017-11-30": "1.56570", "2017-08-31": "1.63310", "2017-05-31": "1.59480", "2017-02-28": "1.60240", "2016-11-30": "1.54370", "2016-08-31": "1.52540", "2016-05-31": "1.49710", "2016-02-29": "1.72370", "2015-11-30": "1.87400", "2015-08-31": "1.83150", "2015-05-31": "1.73520", "2015-02-28": "1.99920", "2014-11-30": "1.78080", "2014-08-31": "1.79510", "2014-05-31": "1.82290", "2014-02-28": "1.94880", "2013-11-30": "2.01000", "2013-08-31": "2.08090", "2013-05-31": "1.96070", "2013-02-28": "1.91120", "2012-11-30": "1.89710", "2012-08-31": "1.84590", "2012-05-31": "1.68520", "2012-02-29": "1.59120", "2011-11-30": "1.51820", "2011-08-31": "1.59870", "2011-05-31": "1.69710", "2011-02-28": "1.58240", "2010-11-30": "1.52130", "2010-08-31": "1.54940", "2010-05-31": "1.56810", "2010-02-28": "1.52860", "2009-11-30": "1.56200", "2009-08-31": "1.64390", "2009-05-31": "1.57290", "2009-02-28": "1.50680", "2008-11-30": "1.23740", "2008-08-31": "1.29990", "2008-05-31": "1.34950", "2008-02-29": "1.39440", "2007-11-30": "1.29350", "2007-08-31": "1.32650", "2007-05-31": "1.22130", "2007-02-28": "1.17280", "2006-11-30": "1.14550", "2006-08-31": "1.30570", "2006-05-31": "1.18110", "2006-02-28": "1.22230", "2005-11-30": "1.10460", "2005-08-31": "1.15930", "2005-05-31": "1.11300", "2005-02-28": "1.01780"}, "Long-term Debt / Capital": {"2020-11-30": "0.52460", "2020-08-31": "0.54390", "2020-05-31": "0.54540", "2020-02-29": "0.50190", "2019-11-30": "0.50040", "2019-08-31": "0.50760", "2019-05-31": "0.48340", "2019-02-28": "0.46390", "2018-11-30": "0.45940", "2018-08-31": "0.44290", "2018-05-31": "0.43980", "2018-02-28": "0.45880", "2017-11-30": "0.47090", "2017-08-31": "0.47670", "2017-05-31": "0.48120", "2017-02-28": "0.49210", "2016-11-30": "0.48260", "2016-08-31": "0.49270", "2016-05-31": "0.49910", "2016-02-29": "0.37170", "2015-11-30": "0.36130", "2015-08-31": "0.32160", "2015-05-31": "0.32590", "2015-02-28": "0.31100", "2014-11-30": "0.23330", "2014-08-31": "0.23850", "2014-05-31": "0.23660", "2014-02-28": "0.23720", "2013-11-30": "0.13510", "2013-08-31": "0.13430", "2013-05-31": "0.13600", "2013-02-28": "0.11000", "2012-11-30": "0.12600", "2012-08-31": "0.12990", "2012-05-31": "0.07820", "2012-02-29": "0.07020", "2011-11-30": "0.07290", "2011-08-31": "0.08000", "2011-05-31": "0.09870", "2011-02-28": "0.10070", "2010-11-30": "0.10270", "2010-08-31": "0.10510", "2010-05-31": "0.10780", "2010-02-28": "0.10390", "2009-11-30": "0.11920", "2009-08-31": "0.12210", "2009-05-31": "0.12410", "2009-02-28": "0.10980", "2008-11-30": "0.05600", "2008-08-31": "0.06240", "2008-05-31": "0.09390", "2008-02-29": "0.12380", "2007-11-30": "0.12730", "2007-08-31": "0.13180", "2007-05-31": "0.13690", "2007-02-28": "0.13350", "2006-11-30": "0.14020", "2006-08-31": "0.14810", "2006-05-31": "0.12150", "2006-02-28": "0.16820", "2005-11-30": "0.17470", "2005-08-31": "0.19520", "2005-05-31": "0.20200", "2005-02-28": "0.21110"}, "Debt/Equity Ratio": {"2020-11-30": "1.10830", "2020-08-31": "1.19670", "2020-05-31": "1.20270", "2020-02-29": "1.02530", "2019-11-30": "1.01060", "2019-08-31": "1.03280", "2019-05-31": "0.99010", "2019-02-28": "0.92570", "2018-11-30": "0.89620", "2018-08-31": "0.88370", "2018-05-31": "0.85420", "2018-02-28": "0.93050", "2017-11-30": "0.90540", "2017-08-31": "0.91200", "2017-05-31": "0.92890", "2017-02-28": "0.97190", "2016-11-30": "0.93570", "2016-08-31": "0.97450", "2016-05-31": "0.99840", "2016-02-29": "0.59240", "2015-11-30": "0.56670", "2015-08-31": "0.47490", "2015-05-31": "0.48480", "2015-02-28": "0.45140", "2014-11-30": "0.30420", "2014-08-31": "0.31320", "2014-05-31": "0.31010", "2014-02-28": "0.31100", "2013-11-30": "0.17050", "2013-08-31": "0.16950", "2013-05-31": "0.17190", "2013-02-28": "0.13920", "2012-11-30": "0.14420", "2012-08-31": "0.15700", "2012-05-31": "0.11320", "2012-02-29": "0.10080", "2011-11-30": "0.10550", "2011-08-31": "0.10610", "2011-05-31": "0.11070", "2011-02-28": "0.11320", "2010-11-30": "0.13170", "2010-08-31": "0.13510", "2010-05-31": "0.13970", "2010-02-28": "0.13570", "2009-11-30": "0.13820", "2009-08-31": "0.15060", "2009-05-31": "0.18960", "2009-02-28": "0.19340", "2008-11-30": "0.12960", "2008-08-31": "0.13260", "2008-05-31": "0.13820", "2008-02-29": "0.14260", "2007-11-30": "0.15510", "2007-08-31": "0.16190", "2007-05-31": "0.20910", "2007-02-28": "0.25090", "2006-11-30": "0.25600", "2006-08-31": "0.26790", "2006-05-31": "0.21210", "2006-02-28": "0.22430", "2005-11-30": "0.25900", "2005-08-31": "0.27220", "2005-05-31": "0.29160", "2005-02-28": "0.37430"}, "Gross Margin": {"2020-11-30": "70.66580", "2020-08-31": "71.31620", "2020-05-31": "70.79730", "2020-02-29": "68.90830", "2019-11-30": "69.87990", "2019-08-31": "71.26940", "2019-05-31": "71.74150", "2019-02-28": "69.66490", "2018-11-30": "69.71500", "2018-08-31": "70.95360", "2018-05-31": "72.16130", "2018-02-28": "70.65840", "2017-11-30": "71.44610", "2017-08-31": "72.88360", "2017-05-31": "73.35330", "2017-02-28": "71.77440", "2016-11-30": "72.61400", "2016-08-31": "73.47060", "2016-05-31": "76.91660", "2016-02-29": "75.02770", "2015-11-30": "74.68080", "2015-08-31": "75.11200", "2015-05-31": "76.74590", "2015-02-28": "74.60740", "2014-11-30": "72.88720", "2014-08-31": "72.83470", "2014-05-31": "73.11430", "2014-02-28": "71.45390", "2013-11-30": "72.14770", "2013-08-31": "72.94090", "2013-05-31": "73.59860", "2013-02-28": "71.82510", "2012-11-30": "72.13470", "2012-08-31": "73.88810", "2012-05-31": "73.64640", "2012-02-29": "73.00270", "2011-11-30": "73.77920", "2011-08-31": "73.74770", "2011-05-31": "73.57850", "2011-02-28": "74.17990", "2010-11-30": "75.83060", "2010-08-31": "76.58880", "2010-05-31": "76.82440", "2010-02-28": "76.66940", "2009-11-30": "77.90830", "2009-08-31": "78.52420", "2009-05-31": "80.18340", "2009-02-28": "79.15690", "2008-11-30": "76.02220", "2008-08-31": "71.85560", "2008-05-31": "74.15370", "2008-02-29": "75.54310", "2007-11-30": "76.76440", "2007-08-31": "78.37810", "2007-05-31": "79.51040", "2007-02-28": "78.60800", "2006-11-30": "79.20680", "2006-08-31": "78.50200", "2006-05-31": "79.78570", "2006-02-28": "80.15740", "2005-11-30": "78.94930", "2005-08-31": "80.55020", "2005-05-31": "81.45170", "2005-02-28": "82.04120"}, "Operating Margin": {"2020-11-30": "7.12440", "2020-08-31": "8.22940", "2020-05-31": "2.73650", "2020-02-29": "2.35030", "2019-11-30": "3.19790", "2019-08-31": "5.73090", "2019-05-31": "7.39040", "2019-02-28": "5.35570", "2018-11-30": "6.55300", "2018-08-31": "6.28080", "2018-05-31": "7.67010", "2018-02-28": "5.19180", "2017-11-30": "6.83500", "2017-08-31": "6.34770", "2017-05-31": "7.05750", "2017-02-28": "6.83470", "2016-11-30": "7.81600", "2016-08-31": "8.62030", "2016-05-31": "-0.52390", "2016-02-29": "6.82790", "2015-11-30": "9.13030", "2015-08-31": "9.31670", "2015-05-31": "-10.90470", "2015-02-28": "8.85970", "2014-11-30": "9.11300", "2014-08-31": "9.08940", "2014-05-31": "13.10920", "2014-02-28": "5.67210", "2013-11-30": "7.25250", "2013-08-31": "7.21150", "2013-05-31": "20.85700", "2013-02-28": "5.37750", "2012-11-30": "6.46440", "2012-08-31": "6.87550", "2012-05-31": "7.77620", "2012-02-29": "7.69590", "2011-11-30": "7.36750", "2011-08-31": "7.00500", "2011-05-31": "8.41550", "2011-02-28": "4.06710", "2010-11-30": "4.86920", "2010-08-31": "6.64060", "2010-05-31": "7.38230", "2010-02-28": "4.78110", "2009-11-30": "6.64260", "2009-08-31": "3.93310", "2009-05-31": "-10.81250", "2009-02-28": "2.23670", "2008-11-30": "8.21980", "2008-08-31": "6.31900", "2008-05-31": "-15.33550", "2008-02-29": "6.79240", "2007-11-30": "22.56900", "2007-08-31": "8.84880", "2007-05-31": "11.05890", "2007-02-28": "7.46040", "2006-11-30": "9.39950", "2006-08-31": "9.17500", "2006-05-31": "10.91360", "2006-02-28": "8.90920", "2005-11-30": "9.76510", "2005-08-31": "7.57750", "2005-05-31": "9.59170", "2005-02-28": "7.52150"}, "EBIT Margin": {"2020-11-30": "7.12440", "2020-08-31": "8.22940", "2020-05-31": "2.73650", "2020-02-29": "2.35030", "2019-11-30": "3.19790", "2019-08-31": "5.73090", "2019-05-31": "7.39040", "2019-02-28": "5.35570", "2018-11-30": "6.55300", "2018-08-31": "6.28080", "2018-05-31": "7.67010", "2018-02-28": "5.19180", "2017-11-30": "6.83500", "2017-08-31": "6.34770", "2017-05-31": "7.05750", "2017-02-28": "6.83470", "2016-11-30": "7.81600", "2016-08-31": "8.62030", "2016-05-31": "-0.52390", "2016-02-29": "6.82790", "2015-11-30": "9.13030", "2015-08-31": "9.31670", "2015-05-31": "-10.90470", "2015-02-28": "8.85970", "2014-11-30": "9.11300", "2014-08-31": "9.08940", "2014-05-31": "13.10920", "2014-02-28": "5.67210", "2013-11-30": "7.25250", "2013-08-31": "7.21150", "2013-05-31": "20.85700", "2013-02-28": "5.37750", "2012-11-30": "6.46440", "2012-08-31": "6.87550", "2012-05-31": "7.77620", "2012-02-29": "7.69590", "2011-11-30": "7.36750", "2011-08-31": "7.00500", "2011-05-31": "8.41550", "2011-02-28": "4.06710", "2010-11-30": "4.86920", "2010-08-31": "6.64060", "2010-05-31": "7.38230", "2010-02-28": "4.78110", "2009-11-30": "6.64260", "2009-08-31": "3.93310", "2009-05-31": "-10.81250", "2009-02-28": "2.23670", "2008-11-30": "8.21980", "2008-08-31": "6.31900", "2008-05-31": "-15.33550", "2008-02-29": "6.79240", "2007-11-30": "22.56900", "2007-08-31": "8.84880", "2007-05-31": "11.05890", "2007-02-28": "7.46040", "2006-11-30": "9.39950", "2006-08-31": "9.17500", "2006-05-31": "10.91360", "2006-02-28": "8.90920", "2005-11-30": "9.76510", "2005-08-31": "7.57750", "2005-05-31": "9.59170", "2005-02-28": "7.52150"}, "EBITDA Margin": {"2020-11-30": "", "2020-08-31": "", "2020-05-31": "", "2020-02-29": "", "2019-11-30": "", "2019-08-31": "", "2019-05-31": "", "2019-02-28": "", "2018-11-30": "", "2018-08-31": "", "2018-05-31": "", "2018-02-28": "", "2017-11-30": "", "2017-08-31": "", "2017-05-31": "", "2017-02-28": "", "2016-11-30": "", "2016-08-31": "", "2016-05-31": "", "2016-02-29": "", "2015-11-30": "", "2015-08-31": "", "2015-05-31": "", "2015-02-28": "", "2014-11-30": "", "2014-08-31": "", "2014-05-31": "", "2014-02-28": "", "2013-11-30": "", "2013-08-31": "", "2013-05-31": "", "2013-02-28": "", "2012-11-30": "", "2012-08-31": "", "2012-05-31": "", "2012-02-29": "", "2011-11-30": "", "2011-08-31": "", "2011-05-31": "", "2011-02-28": "", "2010-11-30": "", "2010-08-31": "", "2010-05-31": "", "2010-02-28": "", "2009-11-30": "", "2009-08-31": "", "2009-05-31": "", "2009-02-28": "", "2008-11-30": "", "2008-08-31": "", "2008-05-31": "", "2008-02-29": "", "2007-11-30": "", "2007-08-31": "", "2007-05-31": "", "2007-02-28": "", "2006-11-30": "", "2006-08-31": "", "2006-05-31": "", "2006-02-28": "", "2005-11-30": "", "2005-08-31": "", "2005-05-31": "", "2005-02-28": ""}, "Pre-Tax Profit Margin": {"2020-11-30": "6.83750", "2020-08-31": "8.31220", "2020-05-31": "-1.83780", "2020-02-29": "2.40180", "2019-11-30": "3.30180", "2019-08-31": "5.84230", "2019-05-31": "-14.34270", "2019-02-28": "5.47330", "2018-11-30": "6.60350", "2018-08-31": "6.45670", "2018-05-31": "7.84340", "2018-02-28": "5.28860", "2017-11-30": "6.98220", "2017-08-31": "6.41960", "2017-05-31": "9.28280", "2017-02-28": "5.99450", "2016-11-30": "7.21990", "2016-08-31": "7.78830", "2016-05-31": "-1.39460", "2016-02-29": "6.17990", "2015-11-30": "8.47190", "2015-08-31": "8.82810", "2015-05-31": "-11.68900", "2015-02-28": "8.40730", "2014-11-30": "8.76120", "2014-08-31": "8.66140", "2014-05-31": "12.72070", "2014-02-28": "5.25620", "2013-11-30": "6.94550", "2013-08-31": "6.94850", "2013-05-31": "20.59470", "2013-02-28": "5.14930", "2012-11-30": "6.23030", "2012-08-31": "6.73650", "2012-05-31": "7.70350", "2012-02-29": "7.49720", "2011-11-30": "7.33920", "2011-08-31": "6.88150", "2011-05-31": "8.19750", "2011-02-28": "3.72560", "2010-11-30": "4.53700", "2010-08-31": "6.37620", "2010-05-31": "7.12770", "2010-02-28": "4.37880", "2009-11-30": "6.36340", "2009-08-31": "3.67090", "2009-05-31": "-11.13090", "2009-02-28": "1.95400", "2008-11-30": "8.11490", "2008-08-31": "6.19860", "2008-05-31": "-1.69270", "2008-02-29": "6.65470", "2007-11-30": "8.12610", "2007-08-31": "8.55530", "2007-05-31": "10.85130", "2007-02-28": "7.32080", "2006-11-30": "9.22030", "2006-08-31": "9.01110", "2006-05-31": "10.67810", "2006-02-28": "8.53430", "2005-11-30": "9.39430", "2005-08-31": "7.12340", "2005-05-31": "9.21580", "2005-02-28": "7.00370"}, "Net Profit Margin": {"2020-11-30": "5.96220", "2020-08-31": "6.44380", "2020-05-31": "-1.92420", "2020-02-29": "1.80130", "2019-11-30": "3.23250", "2019-08-31": "4.37000", "2019-05-31": "-11.05750", "2019-02-28": "4.34450", "2018-11-30": "5.24570", "2018-08-31": "4.89680", "2018-05-31": "6.50920", "2018-02-28": "12.54990", "2017-11-30": "4.75080", "2017-08-31": "3.89620", "2017-05-31": "6.48520", "2017-02-28": "3.74740", "2016-11-30": "4.68820", "2016-08-31": "4.87620", "2016-05-31": "-0.53930", "2016-02-29": "4.00660", "2015-11-30": "5.54890", "2015-08-31": "5.63560", "2015-05-31": "-7.37990", "2015-02-28": "5.36020", "2014-11-30": "5.55320", "2014-08-31": "5.58880", "2014-05-31": "8.08350", "2014-02-28": "3.34480", "2013-11-30": "4.38480", "2013-08-31": "4.43580", "2013-05-31": "12.75030", "2013-02-28": "3.29590", "2012-11-30": "3.94350", "2012-08-31": "4.25320", "2012-05-31": "4.99640", "2012-02-29": "4.93180", "2011-11-30": "4.69440", "2011-08-31": "4.41020", "2011-05-31": "5.28810", "2011-02-28": "2.39060", "2010-11-30": "2.93810", "2010-08-31": "4.01820", "2010-05-31": "4.44420", "2010-02-28": "2.74680", "2009-11-30": "4.01350", "2009-08-31": "2.26000", "2009-05-31": "-11.15640", "2009-02-28": "1.19210", "2008-11-30": "5.16880", "2008-08-31": "3.85160", "2008-05-31": "-2.44270", "2008-02-29": "4.16450", "2007-11-30": "5.06820", "2007-08-31": "5.37010", "2007-05-31": "6.66590", "2007-02-28": "4.88830", "2006-11-30": "5.72480", "2006-08-31": "5.55880", "2006-05-31": "6.68710", "2006-02-28": "5.34800", "2005-11-30": "5.82200", "2005-08-31": "4.39860", "2005-05-31": "5.80690", "2005-02-28": "4.31940"}, "Asset Turnover": {"2020-11-30": "0.25340", "2020-08-31": "0.24880", "2020-05-31": "0.23600", "2020-02-29": "0.24980", "2019-11-30": "0.24760", "2019-08-31": "0.24910", "2019-05-31": "0.32730", "2019-02-28": "0.31230", "2018-11-30": "0.33450", "2018-08-31": "0.32850", "2018-05-31": "0.33090", "2018-02-28": "0.31870", "2017-11-30": "0.32440", "2017-08-31": "0.31000", "2017-05-31": "0.32390", "2017-02-28": "0.32060", "2016-11-30": "0.32210", "2016-08-31": "0.32170", "2016-05-31": "0.28240", "2016-02-29": "0.33460", "2015-11-30": "0.32450", "2015-08-31": "0.32970", "2015-05-31": "0.33160", "2015-02-28": "0.32450", "2014-11-30": "0.36200", "2014-08-31": "0.35850", "2014-05-31": "0.35800", "2014-02-28": "0.34530", "2013-11-30": "0.34000", "2013-08-31": "0.32740", "2013-05-31": "0.34070", "2013-02-28": "0.34410", "2012-11-30": "0.35470", "2012-08-31": "0.35160", "2012-05-31": "0.36810", "2012-02-29": "0.36740", "2011-11-30": "0.37210", "2011-08-31": "0.37790", "2011-05-31": "0.38530", "2011-02-28": "0.36880", "2010-11-30": "0.36910", "2010-08-31": "0.37510", "2010-05-31": "0.37860", "2010-02-28": "0.34980", "2009-11-30": "0.34950", "2009-08-31": "0.33570", "2009-05-31": "0.32390", "2009-02-28": "0.30130", "2008-11-30": "0.36150", "2008-08-31": "0.38140", "2008-05-31": "0.38490", "2008-02-29": "0.38370", "2007-11-30": "0.38820", "2007-08-31": "0.38480", "2007-05-31": "0.38130", "2007-02-28": "0.34410", "2006-11-30": "0.36120", "2006-08-31": "0.35790", "2006-05-31": "0.37430", "2006-02-28": "0.37160", "2005-11-30": "0.38140", "2005-08-31": "0.37440", "2005-05-31": "0.37810", "2005-02-28": "0.36020"}, "Inventory Turnover Ratio": {"2020-11-30": "10.27600", "2020-08-31": "9.34570", "2020-05-31": "8.86190", "2020-02-29": "9.57220", "2019-11-30": "9.05900", "2019-08-31": "8.53310", "2019-05-31": "9.09950", "2019-02-28": "9.45050", "2018-11-30": "10.34100", "2018-08-31": "9.47040", "2018-05-31": "9.18100", "2018-02-28": "9.27150", "2017-11-30": "8.73920", "2017-08-31": "8.03880", "2017-05-31": "8.15370", "2017-02-28": "8.03230", "2016-11-30": "7.90910", "2016-08-31": "7.59770", "2016-05-31": "6.04030", "2016-02-29": "6.63870", "2015-11-30": "6.39550", "2015-08-31": "6.26230", "2015-05-31": "5.65660", "2015-02-28": "6.09630", "2014-11-30": "6.80040", "2014-08-31": "6.59880", "2014-05-31": "6.87470", "2014-02-28": "6.98270", "2013-11-30": "6.93450", "2013-08-31": "6.61420", "2013-05-31": "6.60610", "2013-02-28": "6.70870", "2012-11-30": "6.78730", "2012-08-31": "6.06020", "2012-05-31": "6.59320", "2012-02-29": "6.38030", "2011-11-30": "6.30910", "2011-08-31": "6.60770", "2011-05-31": "6.37990", "2011-02-28": "6.04120", "2010-11-30": "5.82000", "2010-08-31": "5.87270", "2010-05-31": "5.61700", "2010-02-28": "5.34210", "2009-11-30": "4.85680", "2009-08-31": "4.62370", "2009-05-31": "4.23980", "2009-02-28": "4.58380", "2008-11-30": "5.64690", "2008-08-31": "6.81070", "2008-05-31": "5.86210", "2008-02-29": "6.01040", "2007-11-30": "5.60200", "2007-08-31": "5.81580", "2007-05-31": "5.54730", "2007-02-28": "5.70810", "2006-11-30": "5.71080", "2006-08-31": "5.74060", "2006-05-31": "5.57470", "2006-02-28": "5.40140", "2005-11-30": "6.12590", "2005-08-31": "5.97210", "2005-05-31": "5.72400", "2005-02-28": "5.37960"}, "Receiveable Turnover": {"2020-11-30": "1.80110", "2020-08-31": "1.83870", "2020-05-31": "1.71830", "2020-02-29": "1.87570", "2019-11-30": "1.78430", "2019-08-31": "1.83080", "2019-05-31": "1.95340", "2019-02-28": "1.88230", "2018-11-30": "1.86190", "2018-08-31": "1.95640", "2018-05-31": "2.04150", "2018-02-28": "1.90590", "2017-11-30": "1.88480", "2017-08-31": "1.91070", "2017-05-31": "2.06970", "2017-02-28": "2.02170", "2016-11-30": "1.97110", "2016-08-31": "2.02720", "2016-05-31": "1.78970", "2016-02-29": "2.24600", "2015-11-30": "2.12330", "2015-08-31": "2.18600", "2015-05-31": "2.11820", "2015-02-28": "2.09810", "2014-11-30": "2.13500", "2014-08-31": "2.12940", "2014-05-31": "2.16830", "2014-02-28": "2.17450", "2013-11-30": "2.12070", "2013-08-31": "2.20920", "2013-05-31": "2.26710", "2013-02-28": "2.21270", "2012-11-30": "2.13510", "2012-08-31": "2.25770", "2012-05-31": "2.34010", "2012-02-29": "2.27920", "2011-11-30": "2.18880", "2011-08-31": "2.27530", "2011-05-31": "2.30340", "2011-02-28": "2.15790", "2010-11-30": "2.25100", "2010-08-31": "2.28710", "2010-05-31": "2.26470", "2010-02-28": "2.21010", "2009-11-30": "2.27950", "2009-08-31": "2.34870", "2009-05-31": "2.31550", "2009-02-28": "2.31160", "2008-11-30": "2.32460", "2008-08-31": "2.28620", "2008-05-31": "2.26340", "2008-02-29": "2.22470", "2007-11-30": "2.18570", "2007-08-31": "2.32360", "2007-05-31": "2.32140", "2007-02-28": "2.18900", "2006-11-30": "2.25630", "2006-08-31": "2.35790", "2006-05-31": "2.41580", "2006-02-28": "2.35310", "2005-11-30": "2.28140", "2005-08-31": "2.35690", "2005-05-31": "2.34000", "2005-02-28": "2.30210"}, "Days Sales In Receivables": {"2020-11-30": "49.96990", "2020-08-31": "48.94780", "2020-05-31": "52.37820", "2020-02-29": "47.98250", "2019-11-30": "50.43930", "2019-08-31": "49.16000", "2019-05-31": "46.07400", "2019-02-28": "47.81480", "2018-11-30": "48.33760", "2018-08-31": "46.00280", "2018-05-31": "44.08510", "2018-02-28": "47.22200", "2017-11-30": "47.75030", "2017-08-31": "47.10340", "2017-05-31": "43.48360", "2017-02-28": "44.51690", "2016-11-30": "45.66000", "2016-08-31": "44.39540", "2016-05-31": "50.28740", "2016-02-29": "40.07110", "2015-11-30": "42.38740", "2015-08-31": "41.17030", "2015-05-31": "42.48890", "2015-02-28": "42.89520", "2014-11-30": "42.15430", "2014-08-31": "42.26550", "2014-05-31": "41.50690", "2014-02-28": "41.38840", "2013-11-30": "42.43880", "2013-08-31": "40.73840", "2013-05-31": "39.69920", "2013-02-28": "40.67380", "2012-11-30": "42.15180", "2012-08-31": "39.86290", "2012-05-31": "38.45930", "2012-02-29": "39.48790", "2011-11-30": "41.11930", "2011-08-31": "39.55520", "2011-05-31": "39.07220", "2011-02-28": "41.70760", "2010-11-30": "39.98240", "2010-08-31": "39.35180", "2010-05-31": "39.74010", "2010-02-28": "40.72290", "2009-11-30": "39.48230", "2009-08-31": "38.31940", "2009-05-31": "38.86780", "2009-02-28": "38.93330", "2008-11-30": "38.71570", "2008-08-31": "39.36710", "2008-05-31": "39.76380", "2008-02-29": "40.45570", "2007-11-30": "41.17660", "2007-08-31": "38.73360", "2007-05-31": "38.76950", "2007-02-28": "41.11380", "2006-11-30": "39.88800", "2006-08-31": "38.16970", "2006-05-31": "37.25450", "2006-02-28": "38.24690", "2005-11-30": "39.44870", "2005-08-31": "38.18610", "2005-05-31": "38.46140", "2005-02-28": "39.09520"}, "ROE - Return On Equity": {"2020-11-30": "5.82730", "2020-08-31": "6.39710", "2020-05-31": "-1.82560", "2020-02-29": "1.67280", "2019-11-30": "3.00120", "2019-08-31": "4.10110", "2019-05-31": "-11.08860", "2019-02-28": "3.71470", "2018-11-30": "4.84610", "2018-08-31": "4.35510", "2018-05-31": "5.80450", "2018-02-28": "10.97700", "2017-11-30": "4.54410", "2017-08-31": "3.58650", "2017-05-31": "6.34600", "2017-02-28": "3.70130", "2016-11-30": "4.81730", "2016-08-31": "5.05590", "2016-05-31": "-0.50780", "2016-02-29": "3.53880", "2015-11-30": "4.60970", "2015-08-31": "4.52790", "2015-05-31": "-5.96280", "2015-02-28": "3.92210", "2014-11-30": "4.26010", "2014-08-31": "4.31850", "2014-05-31": "6.26430", "2014-02-28": "2.48240", "2013-11-30": "2.85180", "2013-08-31": "2.76980", "2013-05-31": "8.38030", "2013-02-28": "2.24060", "2012-11-30": "2.81800", "2012-08-31": "3.05510", "2012-05-31": "3.73460", "2012-02-29": "3.14440", "2011-11-30": "3.12240", "2011-08-31": "2.95280", "2011-05-31": "3.66620", "2011-02-28": "1.55240", "2010-11-30": "1.94350", "2010-08-31": "2.67510", "2010-05-31": "3.03380", "2010-02-28": "1.66200", "2009-11-30": "2.43510", "2009-08-31": "1.31290", "2009-05-31": "-6.42890", "2009-02-28": "0.62380", "2008-11-30": "3.18450", "2008-08-31": "2.53630", "2008-05-31": "-1.65910", "2008-02-29": "2.76920", "2007-11-30": "3.48110", "2007-08-31": "3.73650", "2007-05-31": "4.81980", "2007-02-28": "3.22830", "2006-11-30": "4.06910", "2006-08-31": "3.95140", "2006-05-31": "4.93440", "2006-02-28": "3.91800", "2005-11-30": "4.52540", "2005-08-31": "3.41420", "2005-05-31": "4.67250", "2005-02-28": "3.47510"}, "Return On Tangible Equity": {"2020-11-30": "8.55130", "2020-08-31": "9.70460", "2020-05-31": "-2.80130", "2020-02-29": "2.62130", "2019-11-30": "4.74660", "2019-08-31": "6.56680", "2019-05-31": "-18.10910", "2019-02-28": "5.69430", "2018-11-30": "7.54880", "2018-08-31": "6.78640", "2018-05-31": "9.05730", "2018-02-28": "18.14520", "2017-11-30": "7.96510", "2017-08-31": "6.45300", "2017-05-31": "11.43630", "2017-02-28": "6.86710", "2016-11-30": "9.19840", "2016-08-31": "9.71600", "2016-05-31": "-0.99470", "2016-02-29": "4.79980", "2015-11-30": "6.17850", "2015-08-31": "6.02210", "2015-05-31": "-7.99430", "2015-02-28": "5.14460", "2014-11-30": "5.16800", "2014-08-31": "5.28920", "2014-05-31": "7.66400", "2014-02-28": "3.02690", "2013-11-30": "3.37930", "2013-08-31": "3.27240", "2013-05-31": "9.95700", "2013-02-28": "2.70470", "2012-11-30": "3.42560", "2012-08-31": "3.73470", "2012-05-31": "4.45710", "2012-02-29": "3.68200", "2011-11-30": "3.67660", "2011-08-31": "3.49420", "2011-05-31": "4.32760", "2011-02-28": "1.83930", "2010-11-30": "2.29390", "2010-08-31": "3.16830", "2010-05-31": "3.60860", "2010-02-28": "1.96690", "2009-11-30": "2.89160", "2009-08-31": "1.56670", "2009-05-31": "-7.68620", "2009-02-28": "0.86300", "2008-11-30": "4.36710", "2008-08-31": "3.48650", "2008-05-31": "-2.30800", "2008-02-29": "4.20730", "2007-11-30": "5.32870", "2007-08-31": "5.82140", "2007-05-31": "7.70100", "2007-02-28": "4.93420", "2006-11-30": "6.14770", "2006-08-31": "5.97410", "2006-05-31": "7.67150", "2006-02-28": "6.32670", "2005-11-30": "7.47500", "2005-08-31": "5.89980", "2005-05-31": "8.34580", "2005-02-28": "6.66250"}, "ROA - Return On Assets": {"2020-11-30": "1.51070", "2020-08-31": "1.60340", "2020-05-31": "-0.45420", "2020-02-29": "0.44990", "2019-11-30": "0.80050", "2019-08-31": "1.08840", "2019-05-31": "-3.61930", "2019-02-28": "1.35690", "2018-11-30": "1.75460", "2018-08-31": "1.60880", "2018-05-31": "2.15360", "2018-02-28": "3.99990", "2017-11-30": "1.54130", "2017-08-31": "1.20770", "2017-05-31": "2.10080", "2017-02-28": "1.20130", "2016-11-30": "1.51030", "2016-08-31": "1.56880", "2016-05-31": "-0.15230", "2016-02-29": "1.34060", "2015-11-30": "1.80080", "2015-08-31": "1.85800", "2015-05-31": "-2.44720", "2015-02-28": "1.73920", "2014-11-30": "2.01010", "2014-08-31": "2.00390", "2014-05-31": "2.89390", "2014-02-28": "1.15490", "2013-11-30": "1.49070", "2013-08-31": "1.45220", "2013-05-31": "4.34360", "2013-02-28": "1.13420", "2012-11-30": "1.39880", "2012-08-31": "1.49560", "2012-05-31": "1.83930", "2012-02-29": "1.81200", "2011-11-30": "1.74680", "2011-08-31": "1.66680", "2011-05-31": "2.03760", "2011-02-28": "0.88160", "2010-11-30": "1.08460", "2010-08-31": "1.50720", "2010-05-31": "1.68260", "2010-02-28": "0.96080", "2009-11-30": "1.40280", "2009-08-31": "0.75870", "2009-05-31": "-3.61330", "2009-02-28": "0.35920", "2008-11-30": "1.86860", "2008-08-31": "1.46880", "2008-05-31": "-0.94020", "2008-02-29": "1.59780", "2007-11-30": "1.96740", "2007-08-31": "2.06640", "2007-05-31": "2.54170", "2007-02-28": "1.68180", "2006-11-30": "2.06770", "2006-08-31": "1.98930", "2006-05-31": "2.50330", "2006-02-28": "1.98710", "2005-11-30": "2.22050", "2005-08-31": "1.64680", "2005-05-31": "2.19560", "2005-02-28": "1.55580"}, "ROI - Return On Investment": {"2020-11-30": "2.77000", "2020-08-31": "2.91800", "2020-05-31": "-0.82990", "2020-02-29": "0.83320", "2019-11-30": "1.49930", "2019-08-31": "2.01940", "2019-05-31": "-5.72820", "2019-02-28": "1.99130", "2018-11-30": "2.61960", "2018-08-31": "2.42630", "2018-05-31": "3.25170", "2018-02-28": "5.94080", "2017-11-30": "2.40420", "2017-08-31": "1.87690", "2017-05-31": "3.29220", "2017-02-28": "1.87980", "2016-11-30": "2.49250", "2016-08-31": "2.56480", "2016-05-31": "-0.25440", "2016-02-29": "2.22330", "2015-11-30": "2.94410", "2015-08-31": "3.07190", "2015-05-31": "-4.01940", "2015-02-28": "2.70220", "2014-11-30": "3.26630", "2014-08-31": "3.28870", "2014-05-31": "4.78190", "2014-02-28": "1.89360", "2013-11-30": "2.46650", "2013-08-31": "2.39780", "2013-05-31": "7.24040", "2013-02-28": "1.99410", "2012-11-30": "2.46290", "2012-08-31": "2.65840", "2012-05-31": "3.44240", "2012-02-29": "2.92370", "2011-11-30": "2.89490", "2011-08-31": "2.71650", "2011-05-31": "3.30430", "2011-02-28": "1.39600", "2010-11-30": "1.74390", "2010-08-31": "2.39400", "2010-05-31": "2.70690", "2010-02-28": "1.48930", "2009-11-30": "2.14470", "2009-08-31": "1.15260", "2009-05-31": "-5.63130", "2009-02-28": "0.55530", "2008-11-30": "3.00630", "2008-08-31": "2.37820", "2008-05-31": "-1.50320", "2008-02-29": "2.42620", "2007-11-30": "3.03800", "2007-08-31": "3.24400", "2007-05-31": "4.16010", "2007-02-28": "2.79720", "2006-11-30": "3.49880", "2006-08-31": "3.36620", "2006-05-31": "4.33490", "2006-02-28": "3.25900", "2005-11-30": "3.73480", "2005-08-31": "2.74780", "2005-05-31": "3.72870", "2005-02-28": "2.74150"}, "Book Value Per Share": {"2020-11-30": "79.37120", "2020-08-31": "74.11500", "2020-05-31": "69.84050", "2020-02-29": "72.08040", "2019-11-30": "71.45790", "2019-08-31": "69.62550", "2019-05-31": "68.08460", "2019-02-28": "76.34650", "2018-11-30": "73.91090", "2018-08-31": "72.75840", "2018-05-31": "73.01310", "2018-02-28": "70.70710", "2017-11-30": "63.66420", "2017-08-31": "61.97320", "2017-05-31": "59.91640", "2017-02-28": "56.78920", "2016-11-30": "54.52350", "2016-08-31": "53.21360", "2016-05-31": "51.91250", "2016-02-29": "53.37450", "2015-11-30": "54.38750", "2015-08-31": "54.12230", "2015-05-31": "53.08570", "2015-02-28": "56.42860", "2014-11-30": "54.93220", "2014-08-31": "53.38470", "2014-05-31": "53.52410", "2014-02-28": "51.52680", "2013-11-30": "56.15450", "2013-08-31": "55.75700", "2013-05-31": "54.95540", "2013-02-28": "50.82650", "2012-11-30": "49.03160", "2012-08-31": "47.39430", "2012-05-31": "46.45740", "2012-02-29": "52.26810", "2011-11-30": "50.21140", "2011-08-31": "49.57100", "2011-05-31": "48.01260", "2011-02-28": "47.08860", "2010-11-30": "46.22540", "2010-08-31": "45.09520", "2010-05-31": "43.98410", "2010-02-28": "45.94250", "2009-11-30": "45.26520", "2009-08-31": "44.04470", "2009-05-31": "43.67310", "2009-02-28": "50.00320", "2008-11-30": "49.77810", "2008-08-31": "48.68170", "2008-05-31": "46.70740", "2008-02-29": "45.78060", "2007-11-30": "44.53070", "2007-08-31": "42.78640", "2007-05-31": "41.09090", "2007-02-28": "42.24030", "2006-11-30": "40.90550", "2006-08-31": "39.15640", "2006-05-31": "37.61770", "2006-02-28": "35.81640", "2005-11-30": "34.23680", "2005-08-31": "32.76900", "2005-05-31": "31.74830", "2005-02-28": "30.20530"}, "Operating Cash Flow Per Share": {"2020-11-30": 9.3625, "2020-08-31": "10.07990", "2020-05-31": 6.9427, "2020-02-29": 4.5955, "2019-11-30": 5.7595, "2019-08-31": "2.15650", "2019-05-31": 8.5461, "2019-02-28": 4.4433, "2018-11-30": 5.5858, "2018-08-31": "2.60590", "2018-05-31": 12.9274, "2018-02-28": -1.251, "2017-11-30": 3.3383, "2017-08-31": "2.16910", "2017-05-31": 8.4992, "2017-02-28": 0.0008, "2016-11-30": 6.1496, "2016-08-31": "3.60970", "2016-05-31": 6.6552, "2016-02-29": 5.1322, "2015-11-30": 4.3322, "2015-08-31": "4.33920", "2015-05-31": 6.5958, "2015-02-28": 4.6063, "2014-11-30": 4.0969, "2014-08-31": "3.39790", "2014-05-31": 5.3574, "2014-02-28": 3.3535, "2013-11-30": 2.1317, "2013-08-31": "2.91220", "2013-05-31": 5.4006, "2013-02-28": 3.934, "2012-11-30": 2.5964, "2012-08-31": "2.85760", "2012-05-31": 5.7049, "2012-02-29": 2.6867, "2011-11-30": 4.1564, "2011-08-31": "2.70440", "2011-05-31": 4.9968, "2011-02-28": 1.3869, "2010-11-30": 3.8369, "2010-08-31": "2.52700", "2010-05-31": 3.9365, "2010-02-28": 1.7354, "2009-11-30": 1.4435, "2009-08-31": "2.87820", "2009-05-31": 1.7051, "2009-02-28": 2.4551, "2008-11-30": 2.4335, "2008-08-31": "2.23000", "2008-05-31": 4.1282, "2008-02-29": 2.9263, "2007-11-30": 1.484, "2007-08-31": "2.56730", "2007-05-31": 4.672, "2007-02-28": 2.4309, "2006-11-30": 2.1892, "2006-08-31": "2.14520", "2006-05-31": 4.7, "2006-02-28": 3.473, "2005-11-30": 1.1429, "2005-08-31": "2.54220", "2005-05-31": 3.7895, "2005-02-28": 6.3636}, "Free Cash Flow Per Share": {"2020-11-30": 4.3006, "2020-08-31": "4.68820", "2020-05-31": 2.5305, "2020-02-29": -0.8549, "2019-11-30": -1.2749, "2019-08-31": "-3.25950", "2019-05-31": 2.1918, "2019-02-28": 0.0969, "2018-11-30": -0.0243, "2018-08-31": "-1.48700", "2018-05-31": 6.8151, "2018-02-28": -6.2121, "2017-11-30": -2.4375, "2017-08-31": "-1.64710", "2017-05-31": 3.5823, "2017-02-28": -3.9712, "2016-11-30": 1.0736, "2016-08-31": "-0.87360", "2016-05-31": 2.365, "2016-02-29": 1.1283, "2015-11-30": -0.4861, "2015-08-31": "0.14690", "2015-05-31": 1.8223, "2015-02-28": 0.878, "2014-11-30": 0.0134, "2014-08-31": "0.92040", "2014-05-31": 2.263, "2014-02-28": 0.3475, "2013-11-30": -1.3449, "2013-08-31": "1.15050", "2013-05-31": 2.4511, "2013-02-28": 2.3406, "2012-11-30": -0.2958, "2012-08-31": "-0.18040", "2012-05-31": 2.5574, "2012-02-29": 0.3956, "2011-11-30": 0.6628, "2011-08-31": "-0.77040", "2011-05-31": 2.9937, "2011-02-28": -0.599, "2010-11-30": 0.5465, "2010-08-31": "-0.67620", "2010-05-31": 1.2702, "2010-02-28": 0.3731, "2009-11-30": -0.6474, "2009-08-31": "0.14100", "2009-05-31": 0.3237, "2009-02-28": 0.5481, "2008-11-30": 0.0681, "2008-08-31": "0.24600", "2008-05-31": 1.5, "2008-02-29": 0.9231, "2007-11-30": -0.859, "2007-08-31": "0.09620", "2007-05-31": 2.3023, "2007-02-28": 0.3408, "2006-11-30": -0.1605, "2006-08-31": "-0.09350", "2006-05-31": 2.629, "2006-02-28": 1.8129, "2005-11-30": -0.8669, "2005-08-31": "0.36690", "2005-05-31": 1.9056, "2005-02-28": 1.0032}}, "revenue": {"FedEx Annual Revenue (Millions of US $)": {"2020": "$69,217", "2019": "$69,693", "2018": "$65,450", "2017": "$60,319", "2016": "$50,365", "2015": "$47,453", "2014": "$45,567", "2013": "$44,287", "2012": "$42,680", "2011": "$39,304", "2010": "$34,734", "2009": "$35,497", "2008": "$37,953", "2007": "$35,214", "2006": "$32,294", "2005": "$29,363"}, "FedEx Quarterly Revenue (Millions of US $)": {"2020-11-30": "$20,563", "2020-08-31": "$19,321", "2020-05-31": "$17,358", "2020-02-29": "$17,487", "2019-11-30": "$17,324", "2019-08-31": "$17,048", "2019-05-31": "$17,807", "2019-02-28": "$17,010", "2018-11-30": "$17,824", "2018-08-31": "$17,052", "2018-05-31": "$17,314", "2018-02-28": "$16,526", "2017-11-30": "$16,313", "2017-08-31": "$15,297", "2017-05-31": "$15,728", "2017-02-28": "$14,997", "2016-11-30": "$14,931", "2016-08-31": "$14,663", "2016-05-31": "$12,979", "2016-02-29": "$12,654", "2015-11-30": "$12,453", "2015-08-31": "$12,279", "2015-05-31": "$12,114", "2015-02-28": "$11,716", "2014-11-30": "$11,939", "2014-08-31": "$11,684", "2014-05-31": "$11,839", "2014-02-28": "$11,301", "2013-11-30": "$11,403", "2013-08-31": "$11,024", "2013-05-31": "$11,435", "2013-02-28": "$10,953", "2012-11-30": "$11,107", "2012-08-31": "$10,792", "2012-05-31": "$11,008", "2012-02-29": "$10,564", "2011-11-30": "$10,587", "2011-08-31": "$10,521", "2011-05-31": "$10,552", "2011-02-28": "$9,663", "2010-11-30": "$9,632", "2010-08-31": "$9,457", "2010-05-31": "$9,428", "2010-02-28": "$8,701", "2009-11-30": "$8,596", "2009-08-31": "$8,009", "2009-05-31": "$7,852", "2009-02-28": "$8,137", "2008-11-30": "$9,538", "2008-08-31": "$9,970", "2008-05-31": "$9,866", "2008-02-29": "$9,437", "2007-11-30": "$9,451", "2007-08-31": "$9,199", "2007-05-31": "$9,151", "2007-02-28": "$8,592", "2006-11-30": "$8,926", "2006-08-31": "$8,545", "2006-05-31": "$8,494", "2006-02-28": "$8,003", "2005-11-30": "$8,090", "2005-08-31": "$7,707", "2005-05-31": "$7,715", "2005-02-28": "$7,339"}}, "gross-profit": {"FedEx Annual Gross Profit (Millions of US $)": {"2020": "$48,595", "2019": "$49,150", "2018": "$46,975", "2017": "$43,916", "2016": "$38,000", "2015": "$35,250", "2014": "$32,999", "2013": "$32,269", "2012": "$31,389", "2011": "$29,479", "2010": "$26,900", "2009": "$27,152", "2008": "$28,910", "2007": "$27,808", "2006": "$25,787", "2005": "$24,111"}, "FedEx Quarterly Gross Profit (Millions of US $)": {"2020-11-30": "$14,531", "2020-08-31": "$13,779", "2020-05-31": "$12,289", "2020-02-29": "$12,050", "2019-11-30": "$12,106", "2019-08-31": "$12,150", "2019-05-31": "$12,775", "2019-02-28": "$11,850", "2018-11-30": "$12,426", "2018-08-31": "$12,099", "2018-05-31": "$12,494", "2018-02-28": "$11,677", "2017-11-30": "$11,655", "2017-08-31": "$11,149", "2017-05-31": "$11,537", "2017-02-28": "$10,764", "2016-11-30": "$10,842", "2016-08-31": "$10,773", "2016-05-31": "$9,983", "2016-02-29": "$9,494", "2015-11-30": "$9,300", "2015-08-31": "$9,223", "2015-05-31": "$9,297", "2015-02-28": "$8,741", "2014-11-30": "$8,702", "2014-08-31": "$8,510", "2014-05-31": "$8,656", "2014-02-28": "$8,075", "2013-11-30": "$8,227", "2013-08-31": "$8,041", "2013-05-31": "$8,416", "2013-02-28": "$7,867", "2012-11-30": "$8,012", "2012-08-31": "$7,974", "2012-05-31": "$8,107", "2012-02-29": "$7,712", "2011-11-30": "$7,811", "2011-08-31": "$7,759", "2011-05-31": "$7,764", "2011-02-28": "$7,168", "2010-11-30": "$7,304", "2010-08-31": "$7,243", "2010-05-31": "$7,243", "2010-02-28": "$6,671", "2009-11-30": "$6,697", "2009-08-31": "$6,289", "2009-05-31": "$6,296", "2009-02-28": "$6,441", "2008-11-30": "$7,251", "2008-08-31": "$7,164", "2008-05-31": "$7,316", "2008-02-29": "$7,129", "2007-11-30": "$7,255", "2007-08-31": "$7,210", "2007-05-31": "$7,276", "2007-02-28": "$6,754", "2006-11-30": "$7,070", "2006-08-31": "$6,708", "2006-05-31": "$6,777", "2006-02-28": "$6,415", "2005-11-30": "$6,387", "2005-08-31": "$6,208", "2005-05-31": "$6,284", "2005-02-28": "$6,021"}}, "operating-income": {"FedEx Annual Operating Income (Millions of US $)": {"2020": "$2,417", "2019": "$4,466", "2018": "$4,272", "2017": "$4,566", "2016": "$3,077", "2015": "$1,867", "2014": "$3,815", "2013": "$4,434", "2012": "$3,186", "2011": "$2,378", "2010": "$1,998", "2009": "$747", "2008": "$2,075", "2007": "$3,276", "2006": "$3,014", "2005": "$2,471"}, "FedEx Quarterly Operating Income (Millions of US $)": {"2020-11-30": "$1,465", "2020-08-31": "$1,590", "2020-05-31": "$475", "2020-02-29": "$411", "2019-11-30": "$554", "2019-08-31": "$977", "2019-05-31": "$1,316", "2019-02-28": "$911", "2018-11-30": "$1,168", "2018-08-31": "$1,071", "2018-05-31": "$1,328", "2018-02-28": "$858", "2017-11-30": "$1,115", "2017-08-31": "$971", "2017-05-31": "$1,110", "2017-02-28": "$1,025", "2016-11-30": "$1,167", "2016-08-31": "$1,264", "2016-05-31": "$-68", "2016-02-29": "$864", "2015-11-30": "$1,137", "2015-08-31": "$1,144", "2015-05-31": "$-1,321", "2015-02-28": "$1,038", "2014-11-30": "$1,088", "2014-08-31": "$1,062", "2014-05-31": "$1,552", "2014-02-28": "$641", "2013-11-30": "$827", "2013-08-31": "$795", "2013-05-31": "$2,385", "2013-02-28": "$589", "2012-11-30": "$718", "2012-08-31": "$742", "2012-05-31": "$856", "2012-02-29": "$813", "2011-11-30": "$780", "2011-08-31": "$737", "2011-05-31": "$888", "2011-02-28": "$393", "2010-11-30": "$469", "2010-08-31": "$628", "2010-05-31": "$696", "2010-02-28": "$416", "2009-11-30": "$571", "2009-08-31": "$315", "2009-05-31": "$-849", "2009-02-28": "$182", "2008-11-30": "$784", "2008-08-31": "$630", "2008-05-31": "$-1,513", "2008-02-29": "$641", "2007-11-30": "$2,133", "2007-08-31": "$814", "2007-05-31": "$1,012", "2007-02-28": "$641", "2006-11-30": "$839", "2006-08-31": "$784", "2006-05-31": "$927", "2006-02-28": "$713", "2005-11-30": "$790", "2005-08-31": "$584", "2005-05-31": "$740", "2005-02-28": "$552"}}, "ebitda": {"FedEx Annual EBITDA (Millions of US $)": {"2020": "$6,467", "2019": "$7,819", "2018": "$7,747", "2017": "$7,561", "2016": "$5,708", "2015": "$4,478", "2014": "$6,402", "2013": "$6,820", "2012": "$5,299", "2011": "$4,351", "2010": "$3,956", "2009": "$2,722", "2008": "$4,021", "2007": "$5,018", "2006": "$4,562", "2005": "$3,933"}, "FedEx Quarterly EBITDA (Millions of US $)": {"2020-11-30": "$2,401", "2020-08-31": "$2,516", "2020-05-31": "$1,837", "2020-02-29": "$1,319", "2019-11-30": "$1,455", "2019-08-31": "$1,856", "2019-05-31": "$2,182", "2019-02-28": "$1,762", "2018-11-30": "$1,996", "2018-08-31": "$1,879", "2018-05-31": "$2,510", "2018-02-28": "$1,644", "2017-11-30": "$1,871", "2017-08-31": "$1,722", "2017-05-31": "$1,864", "2017-02-28": "$1,787", "2016-11-30": "$1,907", "2016-08-31": "$2,003", "2016-05-31": "$599", "2016-02-29": "$1,527", "2015-11-30": "$1,790", "2015-08-31": "$1,792", "2015-05-31": "$-664", "2015-02-28": "$1,690", "2014-11-30": "$1,739", "2014-08-31": "$1,713", "2014-05-31": "$2,201", "2014-02-28": "$1,293", "2013-11-30": "$1,474", "2013-08-31": "$1,434", "2013-05-31": "$3,007", "2013-02-28": "$1,188", "2012-11-30": "$1,310", "2012-08-31": "$1,315", "2012-05-31": "$1,399", "2012-02-29": "$1,356", "2011-11-30": "$1,298", "2011-08-31": "$1,246", "2011-05-31": "$1,387", "2011-02-28": "$886", "2010-11-30": "$971", "2010-08-31": "$1,107", "2010-05-31": "$1,184", "2010-02-28": "$904", "2009-11-30": "$1,058", "2009-08-31": "$810", "2009-05-31": "$-353", "2009-02-28": "$678", "2008-11-30": "$1,275", "2008-08-31": "$1,122", "2008-05-31": "$-1,014", "2008-02-29": "$1,133", "2007-11-30": "$2,615", "2007-08-31": "$1,287", "2007-05-31": "$1,476", "2007-02-28": "$1,090", "2006-11-30": "$1,269", "2006-08-31": "$1,183", "2006-05-31": "$1,330", "2006-02-28": "$1,104", "2005-11-30": "$1,176", "2005-08-31": "$952", "2005-05-31": "$1,111", "2005-02-28": "$920"}}, "net-income": {"FedEx Annual Net Income (Millions of US $)": {"2020": "$1,286", "2019": "$540", "2018": "$4,572", "2017": "$2,997", "2016": "$1,820", "2015": "$1,050", "2014": "$2,324", "2013": "$2,716", "2012": "$2,032", "2011": "$1,452", "2010": "$1,184", "2009": "$98", "2008": "$1,125", "2007": "$2,016", "2006": "$1,806", "2005": "$1,449"}, "FedEx Quarterly Net Income (Millions of US $)": {"2020-11-30": "$1,226", "2020-08-31": "$1,245", "2020-05-31": "$-334", "2020-02-29": "$315", "2019-11-30": "$560", "2019-08-31": "$745", "2019-05-31": "$-1,969", "2019-02-28": "$739", "2018-11-30": "$935", "2018-08-31": "$835", "2018-05-31": "$1,127", "2018-02-28": "$2,074", "2017-11-30": "$775", "2017-08-31": "$596", "2017-05-31": "$1,020", "2017-02-28": "$562", "2016-11-30": "$700", "2016-08-31": "$715", "2016-05-31": "$-70", "2016-02-29": "$507", "2015-11-30": "$691", "2015-08-31": "$692", "2015-05-31": "$-894", "2015-02-28": "$628", "2014-11-30": "$663", "2014-08-31": "$653", "2014-05-31": "$957", "2014-02-28": "$378", "2013-11-30": "$500", "2013-08-31": "$489", "2013-05-31": "$1,458", "2013-02-28": "$361", "2012-11-30": "$438", "2012-08-31": "$459", "2012-05-31": "$550", "2012-02-29": "$521", "2011-11-30": "$497", "2011-08-31": "$464", "2011-05-31": "$558", "2011-02-28": "$231", "2010-11-30": "$283", "2010-08-31": "$380", "2010-05-31": "$419", "2010-02-28": "$239", "2009-11-30": "$345", "2009-08-31": "$181", "2009-05-31": "$-876", "2009-02-28": "$97", "2008-11-30": "$493", "2008-08-31": "$384", "2008-05-31": "$-241", "2008-02-29": "$393", "2007-11-30": "$479", "2007-08-31": "$494", "2007-05-31": "$610", "2007-02-28": "$420", "2006-11-30": "$511", "2006-08-31": "$475", "2006-05-31": "$568", "2006-02-28": "$428", "2005-11-30": "$471", "2005-08-31": "$339", "2005-05-31": "$448", "2005-02-28": "$317"}}, "eps-earnings-per-share-diluted": {"FedEx Annual EPS": {"2020": "$4.90", "2019": "$2.03", "2018": "$16.79", "2017": "$11.07", "2016": "$6.51", "2015": "$3.65", "2014": "$7.48", "2013": "$8.55", "2012": "$6.41", "2011": "$4.57", "2010": "$3.76", "2009": "$0.31", "2008": "$3.60", "2007": "$6.48", "2006": "$5.83", "2005": "$4.72"}, "FedEx Quarterly EPS": {"2020-11-30": "$4.55", "2020-08-31": "$4.72", "2020-05-31": "$-1.27", "2020-02-29": "$1.20", "2019-11-30": "$2.13", "2019-08-31": "$2.84", "2019-05-31": "$-7.38", "2019-02-28": "$2.80", "2018-11-30": "$3.51", "2018-08-31": "$3.10", "2018-05-31": "$4.17", "2018-02-28": "$7.59", "2017-11-30": "$2.84", "2017-08-31": "$2.19", "2017-05-31": "$3.76", "2017-02-28": "$2.07", "2016-11-30": "$2.59", "2016-08-31": "$2.65", "2016-05-31": "$-0.19", "2016-02-29": "$1.84", "2015-11-30": "$2.44", "2015-08-31": "$2.42", "2015-05-31": "$-3.10", "2015-02-28": "$2.18", "2014-11-30": "$2.31", "2014-08-31": "$2.26", "2014-05-31": "$3.15", "2014-02-28": "$1.23", "2013-11-30": "$1.57", "2013-08-31": "$1.53", "2013-05-31": "$4.58", "2013-02-28": "$1.13", "2012-11-30": "$1.39", "2012-08-31": "$1.45", "2012-05-31": "$1.73", "2012-02-29": "$1.65", "2011-11-30": "$1.57", "2011-08-31": "$1.46", "2011-05-31": "$1.75", "2011-02-28": "$0.73", "2010-11-30": "$0.89", "2010-08-31": "$1.20", "2010-05-31": "$1.32", "2010-02-28": "$0.76", "2009-11-30": "$1.10", "2009-08-31": "$0.58", "2009-05-31": "$-2.81", "2009-02-28": "$0.31", "2008-11-30": "$1.58", "2008-08-31": "$1.23", "2008-05-31": "$-0.78", "2008-02-29": "$1.26", "2007-11-30": "$1.54", "2007-08-31": "$1.58", "2007-05-31": "$1.96", "2007-02-28": "$1.35", "2006-11-30": "$1.64", "2006-08-31": "$1.53", "2006-05-31": "$1.82", "2006-02-28": "$1.38", "2005-11-30": "$1.53", "2005-08-31": "$1.10", "2005-05-31": "$1.46", "2005-02-28": "$1.03"}}, "shares-outstanding": {"FedEx Annual Shares Outstanding (Millions of Shares)": {"2020": "262", "2019": "265", "2018": "272", "2017": "270", "2016": "279", "2015": "287", "2014": "310", "2013": "317", "2012": "317", "2011": "317", "2010": "314", "2009": "312", "2008": "312", "2007": "311", "2006": "310", "2005": "307"}, "FedEx Quarterly Shares Outstanding (Millions of Shares)": {"2020-11-30": "269", "2020-08-31": "263", "2020-05-31": "262", "2020-02-29": "262", "2019-11-30": "262", "2019-08-31": "262", "2019-05-31": "265", "2019-02-28": "263", "2018-11-30": "266", "2018-08-31": "269", "2018-05-31": "272", "2018-02-28": "273", "2017-11-30": "272", "2017-08-31": "272", "2017-05-31": "270", "2017-02-28": "271", "2016-11-30": "270", "2016-08-31": "269", "2016-05-31": "279", "2016-02-29": "275", "2015-11-30": "283", "2015-08-31": "286", "2015-05-31": "287", "2015-02-28": "287", "2014-11-30": "287", "2014-08-31": "289", "2014-05-31": "310", "2014-02-28": "307", "2013-11-30": "319", "2013-08-31": "319", "2013-05-31": "317", "2013-02-28": "317", "2012-11-30": "315", "2012-08-31": "316", "2012-05-31": "317", "2012-02-29": "316", "2011-11-30": "316", "2011-08-31": "318", "2011-05-31": "317", "2011-02-28": "317", "2010-11-30": "316", "2010-08-31": "315", "2010-05-31": "314", "2010-02-28": "315", "2009-11-30": "314", "2009-08-31": "312", "2009-05-31": "312", "2009-02-28": "312", "2008-11-30": "312", "2008-08-31": "313", "2008-05-31": "312", "2008-02-29": "312", "2007-11-30": "312", "2007-08-31": "312", "2007-05-31": "311", "2007-02-28": "311", "2006-11-30": "311", "2006-08-31": "310", "2006-05-31": "310", "2006-02-28": "310", "2005-11-30": "308", "2005-08-31": "308", "2005-05-31": "307", "2005-02-28": "308"}}, "total-assets": {"FedEx Annual Total Assets (Millions of US $)": {"2020": "$73,537", "2019": "$54,403", "2018": "$52,330", "2017": "$48,552", "2016": "$45,959", "2015": "$36,531", "2014": "$33,070", "2013": "$33,567", "2012": "$29,903", "2011": "$27,385", "2010": "$24,902", "2009": "$24,244", "2008": "$25,633", "2007": "$24,000", "2006": "$22,690", "2005": "$20,404"}, "FedEx Quarterly Total Assets (Millions of US $)": {"2020-11-30": "$81,156", "2020-08-31": "$77,648", "2020-05-31": "$73,537", "2020-02-29": "$70,014", "2019-11-30": "$69,954", "2019-08-31": "$68,452", "2019-05-31": "$54,403", "2019-02-28": "$54,464", "2018-11-30": "$53,289", "2018-08-31": "$51,901", "2018-05-31": "$52,330", "2018-02-28": "$51,851", "2017-11-30": "$50,281", "2017-08-31": "$49,350", "2017-05-31": "$48,552", "2017-02-28": "$46,781", "2016-11-30": "$46,348", "2016-08-31": "$45,575", "2016-05-31": "$45,959", "2016-02-29": "$37,819", "2015-11-30": "$38,371", "2015-08-31": "$37,245", "2015-05-31": "$36,531", "2015-02-28": "$36,108", "2014-11-30": "$32,984", "2014-08-31": "$32,587", "2014-05-31": "$33,070", "2014-02-28": "$32,729", "2013-11-30": "$33,542", "2013-08-31": "$33,673", "2013-05-31": "$33,567", "2013-02-28": "$31,830", "2012-11-30": "$31,312", "2012-08-31": "$30,691", "2012-05-31": "$29,903", "2012-02-29": "$28,752", "2011-11-30": "$28,452", "2011-08-31": "$27,838", "2011-05-31": "$27,385", "2011-02-28": "$26,202", "2010-11-30": "$26,093", "2010-08-31": "$25,212", "2010-05-31": "$24,902", "2010-02-28": "$24,876", "2009-11-30": "$24,594", "2009-08-31": "$23,857", "2009-05-31": "$24,244", "2009-02-28": "$27,006", "2008-11-30": "$26,384", "2008-08-31": "$26,143", "2008-05-31": "$25,633", "2008-02-29": "$24,596", "2007-11-30": "$24,347", "2007-08-31": "$23,906", "2007-05-31": "$24,000", "2007-02-28": "$24,973", "2006-11-30": "$24,713", "2006-08-31": "$23,878", "2006-05-31": "$22,690", "2006-02-28": "$21,539", "2005-11-30": "$21,211", "2005-08-31": "$20,586", "2005-05-31": "$20,404", "2005-02-28": "$20,375"}}, "cash-on-hand": {"FedEx Annual Cash on Hand (Millions of US $)": {"2020": "$4,881", "2019": "$2,319", "2018": "$3,265", "2017": "$3,969", "2016": "$3,534", "2015": "$3,763", "2014": "$2,908", "2013": "$4,917", "2012": "$2,843", "2011": "$2,328", "2010": "$1,952", "2009": "$2,292", "2008": "$1,539", "2007": "$1,569", "2006": "$1,937", "2005": "$1,039"}, "FedEx Quarterly Cash on Hand (Millions of US $)": {"2020-11-30": "$8,339", "2020-08-31": "$6,954", "2020-05-31": "$4,881", "2020-02-29": "$1,766", "2019-11-30": "$2,031", "2019-08-31": "$2,389", "2019-05-31": "$2,319", "2019-02-28": "$2,872", "2018-11-30": "$2,123", "2018-08-31": "$2,369", "2018-05-31": "$3,265", "2018-02-28": "$2,789", "2017-11-30": "$2,768", "2017-08-31": "$3,503", "2017-05-31": "$3,969", "2017-02-28": "$3,173", "2016-11-30": "$3,059", "2016-08-31": "$2,989", "2016-05-31": "$3,534", "2016-02-29": "$2,841", "2015-11-30": "$3,647", "2015-08-31": "$3,543", "2015-05-31": "$3,763", "2015-02-28": "$3,478", "2014-11-30": "$2,266", "2014-08-31": "$2,416", "2014-05-31": "$2,908", "2014-02-28": "$3,042", "2013-11-30": "$3,935", "2013-08-31": "$5,096", "2013-05-31": "$4,917", "2013-02-28": "$3,372", "2012-11-30": "$2,517", "2012-08-31": "$2,743", "2012-05-31": "$2,843", "2012-02-29": "$2,040", "2011-11-30": "$1,896", "2011-08-31": "$1,959", "2011-05-31": "$2,328", "2011-02-28": "$1,359", "2010-11-30": "$1,877", "2010-08-31": "$1,709", "2010-05-31": "$1,952", "2010-02-28": "$1,549", "2009-11-30": "$1,465", "2009-08-31": "$1,789", "2009-05-31": "$2,292", "2009-02-28": "$2,673", "2008-11-30": "$1,542", "2008-08-31": "$1,573", "2008-05-31": "$1,539", "2008-02-29": "$1,011", "2007-11-30": "$830", "2007-08-31": "$1,112", "2007-05-31": "$1,569", "2007-02-28": "$1,770", "2006-11-30": "$1,855", "2006-08-31": "$2,690", "2006-05-31": "$1,937", "2006-02-28": "$1,121", "2005-11-30": "$786", "2005-08-31": "$1,051", "2005-05-31": "$1,039", "2005-02-28": "$1,084"}}, "long-term-debt": {"FedEx Annual Long Term Debt (Millions of US $)": {"2020": "$21,952", "2019": "$16,617", "2018": "$15,243", "2017": "$14,909", "2016": "$13,733", "2015": "$7,249", "2014": "$4,736", "2013": "$2,739", "2012": "$1,250", "2011": "$1,667", "2010": "$1,668", "2009": "$1,930", "2008": "$1,506", "2007": "$2,007", "2006": "$1,592", "2005": "$2,427"}, "FedEx Quarterly Long Term Debt (Millions of US $)": {"2020-11-30": "$23,221", "2020-08-31": "$23,204", "2020-05-31": "$21,952", "2020-02-29": "$18,973", "2019-11-30": "$18,691", "2019-08-31": "$18,726", "2019-05-31": "$16,617", "2019-02-28": "$17,218", "2018-11-30": "$16,399", "2018-08-31": "$15,241", "2018-05-31": "$15,243", "2018-02-28": "$16,017", "2017-11-30": "$15,180", "2017-08-31": "$15,137", "2017-05-31": "$14,909", "2017-02-28": "$14,713", "2016-11-30": "$13,553", "2016-08-31": "$13,735", "2016-05-31": "$13,733", "2016-02-29": "$8,477", "2015-11-30": "$8,481", "2015-08-31": "$7,244", "2015-05-31": "$7,249", "2015-02-28": "$7,228", "2014-11-30": "$4,735", "2014-08-31": "$4,735", "2014-05-31": "$4,736", "2014-02-28": "$4,735", "2013-11-30": "$2,739", "2013-08-31": "$2,739", "2013-05-31": "$2,739", "2013-02-28": "$1,991", "2012-11-30": "$2,241", "2012-08-31": "$2,242", "2012-05-31": "$1,250", "2012-02-29": "$1,251", "2011-11-30": "$1,251", "2011-08-31": "$1,367", "2011-05-31": "$1,667", "2011-02-28": "$1,667", "2010-11-30": "$1,667", "2010-08-31": "$1,668", "2010-05-31": "$1,668", "2010-02-28": "$1,668", "2009-11-30": "$1,918", "2009-08-31": "$1,918", "2009-05-31": "$1,930", "2009-02-28": "$1,918", "2008-11-30": "$918", "2008-08-31": "$1,007", "2008-05-31": "$1,506", "2008-02-29": "$2,006", "2007-11-30": "$2,007", "2007-08-31": "$2,007", "2007-05-31": "$2,007", "2007-02-28": "$2,005", "2006-11-30": "$2,047", "2006-08-31": "$2,090", "2006-05-31": "$1,592", "2006-02-28": "$2,209", "2005-11-30": "$2,203", "2005-08-31": "$2,408", "2005-05-31": "$2,427", "2005-02-28": "$2,441"}}, "total-liabilities": {"FedEx Annual Total Liabilities (Millions of US $)": {"2020": "$55,242", "2019": "$36,646", "2018": "$32,914", "2017": "$32,479", "2016": "$32,175", "2015": "$21,538", "2014": "$17,793", "2013": "$16,169", "2012": "$15,176", "2011": "$12,165", "2010": "$11,091", "2009": "$10,618", "2008": "$11,107", "2007": "$11,344", "2006": "$11,179", "2005": "$10,816"}, "FedEx Quarterly Total Liabilities (Millions of US $)": {"2020-11-30": "$60,117", "2020-08-31": "$58,186", "2020-05-31": "$55,242", "2020-02-29": "$51,183", "2019-11-30": "$51,295", "2019-08-31": "$50,286", "2019-05-31": "$36,646", "2019-02-28": "$34,570", "2018-11-30": "$33,995", "2018-08-31": "$32,728", "2018-05-31": "$32,914", "2018-02-28": "$32,957", "2017-11-30": "$33,226", "2017-08-31": "$32,732", "2017-05-31": "$32,479", "2017-02-28": "$31,597", "2016-11-30": "$31,817", "2016-08-31": "$31,433", "2016-05-31": "$32,175", "2016-02-29": "$23,492", "2015-11-30": "$23,381", "2015-08-31": "$21,962", "2015-05-31": "$21,538", "2015-02-28": "$20,096", "2014-11-30": "$17,421", "2014-08-31": "$17,466", "2014-05-31": "$17,793", "2014-02-28": "$17,502", "2013-11-30": "$16,009", "2013-08-31": "$16,018", "2013-05-31": "$16,169", "2013-02-28": "$15,718", "2012-11-30": "$15,769", "2012-08-31": "$15,667", "2012-05-31": "$15,176", "2012-02-29": "$12,183", "2011-11-30": "$12,535", "2011-08-31": "$12,124", "2011-05-31": "$12,165", "2011-02-28": "$11,322", "2010-11-30": "$11,532", "2010-08-31": "$11,007", "2010-05-31": "$11,091", "2010-02-28": "$10,496", "2009-11-30": "$10,426", "2009-08-31": "$10,071", "2009-05-31": "$10,618", "2009-02-28": "$11,455", "2008-11-30": "$10,903", "2008-08-31": "$11,003", "2008-05-31": "$11,107", "2008-02-29": "$10,404", "2007-11-30": "$10,587", "2007-08-31": "$10,685", "2007-05-31": "$11,344", "2007-02-28": "$11,963", "2006-11-30": "$12,155", "2006-08-31": "$11,857", "2006-05-31": "$11,179", "2006-02-28": "$10,615", "2005-11-30": "$10,803", "2005-08-31": "$10,657", "2005-05-31": "$10,816", "2005-02-28": "$11,253"}}, "total-share-holder-equity": {"FedEx Annual Share Holder Equity (Millions of US $)": {"2020": "$18,295", "2019": "$17,757", "2018": "$19,416", "2017": "$16,073", "2016": "$13,784", "2015": "$14,993", "2014": "$15,277", "2013": "$17,398", "2012": "$14,727", "2011": "$15,220", "2010": "$13,811", "2009": "$13,626", "2008": "$14,526", "2007": "$12,656", "2006": "$11,511", "2005": "$9,588"}, "FedEx Quarterly Share Holder Equity (Millions of US $)": {"2020-11-30": "$21,039", "2020-08-31": "$19,462", "2020-05-31": "$18,295", "2020-02-29": "$18,831", "2019-11-30": "$18,659", "2019-08-31": "$18,166", "2019-05-31": "$17,757", "2019-02-28": "$19,894", "2018-11-30": "$19,294", "2018-08-31": "$19,173", "2018-05-31": "$19,416", "2018-02-28": "$18,894", "2017-11-30": "$17,055", "2017-08-31": "$16,618", "2017-05-31": "$16,073", "2017-02-28": "$15,184", "2016-11-30": "$14,531", "2016-08-31": "$14,142", "2016-05-31": "$13,784", "2016-02-29": "$14,327", "2015-11-30": "$14,990", "2015-08-31": "$15,283", "2015-05-31": "$14,993", "2015-02-28": "$16,012", "2014-11-30": "$15,563", "2014-08-31": "$15,121", "2014-05-31": "$15,277", "2014-02-28": "$15,227", "2013-11-30": "$17,533", "2013-08-31": "$17,655", "2013-05-31": "$17,398", "2013-02-28": "$16,112", "2012-11-30": "$15,543", "2012-08-31": "$15,024", "2012-05-31": "$14,727", "2012-02-29": "$16,569", "2011-11-30": "$15,917", "2011-08-31": "$15,714", "2011-05-31": "$15,220", "2011-02-28": "$14,880", "2010-11-30": "$14,561", "2010-08-31": "$14,205", "2010-05-31": "$13,811", "2010-02-28": "$14,380", "2009-11-30": "$14,168", "2009-08-31": "$13,786", "2009-05-31": "$13,626", "2009-02-28": "$15,551", "2008-11-30": "$15,481", "2008-08-31": "$15,140", "2008-05-31": "$14,526", "2008-02-29": "$14,192", "2007-11-30": "$13,760", "2007-08-31": "$13,221", "2007-05-31": "$12,656", "2007-02-28": "$13,010", "2006-11-30": "$12,558", "2006-08-31": "$12,021", "2006-05-31": "$11,511", "2006-02-28": "$10,924", "2005-11-30": "$10,408", "2005-08-31": "$9,929", "2005-05-31": "$9,588", "2005-02-28": "$9,122"}}, "profit-margins": {"current": "3.28%"}, "gross margin": {"2020-11-30": "70.45%", "2020-08-31": "70.25%", "2020-05-31": "70.21%", "2020-02-29": "70.45%", "2019-11-30": "70.65%", "2019-08-31": "70.60%", "2019-05-31": "70.52%", "2019-02-28": "70.62%", "2018-11-30": "70.87%", "2018-08-31": "71.31%", "2018-05-31": "71.77%", "2018-02-28": "72.06%", "2017-11-30": "72.36%", "2017-08-31": "72.67%", "2017-05-31": "72.81%", "2017-02-28": "73.58%", "2016-11-30": "74.41%", "2016-08-31": "74.98%", "2016-05-31": "75.45%", "2016-02-29": "75.38%", "2015-11-30": "75.29%", "2015-08-31": "74.85%", "2015-05-31": "74.28%", "2015-02-28": "73.36%", "2014-11-30": "72.59%", "2014-08-31": "72.40%", "2014-05-31": "72.42%", "2014-02-28": "72.54%", "2013-11-30": "72.63%", "2013-08-31": "72.63%", "2013-05-31": "72.86%", "2013-02-28": "72.87%", "2012-11-30": "73.16%", "2012-08-31": "73.58%", "2012-05-31": "73.54%", "2012-02-29": "73.53%", "2011-11-30": "73.81%", "2011-08-31": "74.30%", "2011-05-31": "75.00%", "2011-02-28": "75.85%", "2010-11-30": "76.47%", "2010-08-31": "76.98%", "2010-05-31": "77.45%", "2010-02-28": "78.27%", "2009-11-30": "78.92%", "2009-08-31": "78.35%", "2009-05-31": "76.49%", "2009-02-28": "75.10%", "2008-11-30": "74.36%", "2008-08-31": "74.54%", "2008-05-31": "76.17%", "2008-02-29": "77.53%", "2007-11-30": "78.30%", "2007-08-31": "78.93%", "2007-05-31": "78.97%", "2007-02-28": "79.03%", "2006-11-30": "79.40%", "2006-08-31": "79.34%", "2006-05-31": "79.85%", "2006-02-28": "80.26%", "2005-11-30": "80.71%"}, "operating margin": {"2020-11-30": "5.27%", "2020-08-31": "4.24%", "2020-05-31": "3.49%", "2020-02-29": "4.68%", "2019-11-30": "5.43%", "2019-08-31": "6.27%", "2019-05-31": "6.41%", "2019-02-28": "6.47%", "2018-11-30": "6.44%", "2018-08-31": "6.51%", "2018-05-31": "6.53%", "2018-02-28": "6.35%", "2017-11-30": "6.77%", "2017-08-31": "7.01%", "2017-05-31": "7.57%", "2017-02-28": "5.89%", "2016-11-30": "5.84%", "2016-08-31": "6.06%", "2016-05-31": "6.11%", "2016-02-29": "3.68%", "2015-11-30": "4.11%", "2015-08-31": "4.06%", "2015-05-31": "3.93%", "2015-02-28": "10.05%", "2014-11-30": "9.29%", "2014-08-31": "8.83%", "2014-05-31": "8.37%", "2014-02-28": "10.29%", "2013-11-30": "10.26%", "2013-08-31": "10.08%", "2013-05-31": "10.01%", "2013-02-28": "6.62%", "2012-11-30": "7.20%", "2012-08-31": "7.43%", "2012-05-31": "7.46%", "2012-02-29": "7.62%", "2011-11-30": "6.77%", "2011-08-31": "6.16%", "2011-05-31": "6.05%", "2011-02-28": "5.73%", "2010-11-30": "5.94%", "2010-08-31": "6.39%", "2010-05-31": "5.75%", "2010-02-28": "1.37%", "2009-11-30": "0.67%", "2009-08-31": "1.29%", "2009-05-31": "2.10%", "2009-02-28": "0.22%", "2008-11-30": "1.40%", "2008-08-31": "4.88%", "2008-05-31": "5.47%", "2008-02-29": "12.35%", "2007-11-30": "12.64%", "2007-08-31": "9.22%", "2007-05-31": "9.30%", "2007-02-28": "9.23%", "2006-11-30": "9.61%", "2006-08-31": "9.70%", "2006-05-31": "9.33%", "2006-02-28": "8.97%", "2005-11-30": "8.64%"}, "ebitda margin": {"2020-11-30": "10.80%", "2020-08-31": "9.97%", "2020-05-31": "9.34%", "2020-02-29": "9.78%", "2019-11-30": "10.49%", "2019-08-31": "11.19%", "2019-05-31": "11.22%", "2019-02-28": "11.77%", "2018-11-30": "11.68%", "2018-08-31": "11.76%", "2018-05-31": "11.84%", "2018-02-28": "11.12%", "2017-11-30": "11.62%", "2017-08-31": "11.94%", "2017-05-31": "12.54%", "2017-02-28": "10.94%", "2016-11-30": "10.93%", "2016-08-31": "11.22%", "2016-05-31": "11.33%", "2016-02-29": "8.98%", "2015-11-30": "9.49%", "2015-08-31": "9.48%", "2015-05-31": "9.44%", "2015-02-28": "15.56%", "2014-11-30": "14.85%", "2014-08-31": "14.45%", "2014-05-31": "14.05%", "2014-02-28": "15.96%", "2013-11-30": "15.85%", "2013-08-31": "15.59%", "2013-05-31": "15.40%", "2013-02-28": "11.88%", "2012-11-30": "12.38%", "2012-08-31": "12.50%", "2012-05-31": "12.42%", "2012-02-29": "12.52%", "2011-11-30": "11.66%", "2011-08-31": "11.12%", "2011-05-31": "11.07%", "2011-02-28": "10.86%", "2010-11-30": "11.19%", "2010-08-31": "11.75%", "2010-05-31": "11.39%", "2010-02-28": "7.30%", "2009-11-30": "6.73%", "2009-08-31": "7.19%", "2009-05-31": "7.67%", "2009-02-28": "5.49%", "2008-11-30": "6.48%", "2008-08-31": "9.96%", "2008-05-31": "10.59%", "2008-02-29": "17.48%", "2007-11-30": "17.77%", "2007-08-31": "14.28%", "2007-05-31": "14.25%", "2007-02-28": "14.10%", "2006-11-30": "14.38%", "2006-08-31": "14.47%", "2006-05-31": "14.13%", "2006-02-28": "13.78%", "2005-11-30": "13.48%"}, "pre tax profit margin": {"2020-11-30": "4.17%", "2020-08-31": "3.19%", "2020-05-31": "2.41%", "2020-02-29": "-0.81%", "2019-11-30": "-0.08%", "2019-08-31": "0.79%", "2019-05-31": "0.94%", "2019-02-28": "6.60%", "2018-11-30": "6.56%", "2018-08-31": "6.65%", "2018-05-31": "6.65%", "2018-02-28": "6.98%", "2017-11-30": "7.19%", "2017-08-31": "7.25%", "2017-05-31": "7.59%", "2017-02-28": "5.10%", "2016-11-30": "5.11%", "2016-08-31": "5.30%", "2016-05-31": "5.44%", "2016-02-29": "3.04%", "2015-11-30": "3.52%", "2015-08-31": "3.54%", "2015-05-31": "3.43%", "2015-02-28": "9.64%", "2014-11-30": "8.89%", "2014-08-31": "8.45%", "2014-05-31": "8.03%", "2014-02-28": "9.98%", "2013-11-30": "9.99%", "2013-08-31": "9.83%", "2013-05-31": "9.80%", "2013-02-28": "6.45%", "2012-11-30": "7.04%", "2012-08-31": "7.32%", "2012-05-31": "7.36%", "2012-02-29": "7.48%", "2011-11-30": "6.60%", "2011-08-31": "5.91%", "2011-05-31": "5.76%", "2011-02-28": "5.43%", "2010-11-30": "5.62%", "2010-08-31": "6.09%", "2010-05-31": "5.45%", "2010-02-28": "1.05%", "2009-11-30": "0.39%", "2009-08-31": "1.05%", "2009-05-31": "1.91%", "2009-02-28": "3.69%", "2008-11-30": "4.77%", "2008-08-31": "4.77%", "2008-05-31": "5.31%", "2008-02-29": "8.53%", "2007-11-30": "8.73%", "2007-08-31": "9.01%", "2007-05-31": "9.13%", "2007-02-28": "9.05%", "2006-11-30": "9.37%", "2006-08-31": "9.42%", "2006-05-31": "8.98%", "2006-02-28": "8.58%", "2005-11-30": "8.21%"}, "net profit margin": {"2020-11-30": "3.28%", "2020-08-31": "2.50%", "2020-05-31": "1.86%", "2020-02-29": "-0.50%", "2019-11-30": "0.11%", "2019-08-31": "0.65%", "2019-05-31": "0.77%", "2019-02-28": "5.25%", "2018-11-30": "7.23%", "2018-08-31": "7.16%", "2018-05-31": "6.99%", "2018-02-28": "6.99%", "2017-11-30": "4.74%", "2017-08-31": "4.72%", "2017-05-31": "4.97%", "2017-02-28": "3.31%", "2016-11-30": "3.35%", "2016-08-31": "3.49%", "2016-05-31": "3.61%", "2016-02-29": "2.01%", "2015-11-30": "2.30%", "2015-08-31": "2.27%", "2015-05-31": "2.21%", "2015-02-28": "6.15%", "2014-11-30": "5.67%", "2014-08-31": "5.38%", "2014-05-31": "5.10%", "2014-02-28": "6.26%", "2013-11-30": "6.27%", "2013-08-31": "6.17%", "2013-05-31": "6.13%", "2013-02-28": "4.12%", "2012-11-30": "4.53%", "2012-08-31": "4.72%", "2012-05-31": "4.76%", "2012-02-29": "4.83%", "2011-11-30": "4.23%", "2011-08-31": "3.80%", "2011-05-31": "3.69%", "2011-02-28": "3.44%", "2010-11-30": "3.55%", "2010-08-31": "3.82%", "2010-05-31": "3.41%", "2010-02-28": "-0.33%", "2009-11-30": "-0.78%", "2009-08-31": "-0.31%", "2009-05-31": "0.28%", "2009-02-28": "1.95%", "2008-11-30": "2.65%", "2008-08-31": "2.62%", "2008-05-31": "2.96%", "2008-02-29": "5.31%", "2007-11-30": "5.50%", "2007-08-31": "5.67%", "2007-05-31": "5.72%", "2007-02-28": "5.71%", "2006-11-30": "5.83%", "2006-08-31": "5.86%", "2006-05-31": "5.59%", "2006-02-28": "5.35%", "2005-11-30": "5.11%"}, "pe ratio": {"current": "18.70", "2021-02-05": "27.75", "2020-11-30": "31.11", "2020-08-31": "32.30", "2020-05-31": "26.43", "2020-02-29": "0.00", "2019-11-30": "747.51", "2019-08-31": "97.45", "2019-05-31": "81.15", "2019-02-28": "12.94", "2018-11-30": "12.06", "2018-08-31": "13.30", "2018-05-31": "14.28", "2018-02-28": "14.44", "2017-11-30": "20.42", "2017-08-31": "19.31", "2017-05-31": "16.70", "2017-02-28": "26.02", "2016-11-30": "26.66", "2016-08-31": "23.40", "2016-05-31": "24.18", "2016-02-29": "36.44", "2015-11-30": "40.21", "2015-08-31": "41.49", "2015-05-31": "52.58", "2015-02-28": "19.04", "2014-11-30": "21.03", "2014-08-31": "18.78", "2014-05-31": "19.82", "2014-02-28": "23.54", "2013-11-30": "24.94", "2013-08-31": "19.97", "2013-05-31": "18.18", "2013-02-28": "17.15", "2012-11-30": "13.35", "2012-08-31": "12.66", "2012-05-31": "12.83", "2012-02-29": "12.90", "2011-11-30": "13.87", "2011-08-31": "14.97", "2011-05-31": "18.79", "2011-02-28": "19.87", "2010-11-30": "19.97", "2010-08-31": "16.24", "2010-05-31": "20.20", "2010-02-28": "0.00", "2009-11-30": "0.00", "2009-08-31": "0.00", "2009-05-31": "167.47", "2009-02-28": "16.68", "2008-11-30": "19.37", "2008-08-31": "22.95", "2008-05-31": "22.92", "2008-02-29": "12.49", "2007-11-30": "13.75", "2007-08-31": "15.06", "2007-05-31": "15.43", "2007-02-28": "16.13", "2006-11-30": "16.21"}, "price sales": {"2021-02-05": "0.90", "2020-11-30": "1.01", "2020-08-31": "0.80", "2020-05-31": "0.49", "2020-02-29": "0.52", "2019-11-30": "0.60", "2019-08-31": "0.59", "2019-05-31": "0.57", "2019-02-28": "0.68", "2018-11-30": "0.87", "2018-08-31": "0.95", "2018-05-31": "1.00", "2018-02-28": "1.01", "2017-11-30": "0.96", "2017-08-31": "0.91", "2017-05-31": "0.83", "2017-02-28": "0.87", "2016-11-30": "0.90", "2016-08-31": "0.82", "2016-05-31": "0.87", "2016-02-29": "0.74", "2015-11-30": "0.88", "2015-08-31": "0.84", "2015-05-31": "0.98", "2015-02-28": "1.03", "2014-11-30": "1.06", "2014-08-31": "0.91", "2014-05-31": "0.93", "2014-02-28": "0.87", "2013-11-30": "0.92", "2013-08-31": "0.71", "2013-05-31": "0.64", "2013-02-28": "0.70", "2012-11-30": "0.60", "2012-08-31": "0.60", "2012-05-31": "0.61", "2012-02-29": "0.62", "2011-11-30": "0.59", "2011-08-31": "0.57", "2011-05-31": "0.69", "2011-02-28": "0.68", "2010-11-30": "0.71", "2010-08-31": "0.62", "2010-05-31": "0.69", "2010-02-28": "0.73", "2009-11-30": "0.74", "2009-08-31": "0.58", "2009-05-31": "0.44", "2009-02-28": "0.32", "2008-11-30": "0.51", "2008-08-31": "0.60", "2008-05-31": "0.68", "2008-02-29": "0.66", "2007-11-30": "0.76", "2007-08-31": "0.85", "2007-05-31": "0.88", "2007-02-28": "0.92", "2006-11-30": "0.94"}, "price book": {"current": "3.21", "2021-02-05": "3.21", "2020-11-30": "3.60", "2020-08-31": "2.95", "2020-05-31": "1.85", "2020-02-29": "1.93", "2019-11-30": "2.20", "2019-08-31": "2.23", "2019-05-31": "2.20", "2019-02-28": "2.30", "2018-11-30": "2.99", "2018-08-31": "3.23", "2018-05-31": "3.28", "2018-02-28": "3.34", "2017-11-30": "3.48", "2017-08-31": "3.30", "2017-05-31": "3.08", "2017-02-28": "3.23", "2016-11-30": "3.34", "2016-08-31": "2.93", "2016-05-31": "3.00", "2016-02-29": "2.42", "2015-11-30": "2.74", "2015-08-31": "2.61", "2015-05-31": "3.06", "2015-02-28": "2.94", "2014-11-30": "3.04", "2014-08-31": "2.59", "2014-05-31": "2.51", "2014-02-28": "2.41", "2013-11-30": "2.30", "2013-08-31": "1.79", "2013-05-31": "1.63", "2013-02-28": "1.92", "2012-11-30": "1.69", "2012-08-31": "1.71", "2012-05-31": "1.77", "2012-02-29": "1.59", "2011-11-30": "1.52", "2011-08-31": "1.46", "2011-05-31": "1.79", "2011-02-28": "1.75", "2010-11-30": "1.81", "2010-08-31": "1.58", "2010-05-31": "1.73", "2010-02-28": "1.68", "2009-11-30": "1.70", "2009-08-31": "1.42", "2009-05-31": "1.15", "2009-02-28": "0.78", "2008-11-30": "1.28", "2008-08-31": "1.53", "2008-05-31": "1.77", "2008-02-29": "1.73", "2007-11-30": "1.98", "2007-08-31": "2.30", "2007-05-31": "2.43", "2007-02-28": "2.42", "2006-11-30": "2.52", "2006-08-31": "2.31", "2006-05-31": "2.59", "2006-02-28": "2.67"}, "price fcf": {"2021-02-05": "", "2020-11-30": "$10.66", "2020-08-31": "$5.09", "2020-05-31": "$-2.86", "2020-02-29": "$-3.20", "2019-11-30": "$-2.25", "2019-08-31": "$-1.00", "2019-05-31": "$0.78", "2019-02-28": "$5.40", "2018-11-30": "$-0.91", "2018-08-31": "$-3.32", "2018-05-31": "$-3.48", "2018-02-28": "$-6.71", "2017-11-30": "$-4.47", "2017-08-31": "$-0.96", "2017-05-31": "$-0.19", "2017-02-28": "$-1.41", "2016-11-30": "$3.69", "2016-08-31": "$2.13", "2016-05-31": "$3.15", "2016-02-29": "$2.61", "2015-11-30": "$2.36", "2015-08-31": "$2.86", "2015-05-31": "$3.63", "2015-02-28": "$4.07", "2014-11-30": "$3.54", "2014-08-31": "$2.19", "2014-05-31": "$2.42", "2014-02-28": "$2.60", "2013-11-30": "$4.60", "2013-08-31": "$5.65", "2013-05-31": "$4.32", "2013-02-28": "$4.42", "2012-11-30": "$2.48", "2012-08-31": "$3.44", "2012-05-31": "$2.85", "2012-02-29": "$3.28", "2011-11-30": "$2.29", "2011-08-31": "$2.17", "2011-05-31": "$2.27", "2011-02-28": "$0.54", "2010-11-30": "$1.51", "2010-08-31": "$0.32", "2010-05-31": "$1.14", "2010-02-28": "$0.19", "2009-11-30": "$0.37", "2009-08-31": "$1.08", "2009-05-31": "$1.19", "2009-02-28": "$2.36", "2008-11-30": "$2.74", "2008-08-31": "$1.81", "2008-05-31": "$1.66", "2008-02-29": "$2.46", "2007-11-30": "$1.88", "2007-08-31": "$2.58", "2007-05-31": "$2.39", "2007-02-28": "$2.72", "2006-11-30": "$3.69"}, "net worth": {"value": "$67.6B"}, "current ratio": {"current": "1.76", "2020-11-30": "1.76", "2020-08-31": "1.69", "2020-05-31": "1.58", "2020-02-29": "1.22", "2019-11-30": "1.25", "2019-08-31": "1.31", "2019-05-31": "1.45", "2019-02-28": "1.46", "2018-11-30": "1.42", "2018-08-31": "1.32", "2018-05-31": "1.39", "2018-02-28": "1.43", "2017-11-30": "1.57", "2017-08-31": "1.63", "2017-05-31": "1.60", "2017-02-28": "1.60", "2016-11-30": "1.54", "2016-08-31": "1.53", "2016-05-31": "1.50", "2016-02-29": "1.72", "2015-11-30": "1.87", "2015-08-31": "1.83", "2015-05-31": "1.74", "2015-02-28": "2.00", "2014-11-30": "1.78", "2014-08-31": "1.80", "2014-05-31": "1.82", "2014-02-28": "1.95", "2013-11-30": "2.01", "2013-08-31": "2.08", "2013-05-31": "1.96", "2013-02-28": "1.91", "2012-11-30": "1.90", "2012-08-31": "1.85", "2012-05-31": "1.69", "2012-02-29": "1.59", "2011-11-30": "1.52", "2011-08-31": "1.60", "2011-05-31": "1.70", "2011-02-28": "1.58", "2010-11-30": "1.52", "2010-08-31": "1.55", "2010-05-31": "1.57", "2010-02-28": "1.53", "2009-11-30": "1.56", "2009-08-31": "1.64", "2009-05-31": "1.57", "2009-02-28": "1.51", "2008-11-30": "1.24", "2008-08-31": "1.30", "2008-05-31": "1.35", "2008-02-29": "1.39", "2007-11-30": "1.29", "2007-08-31": "1.33", "2007-05-31": "1.22", "2007-02-28": "1.17", "2006-11-30": "1.15", "2006-08-31": "1.31", "2006-05-31": "1.18", "2006-02-28": "1.22", "2005-11-30": "1.11", "2005-08-31": "1.16", "2005-05-31": "1.11", "2005-02-28": "1.02"}, "quick ratio": {"2020-11-30": "1.71", "2020-08-31": "1.64", "2020-05-31": "1.53", "2020-02-29": "1.16", "2019-11-30": "1.20", "2019-08-31": "1.25", "2019-05-31": "1.39", "2019-02-28": "1.40", "2018-11-30": "1.36", "2018-08-31": "1.26", "2018-05-31": "1.33", "2018-02-28": "1.37", "2017-11-30": "1.50", "2017-08-31": "1.57", "2017-05-31": "1.53", "2017-02-28": "1.53", "2016-11-30": "1.48", "2016-08-31": "1.46", "2016-05-31": "1.44", "2016-02-29": "1.64", "2015-11-30": "1.79", "2015-08-31": "1.75", "2015-05-31": "1.65", "2015-02-28": "1.91", "2014-11-30": "1.69", "2014-08-31": "1.70", "2014-05-31": "1.74", "2014-02-28": "1.86", "2013-11-30": "1.93", "2013-08-31": "2.00", "2013-05-31": "1.88", "2013-02-28": "1.82", "2012-11-30": "1.80", "2012-08-31": "1.75", "2012-05-31": "1.60", "2012-02-29": "1.50", "2011-11-30": "1.44", "2011-08-31": "1.52", "2011-05-31": "1.61", "2011-02-28": "1.49", "2010-11-30": "1.44", "2010-08-31": "1.47", "2010-05-31": "1.48", "2010-02-28": "1.44", "2009-11-30": "1.47", "2009-08-31": "1.55", "2009-05-31": "1.49", "2009-02-28": "1.43", "2008-11-30": "1.16", "2008-08-31": "1.23", "2008-05-31": "1.27", "2008-02-29": "1.31", "2007-11-30": "1.21", "2007-08-31": "1.25", "2007-05-31": "1.16", "2007-02-28": "1.12", "2006-11-30": "1.09", "2006-08-31": "1.25", "2006-05-31": "1.13", "2006-02-28": "1.16", "2005-11-30": "1.05", "2005-08-31": "1.10", "2005-05-31": "1.06", "2005-02-28": "0.97"}, "debt equity ratio": {"current": "1.10", "2020-11-30": "2.86", "2020-08-31": "2.99", "2020-05-31": "3.02", "2020-02-29": "2.72", "2019-11-30": "2.75", "2019-08-31": "2.77", "2019-05-31": "2.06", "2019-02-28": "1.74", "2018-11-30": "1.76", "2018-08-31": "1.71", "2018-05-31": "1.70", "2018-02-28": "1.74", "2017-11-30": "1.95", "2017-08-31": "1.97", "2017-05-31": "2.02", "2017-02-28": "2.08", "2016-11-30": "2.19", "2016-08-31": "2.22", "2016-05-31": "2.33", "2016-02-29": "1.64", "2015-11-30": "1.56", "2015-08-31": "1.44", "2015-05-31": "1.44", "2015-02-28": "1.26", "2014-11-30": "1.12", "2014-08-31": "1.16", "2014-05-31": "1.17", "2014-02-28": "1.15", "2013-11-30": "0.91", "2013-08-31": "0.91", "2013-05-31": "0.93", "2013-02-28": "0.98", "2012-11-30": "1.02", "2012-08-31": "1.04", "2012-05-31": "1.03", "2012-02-29": "0.74", "2011-11-30": "0.79", "2011-08-31": "0.77", "2011-05-31": "0.80", "2011-02-28": "0.76", "2010-11-30": "0.79", "2010-08-31": "0.78", "2010-05-31": "0.80", "2010-02-28": "0.73", "2009-11-30": "0.74", "2009-08-31": "0.73", "2009-05-31": "0.78", "2009-02-28": "0.74", "2008-11-30": "0.70", "2008-08-31": "0.73", "2008-05-31": "0.77", "2008-02-29": "0.73", "2007-11-30": "0.77", "2007-08-31": "0.81", "2007-05-31": "0.90", "2007-02-28": "0.92", "2006-11-30": "0.97", "2006-08-31": "0.99", "2006-05-31": "0.97", "2006-02-28": "0.97", "2005-11-30": "1.04", "2005-08-31": "1.07", "2005-05-31": "1.13", "2005-02-28": "1.23"}, "return on equity": {"2020-11-30": "12.63%", "2020-08-31": "9.49%", "2020-05-31": "6.96%", "2020-02-29": "-1.90%", "2019-11-30": "0.40%", "2019-08-31": "2.40%", "2019-05-31": "2.84%", "2019-02-28": "18.70%", "2018-11-30": "25.90%", "2018-08-31": "25.82%", "2018-05-31": "25.41%", "2018-02-28": "26.02%", "2017-11-30": "18.19%", "2017-08-31": "18.45%", "2017-05-31": "20.00%", "2017-02-28": "13.23%", "2016-11-30": "13.05%", "2016-08-31": "12.88%", "2016-05-31": "12.47%", "2016-02-29": "6.69%", "2015-11-30": "7.29%", "2015-08-31": "7.04%", "2015-05-31": "6.81%", "2015-02-28": "18.72%", "2014-11-30": "17.33%", "2014-08-31": "15.76%", "2014-05-31": "14.15%", "2014-02-28": "16.66%", "2013-11-30": "16.35%", "2013-08-31": "16.47%", "2013-05-31": "16.95%", "2013-02-28": "11.78%", "2012-11-30": "12.72%", "2012-08-31": "13.03%", "2012-05-31": "12.92%", "2012-02-29": "12.87%", "2011-11-30": "11.34%", "2011-08-31": "10.18%", "2011-05-31": "9.87%", "2011-02-28": "9.14%", "2010-11-30": "9.28%", "2010-08-31": "9.78%", "2010-05-31": "8.44%", "2010-02-28": "-0.79%", "2009-11-30": "-1.77%", "2009-08-31": "-0.72%", "2009-05-31": "0.66%", "2009-02-28": "4.83%", "2008-11-30": "6.94%", "2008-08-31": "7.05%", "2008-05-31": "8.08%", "2008-02-29": "14.68%", "2007-11-30": "15.22%", "2007-08-31": "15.82%", "2007-05-31": "16.05%", "2007-02-28": "16.08%", "2006-11-30": "16.86%", "2006-08-31": "17.31%", "2006-05-31": "16.89%", "2006-02-28": "16.51%", "2005-11-30": "16.13%"}, "return on assets": {"2020-11-30": "3.24%", "2020-08-31": "2.45%", "2020-05-31": "1.82%", "2020-02-29": "-0.53%", "2019-11-30": "0.12%", "2019-08-31": "0.78%", "2019-05-31": "1.01%", "2019-02-28": "6.86%", "2018-11-30": "9.50%", "2018-08-31": "9.33%", "2018-05-31": "8.97%", "2018-02-28": "8.93%", "2017-11-30": "6.06%", "2017-08-31": "6.03%", "2017-05-31": "6.40%", "2017-02-28": "4.13%", "2016-11-30": "4.22%", "2016-08-31": "4.40%", "2016-05-31": "4.57%", "2016-02-29": "2.66%", "2015-11-30": "3.01%", "2015-08-31": "3.05%", "2015-05-31": "3.04%", "2015-02-28": "8.61%", "2014-11-30": "8.07%", "2014-08-31": "7.54%", "2014-05-31": "6.99%", "2014-02-28": "8.46%", "2013-11-30": "8.47%", "2013-08-31": "8.42%", "2013-05-31": "8.53%", "2013-02-28": "5.84%", "2012-11-30": "6.52%", "2012-08-31": "6.88%", "2012-05-31": "7.07%", "2012-02-29": "7.26%", "2011-11-30": "6.37%", "2011-08-31": "5.71%", "2011-05-31": "5.54%", "2011-02-28": "5.13%", "2010-11-30": "5.23%", "2010-08-31": "5.56%", "2010-05-31": "4.82%", "2010-02-28": "-0.46%", "2009-11-30": "-1.02%", "2009-08-31": "-0.41%", "2009-05-31": "0.38%", "2009-02-28": "2.79%", "2008-11-30": "4.01%", "2008-08-31": "4.03%", "2008-05-31": "4.57%", "2008-02-29": "8.16%", "2007-11-30": "8.24%", "2007-08-31": "8.34%", "2007-05-31": "8.27%", "2007-02-28": "8.20%", "2006-11-30": "8.54%", "2006-08-31": "8.70%", "2006-05-31": "8.40%", "2006-02-28": "8.05%", "2005-11-30": "7.63%"}, "return on investments": {"2020-11-30": "9.56%", "2020-08-31": "7.67%", "2020-05-31": "6.35%", "2020-02-29": "8.90%", "2019-11-30": "10.32%", "2019-08-31": "12.14%", "2019-05-31": "12.62%", "2019-02-28": "12.62%", "2018-11-30": "12.67%", "2018-08-31": "12.84%", "2018-05-31": "12.79%", "2018-02-28": "12.49%", "2017-11-30": "13.52%", "2017-08-31": "14.16%", "2017-05-31": "15.63%", "2017-02-28": "11.95%", "2016-11-30": "12.15%", "2016-08-31": "12.58%", "2016-05-31": "12.78%", "2016-02-29": "8.01%", "2015-11-30": "8.74%", "2015-08-31": "8.83%", "2015-05-31": "8.72%", "2015-02-28": "22.73%", "2014-11-30": "21.68%", "2014-08-31": "20.38%", "2014-05-31": "18.92%", "2014-02-28": "23.02%", "2013-11-30": "23.30%", "2013-08-31": "23.49%", "2013-05-31": "24.20%", "2013-02-28": "16.81%", "2012-11-30": "18.18%", "2012-08-31": "18.71%", "2012-05-31": "18.73%", "2012-02-29": "18.67%", "2011-11-30": "16.54%", "2011-08-31": "14.90%", "2011-05-31": "14.51%", "2011-02-28": "13.64%", "2010-11-30": "13.89%", "2010-08-31": "14.56%", "2010-05-31": "12.62%", "2010-02-28": "2.86%", "2009-11-30": "1.35%", "2009-08-31": "2.65%", "2009-05-31": "4.56%", "2009-02-28": "0.50%", "2008-11-30": "3.35%", "2008-08-31": "11.79%", "2008-05-31": "13.13%", "2008-02-29": "29.75%", "2007-11-30": "30.33%", "2007-08-31": "22.22%", "2007-05-31": "22.44%", "2007-02-28": "22.46%", "2006-11-30": "23.75%", "2006-08-31": "24.28%", "2006-05-31": "23.55%", "2006-02-28": "22.57%", "2005-11-30": "21.98%"}, "return on tangible equity": {"2020-11-30": "19.19%", "2020-08-31": "14.71%", "2020-05-31": "10.93%", "2020-02-29": "-3.03%", "2019-11-30": "0.64%", "2019-08-31": "3.78%", "2019-05-31": "4.45%", "2019-02-28": "29.02%", "2018-11-30": "40.94%", "2018-08-31": "41.92%", "2018-05-31": "42.69%", "2018-02-28": "45.43%", "2017-11-30": "32.75%", "2017-08-31": "33.91%", "2017-05-31": "37.38%", "2017-02-28": "25.27%", "2016-11-30": "22.75%", "2016-08-31": "20.40%", "2016-05-31": "18.08%", "2016-02-29": "8.97%", "2015-11-30": "9.70%", "2015-08-31": "9.13%", "2015-05-31": "8.65%", "2015-02-28": "23.27%", "2014-11-30": "21.14%", "2014-08-31": "19.10%", "2014-05-31": "16.99%", "2014-02-28": "19.87%", "2013-11-30": "19.46%", "2013-08-31": "19.71%", "2013-05-31": "20.47%", "2013-02-28": "14.25%", "2012-11-30": "15.27%", "2012-08-31": "15.50%", "2012-05-31": "15.25%", "2012-02-29": "15.16%", "2011-11-30": "13.40%", "2011-08-31": "12.03%", "2011-05-31": "11.67%", "2011-02-28": "10.83%", "2010-11-30": "10.99%", "2010-08-31": "11.60%", "2010-05-31": "10.02%", "2010-02-28": "-0.94%", "2009-11-30": "-2.19%", "2009-08-31": "-0.92%", "2009-05-31": "0.87%", "2009-02-28": "6.67%", "2008-11-30": "9.78%", "2008-08-31": "10.20%", "2008-05-31": "12.08%", "2008-02-29": "22.75%", "2007-11-30": "23.63%", "2007-08-31": "24.50%", "2007-05-31": "24.66%", "2007-02-28": "24.54%", "2006-11-30": "26.05%", "2006-08-31": "27.33%", "2006-05-31": "27.56%", "2006-02-28": "27.89%", "2005-11-30": "28.41%"}, "dividend yield history": {"last payout": "$2.60", "last yield": "1.02%"}}