{"ticker": "FFIV", "price": {"title": "F5 Networks Historical Annual Stock Price Data", "value": 206.27, "historical": {"2021": {"Average Stock Price": "196.0536", "Year Open": "175.8500", "Year High": "208.5600", "Year Low": "175.8500", "Year Close": "206.2700", "Annual % Change": "17.24%"}, "2020": {"Average Stock Price": "135.9230", "Year Open": "140.7600", "Year High": "176.4400", "Year Low": "90.5500", "Year Close": "175.9400", "Annual % Change": "25.99%"}, "2019": {"Average Stock Price": "147.2724", "Year Open": "161.1800", "Year High": "172.0800", "Year Low": "122.0700", "Year Close": "139.6500", "Annual % Change": "-13.81%"}, "2018": {"Average Stock Price": "166.3475", "Year Open": "132.5800", "Year High": "199.4200", "Year Low": "132.5800", "Year Close": "162.0300", "Annual % Change": "23.48%"}, "2017": {"Average Stock Price": "129.5977", "Year Open": "144.8000", "Year High": "148.7900", "Year Low": "115.5600", "Year Close": "131.2200", "Annual % Change": "-9.33%"}, "2016": {"Average Stock Price": "115.2052", "Year Open": "96.9300", "Year High": "146.5600", "Year Low": "86.9600", "Year Close": "144.7200", "Annual % Change": "49.26%"}, "2015": {"Average Stock Price": "117.7710", "Year Open": "130.3300", "Year High": "134.3100", "Year Low": "96.3100", "Year Close": "96.9600", "Annual % Change": "-25.68%"}, "2014": {"Average Stock Price": "114.0088", "Year Open": "88.8900", "Year High": "135.1100", "Year Low": "87.7800", "Year Close": "130.4650", "Annual % Change": "43.59%"}, "2013": {"Average Stock Price": "85.9518", "Year Open": "101.1100", "Year High": "107.6600", "Year Low": "68.0200", "Year Close": "90.8600", "Annual % Change": "-6.47%"}, "2012": {"Average Stock Price": "108.2069", "Year Open": "105.9400", "Year High": "138.0600", "Year Low": "81.7800", "Year Close": "97.1500", "Annual % Change": "-8.45%"}, "2011": {"Average Stock Price": "102.1894", "Year Open": "134.3300", "Year High": "144.1700", "Year Low": "69.2500", "Year Close": "106.1200", "Annual % Change": "-18.47%"}, "2010": {"Average Stock Price": "83.9054", "Year Open": "53.9800", "Year High": "143.0900", "Year Low": "48.3600", "Year Close": "130.1600", "Annual % Change": "145.72%"}, "2009": {"Average Stock Price": "33.8843", "Year Open": "23.2200", "Year High": "52.9700", "Year Low": "18.5700", "Year Close": "52.9700", "Annual % Change": "131.71%"}, "2008": {"Average Stock Price": "25.2436", "Year Open": "27.0100", "Year High": "35.3000", "Year Low": "18.0500", "Year Close": "22.8600", "Annual % Change": "-19.85%"}, "2007": {"Average Stock Price": "36.8689", "Year Open": "36.8600", "Year High": "45.6000", "Year Low": "26.1200", "Year Close": "28.5200", "Annual % Change": "-23.14%"}, "2006": {"Average Stock Price": "29.4825", "Year Open": "30.8950", "Year High": "38.4700", "Year Low": "20.5050", "Year Close": "37.1050", "Annual % Change": "29.76%"}, "2005": {"Average Stock Price": "23.8857", "Year Open": "23.5250", "Year High": "29.0250", "Year Low": "17.8150", "Year Close": "28.5950", "Annual % Change": "17.39%"}, "2004": {"Average Stock Price": "15.9130", "Year Open": "13.0250", "Year High": "24.4800", "Year Low": "10.8900", "Year Close": "24.3600", "Annual % Change": "94.10%"}, "2003": {"Average Stock Price": "8.9374", "Year Open": "6.0400", "Year High": "13.0450", "Year Low": "5.8150", "Year Close": "12.5500", "Annual % Change": "133.71%"}, "2002": {"Average Stock Price": "7.0477", "Year Open": "10.6450", "Year High": "13.1050", "Year Low": "3.3900", "Year Close": "5.3700", "Annual % Change": "-50.14%"}, "2001": {"Average Stock Price": "6.7855", "Year Open": "5.1250", "Year High": "13.7250", "Year Low": "1.8750", "Year Close": "10.7700", "Annual % Change": "126.74%"}, "2000": {"Average Stock Price": "27.3378", "Year Open": "59.7500", "Year High": "66.7500", "Year Low": "4.7500", "Year Close": "4.7500", "Annual % Change": "-91.67%"}}}, "market cap": {"value": "$12.66B"}, "income statement": {"Revenue": {"2020-09-30": "2350.82200", "2019-09-30": "2242.44700", "2018-09-30": "2161.40700", "2017-09-30": "2090.04100", "2016-09-30": "1995.03400", "2015-09-30": "1919.82300", "2014-09-30": "1732.04600", "2013-09-30": "1481.31400", "2012-09-30": "1377.24700", "2011-09-30": "1151.83400", "2010-09-30": "881.97200", "2009-09-30": "653.07900", "2008-09-30": "650.17300", "2007-09-30": "525.66700", "2006-09-30": "394.04900", "2005-09-30": "281.41000"}, "Cost Of Goods Sold": {"2020-09-30": "407.88700", "2019-09-30": "356.57700", "2018-09-30": "361.48100", "2017-09-30": "353.48500", "2016-09-30": "337.20500", "2015-09-30": "332.26100", "2014-09-30": "309.95900", "2013-09-30": "253.04700", "2012-09-30": "236.16800", "2011-09-30": "208.00400", "2010-09-30": "171.95200", "2009-09-30": "142.72600", "2008-09-30": "149.01800", "2007-09-30": "118.32400", "2006-09-30": "88.15300", "2005-09-30": "65.18400"}, "Gross Profit": {"2020-09-30": "1942.93500", "2019-09-30": "1885.87000", "2018-09-30": "1799.92600", "2017-09-30": "1736.55600", "2016-09-30": "1657.82900", "2015-09-30": "1587.56200", "2014-09-30": "1422.08700", "2013-09-30": "1228.26700", "2012-09-30": "1141.07900", "2011-09-30": "943.83000", "2010-09-30": "710.02000", "2009-09-30": "510.35300", "2008-09-30": "501.15500", "2007-09-30": "407.34300", "2006-09-30": "305.89600", "2005-09-30": "216.22600"}, "Research And Development Expenses": {"2020-09-30": "441.32400", "2019-09-30": "408.05800", "2018-09-30": "366.08400", "2017-09-30": "350.36500", "2016-09-30": "334.22700", "2015-09-30": "296.58300", "2014-09-30": "263.79200", "2013-09-30": "209.61400", "2012-09-30": "177.40600", "2011-09-30": "138.91000", "2010-09-30": "118.31400", "2009-09-30": "103.66400", "2008-09-30": "103.39400", "2007-09-30": "69.03000", "2006-09-30": "49.17100", "2005-09-30": "31.51600"}, "SG&A Expenses": {"2020-09-30": "1101.54400", "2019-09-30": "959.34900", "2018-09-30": "824.51700", "2017-09-30": "809.12600", "2016-09-30": "767.17400", "2015-09-30": "738.08000", "2014-09-30": "664.73800", "2013-09-30": "585.44200", "2012-09-30": "537.37000", "2011-09-30": "454.25800", "2010-09-30": "361.70400", "2009-09-30": "280.43600", "2008-09-30": "293.17600", "2007-09-30": "224.81100", "2006-09-30": "166.58700", "2005-09-30": "115.35200"}, "Other Operating Income Or Expenses": {"2020-09-30": "", "2019-09-30": "", "2018-09-30": "", "2017-09-30": "-0.39100", "2016-09-30": "-9.05100", "2015-09-30": "", "2014-09-30": "", "2013-09-30": "-2.39300", "2012-09-30": "", "2011-09-30": "", "2010-09-30": "", "2009-09-30": "", "2008-09-30": "-5.27100", "2007-09-30": "", "2006-09-30": "", "2005-09-30": ""}, "Operating Expenses": {"2020-09-30": "1958.55500", "2019-09-30": "1723.98400", "2018-09-30": "1570.50800", "2017-09-30": "1526.08500", "2016-09-30": "1447.65700", "2015-09-30": "1366.92400", "2014-09-30": "1238.48900", "2013-09-30": "1050.49600", "2012-09-30": "950.94400", "2011-09-30": "801.17200", "2010-09-30": "651.97000", "2009-09-30": "531.15500", "2008-09-30": "550.85900", "2007-09-30": "426.16500", "2006-09-30": "303.91100", "2005-09-30": "212.05200"}, "Operating Income": {"2020-09-30": "392.26710", "2019-09-30": "518.46300", "2018-09-30": "590.89890", "2017-09-30": "563.95590", "2016-09-30": "547.37710", "2015-09-30": "552.89900", "2014-09-30": "493.55700", "2013-09-30": "430.81800", "2012-09-30": "426.30300", "2011-09-30": "350.66200", "2010-09-30": "230.00200", "2009-09-30": "121.92400", "2008-09-30": "99.31400", "2007-09-30": "99.50200", "2006-09-30": "90.13800", "2005-09-30": "69.35800"}, "Total Non-Operating Income/Expense": {"2020-09-30": "4.13000", "2019-09-30": "22.64800", "2018-09-30": "12.86100", "2017-09-30": "11.56100", "2016-09-30": "2.51400", "2015-09-30": "8.44500", "2014-09-30": "3.78500", "2013-09-30": "7.27400", "2012-09-30": "5.91100", "2011-09-30": "10.08900", "2010-09-30": "7.62500", "2009-09-30": "9.72400", "2008-09-30": "18.95000", "2007-09-30": "28.19100", "2006-09-30": "17.43100", "2005-09-30": "8.07600"}, "Pre-Tax Income": {"2020-09-30": "396.39700", "2019-09-30": "541.11100", "2018-09-30": "603.76000", "2017-09-30": "575.51700", "2016-09-30": "549.89100", "2015-09-30": "561.34400", "2014-09-30": "497.34200", "2013-09-30": "438.09200", "2012-09-30": "432.21400", "2011-09-30": "360.75100", "2010-09-30": "237.62700", "2009-09-30": "131.64800", "2008-09-30": "118.26400", "2007-09-30": "127.69300", "2006-09-30": "107.56900", "2005-09-30": "77.43400"}, "Income Taxes": {"2020-09-30": "88.95600", "2019-09-30": "113.37700", "2018-09-30": "150.07100", "2017-09-30": "154.75600", "2016-09-30": "184.03600", "2015-09-30": "196.33000", "2014-09-30": "186.15900", "2013-09-30": "160.77800", "2012-09-30": "157.02800", "2011-09-30": "119.35400", "2010-09-30": "86.47400", "2009-09-30": "40.11300", "2008-09-30": "43.93300", "2007-09-30": "50.69300", "2006-09-30": "41.56400", "2005-09-30": "30.53200"}, "Income After Taxes": {"2020-09-30": "307.44100", "2019-09-30": "427.73400", "2018-09-30": "453.68900", "2017-09-30": "420.76100", "2016-09-30": "365.85500", "2015-09-30": "365.01400", "2014-09-30": "311.18300", "2013-09-30": "277.31400", "2012-09-30": "275.18600", "2011-09-30": "241.39700", "2010-09-30": "151.15300", "2009-09-30": "91.53500", "2008-09-30": "74.33100", "2007-09-30": "77.00000", "2006-09-30": "66.00500", "2005-09-30": "46.90200"}, "Other Income": {"2020-09-30": "", "2019-09-30": "", "2018-09-30": "", "2017-09-30": "", "2016-09-30": "", "2015-09-30": "", "2014-09-30": "", "2013-09-30": "", "2012-09-30": "", "2011-09-30": "", "2010-09-30": "", "2009-09-30": "", "2008-09-30": "", "2007-09-30": "", "2006-09-30": "", "2005-09-30": ""}, "Income From Continuous Operations": {"2020-09-30": "307.44100", "2019-09-30": "427.73400", "2018-09-30": "453.68900", "2017-09-30": "420.76100", "2016-09-30": "365.85500", "2015-09-30": "365.01400", "2014-09-30": "311.18300", "2013-09-30": "277.31400", "2012-09-30": "275.18600", "2011-09-30": "241.39700", "2010-09-30": "151.15300", "2009-09-30": "91.53500", "2008-09-30": "74.33100", "2007-09-30": "77.00000", "2006-09-30": "66.00500", "2005-09-30": "46.90200"}, "Income From Discontinued Operations": {"2020-09-30": "", "2019-09-30": "", "2018-09-30": "", "2017-09-30": "", "2016-09-30": "", "2015-09-30": "", "2014-09-30": "", "2013-09-30": "", "2012-09-30": "", "2011-09-30": "", "2010-09-30": "", "2009-09-30": "", "2008-09-30": "", "2007-09-30": "", "2006-09-30": "", "2005-09-30": ""}, "Net Income": {"2020-09-30": "307.44100", "2019-09-30": "427.73400", "2018-09-30": "453.68900", "2017-09-30": "420.76100", "2016-09-30": "365.85500", "2015-09-30": "365.01400", "2014-09-30": "311.18300", "2013-09-30": "277.31400", "2012-09-30": "275.18600", "2011-09-30": "241.39700", "2010-09-30": "151.15300", "2009-09-30": "91.53500", "2008-09-30": "74.33100", "2007-09-30": "77.00000", "2006-09-30": "66.00500", "2005-09-30": "46.90200"}, "EBITDA": {"2020-09-30": "488.12410", "2019-09-30": "586.97000", "2018-09-30": "650.39000", "2017-09-30": "625.10390", "2016-09-30": "604.15310", "2015-09-30": "605.48210", "2014-09-30": "539.67800", "2013-09-30": "470.82300", "2012-09-30": "461.44200", "2011-09-30": "371.54900", "2010-09-30": "253.83500", "2009-09-30": "148.33100", "2008-09-30": "122.93700", "2007-09-30": "115.36400", "2006-09-30": "101.72300", "2005-09-30": "76.15500"}, "EBIT": {"2020-09-30": "392.26710", "2019-09-30": "518.46300", "2018-09-30": "590.89890", "2017-09-30": "563.95590", "2016-09-30": "547.37710", "2015-09-30": "552.89900", "2014-09-30": "493.55700", "2013-09-30": "430.81800", "2012-09-30": "426.30300", "2011-09-30": "350.66200", "2010-09-30": "230.00200", "2009-09-30": "121.92400", "2008-09-30": "99.31400", "2007-09-30": "99.50200", "2006-09-30": "90.13800", "2005-09-30": "69.35800"}, "Basic Shares Outstanding": {"2020-09-30": "60.91100", "2019-09-30": "60.04400", "2018-09-30": "61.26200", "2017-09-30": "64.17300", "2016-09-30": "67.43300", "2015-09-30": "71.94400", "2014-09-30": "75.39500", "2013-09-30": "78.56500", "2012-09-30": "79.13500", "2011-09-30": "80.65800", "2010-09-30": "79.60900", "2009-09-30": "78.84200", "2008-09-30": "82.29000", "2007-09-30": "83.20500", "2006-09-30": "80.27800", "2005-09-30": "74.44000"}, "Shares Outstanding": {"2020-09-30": "61.37800", "2019-09-30": "60.45600", "2018-09-30": "62.01300", "2017-09-30": "64.77500", "2016-09-30": "67.98400", "2015-09-30": "72.54700", "2014-09-30": "76.09200", "2013-09-30": "79.13600", "2012-09-30": "79.78000", "2011-09-30": "81.48200", "2010-09-30": "81.04900", "2009-09-30": "80.07300", "2008-09-30": "83.42800", "2007-09-30": "85.13700", "2006-09-30": "83.02000", "2005-09-30": "77.52200"}, "Basic EPS": {"2020-09-30": "5.05000", "2019-09-30": "7.12000", "2018-09-30": "7.41000", "2017-09-30": "6.56000", "2016-09-30": "5.43000", "2015-09-30": "5.07000", "2014-09-30": "4.13000", "2013-09-30": "3.53000", "2012-09-30": "3.48000", "2011-09-30": "2.99000", "2010-09-30": "1.90000", "2009-09-30": "1.16000", "2008-09-30": "0.90000", "2007-09-30": "0.93000", "2006-09-30": "0.82000", "2005-09-30": "0.63000"}, "EPS - Earnings Per Share": {"2020-09-30": "5.01000", "2019-09-30": "7.08000", "2018-09-30": "7.32000", "2017-09-30": "6.50000", "2016-09-30": "5.38000", "2015-09-30": "5.03000", "2014-09-30": "4.09000", "2013-09-30": "3.50000", "2012-09-30": "3.45000", "2011-09-30": "2.96000", "2010-09-30": "1.86000", "2009-09-30": "1.14000", "2008-09-30": "0.89000", "2007-09-30": "0.90000", "2006-09-30": "0.80000", "2005-09-30": "0.61000"}}, "income statement, quarterly": {"Revenue": {"2020-12-31": "624.61700", "2020-09-30": "614.81610", "2020-06-30": "583.25200", "2020-03-31": "583.44900", "2019-12-31": "569.30500", "2019-09-30": "590.38790", "2019-06-30": "563.39400", "2019-03-31": "544.89500", "2018-12-31": "543.77000", "2018-09-30": "562.70890", "2018-06-30": "542.20300", "2018-03-31": "533.30400", "2017-12-31": "523.19100", "2017-09-30": "537.99800", "2017-06-30": "517.83700", "2017-03-31": "518.24800", "2016-12-31": "515.95800", "2016-09-30": "525.34910", "2016-06-30": "496.52200", "2016-03-31": "483.67700", "2015-12-31": "489.48600", "2015-09-30": "501.30110", "2015-06-30": "483.58600", "2015-03-31": "472.14300", "2014-12-31": "462.79300", "2014-09-30": "465.26600", "2014-06-30": "440.28500", "2014-03-31": "420.04300", "2013-12-31": "406.45200", "2013-09-30": "395.32900", "2013-06-30": "370.30200", "2013-03-31": "350.23200", "2012-12-31": "365.45100", "2012-09-30": "362.55890", "2012-06-30": "352.63400", "2012-03-31": "339.62200", "2011-12-31": "322.43200", "2011-09-30": "314.61500", "2011-06-30": "290.71300", "2011-03-31": "277.57200", "2010-12-31": "268.93400", "2010-09-30": "254.27400", "2010-06-30": "230.47400", "2010-03-31": "206.06800", "2009-12-31": "191.15600", "2009-09-30": "175.13000", "2009-06-30": "158.23100", "2009-03-31": "154.14900", "2008-12-31": "165.56900", "2008-09-30": "171.26300", "2008-06-30": "165.58500", "2008-03-31": "159.14100", "2007-12-31": "154.18400", "2007-09-30": "145.60700", "2007-06-30": "132.42500", "2007-03-31": "127.60500", "2006-12-31": "120.03000", "2006-09-30": "111.71700", "2006-06-30": "100.12900", "2006-03-31": "94.11600", "2005-12-31": "88.08700", "2005-09-30": "80.60700", "2005-06-30": "73.06400", "2005-03-31": "67.73000"}, "Cost Of Goods Sold": {"2020-12-31": "114.97900", "2020-09-30": "111.96700", "2020-06-30": "106.04000", "2020-03-31": "101.23800", "2019-12-31": "88.64200", "2019-09-30": "90.91800", "2019-06-30": "90.76700", "2019-03-31": "88.17800", "2018-12-31": "86.71400", "2018-09-30": "93.44000", "2018-06-30": "91.00900", "2018-03-31": "89.64500", "2017-12-31": "87.38700", "2017-09-30": "90.54100", "2017-06-30": "89.77000", "2017-03-31": "87.91200", "2016-12-31": "85.26200", "2016-09-30": "84.94900", "2016-06-30": "84.34300", "2016-03-31": "82.23000", "2015-12-31": "85.68300", "2015-09-30": "84.65800", "2015-06-30": "85.65900", "2015-03-31": "82.59600", "2014-12-31": "79.34800", "2014-09-30": "81.95200", "2014-06-30": "79.46200", "2014-03-31": "75.66200", "2013-12-31": "72.88300", "2013-09-30": "66.94300", "2013-06-30": "64.91700", "2013-03-31": "60.30200", "2012-12-31": "60.88500", "2012-09-30": "62.68100", "2012-06-30": "60.28700", "2012-03-31": "57.59400", "2011-12-31": "55.60600", "2011-09-30": "55.92000", "2011-06-30": "52.44800", "2011-03-31": "50.67300", "2010-12-31": "48.96300", "2010-09-30": "46.82800", "2010-06-30": "44.57900", "2010-03-31": "41.41600", "2009-12-31": "39.12900", "2009-09-30": "36.45600", "2009-06-30": "33.66500", "2009-03-31": "36.58200", "2008-12-31": "36.02300", "2008-09-30": "38.91300", "2008-06-30": "38.17800", "2008-03-31": "36.68800", "2007-12-31": "35.23900", "2007-09-30": "33.34800", "2007-06-30": "29.63700", "2007-03-31": "28.81500", "2006-12-31": "26.52400", "2006-09-30": "24.78100", "2006-06-30": "22.51800", "2006-03-31": "21.28700", "2005-12-31": "19.56700", "2005-09-30": "18.47800", "2005-06-30": "17.06400", "2005-03-31": "15.72800"}, "Gross Profit": {"2020-12-31": "509.63800", "2020-09-30": "502.84910", "2020-06-30": "477.21200", "2020-03-31": "482.21100", "2019-12-31": "480.66300", "2019-09-30": "499.46990", "2019-06-30": "472.62700", "2019-03-31": "456.71700", "2018-12-31": "457.05600", "2018-09-30": "469.26890", "2018-06-30": "451.19400", "2018-03-31": "443.65900", "2017-12-31": "435.80400", "2017-09-30": "447.45710", "2017-06-30": "428.06700", "2017-03-31": "430.33600", "2016-12-31": "430.69600", "2016-09-30": "440.40010", "2016-06-30": "412.17900", "2016-03-31": "401.44700", "2015-12-31": "403.80300", "2015-09-30": "416.64300", "2015-06-30": "397.92700", "2015-03-31": "389.54700", "2014-12-31": "383.44500", "2014-09-30": "383.31410", "2014-06-30": "360.82300", "2014-03-31": "344.38100", "2013-12-31": "333.56900", "2013-09-30": "328.38600", "2013-06-30": "305.38500", "2013-03-31": "289.93000", "2012-12-31": "304.56600", "2012-09-30": "299.87790", "2012-06-30": "292.34700", "2012-03-31": "282.02800", "2011-12-31": "266.82600", "2011-09-30": "258.69500", "2011-06-30": "238.26500", "2011-03-31": "226.89900", "2010-12-31": "219.97100", "2010-09-30": "207.44600", "2010-06-30": "185.89500", "2010-03-31": "164.65200", "2009-12-31": "152.02700", "2009-09-30": "138.67400", "2009-06-30": "124.56600", "2009-03-31": "117.56700", "2008-12-31": "129.54600", "2008-09-30": "132.34990", "2008-06-30": "127.40700", "2008-03-31": "122.45300", "2007-12-31": "118.94500", "2007-09-30": "112.25900", "2007-06-30": "102.78800", "2007-03-31": "98.79000", "2006-12-31": "93.50600", "2006-09-30": "86.93600", "2006-06-30": "77.61100", "2006-03-31": "72.82900", "2005-12-31": "68.52000", "2005-09-30": "62.12900", "2005-06-30": "56.00000", "2005-03-31": "52.00200"}, "Research And Development Expenses": {"2020-12-31": "114.19100", "2020-09-30": "120.30000", "2020-06-30": "115.99100", "2020-03-31": "109.02800", "2019-12-31": "96.00500", "2019-09-30": "102.81200", "2019-06-30": "116.89400", "2019-03-31": "96.31400", "2018-12-31": "92.03800", "2018-09-30": "95.07800", "2018-06-30": "94.06100", "2018-03-31": "91.05600", "2017-12-31": "85.88900", "2017-09-30": "85.47900", "2017-06-30": "88.60200", "2017-03-31": "89.23400", "2016-12-31": "87.05000", "2016-09-30": "83.74600", "2016-06-30": "83.04200", "2016-03-31": "86.29400", "2015-12-31": "81.14500", "2015-09-30": "77.66500", "2015-06-30": "74.33700", "2015-03-31": "74.52100", "2014-12-31": "70.06000", "2014-09-30": "65.40100", "2014-06-30": "67.02600", "2014-03-31": "67.23200", "2013-12-31": "64.13300", "2013-09-30": "54.46400", "2013-06-30": "54.07500", "2013-03-31": "52.53400", "2012-12-31": "48.54100", "2012-09-30": "47.73100", "2012-06-30": "46.98500", "2012-03-31": "43.56800", "2011-12-31": "39.12200", "2011-09-30": "36.55200", "2011-06-30": "35.24500", "2011-03-31": "34.50700", "2010-12-31": "32.60600", "2010-09-30": "31.57100", "2010-06-30": "30.88900", "2010-03-31": "29.13400", "2009-12-31": "26.72000", "2009-09-30": "25.51500", "2009-06-30": "25.07000", "2009-03-31": "25.97700", "2008-12-31": "27.10200", "2008-09-30": "26.36700", "2008-06-30": "26.27700", "2008-03-31": "26.41800", "2007-12-31": "24.33200", "2007-09-30": "19.92900", "2007-06-30": "17.47600", "2007-03-31": "17.08600", "2006-12-31": "14.53900", "2006-09-30": "13.90000", "2006-06-30": "12.51700", "2006-03-31": "12.27600", "2005-12-31": "10.47800", "2005-09-30": "9.16900", "2005-06-30": "7.58400", "2005-03-31": "7.78900"}, "SG&A Expenses": {"2020-12-31": "277.69900", "2020-09-30": "283.93600", "2020-06-30": "273.60000", "2020-03-31": "289.48500", "2019-12-31": "254.52300", "2019-09-30": "281.94400", "2019-06-30": "252.99300", "2019-03-31": "217.61000", "2018-12-31": "206.80200", "2018-09-30": "202.17300", "2018-06-30": "205.18000", "2018-03-31": "209.24600", "2017-12-31": "207.91800", "2017-09-30": "199.90000", "2017-06-30": "200.32000", "2017-03-31": "202.71400", "2016-12-31": "206.19200", "2016-09-30": "193.39100", "2016-06-30": "190.80200", "2016-03-31": "191.27200", "2015-12-31": "191.70900", "2015-09-30": "191.37900", "2015-06-30": "183.46000", "2015-03-31": "182.17100", "2014-12-31": "181.07000", "2014-09-30": "170.43200", "2014-06-30": "167.71800", "2014-03-31": "166.28500", "2013-12-31": "160.30300", "2013-09-30": "146.34790", "2013-06-30": "147.23300", "2013-03-31": "144.92000", "2012-12-31": "146.94100", "2012-09-30": "140.31300", "2012-06-30": "135.36200", "2012-03-31": "133.78000", "2011-12-31": "127.91500", "2011-09-30": "122.81200", "2011-06-30": "114.75900", "2011-03-31": "109.17800", "2010-12-31": "107.50900", "2010-09-30": "99.57200", "2010-06-30": "94.87700", "2010-03-31": "85.66000", "2009-12-31": "81.59500", "2009-09-30": "73.01400", "2009-06-30": "68.19100", "2009-03-31": "63.98800", "2008-12-31": "75.24300", "2008-09-30": "75.09300", "2008-06-30": "73.94200", "2008-03-31": "72.53700", "2007-12-31": "71.60400", "2007-09-30": "59.36100", "2007-06-30": "57.53300", "2007-03-31": "56.04400", "2006-12-31": "51.87300", "2006-09-30": "49.47600", "2006-06-30": "42.53900", "2006-03-31": "38.31000", "2005-12-31": "36.26200", "2005-09-30": "34.43200", "2005-06-30": "29.53500", "2005-03-31": "26.73900"}, "Other Operating Income Or Expenses": {"2020-12-31": "", "2020-09-30": "", "2020-06-30": "", "2020-03-31": "", "2019-12-31": "", "2019-09-30": "", "2019-06-30": "", "2019-03-31": "", "2018-12-31": "", "2018-09-30": "", "2018-06-30": "", "2018-03-31": "", "2017-12-31": "", "2017-09-30": "-0.52500", "2017-06-30": "-0.00100", "2017-03-31": "0.13500", "2016-12-31": "", "2016-09-30": "-0.63000", "2016-06-30": "0.52700", "2016-03-31": "-8.94800", "2015-12-31": "", "2015-09-30": "", "2015-06-30": "", "2015-03-31": "", "2014-12-31": "", "2014-09-30": "", "2014-06-30": "", "2014-03-31": "", "2013-12-31": "", "2013-09-30": "", "2013-06-30": "", "2013-03-31": "", "2012-12-31": "", "2012-09-30": "", "2012-06-30": "", "2012-03-31": "", "2011-12-31": "", "2011-09-30": "", "2011-06-30": "", "2011-03-31": "", "2010-12-31": "", "2010-09-30": "", "2010-06-30": "", "2010-03-31": "", "2009-12-31": "", "2009-09-30": "", "2009-06-30": "", "2009-03-31": "", "2008-12-31": "", "2008-09-30": "", "2008-06-30": "", "2008-03-31": "", "2007-12-31": "", "2007-09-30": "", "2007-06-30": "", "2007-03-31": "", "2006-12-31": "", "2006-09-30": "", "2006-06-30": "", "2006-03-31": "", "2005-12-31": "", "2005-09-30": "", "2005-06-30": "", "2005-03-31": ""}, "Operating Expenses": {"2020-12-31": "506.86900", "2020-09-30": "516.20300", "2020-06-30": "495.63100", "2020-03-31": "499.75100", "2019-12-31": "446.97000", "2019-09-30": "475.67410", "2019-06-30": "460.65400", "2019-03-31": "402.10200", "2018-12-31": "385.55400", "2018-09-30": "409.11700", "2018-06-30": "390.25000", "2018-03-31": "389.94700", "2017-12-31": "381.19400", "2017-09-30": "389.16310", "2017-06-30": "378.69300", "2017-03-31": "379.72500", "2016-12-31": "378.50400", "2016-09-30": "362.71590", "2016-06-30": "357.66000", "2016-03-31": "368.74400", "2015-12-31": "358.53700", "2015-09-30": "353.70200", "2015-06-30": "343.45600", "2015-03-31": "339.28800", "2014-12-31": "330.47800", "2014-09-30": "317.78500", "2014-06-30": "314.20600", "2014-03-31": "309.17900", "2013-12-31": "297.31900", "2013-09-30": "270.14800", "2013-06-30": "266.22500", "2013-03-31": "257.75600", "2012-12-31": "256.36700", "2012-09-30": "250.72490", "2012-06-30": "242.63400", "2012-03-31": "234.94200", "2011-12-31": "222.64300", "2011-09-30": "215.28400", "2011-06-30": "202.45200", "2011-03-31": "194.35800", "2010-12-31": "189.07800", "2010-09-30": "177.97100", "2010-06-30": "170.34500", "2010-03-31": "156.21000", "2009-12-31": "147.44400", "2009-09-30": "134.98500", "2009-06-30": "126.92600", "2009-03-31": "130.87600", "2008-12-31": "138.36800", "2008-09-30": "145.64400", "2008-06-30": "138.39700", "2008-03-31": "135.64300", "2007-12-31": "131.17500", "2007-09-30": "126.63800", "2007-06-30": "104.64600", "2007-03-31": "101.94500", "2006-12-31": "92.93600", "2006-09-30": "88.15700", "2006-06-30": "77.57400", "2006-03-31": "71.87300", "2005-12-31": "66.30700", "2005-09-30": "62.07900", "2005-06-30": "54.18300", "2005-03-31": "50.25600"}, "Operating Income": {"2020-12-31": "117.74800", "2020-09-30": "98.61310", "2020-06-30": "87.62100", "2020-03-31": "83.69800", "2019-12-31": "122.33500", "2019-09-30": "114.71390", "2019-06-30": "102.74000", "2019-03-31": "142.79300", "2018-12-31": "158.21600", "2018-09-30": "153.59190", "2018-06-30": "151.95300", "2018-03-31": "143.35700", "2017-12-31": "141.99700", "2017-09-30": "148.83500", "2017-06-30": "139.14400", "2017-03-31": "138.52300", "2016-12-31": "137.45400", "2016-09-30": "162.63320", "2016-06-30": "138.86200", "2016-03-31": "114.93300", "2015-12-31": "130.94900", "2015-09-30": "147.59910", "2015-06-30": "140.13000", "2015-03-31": "132.85500", "2014-12-31": "132.31500", "2014-09-30": "147.48100", "2014-06-30": "126.07900", "2014-03-31": "110.86400", "2013-12-31": "109.13300", "2013-09-30": "125.18100", "2013-06-30": "104.07700", "2013-03-31": "92.47600", "2012-12-31": "109.08400", "2012-09-30": "111.83400", "2012-06-30": "110.00000", "2012-03-31": "104.68000", "2011-12-31": "99.78900", "2011-09-30": "99.33100", "2011-06-30": "88.26100", "2011-03-31": "83.21400", "2010-12-31": "79.85600", "2010-09-30": "76.30300", "2010-06-30": "60.12900", "2010-03-31": "49.85800", "2009-12-31": "43.71200", "2009-09-30": "40.14500", "2009-06-30": "31.30500", "2009-03-31": "23.27300", "2008-12-31": "27.20100", "2008-09-30": "25.61900", "2008-06-30": "27.18800", "2008-03-31": "23.49800", "2007-12-31": "23.00900", "2007-09-30": "18.96900", "2007-06-30": "27.77900", "2007-03-31": "25.66000", "2006-12-31": "27.09400", "2006-09-30": "23.56000", "2006-06-30": "22.55500", "2006-03-31": "22.24300", "2005-12-31": "21.78000", "2005-09-30": "18.52800", "2005-06-30": "18.88100", "2005-03-31": "17.47400"}, "Total Non-Operating Income/Expense": {"2020-12-31": "-0.68300", "2020-09-30": "-1.09000", "2020-06-30": "0.14100", "2020-03-31": "-0.14100", "2019-12-31": "5.22000", "2019-09-30": "3.39700", "2019-06-30": "4.72200", "2019-03-31": "7.43400", "2018-12-31": "7.09500", "2018-09-30": "5.66700", "2018-06-30": "2.25900", "2018-03-31": "2.79000", "2017-12-31": "2.14500", "2017-09-30": "5.02700", "2017-06-30": "2.58900", "2017-03-31": "1.30200", "2016-12-31": "2.64300", "2016-09-30": "0.26800", "2016-06-30": "0.97800", "2016-03-31": "0.13300", "2015-12-31": "1.13500", "2015-09-30": "1.86500", "2015-06-30": "0.72000", "2015-03-31": "3.26600", "2014-12-31": "2.59400", "2014-09-30": "2.32300", "2014-06-30": "1.19300", "2014-03-31": "0.02300", "2013-12-31": "0.24600", "2013-09-30": "0.73200", "2013-06-30": "2.87400", "2013-03-31": "2.11800", "2012-12-31": "1.55000", "2012-09-30": "0.90900", "2012-06-30": "1.71300", "2012-03-31": "1.42800", "2011-12-31": "1.86100", "2011-09-30": "4.08700", "2011-06-30": "1.88900", "2011-03-31": "1.56800", "2010-12-31": "2.54500", "2010-09-30": "0.06800", "2010-06-30": "3.56100", "2010-03-31": "2.29100", "2009-12-31": "1.70500", "2009-09-30": "1.68200", "2009-06-30": "3.02700", "2009-03-31": "2.13600", "2008-12-31": "2.87900", "2008-09-30": "3.51300", "2008-06-30": "3.71600", "2008-03-31": "5.58900", "2007-12-31": "6.13200", "2007-09-30": "7.35500", "2007-06-30": "7.17500", "2007-03-31": "7.23000", "2006-12-31": "6.43100", "2006-09-30": "5.82500", "2006-06-30": "4.75900", "2006-03-31": "3.87700", "2005-12-31": "2.97000", "2005-09-30": "2.92500", "2005-06-30": "2.12300", "2005-03-31": "1.64100"}, "Pre-Tax Income": {"2020-12-31": "117.06500", "2020-09-30": "97.52300", "2020-06-30": "87.76200", "2020-03-31": "83.55700", "2019-12-31": "127.55500", "2019-09-30": "118.11100", "2019-06-30": "107.46200", "2019-03-31": "150.22700", "2018-12-31": "165.31100", "2018-09-30": "159.25900", "2018-06-30": "154.21200", "2018-03-31": "146.14700", "2017-12-31": "144.14200", "2017-09-30": "153.86200", "2017-06-30": "141.73300", "2017-03-31": "139.82500", "2016-12-31": "140.09700", "2016-09-30": "162.90100", "2016-06-30": "139.84000", "2016-03-31": "115.06600", "2015-12-31": "132.08400", "2015-09-30": "149.46400", "2015-06-30": "140.85000", "2015-03-31": "136.12100", "2014-12-31": "134.90900", "2014-09-30": "149.80400", "2014-06-30": "127.27200", "2014-03-31": "110.88700", "2013-12-31": "109.37900", "2013-09-30": "125.91300", "2013-06-30": "106.95100", "2013-03-31": "94.59400", "2012-12-31": "110.63400", "2012-09-30": "112.74300", "2012-06-30": "111.71300", "2012-03-31": "106.10800", "2011-12-31": "101.65000", "2011-09-30": "103.41800", "2011-06-30": "90.15000", "2011-03-31": "84.78200", "2010-12-31": "82.40100", "2010-09-30": "76.37100", "2010-06-30": "63.69000", "2010-03-31": "52.14900", "2009-12-31": "45.41700", "2009-09-30": "41.82700", "2009-06-30": "34.33200", "2009-03-31": "25.40900", "2008-12-31": "30.08000", "2008-09-30": "29.13200", "2008-06-30": "30.90400", "2008-03-31": "29.08700", "2007-12-31": "29.14100", "2007-09-30": "26.32400", "2007-06-30": "34.95400", "2007-03-31": "32.89000", "2006-12-31": "33.52500", "2006-09-30": "29.38500", "2006-06-30": "27.31400", "2006-03-31": "26.12000", "2005-12-31": "24.75000", "2005-09-30": "21.45300", "2005-06-30": "21.00400", "2005-03-31": "19.11500"}, "Income Taxes": {"2020-12-31": "29.38700", "2020-09-30": "19.86000", "2020-06-30": "17.89000", "2020-03-31": "22.17800", "2019-12-31": "29.02800", "2019-09-30": "23.27400", "2019-06-30": "21.55700", "2019-03-31": "34.14000", "2018-12-31": "34.40600", "2018-09-30": "26.37800", "2018-06-30": "31.46900", "2018-03-31": "36.51100", "2017-12-31": "55.71300", "2017-09-30": "18.11900", "2017-06-30": "44.07100", "2017-03-31": "46.68700", "2016-12-31": "45.87900", "2016-09-30": "53.96600", "2016-06-30": "48.05100", "2016-03-31": "39.65100", "2015-12-31": "42.36800", "2015-09-30": "52.42700", "2015-06-30": "47.67800", "2015-03-31": "50.39200", "2014-12-31": "45.83300", "2014-09-30": "55.78300", "2014-06-30": "47.79900", "2014-03-31": "41.24600", "2013-12-31": "41.33100", "2013-09-30": "49.68200", "2013-06-30": "38.77300", "2013-03-31": "31.18200", "2012-12-31": "41.14100", "2012-09-30": "45.02600", "2012-06-30": "39.37700", "2012-03-31": "37.46700", "2011-12-31": "35.15800", "2011-09-30": "35.80800", "2011-06-30": "27.60100", "2011-03-31": "29.20700", "2010-12-31": "26.73800", "2010-09-30": "28.13600", "2010-06-30": "23.19500", "2010-03-31": "19.00500", "2009-12-31": "16.13800", "2009-09-30": "13.47700", "2009-06-30": "11.55600", "2009-03-31": "6.42300", "2008-12-31": "8.65700", "2008-09-30": "9.43100", "2008-06-30": "11.77000", "2008-03-31": "11.34200", "2007-12-31": "11.39000", "2007-09-30": "13.44200", "2007-06-30": "13.14500", "2007-03-31": "12.93400", "2006-12-31": "11.17200", "2006-09-30": "11.63300", "2006-06-30": "10.34900", "2006-03-31": "10.05300", "2005-12-31": "9.52900", "2005-09-30": "9.34900", "2005-06-30": "8.31100", "2005-03-31": "7.00300"}, "Income After Taxes": {"2020-12-31": "87.67800", "2020-09-30": "77.66300", "2020-06-30": "69.87200", "2020-03-31": "61.37900", "2019-12-31": "98.52700", "2019-09-30": "94.83700", "2019-06-30": "85.90500", "2019-03-31": "116.08700", "2018-12-31": "130.90500", "2018-09-30": "132.88100", "2018-06-30": "122.74300", "2018-03-31": "109.63600", "2017-12-31": "88.42900", "2017-09-30": "135.74310", "2017-06-30": "97.66200", "2017-03-31": "93.13800", "2016-12-31": "94.21800", "2016-09-30": "108.93500", "2016-06-30": "91.78900", "2016-03-31": "75.41500", "2015-12-31": "89.71600", "2015-09-30": "97.03700", "2015-06-30": "93.17200", "2015-03-31": "85.72900", "2014-12-31": "89.07600", "2014-09-30": "94.02100", "2014-06-30": "79.47300", "2014-03-31": "69.64100", "2013-12-31": "68.04800", "2013-09-30": "76.23100", "2013-06-30": "68.17800", "2013-03-31": "63.41200", "2012-12-31": "69.49300", "2012-09-30": "67.71700", "2012-06-30": "72.33600", "2012-03-31": "68.64100", "2011-12-31": "66.49200", "2011-09-30": "67.61000", "2011-06-30": "62.54900", "2011-03-31": "55.57500", "2010-12-31": "55.66300", "2010-09-30": "48.23500", "2010-06-30": "40.49500", "2010-03-31": "33.14400", "2009-12-31": "29.27900", "2009-09-30": "28.35000", "2009-06-30": "22.77600", "2009-03-31": "18.98600", "2008-12-31": "21.42300", "2008-09-30": "19.70100", "2008-06-30": "19.13400", "2008-03-31": "17.74500", "2007-12-31": "17.75100", "2007-09-30": "12.88200", "2007-06-30": "21.80900", "2007-03-31": "19.95600", "2006-12-31": "22.35300", "2006-09-30": "17.75200", "2006-06-30": "16.96500", "2006-03-31": "16.06700", "2005-12-31": "15.22100", "2005-09-30": "12.10400", "2005-06-30": "12.69300", "2005-03-31": "12.11200"}, "Other Income": {"2020-12-31": "", "2020-09-30": "", "2020-06-30": "", "2020-03-31": "", "2019-12-31": "", "2019-09-30": "", "2019-06-30": "", "2019-03-31": "", "2018-12-31": "", "2018-09-30": "", "2018-06-30": "", "2018-03-31": "", "2017-12-31": "", "2017-09-30": "", "2017-06-30": "", "2017-03-31": "", "2016-12-31": "", "2016-09-30": "", "2016-06-30": "", "2016-03-31": "", "2015-12-31": "", "2015-09-30": "", "2015-06-30": "", "2015-03-31": "", "2014-12-31": "", "2014-09-30": "", "2014-06-30": "", "2014-03-31": "", "2013-12-31": "", "2013-09-30": "", "2013-06-30": "", "2013-03-31": "", "2012-12-31": "", "2012-09-30": "", "2012-06-30": "", "2012-03-31": "", "2011-12-31": "", "2011-09-30": "", "2011-06-30": "", "2011-03-31": "", "2010-12-31": "", "2010-09-30": "", "2010-06-30": "", "2010-03-31": "", "2009-12-31": "", "2009-09-30": "", "2009-06-30": "", "2009-03-31": "", "2008-12-31": "", "2008-09-30": "", "2008-06-30": "", "2008-03-31": "", "2007-12-31": "", "2007-09-30": "", "2007-06-30": "", "2007-03-31": "", "2006-12-31": "", "2006-09-30": "", "2006-06-30": "", "2006-03-31": "", "2005-12-31": "", "2005-09-30": "", "2005-06-30": "", "2005-03-31": ""}, "Income From Continuous Operations": {"2020-12-31": "87.67800", "2020-09-30": "77.66300", "2020-06-30": "69.87200", "2020-03-31": "61.37900", "2019-12-31": "98.52700", "2019-09-30": "94.83700", "2019-06-30": "85.90500", "2019-03-31": "116.08700", "2018-12-31": "130.90500", "2018-09-30": "132.88100", "2018-06-30": "122.74300", "2018-03-31": "109.63600", "2017-12-31": "88.42900", "2017-09-30": "135.74310", "2017-06-30": "97.66200", "2017-03-31": "93.13800", "2016-12-31": "94.21800", "2016-09-30": "108.93500", "2016-06-30": "91.78900", "2016-03-31": "75.41500", "2015-12-31": "89.71600", "2015-09-30": "97.03700", "2015-06-30": "93.17200", "2015-03-31": "85.72900", "2014-12-31": "89.07600", "2014-09-30": "94.02100", "2014-06-30": "79.47300", "2014-03-31": "69.64100", "2013-12-31": "68.04800", "2013-09-30": "76.23100", "2013-06-30": "68.17800", "2013-03-31": "63.41200", "2012-12-31": "69.49300", "2012-09-30": "67.71700", "2012-06-30": "72.33600", "2012-03-31": "68.64100", "2011-12-31": "66.49200", "2011-09-30": "67.61000", "2011-06-30": "62.54900", "2011-03-31": "55.57500", "2010-12-31": "55.66300", "2010-09-30": "48.23500", "2010-06-30": "40.49500", "2010-03-31": "33.14400", "2009-12-31": "29.27900", "2009-09-30": "28.35000", "2009-06-30": "22.77600", "2009-03-31": "18.98600", "2008-12-31": "21.42300", "2008-09-30": "19.70100", "2008-06-30": "19.13400", "2008-03-31": "17.74500", "2007-12-31": "17.75100", "2007-09-30": "12.88200", "2007-06-30": "21.80900", "2007-03-31": "19.95600", "2006-12-31": "22.35300", "2006-09-30": "17.75200", "2006-06-30": "16.96500", "2006-03-31": "16.06700", "2005-12-31": "15.22100", "2005-09-30": "12.10400", "2005-06-30": "12.69300", "2005-03-31": "12.11200"}, "Income From Discontinued Operations": {"2020-12-31": "", "2020-09-30": "", "2020-06-30": "", "2020-03-31": "", "2019-12-31": "", "2019-09-30": "", "2019-06-30": "", "2019-03-31": "", "2018-12-31": "", "2018-09-30": "", "2018-06-30": "", "2018-03-31": "", "2017-12-31": "", "2017-09-30": "", "2017-06-30": "", "2017-03-31": "", "2016-12-31": "", "2016-09-30": "", "2016-06-30": "", "2016-03-31": "", "2015-12-31": "", "2015-09-30": "", "2015-06-30": "", "2015-03-31": "", "2014-12-31": "", "2014-09-30": "", "2014-06-30": "", "2014-03-31": "", "2013-12-31": "", "2013-09-30": "", "2013-06-30": "", "2013-03-31": "", "2012-12-31": "", "2012-09-30": "", "2012-06-30": "", "2012-03-31": "", "2011-12-31": "", "2011-09-30": "", "2011-06-30": "", "2011-03-31": "", "2010-12-31": "", "2010-09-30": "", "2010-06-30": "", "2010-03-31": "", "2009-12-31": "", "2009-09-30": "", "2009-06-30": "", "2009-03-31": "", "2008-12-31": "", "2008-09-30": "", "2008-06-30": "", "2008-03-31": "", "2007-12-31": "", "2007-09-30": "", "2007-06-30": "", "2007-03-31": "", "2006-12-31": "", "2006-09-30": "", "2006-06-30": "", "2006-03-31": "", "2005-12-31": "", "2005-09-30": "", "2005-06-30": "", "2005-03-31": ""}, "Net Income": {"2020-12-31": "87.67800", "2020-09-30": "77.66300", "2020-06-30": "69.87200", "2020-03-31": "61.37900", "2019-12-31": "98.52700", "2019-09-30": "94.83700", "2019-06-30": "85.90500", "2019-03-31": "116.08700", "2018-12-31": "130.90500", "2018-09-30": "132.88100", "2018-06-30": "122.74300", "2018-03-31": "109.63600", "2017-12-31": "88.42900", "2017-09-30": "135.74300", "2017-06-30": "97.66200", "2017-03-31": "93.13800", "2016-12-31": "94.21800", "2016-09-30": "108.93500", "2016-06-30": "91.78900", "2016-03-31": "75.41500", "2015-12-31": "89.71600", "2015-09-30": "97.03700", "2015-06-30": "93.17200", "2015-03-31": "85.72900", "2014-12-31": "89.07600", "2014-09-30": "94.02100", "2014-06-30": "79.47300", "2014-03-31": "69.64100", "2013-12-31": "68.04800", "2013-09-30": "76.23100", "2013-06-30": "68.17800", "2013-03-31": "63.41200", "2012-12-31": "69.49300", "2012-09-30": "67.71700", "2012-06-30": "72.33600", "2012-03-31": "68.64100", "2011-12-31": "66.49200", "2011-09-30": "67.61000", "2011-06-30": "62.54900", "2011-03-31": "55.57500", "2010-12-31": "55.66300", "2010-09-30": "48.23500", "2010-06-30": "40.49500", "2010-03-31": "33.14400", "2009-12-31": "29.27900", "2009-09-30": "28.35000", "2009-06-30": "22.77600", "2009-03-31": "18.98600", "2008-12-31": "21.42300", "2008-09-30": "19.70100", "2008-06-30": "19.13400", "2008-03-31": "17.74500", "2007-12-31": "17.75100", "2007-09-30": "12.88200", "2007-06-30": "21.80900", "2007-03-31": "19.95600", "2006-12-31": "22.35300", "2006-09-30": "17.75200", "2006-06-30": "16.96500", "2006-03-31": "16.06700", "2005-12-31": "15.22100", "2005-09-30": "12.10400", "2005-06-30": "12.69300", "2005-03-31": "12.11200"}, "EBITDA": {"2020-12-31": "145.40800", "2020-09-30": "125.13310", "2020-06-30": "113.84600", "2020-03-31": "107.83100", "2019-12-31": "141.31400", "2019-09-30": "136.57590", "2019-06-30": "121.13900", "2019-03-31": "157.03800", "2018-12-31": "172.21700", "2018-09-30": "169.00190", "2018-06-30": "165.98500", "2018-03-31": "158.22600", "2017-12-31": "157.17700", "2017-09-30": "164.38000", "2017-06-30": "154.46900", "2017-03-31": "153.91400", "2016-12-31": "152.34100", "2016-09-30": "177.12520", "2016-06-30": "153.29900", "2016-03-31": "129.01700", "2015-12-31": "144.71200", "2015-09-30": "160.95710", "2015-06-30": "153.10100", "2015-03-31": "146.06700", "2014-12-31": "145.35700", "2014-09-30": "159.54700", "2014-06-30": "137.45600", "2014-03-31": "122.10500", "2013-12-31": "120.57000", "2013-09-30": "135.48100", "2013-06-30": "113.86900", "2013-03-31": "102.45500", "2012-12-31": "119.01800", "2012-09-30": "121.98600", "2012-06-30": "120.05200", "2012-03-31": "113.79300", "2011-12-31": "105.61100", "2011-09-30": "104.50300", "2011-06-30": "93.44000", "2011-03-31": "88.50000", "2010-12-31": "85.10600", "2010-09-30": "82.21300", "2010-06-30": "65.96400", "2010-03-31": "55.95200", "2009-12-31": "49.70600", "2009-09-30": "46.12000", "2009-06-30": "37.54900", "2009-03-31": "30.98500", "2008-12-31": "33.67700", "2008-09-30": "31.88000", "2008-06-30": "33.22400", "2008-03-31": "29.33400", "2007-12-31": "28.49900", "2007-09-30": "23.51600", "2007-06-30": "31.68300", "2007-03-31": "29.46000", "2006-12-31": "30.70500", "2006-09-30": "27.15300", "2006-06-30": "25.53000", "2006-03-31": "24.86400", "2005-12-31": "24.17600", "2005-09-30": "20.46200", "2005-06-30": "20.48300", "2005-03-31": "19.15300"}, "EBIT": {"2020-12-31": "117.74800", "2020-09-30": "98.61310", "2020-06-30": "87.62100", "2020-03-31": "83.69800", "2019-12-31": "122.33500", "2019-09-30": "114.71400", "2019-06-30": "102.74000", "2019-03-31": "142.79300", "2018-12-31": "158.21600", "2018-09-30": "153.59190", "2018-06-30": "151.95300", "2018-03-31": "143.35700", "2017-12-31": "141.99700", "2017-09-30": "148.83500", "2017-06-30": "139.14400", "2017-03-31": "138.52300", "2016-12-31": "137.45400", "2016-09-30": "162.63310", "2016-06-30": "138.86200", "2016-03-31": "114.93300", "2015-12-31": "130.94900", "2015-09-30": "147.59900", "2015-06-30": "140.13000", "2015-03-31": "132.85500", "2014-12-31": "132.31500", "2014-09-30": "147.48100", "2014-06-30": "126.07900", "2014-03-31": "110.86400", "2013-12-31": "109.13300", "2013-09-30": "125.18100", "2013-06-30": "104.07700", "2013-03-31": "92.47600", "2012-12-31": "109.08400", "2012-09-30": "111.83400", "2012-06-30": "110.00000", "2012-03-31": "104.68000", "2011-12-31": "99.78900", "2011-09-30": "99.33100", "2011-06-30": "88.26100", "2011-03-31": "83.21400", "2010-12-31": "79.85600", "2010-09-30": "76.30300", "2010-06-30": "60.12900", "2010-03-31": "49.85800", "2009-12-31": "43.71200", "2009-09-30": "40.14500", "2009-06-30": "31.30500", "2009-03-31": "23.27300", "2008-12-31": "27.20100", "2008-09-30": "25.61900", "2008-06-30": "27.18800", "2008-03-31": "23.49800", "2007-12-31": "23.00900", "2007-09-30": "18.96900", "2007-06-30": "27.77900", "2007-03-31": "25.66000", "2006-12-31": "27.09400", "2006-09-30": "23.56000", "2006-06-30": "22.55500", "2006-03-31": "22.24300", "2005-12-31": "21.78000", "2005-09-30": "18.52800", "2005-06-30": "18.88100", "2005-03-31": "17.47400"}, "Basic Shares Outstanding": {"2020-12-31": "61.44000", "2020-09-30": "60.91100", "2020-06-30": "60.97800", "2020-03-31": "60.86900", "2019-12-31": "60.64900", "2019-09-30": "60.04400", "2019-06-30": "59.98100", "2019-03-31": "59.68600", "2018-12-31": "60.21600", "2018-09-30": "61.26200", "2018-06-30": "60.97000", "2018-03-31": "61.42000", "2017-12-31": "62.19500", "2017-09-30": "64.17300", "2017-06-30": "63.93500", "2017-03-31": "64.47900", "2016-12-31": "65.19500", "2016-09-30": "67.43300", "2016-06-30": "66.85100", "2016-03-31": "67.54900", "2015-12-31": "69.55400", "2015-09-30": "71.94400", "2015-06-30": "71.50900", "2015-03-31": "72.24000", "2014-12-31": "73.35000", "2014-09-30": "75.39500", "2014-06-30": "74.81200", "2014-03-31": "75.50800", "2013-12-31": "77.43800", "2013-09-30": "78.56500", "2013-06-30": "78.51600", "2013-03-31": "78.60100", "2012-12-31": "78.78900", "2012-09-30": "79.13500", "2012-06-30": "79.13500", "2012-03-31": "79.15600", "2011-12-31": "79.27200", "2011-09-30": "80.65800", "2011-06-30": "80.86600", "2011-03-31": "80.80900", "2010-12-31": "80.64400", "2010-09-30": "79.60900", "2010-06-30": "79.86400", "2010-03-31": "79.39400", "2009-12-31": "78.90600", "2009-09-30": "78.84200", "2009-06-30": "78.60300", "2009-03-31": "78.92500", "2008-12-31": "79.33700", "2008-09-30": "82.29000", "2008-06-30": "81.09600", "2008-03-31": "82.97400", "2007-12-31": "84.85400", "2007-09-30": "83.20500", "2007-06-30": "83.61400", "2007-03-31": "82.83400", "2006-12-31": "82.06200", "2006-09-30": "80.27800", "2006-06-30": "81.10600", "2006-03-31": "80.24000", "2005-12-31": "78.32600", "2005-09-30": "74.44000", "2005-06-30": "75.83600", "2005-03-31": "73.81000"}, "Shares Outstanding": {"2020-12-31": "62.28200", "2020-09-30": "61.37800", "2020-06-30": "61.41500", "2020-03-31": "61.08400", "2019-12-31": "60.81500", "2019-09-30": "60.45600", "2019-06-30": "60.19600", "2019-03-31": "60.02900", "2018-12-31": "60.64500", "2018-09-30": "62.01300", "2018-06-30": "61.63300", "2018-03-31": "62.05900", "2017-12-31": "62.55000", "2017-09-30": "64.77500", "2017-06-30": "64.36100", "2017-03-31": "65.02800", "2016-12-31": "65.64500", "2016-09-30": "67.98400", "2016-06-30": "67.23500", "2016-03-31": "67.80400", "2015-12-31": "69.87800", "2015-09-30": "72.54700", "2015-06-30": "71.95700", "2015-03-31": "72.71100", "2014-12-31": "73.85700", "2014-09-30": "76.09200", "2014-06-30": "75.36900", "2014-03-31": "76.24400", "2013-12-31": "77.82200", "2013-09-30": "79.13600", "2013-06-30": "78.86400", "2013-03-31": "79.11400", "2012-12-31": "79.27800", "2012-09-30": "79.78000", "2012-06-30": "79.65500", "2012-03-31": "79.77500", "2011-12-31": "79.82200", "2011-09-30": "81.48200", "2011-06-30": "81.49700", "2011-03-31": "81.62200", "2010-12-31": "81.64800", "2010-09-30": "81.04900", "2010-06-30": "81.03100", "2010-03-31": "80.73700", "2009-12-31": "80.33300", "2009-09-30": "80.07300", "2009-06-30": "79.61200", "2009-03-31": "79.57000", "2008-12-31": "80.00300", "2008-09-30": "83.42800", "2008-06-30": "81.95100", "2008-03-31": "83.80500", "2007-12-31": "86.14100", "2007-09-30": "85.13700", "2007-06-30": "85.31000", "2007-03-31": "84.78000", "2006-12-31": "84.63600", "2006-09-30": "83.02000", "2006-06-30": "83.31800", "2006-03-31": "83.25400", "2005-12-31": "81.61000", "2005-09-30": "77.52200", "2005-06-30": "78.86600", "2005-03-31": "77.84200"}, "Basic EPS": {"2020-12-31": "1.43000", "2020-09-30": "1.27000", "2020-06-30": "1.15000", "2020-03-31": "1.01000", "2019-12-31": "1.62000", "2019-09-30": "1.58000", "2019-06-30": "1.43000", "2019-03-31": "1.94000", "2018-12-31": "2.17000", "2018-09-30": "2.19000", "2018-06-30": "2.01000", "2018-03-31": "1.79000", "2017-12-31": "1.42000", "2017-09-30": "2.14000", "2017-06-30": "1.53000", "2017-03-31": "1.44000", "2016-12-31": "1.45000", "2016-09-30": "1.65000", "2016-06-30": "1.37000", "2016-03-31": "1.12000", "2015-12-31": "1.29000", "2015-09-30": "1.37000", "2015-06-30": "1.30000", "2015-03-31": "1.19000", "2014-12-31": "1.21000", "2014-09-30": "1.27000", "2014-06-30": "1.06000", "2014-03-31": "0.92000", "2013-12-31": "0.88000", "2013-09-30": "0.97000", "2013-06-30": "0.87000", "2013-03-31": "0.81000", "2012-12-31": "0.88000", "2012-09-30": "0.86000", "2012-06-30": "0.91000", "2012-03-31": "0.87000", "2011-12-31": "0.84000", "2011-09-30": "0.84000", "2011-06-30": "0.77000", "2011-03-31": "0.69000", "2010-12-31": "0.69000", "2010-09-30": "0.60000", "2010-06-30": "0.51000", "2010-03-31": "0.42000", "2009-12-31": "0.37000", "2009-09-30": "0.36000", "2009-06-30": "0.29000", "2009-03-31": "0.24000", "2008-12-31": "0.27000", "2008-09-30": "0.24000", "2008-06-30": "0.24000", "2008-03-31": "0.21000", "2007-12-31": "0.21000", "2007-09-30": "0.16000", "2007-06-30": "0.26000", "2007-03-31": "0.24000", "2006-12-31": "0.27000", "2006-09-30": "0.21500", "2006-06-30": "0.21000", "2006-03-31": "0.20000", "2005-12-31": "0.19500", "2005-09-30": "0.16000", "2005-06-30": "0.16500", "2005-03-31": "0.16500"}, "EPS - Earnings Per Share": {"2020-12-31": "1.41000", "2020-09-30": "1.25000", "2020-06-30": "1.14000", "2020-03-31": "1.00000", "2019-12-31": "1.62000", "2019-09-30": "1.56000", "2019-06-30": "1.43000", "2019-03-31": "1.93000", "2018-12-31": "2.16000", "2018-09-30": "2.15000", "2018-06-30": "1.99000", "2018-03-31": "1.77000", "2017-12-31": "1.41000", "2017-09-30": "2.11000", "2017-06-30": "1.52000", "2017-03-31": "1.43000", "2016-12-31": "1.44000", "2016-09-30": "1.62000", "2016-06-30": "1.37000", "2016-03-31": "1.11000", "2015-12-31": "1.28000", "2015-09-30": "1.35000", "2015-06-30": "1.29000", "2015-03-31": "1.18000", "2014-12-31": "1.21000", "2014-09-30": "1.26000", "2014-06-30": "1.05000", "2014-03-31": "0.91000", "2013-12-31": "0.87000", "2013-09-30": "0.95000", "2013-06-30": "0.87000", "2013-03-31": "0.80000", "2012-12-31": "0.88000", "2012-09-30": "0.85000", "2012-06-30": "0.91000", "2012-03-31": "0.86000", "2011-12-31": "0.83000", "2011-09-30": "0.83000", "2011-06-30": "0.77000", "2011-03-31": "0.68000", "2010-12-31": "0.68000", "2010-09-30": "0.59000", "2010-06-30": "0.50000", "2010-03-31": "0.41000", "2009-12-31": "0.36000", "2009-09-30": "0.34000", "2009-06-30": "0.29000", "2009-03-31": "0.24000", "2008-12-31": "0.27000", "2008-09-30": "0.24000", "2008-06-30": "0.23000", "2008-03-31": "0.21000", "2007-12-31": "0.21000", "2007-09-30": "0.14000", "2007-06-30": "0.26000", "2007-03-31": "0.24000", "2006-12-31": "0.26000", "2006-09-30": "0.21500", "2006-06-30": "0.20500", "2006-03-31": "0.19500", "2005-12-31": "0.18500", "2005-09-30": "0.16500", "2005-06-30": "0.16000", "2005-03-31": "0.15500"}}, "balance sheet": {"Cash On Hand": {"2020-09-30": "1209.88900", "2019-09-30": "972.28200", "2018-09-30": "1039.41200", "2017-09-30": "1016.92800", "2016-09-30": "882.39500", "2015-09-30": "774.34200", "2014-09-30": "645.37900", "2013-09-30": "542.14300", "2012-09-30": "532.15100", "2011-09-30": "542.55000", "2010-09-30": "428.49600", "2009-09-30": "317.12800", "2008-09-30": "190.18600", "2007-09-30": "258.46500", "2006-09-30": "374.17300", "2005-09-30": "236.18100"}, "Receivables": {"2020-09-30": "296.18300", "2019-09-30": "322.02900", "2018-09-30": "295.35200", "2017-09-30": "291.92400", "2016-09-30": "268.17500", "2015-09-30": "279.43400", "2014-09-30": "242.24200", "2013-09-30": "204.20500", "2012-09-30": "185.17200", "2011-09-30": "165.67600", "2010-09-30": "112.13200", "2009-09-30": "106.97300", "2008-09-30": "97.05700", "2007-09-30": "91.77400", "2006-09-30": "62.75000", "2005-09-30": "41.70300"}, "Inventory": {"2020-09-30": "27.89800", "2019-09-30": "34.40100", "2018-09-30": "30.56800", "2017-09-30": "29.83400", "2016-09-30": "34.05100", "2015-09-30": "33.71700", "2014-09-30": "24.47100", "2013-09-30": "19.02600", "2012-09-30": "17.41000", "2011-09-30": "17.14900", "2010-09-30": "18.81500", "2009-09-30": "13.81900", "2008-09-30": "10.14800", "2007-09-30": "10.67200", "2006-09-30": "5.76300", "2005-09-30": "2.69900"}, "Pre-Paid Expenses": {"2020-09-30": "", "2019-09-30": "", "2018-09-30": "", "2017-09-30": "", "2016-09-30": "", "2015-09-30": "", "2014-09-30": "", "2013-09-30": "", "2012-09-30": "", "2011-09-30": "", "2010-09-30": "", "2009-09-30": "", "2008-09-30": "", "2007-09-30": "", "2006-09-30": "", "2005-09-30": ""}, "Other Current Assets": {"2020-09-30": "259.50600", "2019-09-30": "182.87400", "2018-09-30": "52.32600", "2017-09-30": "67.53800", "2016-09-30": "52.57900", "2015-09-30": "50.51900", "2014-09-30": "44.46600", "2013-09-30": "34.65500", "2012-09-30": "30.98600", "2011-09-30": "29.90700", "2010-09-30": "37.74500", "2009-09-30": "22.25200", "2008-09-30": "20.06800", "2007-09-30": "20.43400", "2006-09-30": "15.60700", "2005-09-30": "9.90600"}, "Total Current Assets": {"2020-09-30": "1793.47600", "2019-09-30": "1511.58600", "2018-09-30": "1417.65800", "2017-09-30": "1406.22400", "2016-09-30": "1288.80100", "2015-09-30": "1188.14000", "2014-09-30": "998.84800", "2013-09-30": "816.37100", "2012-09-30": "776.08100", "2011-09-30": "763.67300", "2010-09-30": "605.95500", "2009-09-30": "468.18200", "2008-09-30": "323.36900", "2007-09-30": "386.65000", "2006-09-30": "462.97500", "2005-09-30": "294.66400"}, "Property, Plant, And Equipment": {"2020-09-30": "229.23900", "2019-09-30": "223.42600", "2018-09-30": "145.04200", "2017-09-30": "122.42000", "2016-09-30": "123.24800", "2015-09-30": "95.90900", "2014-09-30": "66.79100", "2013-09-30": "63.52200", "2012-09-30": "59.60400", "2011-09-30": "47.99800", "2010-09-30": "34.15700", "2009-09-30": "39.37100", "2008-09-30": "47.55700", "2007-09-30": "36.02400", "2006-09-30": "29.95100", "2005-09-30": "16.15800"}, "Long-Term Investments": {"2020-09-30": "102.93900", "2019-09-30": "358.40200", "2018-09-30": "411.18400", "2017-09-30": "284.80200", "2016-09-30": "276.37500", "2015-09-30": "397.65600", "2014-09-30": "482.91700", "2013-09-30": "728.98100", "2012-09-30": "662.80300", "2011-09-30": "470.20300", "2010-09-30": "433.57000", "2009-09-30": "257.29400", "2008-09-30": "261.08600", "2007-09-30": "216.36600", "2006-09-30": "118.00300", "2005-09-30": "128.83400"}, "Goodwill And Intangible Assets": {"2020-09-30": "1858.96600", "2019-09-30": "1065.37900", "2018-09-30": "555.96500", "2017-09-30": "555.96500", "2016-09-30": "555.96500", "2015-09-30": "555.96500", "2014-09-30": "556.95700", "2013-09-30": "523.72700", "2012-09-30": "348.23900", "2011-09-30": "234.69100", "2010-09-30": "234.70000", "2009-09-30": "231.88300", "2008-09-30": "231.89200", "2007-09-30": "233.99700", "2006-09-30": "81.70100", "2005-09-30": "49.67700"}, "Other Long-Term Assets": {"2020-09-30": "347.44700", "2019-09-30": "203.78100", "2018-09-30": "42.18600", "2017-09-30": "53.77500", "2016-09-30": "59.89000", "2015-09-30": "68.12800", "2014-09-30": "75.00300", "2013-09-30": "75.56400", "2012-09-30": "28.99600", "2011-09-30": "17.22200", "2010-09-30": "15.94600", "2009-09-30": "22.89700", "2008-09-30": "28.40200", "2007-09-30": "33.21500", "2006-09-30": "18.22400", "2005-09-30": "12.19400"}, "Total Long-Term Assets": {"2020-09-30": "2884.44400", "2019-09-30": "1878.68900", "2018-09-30": "1187.81800", "2017-09-30": "1070.26500", "2016-09-30": "1017.52200", "2015-09-30": "1124.15000", "2014-09-30": "1186.10200", "2013-09-30": "1414.18300", "2012-09-30": "1135.12000", "2011-09-30": "804.87600", "2010-09-30": "756.23700", "2009-09-30": "600.46300", "2008-09-30": "615.85400", "2007-09-30": "557.63800", "2006-09-30": "266.53600", "2005-09-30": "243.07500"}, "Total Assets": {"2020-09-30": "4677.92000", "2019-09-30": "3390.27500", "2018-09-30": "2605.47600", "2017-09-30": "2476.48900", "2016-09-30": "2306.32300", "2015-09-30": "2312.29000", "2014-09-30": "2184.95000", "2013-09-30": "2230.55400", "2012-09-30": "1911.20100", "2011-09-30": "1568.54900", "2010-09-30": "1362.19200", "2009-09-30": "1068.64500", "2008-09-30": "939.22300", "2007-09-30": "944.28800", "2006-09-30": "729.51100", "2005-09-30": "537.73900"}, "Total Current Liabilities": {"2020-09-30": "1288.27900", "2019-09-30": "1105.52600", "2018-09-30": "954.43300", "2017-09-30": "934.54300", "2016-09-30": "844.23800", "2015-09-30": "755.12300", "2014-09-30": "636.98100", "2013-09-30": "551.35000", "2012-09-30": "466.02900", "2011-09-30": "372.30700", "2010-09-30": "287.08500", "2009-09-30": "223.01400", "2008-09-30": "186.82100", "2007-09-30": "153.41000", "2006-09-30": "99.63700", "2005-09-30": "67.60800"}, "Long Term Debt": {"2020-09-30": "369.04700", "2019-09-30": "", "2018-09-30": "", "2017-09-30": "", "2016-09-30": "", "2015-09-30": "", "2014-09-30": "", "2013-09-30": "", "2012-09-30": "", "2011-09-30": "", "2010-09-30": "", "2009-09-30": "", "2008-09-30": "", "2007-09-30": "", "2006-09-30": "", "2005-09-30": ""}, "Other Non-Current Liabilities": {"2020-09-30": "59.51100", "2019-09-30": "131.85300", "2018-09-30": "65.89200", "2017-09-30": "44.58900", "2016-09-30": "34.13800", "2015-09-30": "30.13600", "2014-09-30": "22.71800", "2013-09-30": "25.20200", "2012-09-30": "21.07800", "2011-09-30": "18.38800", "2010-09-30": "16.15300", "2009-09-30": "14.37300", "2008-09-30": "14.82200", "2007-09-30": "7.67900", "2006-09-30": "7.97600", "2005-09-30": "6.65000"}, "Total Long Term Liabilities": {"2020-09-30": "1157.37300", "2019-09-30": "523.25200", "2018-09-30": "365.55100", "2017-09-30": "312.55400", "2016-09-30": "276.82300", "2015-09-30": "240.43900", "2014-09-30": "178.65900", "2013-09-30": "140.49200", "2012-09-30": "115.77200", "2011-09-30": "90.80600", "2010-09-30": "71.40900", "2009-09-30": "46.61100", "2008-09-30": "34.14300", "2007-09-30": "20.30100", "2006-09-30": "13.41600", "2005-09-30": "9.96400"}, "Total Liabilities": {"2020-09-30": "2445.65200", "2019-09-30": "1628.77800", "2018-09-30": "1319.98400", "2017-09-30": "1247.09700", "2016-09-30": "1121.06100", "2015-09-30": "995.56200", "2014-09-30": "815.64000", "2013-09-30": "691.84200", "2012-09-30": "581.80100", "2011-09-30": "463.11300", "2010-09-30": "358.49400", "2009-09-30": "269.62500", "2008-09-30": "220.96400", "2007-09-30": "173.71100", "2006-09-30": "113.05300", "2005-09-30": "77.57200"}, "Common Stock Net": {"2020-09-30": "305.45300", "2019-09-30": "142.59700", "2018-09-30": "20.42700", "2017-09-30": "17.62700", "2016-09-30": "13.19100", "2015-09-30": "10.15900", "2014-09-30": "15.75300", "2013-09-30": "262.50500", "2012-09-30": "326.92200", "2011-09-30": "380.73700", "2010-09-30": "517.21500", "2009-09-30": "462.78600", "2008-09-30": "477.29900", "2007-09-30": "598.43600", "2006-09-30": "521.79100", "2005-09-30": "431.89700"}, "Retained Earnings (Accumulated Deficit)": {"2020-09-30": "1945.53100", "2019-09-30": "1638.09000", "2018-09-30": "1287.24300", "2017-09-30": "1229.76200", "2016-09-30": "1185.26500", "2015-09-30": "1321.85700", "2014-09-30": "1363.14100", "2013-09-30": "1283.62100", "2012-09-30": "1006.30700", "2011-09-30": "731.12100", "2010-09-30": "489.72400", "2009-09-30": "338.57100", "2008-09-30": "247.03600", "2007-09-30": "172.70500", "2006-09-30": "95.70500", "2005-09-30": "29.70000"}, "Comprehensive Income": {"2020-09-30": "-18.71600", "2019-09-30": "-19.19000", "2018-09-30": "-22.17800", "2017-09-30": "-17.99700", "2016-09-30": "-13.19400", "2015-09-30": "-15.28800", "2014-09-30": "-9.58400", "2013-09-30": "-7.41400", "2012-09-30": "-3.82900", "2011-09-30": "-6.42200", "2010-09-30": "-3.24100", "2009-09-30": "-2.33700", "2008-09-30": "-6.07600", "2007-09-30": "-0.56400", "2006-09-30": "-1.03800", "2005-09-30": "-1.43000"}, "Other Share Holders Equity": {"2020-09-30": "", "2019-09-30": "", "2018-09-30": "", "2017-09-30": "", "2016-09-30": "", "2015-09-30": "", "2014-09-30": "", "2013-09-30": "", "2012-09-30": "", "2011-09-30": "", "2010-09-30": "", "2009-09-30": "", "2008-09-30": "", "2007-09-30": "", "2006-09-30": "", "2005-09-30": ""}, "Share Holder Equity": {"2020-09-30": "2232.26800", "2019-09-30": "1761.49700", "2018-09-30": "1285.49200", "2017-09-30": "1229.39200", "2016-09-30": "1185.26200", "2015-09-30": "1316.72800", "2014-09-30": "1369.31000", "2013-09-30": "1538.71200", "2012-09-30": "1329.40000", "2011-09-30": "1105.43600", "2010-09-30": "1003.69800", "2009-09-30": "799.02000", "2008-09-30": "718.25900", "2007-09-30": "770.57700", "2006-09-30": "616.45800", "2005-09-30": "460.16700"}, "Total Liabilities And Share Holders Equity": {"2020-09-30": "4677.92000", "2019-09-30": "3390.27500", "2018-09-30": "2605.47600", "2017-09-30": "2476.48900", "2016-09-30": "2306.32300", "2015-09-30": "2312.29000", "2014-09-30": "2184.95000", "2013-09-30": "2230.55400", "2012-09-30": "1911.20100", "2011-09-30": "1568.54900", "2010-09-30": "1362.19200", "2009-09-30": "1068.64500", "2008-09-30": "939.22300", "2007-09-30": "944.28800", "2006-09-30": "729.51100", "2005-09-30": "537.73900"}}, "balance sheet, quarterly": {"Cash On Hand": {"2020-12-31": "1373.34400", "2020-09-30": "1209.88900", "2020-06-30": "1093.57100", "2020-03-31": "821.14500", "2019-12-31": "1162.21800", "2019-09-30": "972.28200", "2019-06-30": "986.48690", "2019-03-31": "1313.77700", "2018-12-31": "1132.59600", "2018-09-30": "1039.41200", "2018-06-30": "1084.50000", "2018-03-31": "1024.67300", "2017-12-31": "1004.55600", "2017-09-30": "1016.92800", "2017-06-30": "1014.24800", "2017-03-31": "1014.62400", "2016-12-31": "973.84300", "2016-09-30": "882.39500", "2016-06-30": "810.70800", "2016-03-31": "775.00500", "2015-12-31": "791.50200", "2015-09-30": "774.34200", "2015-06-30": "797.70700", "2015-03-31": "666.46700", "2014-12-31": "654.10400", "2014-09-30": "645.37900", "2014-06-30": "611.36300", "2014-03-31": "623.76000", "2013-12-31": "578.19100", "2013-09-30": "542.14300", "2013-06-30": "551.32500", "2013-03-31": "522.84800", "2012-12-31": "517.73700", "2012-09-30": "532.15100", "2012-06-30": "519.65700", "2012-03-31": "489.61100", "2011-12-31": "556.53700", "2011-09-30": "542.55000", "2011-06-30": "585.33400", "2011-03-31": "475.25600", "2010-12-31": "485.57200", "2010-09-30": "428.49600", "2010-06-30": "400.75600", "2010-03-31": "385.24900", "2009-12-31": "370.16200", "2009-09-30": "317.12800", "2009-06-30": "264.06900", "2009-03-31": "258.52100", "2008-12-31": "278.48700", "2008-09-30": "190.18600", "2008-06-30": "267.29600", "2008-03-31": "331.37800", "2007-12-31": "350.52400", "2007-09-30": "258.46500", "2007-06-30": "393.93900", "2007-03-31": "431.26000", "2006-12-31": "415.32300", "2006-09-30": "374.17300", "2006-06-30": "373.02800", "2006-03-31": "344.00600", "2005-12-31": "258.84600", "2005-09-30": "236.18100", "2005-06-30": "210.51700", "2005-03-31": "198.52600"}, "Receivables": {"2020-12-31": "346.67000", "2020-09-30": "296.18300", "2020-06-30": "304.87400", "2020-03-31": "338.65500", "2019-12-31": "354.66800", "2019-09-30": "322.02900", "2019-06-30": "320.46500", "2019-03-31": "321.48400", "2018-12-31": "325.68800", "2018-09-30": "295.35200", "2018-06-30": "297.37500", "2018-03-31": "290.91900", "2017-12-31": "291.09300", "2017-09-30": "291.92400", "2017-06-30": "295.08500", "2017-03-31": "293.87200", "2016-12-31": "313.21100", "2016-09-30": "268.17500", "2016-06-30": "263.24900", "2016-03-31": "266.18500", "2015-12-31": "279.15800", "2015-09-30": "279.43400", "2015-06-30": "261.06800", "2015-03-31": "262.62400", "2014-12-31": "255.86400", "2014-09-30": "242.24200", "2014-06-30": "243.07200", "2014-03-31": "223.47200", "2013-12-31": "220.78400", "2013-09-30": "204.20500", "2013-06-30": "205.13800", "2013-03-31": "192.79600", "2012-12-31": "209.07800", "2012-09-30": "185.17200", "2012-06-30": "193.70500", "2012-03-31": "184.04300", "2011-12-31": "187.86200", "2011-09-30": "165.67600", "2011-06-30": "154.74100", "2011-03-31": "142.90300", "2010-12-31": "141.98600", "2010-09-30": "112.13200", "2010-06-30": "102.82900", "2010-03-31": "89.38500", "2009-12-31": "108.65700", "2009-09-30": "106.97300", "2009-06-30": "91.63500", "2009-03-31": "90.06700", "2008-12-31": "100.47200", "2008-09-30": "97.05700", "2008-06-30": "98.06400", "2008-03-31": "101.79700", "2007-12-31": "98.76400", "2007-09-30": "91.77400", "2007-06-30": "77.69300", "2007-03-31": "73.14200", "2006-12-31": "67.24600", "2006-09-30": "62.75000", "2006-06-30": "56.68300", "2006-03-31": "51.95300", "2005-12-31": "49.20300", "2005-09-30": "41.70300", "2005-06-30": "37.74900", "2005-03-31": "34.82200"}, "Inventory": {"2020-12-31": "26.45500", "2020-09-30": "27.89800", "2020-06-30": "28.82600", "2020-03-31": "30.94200", "2019-12-31": "32.38100", "2019-09-30": "34.40100", "2019-06-30": "36.00900", "2019-03-31": "33.46300", "2018-12-31": "31.55900", "2018-09-30": "30.56800", "2018-06-30": "31.32200", "2018-03-31": "29.51200", "2017-12-31": "29.11200", "2017-09-30": "29.83400", "2017-06-30": "31.04500", "2017-03-31": "32.54800", "2016-12-31": "33.67800", "2016-09-30": "34.05100", "2016-06-30": "33.80500", "2016-03-31": "35.17900", "2015-12-31": "33.57100", "2015-09-30": "33.71700", "2015-06-30": "30.02600", "2015-03-31": "29.34300", "2014-12-31": "27.58200", "2014-09-30": "24.47100", "2014-06-30": "23.14300", "2014-03-31": "20.71000", "2013-12-31": "19.05100", "2013-09-30": "19.02600", "2013-06-30": "18.26000", "2013-03-31": "17.96300", "2012-12-31": "18.72300", "2012-09-30": "17.41000", "2012-06-30": "17.03800", "2012-03-31": "17.02300", "2011-12-31": "17.49300", "2011-09-30": "17.14900", "2011-06-30": "17.94100", "2011-03-31": "18.15400", "2010-12-31": "18.18400", "2010-09-30": "18.81500", "2010-06-30": "17.74700", "2010-03-31": "16.47200", "2009-12-31": "14.81900", "2009-09-30": "13.81900", "2009-06-30": "13.59000", "2009-03-31": "15.03600", "2008-12-31": "15.56200", "2008-09-30": "10.14800", "2008-06-30": "9.66200", "2008-03-31": "8.57700", "2007-12-31": "10.18900", "2007-09-30": "10.67200", "2007-06-30": "9.27800", "2007-03-31": "7.91500", "2006-12-31": "5.73000", "2006-09-30": "5.76300", "2006-06-30": "7.88800", "2006-03-31": "3.02400", "2005-12-31": "2.69800", "2005-09-30": "2.69900", "2005-06-30": "2.28800", "2005-03-31": "2.09500"}, "Pre-Paid Expenses": {"2020-12-31": "", "2020-09-30": "", "2020-06-30": "", "2020-03-31": "", "2019-12-31": "", "2019-09-30": "", "2019-06-30": "", "2019-03-31": "", "2018-12-31": "", "2018-09-30": "", "2018-06-30": "", "2018-03-31": "", "2017-12-31": "", "2017-09-30": "", "2017-06-30": "", "2017-03-31": "", "2016-12-31": "", "2016-09-30": "", "2016-06-30": "", "2016-03-31": "", "2015-12-31": "", "2015-09-30": "", "2015-06-30": "", "2015-03-31": "", "2014-12-31": "", "2014-09-30": "", "2014-06-30": "", "2014-03-31": "", "2013-12-31": "", "2013-09-30": "", "2013-06-30": "", "2013-03-31": "", "2012-12-31": "", "2012-09-30": "", "2012-06-30": "", "2012-03-31": "", "2011-12-31": "", "2011-09-30": "", "2011-06-30": "", "2011-03-31": "", "2010-12-31": "", "2010-09-30": "", "2010-06-30": "", "2010-03-31": "", "2009-12-31": "", "2009-09-30": "", "2009-06-30": "", "2009-03-31": "", "2008-12-31": "", "2008-09-30": "", "2008-06-30": "", "2008-03-31": "", "2007-12-31": "", "2007-09-30": "", "2007-06-30": "", "2007-03-31": "", "2006-12-31": "", "2006-09-30": "", "2006-06-30": "", "2006-03-31": "", "2005-12-31": "", "2005-09-30": "", "2005-06-30": "", "2005-03-31": ""}, "Other Current Assets": {"2020-12-31": "283.34100", "2020-09-30": "259.50600", "2020-06-30": "238.16300", "2020-03-31": "217.98900", "2019-12-31": "188.20400", "2019-09-30": "182.87400", "2019-06-30": "161.94000", "2019-03-31": "138.73600", "2018-12-31": "129.79300", "2018-09-30": "52.32600", "2018-06-30": "55.85300", "2018-03-31": "62.12500", "2017-12-31": "56.05600", "2017-09-30": "67.53800", "2017-06-30": "51.51300", "2017-03-31": "51.02200", "2016-12-31": "52.70600", "2016-09-30": "52.57900", "2016-06-30": "50.74100", "2016-03-31": "66.93900", "2015-12-31": "51.06100", "2015-09-30": "50.51900", "2015-06-30": "50.21400", "2015-03-31": "48.85800", "2014-12-31": "44.34400", "2014-09-30": "44.46600", "2014-06-30": "44.64700", "2014-03-31": "58.75300", "2013-12-31": "32.38700", "2013-09-30": "34.65500", "2013-06-30": "48.96900", "2013-03-31": "60.23900", "2012-12-31": "35.91600", "2012-09-30": "30.98600", "2012-06-30": "43.78500", "2012-03-31": "47.22900", "2011-12-31": "33.60600", "2011-09-30": "29.90700", "2011-06-30": "30.01500", "2011-03-31": "45.76700", "2010-12-31": "30.14000", "2010-09-30": "37.74500", "2010-06-30": "30.88600", "2010-03-31": "26.66800", "2009-12-31": "24.58000", "2009-09-30": "22.25200", "2009-06-30": "26.32400", "2009-03-31": "26.99100", "2008-12-31": "22.83500", "2008-09-30": "20.06800", "2008-06-30": "27.44600", "2008-03-31": "29.29500", "2007-12-31": "19.36300", "2007-09-30": "20.43400", "2007-06-30": "19.62700", "2007-03-31": "21.74600", "2006-12-31": "14.16600", "2006-09-30": "15.60700", "2006-06-30": "12.13800", "2006-03-31": "12.26600", "2005-12-31": "9.78800", "2005-09-30": "9.90600", "2005-06-30": "9.74400", "2005-03-31": "7.14100"}, "Total Current Assets": {"2020-12-31": "2029.81000", "2020-09-30": "1793.47600", "2020-06-30": "1665.43400", "2020-03-31": "1408.73100", "2019-12-31": "1737.47100", "2019-09-30": "1511.58600", "2019-06-30": "1504.90100", "2019-03-31": "1807.46000", "2018-12-31": "1619.63600", "2018-09-30": "1417.65800", "2018-06-30": "1469.05000", "2018-03-31": "1407.22900", "2017-12-31": "1380.81700", "2017-09-30": "1406.22400", "2017-06-30": "1445.90100", "2017-03-31": "1444.84300", "2016-12-31": "1427.49600", "2016-09-30": "1288.80100", "2016-06-30": "1207.96300", "2016-03-31": "1193.98100", "2015-12-31": "1208.13300", "2015-09-30": "1188.14000", "2015-06-30": "1185.50800", "2015-03-31": "1052.12400", "2014-12-31": "1026.85700", "2014-09-30": "998.84800", "2014-06-30": "945.12300", "2014-03-31": "950.41900", "2013-12-31": "870.94300", "2013-09-30": "816.37100", "2013-06-30": "834.30900", "2013-03-31": "804.42400", "2012-12-31": "791.78900", "2012-09-30": "776.08100", "2012-06-30": "782.88700", "2012-03-31": "746.51800", "2011-12-31": "804.10200", "2011-09-30": "763.67300", "2011-06-30": "797.22800", "2011-03-31": "690.83900", "2010-12-31": "684.53900", "2010-09-30": "605.95500", "2010-06-30": "560.08600", "2010-03-31": "525.82300", "2009-12-31": "526.31300", "2009-09-30": "468.18200", "2009-06-30": "401.44500", "2009-03-31": "396.42300", "2008-12-31": "423.19900", "2008-09-30": "323.36900", "2008-06-30": "408.05900", "2008-03-31": "476.56400", "2007-12-31": "484.28000", "2007-09-30": "386.65000", "2007-06-30": "505.04000", "2007-03-31": "538.54200", "2006-12-31": "507.40800", "2006-09-30": "462.97500", "2006-06-30": "454.49600", "2006-03-31": "415.19100", "2005-12-31": "324.79500", "2005-09-30": "294.66400", "2005-06-30": "263.53100", "2005-03-31": "247.37800"}, "Property, Plant, And Equipment": {"2020-12-31": "215.64900", "2020-09-30": "229.23900", "2020-06-30": "228.29300", "2020-03-31": "232.00600", "2019-12-31": "229.80000", "2019-09-30": "223.42600", "2019-06-30": "226.00200", "2019-03-31": "208.22100", "2018-12-31": "179.22400", "2018-09-30": "145.04200", "2018-06-30": "126.10800", "2018-03-31": "117.39200", "2017-12-31": "117.31000", "2017-09-30": "122.42000", "2017-06-30": "125.13900", "2017-03-31": "126.70500", "2016-12-31": "128.66700", "2016-09-30": "123.24800", "2016-06-30": "115.13500", "2016-03-31": "107.54500", "2015-12-31": "99.94600", "2015-09-30": "95.90900", "2015-06-30": "83.50700", "2015-03-31": "68.74600", "2014-12-31": "66.63600", "2014-09-30": "66.79100", "2014-06-30": "62.65000", "2014-03-31": "61.60800", "2013-12-31": "62.15700", "2013-09-30": "63.52200", "2013-06-30": "63.72000", "2013-03-31": "63.18200", "2012-12-31": "62.02600", "2012-09-30": "59.60400", "2012-06-30": "54.25700", "2012-03-31": "52.27900", "2011-12-31": "50.87000", "2011-09-30": "47.99800", "2011-06-30": "42.32300", "2011-03-31": "37.53300", "2010-12-31": "35.52000", "2010-09-30": "34.15700", "2010-06-30": "35.99100", "2010-03-31": "37.05800", "2009-12-31": "38.48100", "2009-09-30": "39.37100", "2009-06-30": "40.23700", "2009-03-31": "42.85200", "2008-12-31": "46.59600", "2008-09-30": "47.55700", "2008-06-30": "47.63200", "2008-03-31": "40.71600", "2007-12-31": "37.23400", "2007-09-30": "36.02400", "2007-06-30": "33.30700", "2007-03-31": "31.69300", "2006-12-31": "29.95100", "2006-09-30": "29.95100", "2006-06-30": "29.96000", "2006-03-31": "23.66900", "2005-12-31": "19.07600", "2005-09-30": "16.15800", "2005-06-30": "15.56300", "2005-03-31": "13.10800"}, "Long-Term Investments": {"2020-12-31": "88.75300", "2020-09-30": "102.93900", "2020-06-30": "112.92800", "2020-03-31": "204.96900", "2019-12-31": "312.04400", "2019-09-30": "358.40200", "2019-06-30": "161.61900", "2019-03-31": "301.35700", "2018-12-31": "413.69000", "2018-09-30": "411.18400", "2018-06-30": "329.41200", "2018-03-31": "350.24100", "2017-12-31": "348.21000", "2017-09-30": "284.80200", "2017-06-30": "234.58700", "2017-03-31": "200.25300", "2016-12-31": "222.99900", "2016-09-30": "276.37500", "2016-06-30": "313.48800", "2016-03-31": "319.28700", "2015-12-31": "383.47900", "2015-09-30": "397.65600", "2015-06-30": "361.66500", "2015-03-31": "467.70200", "2014-12-31": "512.53800", "2014-09-30": "482.91700", "2014-06-30": "508.58100", "2014-03-31": "541.17200", "2013-12-31": "657.01800", "2013-09-30": "728.98100", "2013-06-30": "714.33100", "2013-03-31": "662.82200", "2012-12-31": "771.30000", "2012-09-30": "662.80300", "2012-06-30": "587.34200", "2012-03-31": "543.93200", "2011-12-31": "558.30700", "2011-09-30": "470.20300", "2011-06-30": "471.56700", "2011-03-31": "521.92000", "2010-12-31": "466.70200", "2010-09-30": "433.57000", "2010-06-30": "382.29500", "2010-03-31": "326.44400", "2009-12-31": "276.76700", "2009-09-30": "257.29400", "2009-06-30": "273.86100", "2009-03-31": "240.57200", "2008-12-31": "208.95000", "2008-09-30": "261.08600", "2008-06-30": "179.59200", "2008-03-31": "118.35500", "2007-12-31": "166.93700", "2007-09-30": "216.36600", "2007-06-30": "238.81800", "2007-03-31": "154.83400", "2006-12-31": "129.94300", "2006-09-30": "118.00300", "2006-06-30": "80.34300", "2006-03-31": "76.00900", "2005-12-31": "113.87900", "2005-09-30": "128.83400", "2005-06-30": "120.96200", "2005-03-31": "97.18100"}, "Goodwill And Intangible Assets": {"2020-12-31": "1863.89200", "2020-09-30": "1858.96600", "2020-06-30": "1858.96600", "2020-03-31": "1864.99100", "2019-12-31": "1065.37900", "2019-09-30": "1065.37900", "2019-06-30": "1065.37900", "2019-03-31": "555.96500", "2018-12-31": "555.96500", "2018-09-30": "555.96500", "2018-06-30": "555.96500", "2018-03-31": "555.96500", "2017-12-31": "555.96500", "2017-09-30": "555.96500", "2017-06-30": "555.96500", "2017-03-31": "555.96500", "2016-12-31": "555.96500", "2016-09-30": "555.96500", "2016-06-30": "555.96500", "2016-03-31": "555.96500", "2015-12-31": "555.96500", "2015-09-30": "555.96500", "2015-06-30": "556.95700", "2015-03-31": "556.95700", "2014-12-31": "556.95700", "2014-09-30": "556.95700", "2014-06-30": "556.95700", "2014-03-31": "517.61100", "2013-12-31": "523.72700", "2013-09-30": "523.72700", "2013-06-30": "447.79900", "2013-03-31": "447.79900", "2012-12-31": "348.23900", "2012-09-30": "348.23900", "2012-06-30": "347.90100", "2012-03-31": "347.90100", "2011-12-31": "234.69100", "2011-09-30": "234.69100", "2011-06-30": "234.70000", "2011-03-31": "234.70000", "2010-12-31": "234.70000", "2010-09-30": "234.70000", "2010-06-30": "233.52600", "2010-03-31": "233.52600", "2009-12-31": "233.52600", "2009-09-30": "231.88300", "2009-06-30": "231.89200", "2009-03-31": "231.89200", "2008-12-31": "231.89200", "2008-09-30": "231.89200", "2008-06-30": "231.89200", "2008-03-31": "231.96800", "2007-12-31": "233.99700", "2007-09-30": "233.99700", "2007-06-30": "81.70100", "2007-03-31": "81.70100", "2006-12-31": "81.70100", "2006-09-30": "81.70100", "2006-06-30": "81.70100", "2006-03-31": "81.65200", "2005-12-31": "81.65200", "2005-09-30": "49.67700", "2005-06-30": "50.06700", "2005-03-31": "50.06700"}, "Other Long-Term Assets": {"2020-12-31": "367.95500", "2020-09-30": "347.44700", "2020-06-30": "343.05600", "2020-03-31": "355.61400", "2019-12-31": "197.85100", "2019-09-30": "203.78100", "2019-06-30": "194.29500", "2019-03-31": "95.68200", "2018-12-31": "100.25000", "2018-09-30": "42.18600", "2018-06-30": "45.37800", "2018-03-31": "49.33700", "2017-12-31": "51.71800", "2017-09-30": "53.77500", "2017-06-30": "54.93000", "2017-03-31": "58.15900", "2016-12-31": "60.01200", "2016-09-30": "59.89000", "2016-06-30": "60.53200", "2016-03-31": "64.68200", "2015-12-31": "67.89400", "2015-09-30": "68.12800", "2015-06-30": "71.15700", "2015-03-31": "74.43500", "2014-12-31": "72.21900", "2014-09-30": "75.00300", "2014-06-30": "76.88900", "2014-03-31": "72.55600", "2013-12-31": "75.28000", "2013-09-30": "75.56400", "2013-06-30": "54.55900", "2013-03-31": "56.51700", "2012-12-31": "28.06400", "2012-09-30": "28.99600", "2012-06-30": "30.73700", "2012-03-31": "31.76900", "2011-12-31": "15.54700", "2011-09-30": "17.22200", "2011-06-30": "13.14700", "2011-03-31": "13.92300", "2010-12-31": "15.04900", "2010-09-30": "15.94600", "2010-06-30": "17.61300", "2010-03-31": "21.87300", "2009-12-31": "23.64100", "2009-09-30": "22.89700", "2009-06-30": "26.17100", "2009-03-31": "26.75000", "2008-12-31": "32.40800", "2008-09-30": "28.40200", "2008-06-30": "28.38900", "2008-03-31": "31.19100", "2007-12-31": "32.27300", "2007-09-30": "33.21500", "2007-06-30": "17.05500", "2007-03-31": "17.75800", "2006-12-31": "18.45900", "2006-09-30": "18.22400", "2006-06-30": "19.20900", "2006-03-31": "20.54400", "2005-12-31": "20.39600", "2005-09-30": "12.19400", "2005-06-30": "12.73100", "2005-03-31": "11.29100"}, "Total Long-Term Assets": {"2020-12-31": "2869.52900", "2020-09-30": "2884.44400", "2020-06-30": "2907.92300", "2020-03-31": "3032.24600", "2019-12-31": "2137.88900", "2019-09-30": "1878.68900", "2019-06-30": "1672.37400", "2019-03-31": "1182.77600", "2018-12-31": "1272.26000", "2018-09-30": "1187.81800", "2018-06-30": "1092.01600", "2018-03-31": "1109.91700", "2017-12-31": "1112.92200", "2017-09-30": "1070.26500", "2017-06-30": "972.67100", "2017-03-31": "943.07400", "2016-12-31": "969.59910", "2016-09-30": "1017.52200", "2016-06-30": "1045.82000", "2016-03-31": "1048.15900", "2015-12-31": "1107.94800", "2015-09-30": "1124.15000", "2015-06-30": "1076.84300", "2015-03-31": "1169.15500", "2014-12-31": "1209.56700", "2014-09-30": "1186.10200", "2014-06-30": "1230.36200", "2014-03-31": "1215.78100", "2013-12-31": "1343.89600", "2013-09-30": "1414.18300", "2013-06-30": "1313.49400", "2013-03-31": "1261.48500", "2012-12-31": "1245.86300", "2012-09-30": "1135.12000", "2012-06-30": "1055.17900", "2012-03-31": "1011.75300", "2011-12-31": "894.58700", "2011-09-30": "804.87600", "2011-06-30": "799.90600", "2011-03-31": "847.68400", "2010-12-31": "791.29800", "2010-09-30": "756.23700", "2010-06-30": "707.18700", "2010-03-31": "661.28700", "2009-12-31": "613.43100", "2009-09-30": "600.46300", "2009-06-30": "616.14300", "2009-03-31": "586.54000", "2008-12-31": "563.21900", "2008-09-30": "615.85400", "2008-06-30": "526.41400", "2008-03-31": "461.41500", "2007-12-31": "508.13100", "2007-09-30": "557.63800", "2007-06-30": "381.77000", "2007-03-31": "297.55800", "2006-12-31": "280.16200", "2006-09-30": "266.53600", "2006-06-30": "219.83800", "2006-03-31": "221.55600", "2005-12-31": "263.98200", "2005-09-30": "243.07500", "2005-06-30": "241.91500", "2005-03-31": "210.49200"}, "Total Assets": {"2020-12-31": "4899.33900", "2020-09-30": "4677.92000", "2020-06-30": "4573.35700", "2020-03-31": "4440.97700", "2019-12-31": "3875.36000", "2019-09-30": "3390.27500", "2019-06-30": "3177.27500", "2019-03-31": "2990.23600", "2018-12-31": "2891.89600", "2018-09-30": "2605.47600", "2018-06-30": "2561.06600", "2018-03-31": "2517.14600", "2017-12-31": "2493.73900", "2017-09-30": "2476.48900", "2017-06-30": "2418.57200", "2017-03-31": "2387.91700", "2016-12-31": "2397.09500", "2016-09-30": "2306.32300", "2016-06-30": "2253.78300", "2016-03-31": "2242.14000", "2015-12-31": "2316.08100", "2015-09-30": "2312.29000", "2015-06-30": "2262.35100", "2015-03-31": "2221.27900", "2014-12-31": "2236.42400", "2014-09-30": "2184.95000", "2014-06-30": "2175.48500", "2014-03-31": "2166.20000", "2013-12-31": "2214.83900", "2013-09-30": "2230.55400", "2013-06-30": "2147.80300", "2013-03-31": "2065.90900", "2012-12-31": "2037.65200", "2012-09-30": "1911.20100", "2012-06-30": "1838.06600", "2012-03-31": "1758.27100", "2011-12-31": "1698.68900", "2011-09-30": "1568.54900", "2011-06-30": "1597.13400", "2011-03-31": "1538.52300", "2010-12-31": "1475.83700", "2010-09-30": "1362.19200", "2010-06-30": "1267.27300", "2010-03-31": "1187.11000", "2009-12-31": "1139.74400", "2009-09-30": "1068.64500", "2009-06-30": "1017.58800", "2009-03-31": "982.96300", "2008-12-31": "986.41800", "2008-09-30": "939.22300", "2008-06-30": "934.47300", "2008-03-31": "937.97900", "2007-12-31": "992.41100", "2007-09-30": "944.28800", "2007-06-30": "886.81000", "2007-03-31": "836.10000", "2006-12-31": "787.57000", "2006-09-30": "729.51100", "2006-06-30": "674.33400", "2006-03-31": "636.74700", "2005-12-31": "588.77700", "2005-09-30": "537.73900", "2005-06-30": "505.44600", "2005-03-31": "457.87000"}, "Total Current Liabilities": {"2020-12-31": "1319.24900", "2020-09-30": "1288.27900", "2020-06-30": "1263.31600", "2020-03-31": "1252.00600", "2019-12-31": "1150.50700", "2019-09-30": "1105.52600", "2019-06-30": "1072.06600", "2019-03-31": "1074.78700", "2018-12-31": "1047.69000", "2018-09-30": "954.43300", "2018-06-30": "943.92500", "2018-03-31": "962.17100", "2017-12-31": "945.27600", "2017-09-30": "934.54300", "2017-06-30": "909.34100", "2017-03-31": "916.01800", "2016-12-31": "918.68300", "2016-09-30": "844.23800", "2016-06-30": "799.41000", "2016-03-31": "800.43500", "2015-12-31": "802.58300", "2015-09-30": "755.12300", "2015-06-30": "717.44700", "2015-03-31": "697.72600", "2014-12-31": "695.62400", "2014-09-30": "636.98100", "2014-06-30": "611.22000", "2014-03-31": "597.84300", "2013-12-31": "613.97100", "2013-09-30": "551.35000", "2013-06-30": "529.94800", "2013-03-31": "520.74400", "2012-12-31": "529.57800", "2012-09-30": "466.02900", "2012-06-30": "446.64000", "2012-03-31": "433.88600", "2011-12-31": "432.75400", "2011-09-30": "372.30700", "2011-06-30": "349.01700", "2011-03-31": "342.08500", "2010-12-31": "327.86600", "2010-09-30": "287.08500", "2010-06-30": "259.30800", "2010-03-31": "238.40000", "2009-12-31": "236.74900", "2009-09-30": "223.01400", "2009-06-30": "202.16500", "2009-03-31": "199.04400", "2008-12-31": "208.17500", "2008-09-30": "186.82100", "2008-06-30": "169.24500", "2008-03-31": "161.23800", "2007-12-31": "155.99600", "2007-09-30": "153.41000", "2007-06-30": "126.65800", "2007-03-31": "123.28600", "2006-12-31": "115.12900", "2006-09-30": "99.63700", "2006-06-30": "94.54300", "2006-03-31": "81.90300", "2005-12-31": "73.74700", "2005-09-30": "67.60800", "2005-06-30": "62.39600", "2005-03-31": "57.58200"}, "Long Term Debt": {"2020-12-31": "364.22900", "2020-09-30": "369.04700", "2020-06-30": "373.86600", "2020-03-31": "378.68500", "2019-12-31": "", "2019-09-30": "", "2019-06-30": "", "2019-03-31": "", "2018-12-31": "", "2018-09-30": "", "2018-06-30": "", "2018-03-31": "", "2017-12-31": "", "2017-09-30": "", "2017-06-30": "", "2017-03-31": "", "2016-12-31": "", "2016-09-30": "", "2016-06-30": "", "2016-03-31": "", "2015-12-31": "", "2015-09-30": "", "2015-06-30": "", "2015-03-31": "", "2014-12-31": "", "2014-09-30": "", "2014-06-30": "", "2014-03-31": "", "2013-12-31": "", "2013-09-30": "", "2013-06-30": "", "2013-03-31": "", "2012-12-31": "", "2012-09-30": "", "2012-06-30": "", "2012-03-31": "", "2011-12-31": "", "2011-09-30": "", "2011-06-30": "", "2011-03-31": "", "2010-12-31": "", "2010-09-30": "", "2010-06-30": "", "2010-03-31": "", "2009-12-31": "", "2009-09-30": "", "2009-06-30": "", "2009-03-31": "", "2008-12-31": "", "2008-09-30": "", "2008-06-30": "", "2008-03-31": "", "2007-12-31": "", "2007-09-30": "", "2007-06-30": "", "2007-03-31": "", "2006-12-31": "", "2006-09-30": "", "2006-06-30": "", "2006-03-31": "", "2005-12-31": "", "2005-09-30": "", "2005-06-30": "", "2005-03-31": ""}, "Other Non-Current Liabilities": {"2020-12-31": "61.65300", "2020-09-30": "59.51100", "2020-06-30": "49.81700", "2020-03-31": "62.75100", "2019-12-31": "62.61100", "2019-09-30": "131.85300", "2019-06-30": "117.80400", "2019-03-31": "95.53000", "2018-12-31": "81.47300", "2018-09-30": "65.89200", "2018-06-30": "59.46600", "2018-03-31": "53.77000", "2017-12-31": "51.97000", "2017-09-30": "44.58900", "2017-06-30": "41.29300", "2017-03-31": "37.05100", "2016-12-31": "35.84100", "2016-09-30": "34.13800", "2016-06-30": "30.76100", "2016-03-31": "32.19000", "2015-12-31": "31.10000", "2015-09-30": "30.13600", "2015-06-30": "25.91400", "2015-03-31": "23.21700", "2014-12-31": "23.31600", "2014-09-30": "22.71800", "2014-06-30": "22.37700", "2014-03-31": "22.66100", "2013-12-31": "24.17600", "2013-09-30": "25.20200", "2013-06-30": "21.39100", "2013-03-31": "23.00600", "2012-12-31": "21.16300", "2012-09-30": "21.07800", "2012-06-30": "20.31400", "2012-03-31": "19.68300", "2011-12-31": "18.53600", "2011-09-30": "18.38800", "2011-06-30": "16.30000", "2011-03-31": "18.95200", "2010-12-31": "17.60100", "2010-09-30": "16.15300", "2010-06-30": "15.38600", "2010-03-31": "13.90500", "2009-12-31": "14.00300", "2009-09-30": "14.37300", "2009-06-30": "13.83800", "2009-03-31": "13.96600", "2008-12-31": "14.01000", "2008-09-30": "14.82200", "2008-06-30": "12.46100", "2008-03-31": "9.01300", "2007-12-31": "7.56000", "2007-09-30": "7.67900", "2007-06-30": "8.48800", "2007-03-31": "8.48800", "2006-12-31": "8.38500", "2006-09-30": "7.97600", "2006-06-30": "7.92000", "2006-03-31": "7.58000", "2005-12-31": "6.75900", "2005-09-30": "6.65000", "2005-06-30": "2.70100", "2005-03-31": "2.33700"}, "Total Long Term Liabilities": {"2020-12-31": "1178.50000", "2020-09-30": "1157.37300", "2020-06-30": "1156.14200", "2020-03-31": "1190.77700", "2019-12-31": "795.39500", "2019-09-30": "523.25200", "2019-06-30": "481.42700", "2019-03-31": "448.04100", "2018-12-31": "435.01800", "2018-09-30": "365.55100", "2018-06-30": "351.16600", "2018-03-31": "328.36100", "2017-12-31": "321.28500", "2017-09-30": "312.55400", "2017-06-30": "304.62400", "2017-03-31": "287.29400", "2016-12-31": "283.41900", "2016-09-30": "276.82300", "2016-06-30": "267.30800", "2016-03-31": "260.71100", "2015-12-31": "250.97000", "2015-09-30": "240.43900", "2015-06-30": "217.80200", "2015-03-31": "202.15700", "2014-12-31": "185.02300", "2014-09-30": "178.65900", "2014-06-30": "163.55100", "2014-03-31": "153.41800", "2013-12-31": "146.79800", "2013-09-30": "140.49200", "2013-06-30": "129.66900", "2013-03-31": "116.98600", "2012-12-31": "121.77500", "2012-09-30": "115.77200", "2012-06-30": "109.25800", "2012-03-31": "107.16700", "2011-12-31": "95.74500", "2011-09-30": "90.80600", "2011-06-30": "82.94900", "2011-03-31": "84.13500", "2010-12-31": "72.87200", "2010-09-30": "71.40900", "2010-06-30": "66.36300", "2010-03-31": "61.13400", "2009-12-31": "54.22700", "2009-09-30": "46.61100", "2009-06-30": "41.01100", "2009-03-31": "39.40200", "2008-12-31": "37.63400", "2008-09-30": "34.14300", "2008-06-30": "32.73400", "2008-03-31": "32.15800", "2007-12-31": "26.37800", "2007-09-30": "20.30100", "2007-06-30": "18.31200", "2007-03-31": "16.29300", "2006-12-31": "15.89700", "2006-09-30": "13.41600", "2006-06-30": "12.50200", "2006-03-31": "11.23000", "2005-12-31": "10.40600", "2005-09-30": "9.96400", "2005-06-30": "2.70100", "2005-03-31": "2.33700"}, "Total Liabilities": {"2020-12-31": "2497.74900", "2020-09-30": "2445.65200", "2020-06-30": "2419.45800", "2020-03-31": "2442.78300", "2019-12-31": "1945.90200", "2019-09-30": "1628.77800", "2019-06-30": "1553.49300", "2019-03-31": "1522.82800", "2018-12-31": "1482.70800", "2018-09-30": "1319.98400", "2018-06-30": "1295.09100", "2018-03-31": "1290.53200", "2017-12-31": "1266.56100", "2017-09-30": "1247.09700", "2017-06-30": "1213.96500", "2017-03-31": "1203.31200", "2016-12-31": "1202.10200", "2016-09-30": "1121.06100", "2016-06-30": "1066.71800", "2016-03-31": "1061.14600", "2015-12-31": "1053.55300", "2015-09-30": "995.56200", "2015-06-30": "935.24900", "2015-03-31": "899.88300", "2014-12-31": "880.64700", "2014-09-30": "815.64000", "2014-06-30": "774.77100", "2014-03-31": "751.26100", "2013-12-31": "760.76900", "2013-09-30": "691.84200", "2013-06-30": "659.61700", "2013-03-31": "637.73000", "2012-12-31": "651.35300", "2012-09-30": "581.80100", "2012-06-30": "555.89800", "2012-03-31": "541.05300", "2011-12-31": "528.49900", "2011-09-30": "463.11300", "2011-06-30": "431.96600", "2011-03-31": "426.22000", "2010-12-31": "400.73800", "2010-09-30": "358.49400", "2010-06-30": "325.67100", "2010-03-31": "299.53400", "2009-12-31": "290.97600", "2009-09-30": "269.62500", "2009-06-30": "243.17600", "2009-03-31": "238.44600", "2008-12-31": "245.80900", "2008-09-30": "220.96400", "2008-06-30": "201.97900", "2008-03-31": "193.39600", "2007-12-31": "182.37400", "2007-09-30": "173.71100", "2007-06-30": "144.97000", "2007-03-31": "139.57900", "2006-12-31": "131.02600", "2006-09-30": "113.05300", "2006-06-30": "107.04500", "2006-03-31": "93.13300", "2005-12-31": "84.15300", "2005-09-30": "77.57200", "2005-06-30": "65.09700", "2005-03-31": "59.91900"}, "Common Stock Net": {"2020-12-31": "386.23600", "2020-09-30": "305.45300", "2020-06-30": "304.52600", "2020-03-31": "223.10100", "2019-12-31": "211.21700", "2019-09-30": "142.59700", "2019-06-30": "98.72200", "2019-03-31": "29.40100", "2018-12-31": "13.27700", "2018-09-30": "20.42700", "2018-06-30": "20.00800", "2018-03-31": "21.12000", "2017-12-31": "20.02900", "2017-09-30": "17.62700", "2017-06-30": "17.53200", "2017-03-31": "19.40100", "2016-12-31": "17.28000", "2016-09-30": "13.19100", "2016-06-30": "9.99600", "2016-03-31": "25.18100", "2015-12-31": "16.05500", "2015-09-30": "10.15900", "2015-06-30": "5.98700", "2015-03-31": "20.68300", "2014-12-31": "5.10500", "2014-09-30": "15.75300", "2014-06-30": "18.71200", "2014-03-31": "21.32000", "2013-12-31": "109.94900", "2013-09-30": "262.50500", "2013-06-30": "290.14300", "2013-03-31": "294.87500", "2012-12-31": "315.03900", "2012-09-30": "326.92200", "2012-06-30": "349.41100", "2012-03-31": "357.02600", "2011-12-31": "379.34900", "2011-09-30": "380.73700", "2011-06-30": "505.11700", "2011-03-31": "515.97300", "2010-12-31": "534.19400", "2010-09-30": "517.21500", "2010-06-30": "504.70800", "2010-03-31": "490.17600", "2009-12-31": "483.76700", "2009-09-30": "462.78600", "2009-06-30": "467.39100", "2009-03-31": "460.94400", "2008-12-31": "475.35200", "2008-09-30": "477.29900", "2008-06-30": "510.67600", "2008-03-31": "539.56600", "2007-12-31": "620.63200", "2007-09-30": "598.43600", "2007-06-30": "583.34900", "2007-03-31": "559.43500", "2006-12-31": "539.22000", "2006-09-30": "521.79100", "2006-06-30": "490.96100", "2006-03-31": "460.78900", "2005-12-31": "437.64200", "2005-09-30": "431.89700", "2005-06-30": "403.64100", "2005-03-31": "376.25800"}, "Retained Earnings (Accumulated Deficit)": {"2020-12-31": "2033.20900", "2020-09-30": "1945.53100", "2020-06-30": "1867.86800", "2020-03-31": "1797.99600", "2019-12-31": "1736.61700", "2019-09-30": "1638.09000", "2019-06-30": "1543.25300", "2019-03-31": "1457.34800", "2018-12-31": "1417.90400", "2018-09-30": "1287.24300", "2018-06-30": "1267.95000", "2018-03-31": "1226.47400", "2017-12-31": "1226.62700", "2017-09-30": "1229.76200", "2017-06-30": "1202.53300", "2017-03-31": "1180.67300", "2016-12-31": "1193.76100", "2016-09-30": "1185.26500", "2016-06-30": "1190.38600", "2016-03-31": "1169.37100", "2015-12-31": "1262.98300", "2015-09-30": "1321.85700", "2015-06-30": "1334.47000", "2015-03-31": "1313.93700", "2014-12-31": "1362.71200", "2014-09-30": "1363.14100", "2014-06-30": "1388.83600", "2014-03-31": "1400.86000", "2013-12-31": "1351.66900", "2013-09-30": "1283.62100", "2013-06-30": "1207.39000", "2013-03-31": "1139.21200", "2012-12-31": "1075.80000", "2012-09-30": "1006.30700", "2012-06-30": "938.59000", "2012-03-31": "866.25400", "2011-12-31": "797.61300", "2011-09-30": "731.12100", "2011-06-30": "663.51100", "2011-03-31": "600.96200", "2010-12-31": "545.38700", "2010-09-30": "489.72400", "2010-06-30": "441.48900", "2010-03-31": "400.99400", "2009-12-31": "367.85000", "2009-09-30": "338.57100", "2009-06-30": "310.22100", "2009-03-31": "287.44500", "2008-12-31": "268.45900", "2008-09-30": "247.03600", "2008-06-30": "227.33500", "2008-03-31": "208.20100", "2007-12-31": "190.45600", "2007-09-30": "172.70500", "2007-06-30": "159.82300", "2007-03-31": "138.01400", "2006-12-31": "118.05800", "2006-09-30": "95.70500", "2006-06-30": "77.95300", "2006-03-31": "84.50900", "2005-12-31": "68.44200", "2005-09-30": "29.70000", "2005-06-30": "37.57000", "2005-03-31": "23.59300"}, "Comprehensive Income": {"2020-12-31": "-17.85500", "2020-09-30": "-18.71600", "2020-06-30": "-18.49500", "2020-03-31": "-22.90300", "2019-12-31": "-18.37600", "2019-09-30": "-19.19000", "2019-06-30": "-18.19300", "2019-03-31": "-19.34100", "2018-12-31": "-21.99300", "2018-09-30": "-22.17800", "2018-06-30": "-21.98300", "2018-03-31": "-20.98000", "2017-12-31": "-19.47800", "2017-09-30": "-17.99700", "2017-06-30": "-15.45800", "2017-03-31": "-15.46900", "2016-12-31": "-16.04800", "2016-09-30": "-13.19400", "2016-06-30": "-13.31700", "2016-03-31": "-13.55800", "2015-12-31": "-16.51000", "2015-09-30": "-15.28800", "2015-06-30": "-13.35500", "2015-03-31": "-13.22400", "2014-12-31": "-12.04000", "2014-09-30": "-9.58400", "2014-06-30": "-6.83400", "2014-03-31": "-7.24100", "2013-12-31": "-7.54800", "2013-09-30": "-7.41400", "2013-06-30": "-9.34700", "2013-03-31": "-5.90800", "2012-12-31": "-4.54000", "2012-09-30": "-3.82900", "2012-06-30": "-5.83300", "2012-03-31": "-6.06200", "2011-12-31": "-6.77200", "2011-09-30": "-6.42200", "2011-06-30": "-3.46000", "2011-03-31": "-4.63200", "2010-12-31": "-4.48200", "2010-09-30": "-3.24100", "2010-06-30": "-4.59500", "2010-03-31": "-3.59400", "2009-12-31": "-2.84900", "2009-09-30": "-2.33700", "2009-06-30": "-3.20000", "2009-03-31": "-3.87200", "2008-12-31": "-3.20200", "2008-09-30": "-6.07600", "2008-06-30": "-5.51700", "2008-03-31": "-3.18400", "2007-12-31": "-1.05100", "2007-09-30": "-0.56400", "2007-06-30": "-1.33200", "2007-03-31": "-0.92800", "2006-12-31": "-0.73400", "2006-09-30": "-1.03800", "2006-06-30": "-1.62500", "2006-03-31": "-1.68400", "2005-12-31": "-1.46000", "2005-09-30": "-1.43000", "2005-06-30": "-0.86200", "2005-03-31": "-1.90000"}, "Other Share Holders Equity": {"2020-12-31": "", "2020-09-30": "", "2020-06-30": "", "2020-03-31": "", "2019-12-31": "", "2019-09-30": "", "2019-06-30": "", "2019-03-31": "", "2018-12-31": "", "2018-09-30": "", "2018-06-30": "", "2018-03-31": "", "2017-12-31": "", "2017-09-30": "", "2017-06-30": "", "2017-03-31": "", "2016-12-31": "", "2016-09-30": "", "2016-06-30": "", "2016-03-31": "", "2015-12-31": "", "2015-09-30": "", "2015-06-30": "", "2015-03-31": "", "2014-12-31": "", "2014-09-30": "", "2014-06-30": "", "2014-03-31": "", "2013-12-31": "", "2013-09-30": "", "2013-06-30": "", "2013-03-31": "", "2012-12-31": "", "2012-09-30": "", "2012-06-30": "", "2012-03-31": "", "2011-12-31": "", "2011-09-30": "", "2011-06-30": "", "2011-03-31": "", "2010-12-31": "", "2010-09-30": "", "2010-06-30": "", "2010-03-31": "", "2009-12-31": "", "2009-09-30": "", "2009-06-30": "", "2009-03-31": "", "2008-12-31": "", "2008-09-30": "", "2008-06-30": "", "2008-03-31": "", "2007-12-31": "", "2007-09-30": "", "2007-06-30": "", "2007-03-31": "", "2006-12-31": "", "2006-09-30": "", "2006-06-30": "", "2006-03-31": "", "2005-12-31": "", "2005-09-30": "", "2005-06-30": "", "2005-03-31": ""}, "Share Holder Equity": {"2020-12-31": "2401.59000", "2020-09-30": "2232.26800", "2020-06-30": "2153.89900", "2020-03-31": "1998.19400", "2019-12-31": "1929.45800", "2019-09-30": "1761.49700", "2019-06-30": "1623.78200", "2019-03-31": "1467.40800", "2018-12-31": "1409.18800", "2018-09-30": "1285.49200", "2018-06-30": "1265.97500", "2018-03-31": "1226.61400", "2017-12-31": "1227.17800", "2017-09-30": "1229.39200", "2017-06-30": "1204.60700", "2017-03-31": "1184.60500", "2016-12-31": "1194.99300", "2016-09-30": "1185.26200", "2016-06-30": "1187.06500", "2016-03-31": "1180.99400", "2015-12-31": "1262.52800", "2015-09-30": "1316.72800", "2015-06-30": "1327.10200", "2015-03-31": "1321.39600", "2014-12-31": "1355.77700", "2014-09-30": "1369.31000", "2014-06-30": "1400.71400", "2014-03-31": "1414.93900", "2013-12-31": "1454.07000", "2013-09-30": "1538.71200", "2013-06-30": "1488.18600", "2013-03-31": "1428.17900", "2012-12-31": "1386.29900", "2012-09-30": "1329.40000", "2012-06-30": "1282.16800", "2012-03-31": "1217.21800", "2011-12-31": "1170.19000", "2011-09-30": "1105.43600", "2011-06-30": "1165.16800", "2011-03-31": "1112.30300", "2010-12-31": "1075.09900", "2010-09-30": "1003.69800", "2010-06-30": "941.60200", "2010-03-31": "887.57600", "2009-12-31": "848.76800", "2009-09-30": "799.02000", "2009-06-30": "774.41200", "2009-03-31": "744.51700", "2008-12-31": "740.60900", "2008-09-30": "718.25900", "2008-06-30": "732.49400", "2008-03-31": "744.58300", "2007-12-31": "810.03700", "2007-09-30": "770.57700", "2007-06-30": "741.84000", "2007-03-31": "696.52100", "2006-12-31": "656.54400", "2006-09-30": "616.45800", "2006-06-30": "567.28900", "2006-03-31": "543.61400", "2005-12-31": "504.62400", "2005-09-30": "460.16700", "2005-06-30": "440.34900", "2005-03-31": "397.95100"}, "Total Liabilities And Share Holders Equity": {"2020-12-31": "4899.33900", "2020-09-30": "4677.92000", "2020-06-30": "4573.35700", "2020-03-31": "4440.97700", "2019-12-31": "3875.36000", "2019-09-30": "3390.27500", "2019-06-30": "3177.27500", "2019-03-31": "2990.23600", "2018-12-31": "2891.89600", "2018-09-30": "2605.47600", "2018-06-30": "2561.06600", "2018-03-31": "2517.14600", "2017-12-31": "2493.73900", "2017-09-30": "2476.48900", "2017-06-30": "2418.57200", "2017-03-31": "2387.91700", "2016-12-31": "2397.09500", "2016-09-30": "2306.32300", "2016-06-30": "2253.78300", "2016-03-31": "2242.14000", "2015-12-31": "2316.08100", "2015-09-30": "2312.29000", "2015-06-30": "2262.35100", "2015-03-31": "2221.27900", "2014-12-31": "2236.42400", "2014-09-30": "2184.95000", "2014-06-30": "2175.48500", "2014-03-31": "2166.20000", "2013-12-31": "2214.83900", "2013-09-30": "2230.55400", "2013-06-30": "2147.80300", "2013-03-31": "2065.90900", "2012-12-31": "2037.65200", "2012-09-30": "1911.20100", "2012-06-30": "1838.06600", "2012-03-31": "1758.27100", "2011-12-31": "1698.68900", "2011-09-30": "1568.54900", "2011-06-30": "1597.13400", "2011-03-31": "1538.52300", "2010-12-31": "1475.83700", "2010-09-30": "1362.19200", "2010-06-30": "1267.27300", "2010-03-31": "1187.11000", "2009-12-31": "1139.74400", "2009-09-30": "1068.64500", "2009-06-30": "1017.58800", "2009-03-31": "982.96300", "2008-12-31": "986.41800", "2008-09-30": "939.22300", "2008-06-30": "934.47300", "2008-03-31": "937.97900", "2007-12-31": "992.41100", "2007-09-30": "944.28800", "2007-06-30": "886.81000", "2007-03-31": "836.10000", "2006-12-31": "787.57000", "2006-09-30": "729.51100", "2006-06-30": "674.33400", "2006-03-31": "636.74700", "2005-12-31": "588.77700", "2005-09-30": "537.73900", "2005-06-30": "505.44600", "2005-03-31": "457.87000"}}, "cash flow statement": {"Net Income/Loss": {"2020-09-30": "307.44100", "2019-09-30": "427.73400", "2018-09-30": "453.68900", "2017-09-30": "420.76100", "2016-09-30": "365.85500", "2015-09-30": "365.01400", "2014-09-30": "311.18300", "2013-09-30": "277.31400", "2012-09-30": "275.18600", "2011-09-30": "241.39700", "2010-09-30": "151.15300", "2009-09-30": "91.53500", "2008-09-30": "74.33100", "2007-09-30": "77.00000", "2006-09-30": "66.00500", "2005-09-30": "46.90200"}, "Total Depreciation And Amortization - Cash Flow": {"2020-09-30": "95.85700", "2019-09-30": "68.50700", "2018-09-30": "59.49100", "2017-09-30": "61.14800", "2016-09-30": "56.77600", "2015-09-30": "52.58300", "2014-09-30": "46.12100", "2013-09-30": "40.00500", "2012-09-30": "35.13900", "2011-09-30": "20.88700", "2010-09-30": "23.83300", "2009-09-30": "26.40700", "2008-09-30": "23.62300", "2007-09-30": "15.86200", "2006-09-30": "11.58500", "2005-09-30": "6.79700"}, "Other Non-Cash Items": {"2020-09-30": "260.17500", "2019-09-30": "186.50000", "2018-09-30": "179.85900", "2017-09-30": "170.62700", "2016-09-30": "161.94600", "2015-09-30": "134.75200", "2014-09-30": "126.74100", "2013-09-30": "105.52400", "2012-09-30": "93.17300", "2011-09-30": "95.05300", "2010-09-30": "80.09700", "2009-09-30": "52.63600", "2008-09-30": "57.78300", "2007-09-30": "62.99000", "2006-09-30": "44.27700", "2005-09-30": "31.81400"}, "Total Non-Cash Items": {"2020-09-30": "356.03200", "2019-09-30": "255.00700", "2018-09-30": "239.35000", "2017-09-30": "231.77500", "2016-09-30": "218.72200", "2015-09-30": "187.33500", "2014-09-30": "172.86200", "2013-09-30": "145.52900", "2012-09-30": "128.31200", "2011-09-30": "115.94000", "2010-09-30": "103.93000", "2009-09-30": "79.04300", "2008-09-30": "81.40600", "2007-09-30": "78.85200", "2006-09-30": "55.86200", "2005-09-30": "38.61100"}, "Change In Accounts Receivable": {"2020-09-30": "46.50200", "2019-09-30": "-18.30500", "2018-09-30": "-4.88900", "2017-09-30": "-24.11500", "2016-09-30": "9.73200", "2015-09-30": "-38.68000", "2014-09-30": "-40.89500", "2013-09-30": "-18.86700", "2012-09-30": "-20.20700", "2011-09-30": "-54.52600", "2010-09-30": "-6.36500", "2009-09-30": "-12.55500", "2008-09-30": "-7.94000", "2007-09-30": "-30.00400", "2006-09-30": "-20.81200", "2005-09-30": "-20.45600"}, "Change In Inventories": {"2020-09-30": "6.50300", "2019-09-30": "-3.83200", "2018-09-30": "-0.73400", "2017-09-30": "4.21800", "2016-09-30": "-0.33400", "2015-09-30": "-9.24600", "2014-09-30": "-5.44500", "2013-09-30": "-1.61700", "2012-09-30": "-0.26200", "2011-09-30": "1.66600", "2010-09-30": "-4.99600", "2009-09-30": "-3.67100", "2008-09-30": "0.52300", "2007-09-30": "-2.36600", "2006-09-30": "-2.99700", "2005-09-30": "-1.00200"}, "Change In Accounts Payable": {"2020-09-30": "", "2019-09-30": "", "2018-09-30": "", "2017-09-30": "", "2016-09-30": "", "2015-09-30": "", "2014-09-30": "", "2013-09-30": "", "2012-09-30": "", "2011-09-30": "", "2010-09-30": "", "2009-09-30": "", "2008-09-30": "", "2007-09-30": "", "2006-09-30": "", "2005-09-30": ""}, "Change In Assets/Liabilities": {"2020-09-30": "-90.32200", "2019-09-30": "12.52700", "2018-09-30": "67.06900", "2017-09-30": "77.11800", "2016-09-30": "84.34300", "2015-09-30": "140.59700", "2014-09-30": "92.94800", "2013-09-30": "80.54400", "2012-09-30": "102.45500", "2011-09-30": "91.98500", "2010-09-30": "57.73300", "2009-09-30": "37.38100", "2008-09-30": "41.36600", "2007-09-30": "29.57600", "2006-09-30": "14.23200", "2005-09-30": "7.50600"}, "Total Change In Assets/Liabilities": {"2020-09-30": "-2.57500", "2019-09-30": "65.10000", "2018-09-30": "68.02900", "2017-09-30": "87.74500", "2016-09-30": "126.95800", "2015-09-30": "132.19200", "2014-09-30": "64.94700", "2013-09-30": "76.85000", "2012-09-30": "91.93900", "2011-09-30": "59.60100", "2010-09-30": "58.52900", "2009-09-30": "31.40300", "2008-09-30": "37.95500", "2007-09-30": "13.79800", "2006-09-30": "3.51100", "2005-09-30": "-0.52600"}, "Cash Flow From Operating Activities": {"2020-09-30": "660.89800", "2019-09-30": "747.84100", "2018-09-30": "761.06800", "2017-09-30": "740.28100", "2016-09-30": "711.53500", "2015-09-30": "684.54100", "2014-09-30": "548.99200", "2013-09-30": "499.69300", "2012-09-30": "495.43700", "2011-09-30": "416.93800", "2010-09-30": "313.61200", "2009-09-30": "201.98100", "2008-09-30": "193.69200", "2007-09-30": "169.65000", "2006-09-30": "125.37800", "2005-09-30": "84.98700"}, "Net Change In Property, Plant, And Equipment": {"2020-09-30": "-59.94000", "2019-09-30": "-103.54200", "2018-09-30": "-52.46500", "2017-09-30": "-38.68100", "2016-09-30": "-63.48800", "2015-09-30": "-60.30700", "2014-09-30": "-22.71800", "2013-09-30": "-26.58300", "2012-09-30": "-29.86700", "2011-09-30": "-30.44500", "2010-09-30": "-12.62500", "2009-09-30": "-11.66900", "2008-09-30": "-27.92300", "2007-09-30": "-16.45400", "2006-09-30": "-21.40000", "2005-09-30": "-9.29300"}, "Net Change In Intangible Assets": {"2020-09-30": "", "2019-09-30": "", "2018-09-30": "", "2017-09-30": "-4.00000", "2016-09-30": "-4.75000", "2015-09-30": "-6.77900", "2014-09-30": "", "2013-09-30": "", "2012-09-30": "-0.25000", "2011-09-30": "-5.71500", "2010-09-30": "0.00000", "2009-09-30": "-0.70600", "2008-09-30": "", "2007-09-30": "", "2006-09-30": "", "2005-09-30": "-2.25900"}, "Net Acquisitions/Divestitures": {"2020-09-30": "-955.57400", "2019-09-30": "-611.55000", "2018-09-30": "", "2017-09-30": "", "2016-09-30": "", "2015-09-30": "", "2014-09-30": "-49.43900", "2013-09-30": "-212.64200", "2012-09-30": "-128.33500", "2011-09-30": "", "2010-09-30": "", "2009-09-30": "", "2008-09-30": "-0.99500", "2007-09-30": "-207.14400", "2006-09-30": "-42.77800", "2005-09-30": "-0.39500"}, "Net Change In Short-term Investments": {"2020-09-30": "", "2019-09-30": "", "2018-09-30": "", "2017-09-30": "", "2016-09-30": "", "2015-09-30": "", "2014-09-30": "", "2013-09-30": "", "2012-09-30": "", "2011-09-30": "", "2010-09-30": "", "2009-09-30": "", "2008-09-30": "", "2007-09-30": "", "2006-09-30": "", "2005-09-30": ""}, "Net Change In Long-Term Investments": {"2020-09-30": "268.51200", "2019-09-30": "300.45800", "2018-09-30": "-403.55800", "2017-09-30": "10.46900", "2016-09-30": "130.96100", "2015-09-30": "56.38700", "2014-09-30": "222.79800", "2013-09-30": "-113.24500", "2012-09-30": "-193.82710", "2011-09-30": "-103.55900", "2010-09-30": "-225.59800", "2009-09-30": "-86.73400", "2008-09-30": "42.62800", "2007-09-30": "35.45700", "2006-09-30": "-140.23100", "2005-09-30": "-114.81300"}, "Net Change In Investments - Total": {"2020-09-30": "268.51200", "2019-09-30": "300.45800", "2018-09-30": "-403.55800", "2017-09-30": "10.46900", "2016-09-30": "130.96100", "2015-09-30": "56.38700", "2014-09-30": "222.79800", "2013-09-30": "-113.24500", "2012-09-30": "-193.82710", "2011-09-30": "-103.55900", "2010-09-30": "-225.59800", "2009-09-30": "-86.73400", "2008-09-30": "42.62800", "2007-09-30": "35.45700", "2006-09-30": "-140.23100", "2005-09-30": "-114.81300"}, "Investing Activities - Other": {"2020-09-30": "", "2019-09-30": "", "2018-09-30": "", "2017-09-30": "", "2016-09-30": "-0.00300", "2015-09-30": "", "2014-09-30": "", "2013-09-30": "", "2012-09-30": "", "2011-09-30": "", "2010-09-30": "", "2009-09-30": "", "2008-09-30": "", "2007-09-30": "", "2006-09-30": "", "2005-09-30": ""}, "Cash Flow From Investing Activities": {"2020-09-30": "-747.00200", "2019-09-30": "-414.63400", "2018-09-30": "-456.02300", "2017-09-30": "-32.21200", "2016-09-30": "62.72000", "2015-09-30": "-10.69900", "2014-09-30": "150.64100", "2013-09-30": "-352.47000", "2012-09-30": "-352.27900", "2011-09-30": "-139.71900", "2010-09-30": "-238.22300", "2009-09-30": "-99.10900", "2008-09-30": "13.71000", "2007-09-30": "-188.14100", "2006-09-30": "-204.40900", "2005-09-30": "-126.76000"}, "Net Long-Term Debt": {"2020-09-30": "390.00000", "2019-09-30": "", "2018-09-30": "", "2017-09-30": "", "2016-09-30": "", "2015-09-30": "", "2014-09-30": "", "2013-09-30": "", "2012-09-30": "", "2011-09-30": "", "2010-09-30": "", "2009-09-30": "", "2008-09-30": "", "2007-09-30": "", "2006-09-30": "", "2005-09-30": ""}, "Net Current Debt": {"2020-09-30": "", "2019-09-30": "", "2018-09-30": "", "2017-09-30": "", "2016-09-30": "", "2015-09-30": "", "2014-09-30": "", "2013-09-30": "", "2012-09-30": "", "2011-09-30": "", "2010-09-30": "", "2009-09-30": "", "2008-09-30": "", "2007-09-30": "", "2006-09-30": "", "2005-09-30": ""}, "Debt Issuance/Retirement Net - Total": {"2020-09-30": "390.00000", "2019-09-30": "", "2018-09-30": "", "2017-09-30": "", "2016-09-30": "", "2015-09-30": "", "2014-09-30": "", "2013-09-30": "", "2012-09-30": "", "2011-09-30": "", "2010-09-30": "", "2009-09-30": "", "2008-09-30": "", "2007-09-30": "", "2006-09-30": "", "2005-09-30": ""}, "Net Common Equity Issued/Repurchased": {"2020-09-30": "-47.18100", "2019-09-30": "-155.44700", "2018-09-30": "-551.26300", "2017-09-30": "-553.05100", "2016-09-30": "-655.25500", "2015-09-30": "-566.41890", "2014-09-30": "-615.24300", "2013-09-30": "-170.40900", "2012-09-30": "-159.60200", "2011-09-30": "-250.28700", "2010-09-30": "-43.33000", "2009-09-30": "-68.74800", "2008-09-30": "-181.49800", "2007-09-30": "23.28900", "2006-09-30": "44.25800", "2005-09-30": "68.86700"}, "Net Total Equity Issued/Repurchased": {"2020-09-30": "-47.18100", "2019-09-30": "-155.44700", "2018-09-30": "-551.26300", "2017-09-30": "-553.05100", "2016-09-30": "-655.25500", "2015-09-30": "-566.41890", "2014-09-30": "-615.24300", "2013-09-30": "-170.40900", "2012-09-30": "-159.60200", "2011-09-30": "-250.28700", "2010-09-30": "-43.33000", "2009-09-30": "-68.74800", "2008-09-30": "-181.49800", "2007-09-30": "23.28900", "2006-09-30": "44.25800", "2005-09-30": "68.86700"}, "Total Common And Preferred Stock Dividends Paid": {"2020-09-30": "", "2019-09-30": "", "2018-09-30": "", "2017-09-30": "", "2016-09-30": "", "2015-09-30": "", "2014-09-30": "", "2013-09-30": "", "2012-09-30": "", "2011-09-30": "", "2010-09-30": "", "2009-09-30": "", "2008-09-30": "", "2007-09-30": "", "2006-09-30": "", "2005-09-30": ""}, "Financial Activities - Other": {"2020-09-30": "-5.57600", "2019-09-30": "", "2018-09-30": "", "2017-09-30": "7.01900", "2016-09-30": "2.60800", "2015-09-30": "9.51700", "2014-09-30": "10.28300", "2013-09-30": "4.09100", "2012-09-30": "10.37100", "2011-09-30": "23.62300", "2010-09-30": "26.53200", "2009-09-30": "-1.95800", "2008-09-30": "-0.22100", "2007-09-30": "12.19700", "2006-09-30": "20.88700", "2005-09-30": ""}, "Cash Flow From Financial Activities": {"2020-09-30": "337.24300", "2019-09-30": "-155.44700", "2018-09-30": "-551.26300", "2017-09-30": "-546.03200", "2016-09-30": "-652.64700", "2015-09-30": "-556.90200", "2014-09-30": "-604.96000", "2013-09-30": "-166.31800", "2012-09-30": "-149.23100", "2011-09-30": "-226.66400", "2010-09-30": "-16.79800", "2009-09-30": "-70.70600", "2008-09-30": "-181.71900", "2007-09-30": "35.48600", "2006-09-30": "65.14500", "2005-09-30": "68.86700"}, "Net Cash Flow": {"2020-09-30": "250.57200", "2019-09-30": "176.36000", "2018-09-30": "-248.55800", "2017-09-30": "158.73000", "2016-09-30": "124.11100", "2015-09-30": "108.95800", "2014-09-30": "91.80900", "2013-09-30": "-21.48800", "2012-09-30": "-5.60300", "2011-09-30": "48.03000", "2010-09-30": "57.91700", "2009-09-30": "32.53400", "2008-09-30": "24.00700", "2007-09-30": "16.55000", "2006-09-30": "-14.12100", "2005-09-30": "26.97000"}, "Stock-Based Compensation": {"2020-09-30": "201.94800", "2019-09-30": "162.91400", "2018-09-30": "157.85500", "2017-09-30": "175.32600", "2016-09-30": "156.76000", "2015-09-30": "145.55300", "2014-09-30": "127.15600", "2013-09-30": "104.21200", "2012-09-30": "95.34800", "2011-09-30": "89.74700", "2010-09-30": "70.77300", "2009-09-30": "56.06400", "2008-09-30": "60.58200", "2007-09-30": "41.21200", "2006-09-30": "24.81800", "2005-09-30": "5.40600"}, "Common Stock Dividends Paid": {"2020-09-30": "", "2019-09-30": "", "2018-09-30": "", "2017-09-30": "", "2016-09-30": "", "2015-09-30": "", "2014-09-30": "", "2013-09-30": "", "2012-09-30": "", "2011-09-30": "", "2010-09-30": "", "2009-09-30": "", "2008-09-30": "", "2007-09-30": "", "2006-09-30": "", "2005-09-30": ""}}, "cash flow statement, quarterly": {"Net Income/Loss": {"2020-12-31": "87.67800", "2020-09-30": 77.663, "2020-06-30": 69.872, "2020-03-31": 61.379, "2019-12-31": "98.52700", "2019-09-30": 94.837, "2019-06-30": 85.905, "2019-03-31": 116.087, "2018-12-31": "130.90500", "2018-09-30": 132.881, "2018-06-30": 122.743, "2018-03-31": 109.636, "2017-12-31": "88.42900", "2017-09-30": 135.743, "2017-06-30": 97.662, "2017-03-31": 93.138, "2016-12-31": "94.21800", "2016-09-30": 108.935, "2016-06-30": 91.789, "2016-03-31": 75.415, "2015-12-31": "89.71600", "2015-09-30": 97.037, "2015-06-30": 93.172, "2015-03-31": 85.729, "2014-12-31": "89.07600", "2014-09-30": 94.021, "2014-06-30": 79.473, "2014-03-31": 69.641, "2013-12-31": "68.04800", "2013-09-30": 76.231, "2013-06-30": 68.178, "2013-03-31": 63.412, "2012-12-31": "69.49300", "2012-09-30": 67.717, "2012-06-30": 72.336, "2012-03-31": 68.641, "2011-12-31": "66.49200", "2011-09-30": 67.61, "2011-06-30": 62.549, "2011-03-31": 55.575, "2010-12-31": "55.66300", "2010-09-30": 48.235, "2010-06-30": 40.495, "2010-03-31": 33.144, "2009-12-31": "29.27900", "2009-09-30": 28.35, "2009-06-30": 22.776, "2009-03-31": 18.986, "2008-12-31": "21.42300", "2008-09-30": 19.701, "2008-06-30": 19.134, "2008-03-31": 17.745, "2007-12-31": "17.75100", "2007-09-30": 12.882, "2007-06-30": 21.809, "2007-03-31": 19.956, "2006-12-31": "22.35300", "2006-09-30": 17.752, "2006-06-30": 16.965, "2006-03-31": 16.067, "2005-12-31": "15.22100", "2005-09-30": 14.907, "2005-06-30": 9.89, "2005-03-31": 22.105}, "Total Depreciation And Amortization - Cash Flow": {"2020-12-31": "27.66000", "2020-09-30": 26.52, "2020-06-30": 26.225, "2020-03-31": 24.133, "2019-12-31": "18.97900", "2019-09-30": 21.862, "2019-06-30": 18.399, "2019-03-31": 14.245, "2018-12-31": "14.00100", "2018-09-30": 15.41, "2018-06-30": 14.032, "2018-03-31": 14.869, "2017-12-31": "15.18000", "2017-09-30": 15.545, "2017-06-30": 15.325, "2017-03-31": 15.391, "2016-12-31": "14.88700", "2016-09-30": 14.492, "2016-06-30": 14.437, "2016-03-31": 14.084, "2015-12-31": "13.76300", "2015-09-30": 13.358, "2015-06-30": 12.971, "2015-03-31": 13.212, "2014-12-31": "13.04200", "2014-09-30": 12.066, "2014-06-30": 11.377, "2014-03-31": 11.241, "2013-12-31": "11.43700", "2013-09-30": 10.3, "2013-06-30": 9.792, "2013-03-31": 9.979, "2012-12-31": "9.93400", "2012-09-30": 10.152, "2012-06-30": 10.052, "2012-03-31": 9.113, "2011-12-31": "5.82200", "2011-09-30": 5.172, "2011-06-30": 5.179, "2011-03-31": 5.286, "2010-12-31": "5.25000", "2010-09-30": 5.91, "2010-06-30": 5.835, "2010-03-31": 6.094, "2009-12-31": "5.99400", "2009-09-30": 5.975, "2009-06-30": 6.244, "2009-03-31": 7.712, "2008-12-31": "6.47600", "2008-09-30": 6.261, "2008-06-30": 6.036, "2008-03-31": 5.836, "2007-12-31": "5.49000", "2007-09-30": 4.547, "2007-06-30": 3.904, "2007-03-31": 3.8, "2006-12-31": "3.61100", "2006-09-30": 3.593, "2006-06-30": 2.975, "2006-03-31": 2.621, "2005-12-31": "2.39600", "2005-09-30": 1.934, "2005-06-30": 1.602, "2005-03-31": 3.261}, "Other Non-Cash Items": {"2020-12-31": "74.25300", "2020-09-30": 76.604, "2020-06-30": 60.747, "2020-03-31": 68.205, "2019-12-31": "54.61900", "2019-09-30": 56.476, "2019-06-30": 48.278, "2019-03-31": 40.092, "2018-12-31": "41.65400", "2018-09-30": 38.053, "2018-06-30": 41.153, "2018-03-31": 44.837, "2017-12-31": "55.81600", "2017-09-30": 38.272, "2017-06-30": 41.615, "2017-03-31": 46.753, "2016-12-31": "43.98700", "2016-09-30": 33.31, "2016-06-30": 40.653, "2016-03-31": 45.189, "2015-12-31": "42.79400", "2015-09-30": 34.837, "2015-06-30": 32.438, "2015-03-31": 36.269, "2014-12-31": "31.20800", "2014-09-30": 27.203, "2014-06-30": 31.375, "2014-03-31": 41.228, "2013-12-31": "26.93500", "2013-09-30": 26.55, "2013-06-30": 25.606, "2013-03-31": 27.548, "2012-12-31": "25.82000", "2012-09-30": 23.612, "2012-06-30": 24.648, "2012-03-31": 22.394, "2011-12-31": "22.51900", "2011-09-30": 27.577, "2011-06-30": 24.046, "2011-03-31": 21.362, "2010-12-31": "22.06800", "2010-09-30": 17.77, "2010-06-30": 22.158, "2010-03-31": 15.622, "2009-12-31": "24.54700", "2009-09-30": 7.985, "2009-06-30": 12.604, "2009-03-31": 12.257, "2008-12-31": "19.79000", "2008-09-30": 9.58, "2008-06-30": 15.539, "2008-03-31": 16.461, "2007-12-31": "16.20300", "2007-09-30": 22.787, "2007-06-30": 11.424, "2007-03-31": 20.746, "2006-12-31": "8.03300", "2006-09-30": -1.579, "2006-06-30": 16.4, "2006-03-31": 14.667, "2005-12-31": "14.78900", "2005-09-30": 11.799, "2005-06-30": 7.335, "2005-03-31": 12.68}, "Total Non-Cash Items": {"2020-12-31": "101.91300", "2020-09-30": 103.124, "2020-06-30": 86.972, "2020-03-31": 92.338, "2019-12-31": "73.59800", "2019-09-30": 78.338, "2019-06-30": 66.677, "2019-03-31": 54.337, "2018-12-31": "55.65500", "2018-09-30": 53.463, "2018-06-30": 55.185, "2018-03-31": 59.706, "2017-12-31": "70.99600", "2017-09-30": 53.817, "2017-06-30": 56.94, "2017-03-31": 62.144, "2016-12-31": "58.87400", "2016-09-30": 47.802, "2016-06-30": 55.09, "2016-03-31": 59.273, "2015-12-31": "56.55700", "2015-09-30": 48.195, "2015-06-30": 45.409, "2015-03-31": 49.481, "2014-12-31": "44.25000", "2014-09-30": 39.269, "2014-06-30": 42.752, "2014-03-31": 52.469, "2013-12-31": "38.37200", "2013-09-30": 36.85, "2013-06-30": 35.398, "2013-03-31": 37.527, "2012-12-31": "35.75400", "2012-09-30": 33.764, "2012-06-30": 34.7, "2012-03-31": 31.507, "2011-12-31": "28.34100", "2011-09-30": 32.749, "2011-06-30": 29.225, "2011-03-31": 26.648, "2010-12-31": "27.31800", "2010-09-30": 23.68, "2010-06-30": 27.993, "2010-03-31": 21.716, "2009-12-31": "30.54100", "2009-09-30": 13.96, "2009-06-30": 18.848, "2009-03-31": 19.969, "2008-12-31": "26.26600", "2008-09-30": 15.841, "2008-06-30": 21.575, "2008-03-31": 22.297, "2007-12-31": "21.69300", "2007-09-30": 27.334, "2007-06-30": 15.328, "2007-03-31": 24.546, "2006-12-31": "11.64400", "2006-09-30": 2.014, "2006-06-30": 19.375, "2006-03-31": 17.288, "2005-12-31": "17.18500", "2005-09-30": 13.733, "2005-06-30": 8.937, "2005-03-31": 15.941}, "Change In Accounts Receivable": {"2020-12-31": "-54.41600", "2020-09-30": 8.478, "2020-06-30": 33.707, "2020-03-31": 37, "2019-12-31": "-32.68300", "2019-09-30": -2.056, "2019-06-30": 8.17, "2019-03-31": 4.502, "2018-12-31": "-28.92100", "2018-09-30": 2.056, "2018-06-30": -7.259, "2018-03-31": 0.076, "2017-12-31": "0.23800", "2017-09-30": 3.18, "2017-06-30": -1.143, "2017-03-31": 19.175, "2016-12-31": "-45.32700", "2016-09-30": -5.575, "2016-06-30": 2.581, "2016-03-31": 12.748, "2015-12-31": "-0.02200", "2015-09-30": -18.586, "2015-06-30": 1.599, "2015-03-31": -7.726, "2014-12-31": "-13.96700", "2014-09-30": 0.069, "2014-06-30": -20.087, "2014-03-31": -3.131, "2013-12-31": "-17.74600", "2013-09-30": 1.683, "2013-06-30": -12.348, "2013-03-31": 16.054, "2012-12-31": "-24.25600", "2012-09-30": 8.022, "2012-06-30": -10.09, "2012-03-31": 4.462, "2011-12-31": "-22.60100", "2011-09-30": -11.464, "2011-06-30": -12.305, "2011-03-31": -0.675, "2010-12-31": "-30.08200", "2010-09-30": -9.715, "2010-06-30": -12.981, "2010-03-31": 18.964, "2009-12-31": "-2.63300", "2009-09-30": -15.424, "2009-06-30": -1.232, "2009-03-31": 10.492, "2008-12-31": "-6.39100", "2008-09-30": 0.143, "2008-06-30": 3.319, "2008-03-31": -3.736, "2007-12-31": "-7.66600", "2007-09-30": -14.066, "2007-06-30": -4.506, "2007-03-31": -6.218, "2006-12-31": "-5.21400", "2006-09-30": -6.391, "2006-06-30": -4.861, "2006-03-31": -2.079, "2005-12-31": "-7.48100", "2005-09-30": -4.292, "2005-06-30": -3.461, "2005-03-31": -12.703}, "Change In Inventories": {"2020-12-31": "1.44300", "2020-09-30": 0.928, "2020-06-30": 2.116, "2020-03-31": 1.439, "2019-12-31": "2.02000", "2019-09-30": 1.609, "2019-06-30": -2.546, "2019-03-31": -1.904, "2018-12-31": "-0.99100", "2018-09-30": 0.754, "2018-06-30": -1.81, "2018-03-31": -0.4, "2017-12-31": "0.72200", "2017-09-30": 1.211, "2017-06-30": 1.503, "2017-03-31": 1.13, "2016-12-31": "0.37400", "2016-09-30": -0.247, "2016-06-30": 1.375, "2016-03-31": -1.608, "2015-12-31": "0.14600", "2015-09-30": -3.69, "2015-06-30": -0.684, "2015-03-31": -1.761, "2014-12-31": "-3.11100", "2014-09-30": -1.328, "2014-06-30": -2.433, "2014-03-31": -1.659, "2013-12-31": "-0.02500", "2013-09-30": -0.767, "2013-06-30": -0.297, "2013-03-31": 0.76, "2012-12-31": "-1.31300", "2012-09-30": -0.373, "2012-06-30": -0.014, "2012-03-31": 0.469, "2011-12-31": "-0.34400", "2011-09-30": 0.792, "2011-06-30": 0.213, "2011-03-31": 0.029, "2010-12-31": "0.63200", "2010-09-30": -1.069, "2010-06-30": -1.274, "2010-03-31": -1.653, "2009-12-31": "-1.00000", "2009-09-30": -0.229, "2009-06-30": 1.446, "2009-03-31": 0.526, "2008-12-31": "-5.41400", "2008-09-30": -0.486, "2008-06-30": -1.085, "2008-03-31": 1.611, "2007-12-31": "0.48300", "2007-09-30": 1.15, "2007-06-30": -1.363, "2007-03-31": -2.185, "2006-12-31": "0.03200", "2006-09-30": 2.126, "2006-06-30": -4.865, "2006-03-31": -0.326, "2005-12-31": "0.06800", "2005-09-30": -0.41, "2005-06-30": -0.194, "2005-03-31": -0.398}, "Change In Accounts Payable": {"2020-12-31": "", "2020-09-30": 0, "2020-06-30": 0, "2020-03-31": 0, "2019-12-31": "", "2019-09-30": 0, "2019-06-30": 0, "2019-03-31": 0, "2018-12-31": "", "2018-09-30": 0, "2018-06-30": 0, "2018-03-31": 0, "2017-12-31": "", "2017-09-30": 0, "2017-06-30": 0, "2017-03-31": 0, "2016-12-31": "", "2016-09-30": 0, "2016-06-30": 0, "2016-03-31": 0, "2015-12-31": "", "2015-09-30": 0, "2015-06-30": 0, "2015-03-31": 0, "2014-12-31": "", "2014-09-30": 0, "2014-06-30": 0, "2014-03-31": 0, "2013-12-31": "", "2013-09-30": 0, "2013-06-30": 0, "2013-03-31": 0, "2012-12-31": "", "2012-09-30": 0, "2012-06-30": 0, "2012-03-31": 0, "2011-12-31": "", "2011-09-30": 0, "2011-06-30": 0, "2011-03-31": 0, "2010-12-31": "", "2010-09-30": 0, "2010-06-30": 0, "2010-03-31": 0, "2009-12-31": "", "2009-09-30": 0, "2009-06-30": 0, "2009-03-31": 0, "2008-12-31": "", "2008-09-30": 0, "2008-06-30": 0, "2008-03-31": 0, "2007-12-31": "", "2007-09-30": 0, "2007-06-30": 0, "2007-03-31": 0, "2006-12-31": "", "2006-09-30": 0, "2006-06-30": 0, "2006-03-31": 0, "2005-12-31": "", "2005-09-30": 0, "2005-06-30": 0, "2005-03-31": 0}, "Change In Assets/Liabilities": {"2020-12-31": "24.67000", "2020-09-30": -50.569, "2020-06-30": -33.891, "2020-03-31": -32.018, "2019-12-31": "26.15600", "2019-09-30": -3.42, "2019-06-30": -29.047, "2019-03-31": 5.806, "2018-12-31": "39.18800", "2018-09-30": -7.855, "2018-06-30": 24.307, "2018-03-31": 12.829, "2017-12-31": "37.78800", "2017-09-30": 2.86, "2017-06-30": 14.404, "2017-03-31": 15.763, "2016-12-31": "44.09100", "2016-09-30": 11.016, "2016-06-30": 30.407, "2016-03-31": -10.793, "2015-12-31": "53.71300", "2015-09-30": 40.491, "2015-06-30": 20.581, "2015-03-31": 35.664, "2014-12-31": "43.86100", "2014-09-30": 17.836, "2014-06-30": 44.161, "2014-03-31": -5.715, "2013-12-31": "36.66600", "2013-09-30": 24.628, "2013-06-30": 41.122, "2013-03-31": -13.923, "2012-12-31": "28.71700", "2012-09-30": 26.383, "2012-06-30": 23.489, "2012-03-31": 19.168, "2011-12-31": "33.41500", "2011-09-30": 21.417, "2011-06-30": 24.561, "2011-03-31": 10.056, "2010-12-31": "35.95100", "2010-09-30": 13.257, "2010-06-30": 7.639, "2010-03-31": 12.161, "2009-12-31": "24.67600", "2009-09-30": 19.221, "2009-06-30": 9.646, "2009-03-31": 0.538, "2008-12-31": "7.97600", "2008-09-30": 10.186, "2008-06-30": 19.055, "2008-03-31": 2.264, "2007-12-31": "9.86100", "2007-09-30": 12.475, "2007-06-30": 9.621, "2007-03-31": -1.077, "2006-12-31": "8.55700", "2006-09-30": 3.322, "2006-06-30": 5.685, "2006-03-31": 1.388, "2005-12-31": "3.83700", "2005-09-30": 2.175, "2005-06-30": 2.255, "2005-03-31": 3.076}, "Total Change In Assets/Liabilities": {"2020-12-31": "-52.22800", "2020-09-30": -4.883, "2020-06-30": 2.33, "2020-03-31": 28.091, "2019-12-31": "-28.11300", "2019-09-30": 32.911, "2019-06-30": -2.237, "2019-03-31": 23.128, "2018-12-31": "11.29800", "2018-09-30": 17.961, "2018-06-30": 4.123, "2018-03-31": 15.413, "2017-12-31": "30.53200", "2017-09-30": 23.505, "2017-06-30": 7.962, "2017-03-31": 20.058, "2016-12-31": "36.22000", "2016-09-30": 47.333, "2016-06-30": 23.597, "2016-03-31": -1.57, "2015-12-31": "57.59800", "2015-09-30": 38.111, "2015-06-30": 33.926, "2015-03-31": 7.086, "2014-12-31": "53.06900", "2014-09-30": 36.575, "2014-06-30": 16.009, "2014-03-31": -40.143, "2013-12-31": "52.50600", "2013-09-30": 34.914, "2013-06-30": 22.654, "2013-03-31": -20.277, "2012-12-31": "39.55900", "2012-09-30": 47.074, "2012-06-30": 6.363, "2012-03-31": 1.456, "2011-12-31": "37.04600", "2011-09-30": 21.135, "2011-06-30": 9.302, "2011-03-31": 9.006, "2010-12-31": "20.15800", "2010-09-30": 14.476, "2010-06-30": 6.821, "2010-03-31": 23.06, "2009-12-31": "14.17200", "2009-09-30": 16.306, "2009-06-30": 4.615, "2009-03-31": 0.253, "2008-12-31": "10.22900", "2008-09-30": 23.403, "2008-06-30": 15.095, "2008-03-31": -3.093, "2007-12-31": "2.55000", "2007-09-30": 7.445, "2007-06-30": 1.063, "2007-03-31": -7.551, "2006-12-31": "12.84100", "2006-09-30": -1.758, "2006-06-30": 0.939, "2006-03-31": 2.263, "2005-12-31": "2.06700", "2005-09-30": 4.096, "2005-06-30": 2.356, "2005-03-31": -6.978}, "Cash Flow From Operating Activities": {"2020-12-31": "137.36300", "2020-09-30": 175.904, "2020-06-30": 159.174, "2020-03-31": 181.808, "2019-12-31": "144.01200", "2019-09-30": 206.086, "2019-06-30": 150.345, "2019-03-31": 193.552, "2018-12-31": "197.85800", "2018-09-30": 204.305, "2018-06-30": 182.051, "2018-03-31": 184.755, "2017-12-31": "189.95700", "2017-09-30": 213.065, "2017-06-30": 162.564, "2017-03-31": 175.34, "2016-12-31": "189.31200", "2016-09-30": 204.07, "2016-06-30": 170.476, "2016-03-31": 133.118, "2015-12-31": "203.87100", "2015-09-30": 183.343, "2015-06-30": 172.507, "2015-03-31": 142.296, "2014-12-31": "186.39500", "2014-09-30": 169.865, "2014-06-30": 138.234, "2014-03-31": 81.967, "2013-12-31": "158.92600", "2013-09-30": 147.995, "2013-06-30": 126.23, "2013-03-31": 80.662, "2012-12-31": "144.80600", "2012-09-30": 148.555, "2012-06-30": 113.399, "2012-03-31": 101.604, "2011-12-31": "131.87900", "2011-09-30": 121.494, "2011-06-30": 101.076, "2011-03-31": 91.229, "2010-12-31": "103.13900", "2010-09-30": 86.391, "2010-06-30": 75.309, "2010-03-31": 77.92, "2009-12-31": "73.99200", "2009-09-30": 58.616, "2009-06-30": 46.239, "2009-03-31": 39.208, "2008-12-31": "57.91800", "2008-09-30": 58.945, "2008-06-30": 55.804, "2008-03-31": 36.949, "2007-12-31": "41.99400", "2007-09-30": 47.661, "2007-06-30": 38.2, "2007-03-31": 36.951, "2006-12-31": "46.83800", "2006-09-30": 18.008, "2006-06-30": 37.279, "2006-03-31": 35.618, "2005-12-31": "34.47300", "2005-09-30": 32.736, "2005-06-30": 21.183, "2005-03-31": 31.068}, "Net Change In Property, Plant, And Equipment": {"2020-12-31": "-4.69700", "2020-09-30": -12.083, "2020-06-30": -12.394, "2020-03-31": -13.159, "2019-12-31": "-22.30400", "2019-09-30": -20.534, "2019-06-30": -32.952, "2019-03-31": -29.01, "2018-12-31": "-21.04600", "2018-09-30": -17.391, "2018-06-30": -19.828, "2018-03-31": -9.755, "2017-12-31": "-5.49100", "2017-09-30": -7.506, "2017-06-30": -7.46, "2017-03-31": -9.582, "2016-12-31": "-14.13300", "2016-09-30": -17.579, "2016-06-30": -16.116, "2016-03-31": -16.501, "2015-12-31": "-13.29200", "2015-09-30": -18.592, "2015-06-30": -21.213, "2015-03-31": -10.183, "2014-12-31": "-10.31900", "2014-09-30": -7.082, "2014-06-30": -5.517, "2014-03-31": -5.139, "2013-12-31": "-4.98000", "2013-09-30": -5.149, "2013-06-30": -6.665, "2013-03-31": -6.981, "2012-12-31": "-7.78800", "2012-09-30": -11.323, "2012-06-30": -5.726, "2012-03-31": -6.961, "2011-12-31": "-5.85700", "2011-09-30": -9.901, "2011-06-30": -8.84, "2011-03-31": -6.213, "2010-12-31": "-5.49100", "2010-09-30": -2.506, "2010-06-30": -3.279, "2010-03-31": -3.192, "2009-12-31": "-3.64800", "2009-09-30": -3.437, "2009-06-30": -1.775, "2009-03-31": -2.569, "2008-12-31": "-3.88800", "2008-09-30": -4.722, "2008-06-30": -12.763, "2008-03-31": -5.563, "2007-12-31": "-4.87500", "2007-09-30": -4.792, "2007-06-30": -4.519, "2007-03-31": -4.538, "2006-12-31": "-2.60500", "2006-09-30": -2.869, "2006-06-30": -9.484, "2006-03-31": -5.173, "2005-12-31": "-3.87400", "2005-09-30": -2.534, "2005-06-30": -3.268, "2005-03-31": -3.491}, "Net Change In Intangible Assets": {"2020-12-31": "", "2020-09-30": 0, "2020-06-30": 0, "2020-03-31": 0, "2019-12-31": "", "2019-09-30": 0, "2019-06-30": 0, "2019-03-31": 0, "2018-12-31": "", "2018-09-30": 0, "2018-06-30": 0, "2018-03-31": 0, "2017-12-31": "", "2017-09-30": 0, "2017-06-30": 0, "2017-03-31": 0, "2016-12-31": "-4.00000", "2016-09-30": -1.5, "2016-06-30": 0, "2016-03-31": 0, "2015-12-31": "-3.25000", "2015-09-30": -0.555, "2015-06-30": 0, "2015-03-31": -5.219, "2014-12-31": "-1.00500", "2014-09-30": 0, "2014-06-30": 0, "2014-03-31": 0, "2013-12-31": "", "2013-09-30": 0, "2013-06-30": 0, "2013-03-31": 0, "2012-12-31": "", "2012-09-30": 0, "2012-06-30": 0, "2012-03-31": -0.25, "2011-12-31": "", "2011-09-30": -5.635, "2011-06-30": 0, "2011-03-31": -0.08, "2010-12-31": "", "2010-09-30": 0, "2010-06-30": 0, "2010-03-31": 0, "2009-12-31": "", "2009-09-30": 0, "2009-06-30": -0.002, "2009-03-31": -0.704, "2008-12-31": "", "2008-09-30": 0, "2008-06-30": 0, "2008-03-31": 0, "2007-12-31": "", "2007-09-30": 0, "2007-06-30": 0, "2007-03-31": 0, "2006-12-31": "", "2006-09-30": 0, "2006-06-30": 0, "2006-03-31": 0, "2005-12-31": "", "2005-09-30": -2.259, "2005-06-30": 0, "2005-03-31": 0}, "Net Acquisitions/Divestitures": {"2020-12-31": "-1.24700", "2020-09-30": 0, "2020-06-30": 0, "2020-03-31": -955.574, "2019-12-31": "", "2019-09-30": 0, "2019-06-30": -611.55, "2019-03-31": 0, "2018-12-31": "", "2018-09-30": 0, "2018-06-30": 0, "2018-03-31": 0, "2017-12-31": "", "2017-09-30": 0, "2017-06-30": 0, "2017-03-31": 0, "2016-12-31": "", "2016-09-30": 0, "2016-06-30": 0, "2016-03-31": 0, "2015-12-31": "", "2015-09-30": 0, "2015-06-30": 0, "2015-03-31": 0, "2014-12-31": "", "2014-09-30": 0, "2014-06-30": -49.439, "2014-03-31": 0, "2013-12-31": "", "2013-09-30": -87.724, "2013-06-30": 0, "2013-03-31": -124.918, "2012-12-31": "", "2012-09-30": 0, "2012-06-30": 0, "2012-03-31": -128.335, "2011-12-31": "", "2011-09-30": 0, "2011-06-30": 0, "2011-03-31": 0, "2010-12-31": "", "2010-09-30": 0, "2010-06-30": 0, "2010-03-31": 0, "2009-12-31": "", "2009-09-30": 0, "2009-06-30": 0, "2009-03-31": 0, "2008-12-31": "", "2008-09-30": 0, "2008-06-30": 0, "2008-03-31": -0.005, "2007-12-31": "-0.99000", "2007-09-30": -207.144, "2007-06-30": 0, "2007-03-31": 0, "2006-12-31": "", "2006-09-30": 0, "2006-06-30": 0, "2006-03-31": 0, "2005-12-31": "-42.77800", "2005-09-30": 2.133, "2005-06-30": -2.133, "2005-03-31": -0.395}, "Net Change In Short-term Investments": {"2020-12-31": "", "2020-09-30": 0, "2020-06-30": 0, "2020-03-31": 0, "2019-12-31": "", "2019-09-30": 0, "2019-06-30": 0, "2019-03-31": 0, "2018-12-31": "", "2018-09-30": 0, "2018-06-30": 0, "2018-03-31": 0, "2017-12-31": "", "2017-09-30": 0, "2017-06-30": 0, "2017-03-31": 0, "2016-12-31": "", "2016-09-30": 0, "2016-06-30": 0, "2016-03-31": 0, "2015-12-31": "", "2015-09-30": 0, "2015-06-30": 0, "2015-03-31": 0, "2014-12-31": "", "2014-09-30": 0, "2014-06-30": 0, "2014-03-31": 0, "2013-12-31": "", "2013-09-30": 0, "2013-06-30": 0, "2013-03-31": 0, "2012-12-31": "", "2012-09-30": 0, "2012-06-30": 0, "2012-03-31": 0, "2011-12-31": "", "2011-09-30": 0, "2011-06-30": 0, "2011-03-31": 0, "2010-12-31": "", "2010-09-30": 0, "2010-06-30": 0, "2010-03-31": 0, "2009-12-31": "", "2009-09-30": 0, "2009-06-30": 0, "2009-03-31": 0, "2008-12-31": "", "2008-09-30": 0, "2008-06-30": 0, "2008-03-31": 0, "2007-12-31": "", "2007-09-30": 0, "2007-06-30": 0, "2007-03-31": 0, "2006-12-31": "", "2006-09-30": 0, "2006-06-30": 0, "2006-03-31": 0, "2005-12-31": "", "2005-09-30": 0, "2005-06-30": 0, "2005-03-31": 0}, "Net Change In Long-Term Investments": {"2020-12-31": "26.58700", "2020-09-30": 27.897, "2020-06-30": -34.409, "2020-03-31": 282.12, "2019-12-31": "-7.09600", "2019-09-30": -273.515, "2019-06-30": 430.961, "2019-03-31": 182.359, "2018-12-31": "-39.34700", "2018-09-30": -210.701, "2018-06-30": -35.652, "2018-03-31": -41.592, "2017-12-31": "-115.61300", "2017-09-30": -71.88, "2017-06-30": 0.224, "2017-03-31": 64.153, "2016-12-31": "17.97200", "2016-09-30": 48.417, "2016-06-30": 0.554, "2016-03-31": 45.963, "2015-12-31": "36.02700", "2015-09-30": -185.83, "2015-06-30": 166.396, "2015-03-31": 130.039, "2014-12-31": "-54.21800", "2014-09-30": 27.398, "2014-06-30": 44.476, "2014-03-31": 75.778, "2013-12-31": "75.14600", "2013-09-30": -15.527, "2013-06-30": -117.323, "2013-03-31": 145.234, "2012-12-31": "-125.62900", "2012-09-30": -73.8331, "2012-06-30": -89.756, "2012-03-31": 31.276, "2011-12-31": "-61.51400", "2011-09-30": -40.107, "2011-06-30": 35.463, "2011-03-31": -7.227, "2010-12-31": "-91.68800", "2010-09-30": -52.202, "2010-06-30": -72.559, "2010-03-31": -63.487, "2009-12-31": "-37.35000", "2009-09-30": -13.136, "2009-06-30": -70.051, "2009-03-31": -10.63, "2008-12-31": "7.08300", "2008-09-30": -36.347, "2008-06-30": -32.879, "2008-03-31": 139.046, "2007-12-31": "-27.19200", "2007-09-30": 165.501, "2007-06-30": -45.624, "2007-03-31": -24.808, "2006-12-31": "-59.61200", "2006-09-30": -20.973, "2006-06-30": -35.038, "2006-03-31": -43.282, "2005-12-31": "-40.93800", "2005-09-30": 6.094, "2005-06-30": -45.398, "2005-03-31": -75.509}, "Net Change In Investments - Total": {"2020-12-31": "26.58700", "2020-09-30": 27.897, "2020-06-30": -34.409, "2020-03-31": 282.12, "2019-12-31": "-7.09600", "2019-09-30": -273.515, "2019-06-30": 430.961, "2019-03-31": 182.359, "2018-12-31": "-39.34700", "2018-09-30": -210.701, "2018-06-30": -35.652, "2018-03-31": -41.592, "2017-12-31": "-115.61300", "2017-09-30": -71.88, "2017-06-30": 0.224, "2017-03-31": 64.153, "2016-12-31": "17.97200", "2016-09-30": 48.417, "2016-06-30": 0.554, "2016-03-31": 45.963, "2015-12-31": "36.02700", "2015-09-30": -185.83, "2015-06-30": 166.396, "2015-03-31": 130.039, "2014-12-31": "-54.21800", "2014-09-30": 27.398, "2014-06-30": 44.476, "2014-03-31": 75.778, "2013-12-31": "75.14600", "2013-09-30": -15.527, "2013-06-30": -117.323, "2013-03-31": 145.234, "2012-12-31": "-125.62900", "2012-09-30": -73.8331, "2012-06-30": -89.756, "2012-03-31": 31.276, "2011-12-31": "-61.51400", "2011-09-30": -40.107, "2011-06-30": 35.463, "2011-03-31": -7.227, "2010-12-31": "-91.68800", "2010-09-30": -52.202, "2010-06-30": -72.559, "2010-03-31": -63.487, "2009-12-31": "-37.35000", "2009-09-30": -13.136, "2009-06-30": -70.051, "2009-03-31": -10.63, "2008-12-31": "7.08300", "2008-09-30": -36.347, "2008-06-30": -32.879, "2008-03-31": 139.046, "2007-12-31": "-27.19200", "2007-09-30": 165.501, "2007-06-30": -45.624, "2007-03-31": -24.808, "2006-12-31": "-59.61200", "2006-09-30": -20.973, "2006-06-30": -35.038, "2006-03-31": -43.282, "2005-12-31": "-40.93800", "2005-09-30": 6.094, "2005-06-30": -45.398, "2005-03-31": -75.509}, "Investing Activities - Other": {"2020-12-31": "", "2020-09-30": 0, "2020-06-30": 0, "2020-03-31": 0, "2019-12-31": "", "2019-09-30": 0, "2019-06-30": 0, "2019-03-31": 0, "2018-12-31": "", "2018-09-30": 0, "2018-06-30": 0, "2018-03-31": 0, "2017-12-31": "", "2017-09-30": 0.087, "2017-06-30": -0.087, "2017-03-31": -0.032, "2016-12-31": "0.03200", "2016-09-30": -0.003, "2016-06-30": 0, "2016-03-31": 0, "2015-12-31": "", "2015-09-30": 0, "2015-06-30": 0, "2015-03-31": 0, "2014-12-31": "", "2014-09-30": 0, "2014-06-30": 0, "2014-03-31": 0, "2013-12-31": "", "2013-09-30": 0, "2013-06-30": 0, "2013-03-31": 0, "2012-12-31": "", "2012-09-30": 0, "2012-06-30": 0, "2012-03-31": 0, "2011-12-31": "", "2011-09-30": 0, "2011-06-30": 0, "2011-03-31": 0, "2010-12-31": "", "2010-09-30": 0, "2010-06-30": 0, "2010-03-31": 0, "2009-12-31": "", "2009-09-30": 0, "2009-06-30": 0, "2009-03-31": 0, "2008-12-31": "", "2008-09-30": 0, "2008-06-30": 0, "2008-03-31": 0, "2007-12-31": "", "2007-09-30": 0, "2007-06-30": 0, "2007-03-31": 0, "2006-12-31": "", "2006-09-30": 0, "2006-06-30": 0, "2006-03-31": 0, "2005-12-31": "", "2005-09-30": 0, "2005-06-30": 0, "2005-03-31": 0}, "Cash Flow From Investing Activities": {"2020-12-31": "20.64300", "2020-09-30": 15.814, "2020-06-30": -46.803, "2020-03-31": -686.613, "2019-12-31": "-29.40000", "2019-09-30": -294.049, "2019-06-30": -213.541, "2019-03-31": 153.349, "2018-12-31": "-60.39300", "2018-09-30": -228.092, "2018-06-30": -55.48, "2018-03-31": -51.347, "2017-12-31": "-121.10400", "2017-09-30": -79.299, "2017-06-30": -7.323, "2017-03-31": 54.539, "2016-12-31": "-0.12900", "2016-09-30": 29.335, "2016-06-30": -15.562, "2016-03-31": 29.462, "2015-12-31": "19.48500", "2015-09-30": -204.977, "2015-06-30": 145.183, "2015-03-31": 114.637, "2014-12-31": "-65.54200", "2014-09-30": 20.316, "2014-06-30": -10.48, "2014-03-31": 70.639, "2013-12-31": "70.16600", "2013-09-30": -108.4, "2013-06-30": -123.988, "2013-03-31": 13.335, "2012-12-31": "-133.41700", "2012-09-30": -85.156, "2012-06-30": -95.482, "2012-03-31": -104.27, "2011-12-31": "-67.37100", "2011-09-30": -55.643, "2011-06-30": 26.623, "2011-03-31": -13.52, "2010-12-31": "-97.17900", "2010-09-30": -54.708, "2010-06-30": -75.838, "2010-03-31": -66.679, "2009-12-31": "-40.99800", "2009-09-30": -16.573, "2009-06-30": -71.828, "2009-03-31": -13.903, "2008-12-31": "3.19500", "2008-09-30": -41.069, "2008-06-30": -45.642, "2008-03-31": 133.478, "2007-12-31": "-33.05700", "2007-09-30": -46.435, "2007-06-30": -50.143, "2007-03-31": -29.346, "2006-12-31": "-62.21700", "2006-09-30": -23.842, "2006-06-30": -44.522, "2006-03-31": -48.455, "2005-12-31": "-87.59000", "2005-09-30": 3.434, "2005-06-30": -50.799, "2005-03-31": -79.395}, "Net Long-Term Debt": {"2020-12-31": "-5.00000", "2020-09-30": -5, "2020-06-30": -5, "2020-03-31": 400, "2019-12-31": "", "2019-09-30": 0, "2019-06-30": 0, "2019-03-31": 0, "2018-12-31": "", "2018-09-30": 0, "2018-06-30": 0, "2018-03-31": 0, "2017-12-31": "", "2017-09-30": 0, "2017-06-30": 0, "2017-03-31": 0, "2016-12-31": "", "2016-09-30": 0, "2016-06-30": 0, "2016-03-31": 0, "2015-12-31": "", "2015-09-30": 0, "2015-06-30": 0, "2015-03-31": 0, "2014-12-31": "", "2014-09-30": 0, "2014-06-30": 0, "2014-03-31": 0, "2013-12-31": "", "2013-09-30": 0, "2013-06-30": 0, "2013-03-31": 0, "2012-12-31": "", "2012-09-30": 0, "2012-06-30": 0, "2012-03-31": 0, "2011-12-31": "", "2011-09-30": 0, "2011-06-30": 0, "2011-03-31": 0, "2010-12-31": "", "2010-09-30": 0, "2010-06-30": 0, "2010-03-31": 0, "2009-12-31": "", "2009-09-30": 0, "2009-06-30": 0, "2009-03-31": 0, "2008-12-31": "", "2008-09-30": 0, "2008-06-30": 0, "2008-03-31": 0, "2007-12-31": "", "2007-09-30": 0, "2007-06-30": 0, "2007-03-31": 0, "2006-12-31": "", "2006-09-30": 0, "2006-06-30": 0, "2006-03-31": 0, "2005-12-31": "", "2005-09-30": 0, "2005-06-30": 0, "2005-03-31": 0}, "Net Current Debt": {"2020-12-31": "", "2020-09-30": 0, "2020-06-30": 0, "2020-03-31": 0, "2019-12-31": "", "2019-09-30": 0, "2019-06-30": 0, "2019-03-31": 0, "2018-12-31": "", "2018-09-30": 0, "2018-06-30": 0, "2018-03-31": 0, "2017-12-31": "", "2017-09-30": 0, "2017-06-30": 0, "2017-03-31": 0, "2016-12-31": "", "2016-09-30": 0, "2016-06-30": 0, "2016-03-31": 0, "2015-12-31": "", "2015-09-30": 0, "2015-06-30": 0, "2015-03-31": 0, "2014-12-31": "", "2014-09-30": 0, "2014-06-30": 0, "2014-03-31": 0, "2013-12-31": "", "2013-09-30": 0, "2013-06-30": 0, "2013-03-31": 0, "2012-12-31": "", "2012-09-30": 0, "2012-06-30": 0, "2012-03-31": 0, "2011-12-31": "", "2011-09-30": 0, "2011-06-30": 0, "2011-03-31": 0, "2010-12-31": "", "2010-09-30": 0, "2010-06-30": 0, "2010-03-31": 0, "2009-12-31": "", "2009-09-30": 0, "2009-06-30": 0, "2009-03-31": 0, "2008-12-31": "", "2008-09-30": 0, "2008-06-30": 0, "2008-03-31": 0, "2007-12-31": "", "2007-09-30": 0, "2007-06-30": 0, "2007-03-31": 0, "2006-12-31": "", "2006-09-30": 0, "2006-06-30": 0, "2006-03-31": 0, "2005-12-31": "", "2005-09-30": 0, "2005-06-30": 0, "2005-03-31": 0}, "Debt Issuance/Retirement Net - Total": {"2020-12-31": "-5.00000", "2020-09-30": -5, "2020-06-30": -5, "2020-03-31": 400, "2019-12-31": "", "2019-09-30": 0, "2019-06-30": 0, "2019-03-31": 0, "2018-12-31": "", "2018-09-30": 0, "2018-06-30": 0, "2018-03-31": 0, "2017-12-31": "", "2017-09-30": 0, "2017-06-30": 0, "2017-03-31": 0, "2016-12-31": "", "2016-09-30": 0, "2016-06-30": 0, "2016-03-31": 0, "2015-12-31": "", "2015-09-30": 0, "2015-06-30": 0, "2015-03-31": 0, "2014-12-31": "", "2014-09-30": 0, "2014-06-30": 0, "2014-03-31": 0, "2013-12-31": "", "2013-09-30": 0, "2013-06-30": 0, "2013-03-31": 0, "2012-12-31": "", "2012-09-30": 0, "2012-06-30": 0, "2012-03-31": 0, "2011-12-31": "", "2011-09-30": 0, "2011-06-30": 0, "2011-03-31": 0, "2010-12-31": "", "2010-09-30": 0, "2010-06-30": 0, "2010-03-31": 0, "2009-12-31": "", "2009-09-30": 0, "2009-06-30": 0, "2009-03-31": 0, "2008-12-31": "", "2008-09-30": 0, "2008-06-30": 0, "2008-03-31": 0, "2007-12-31": "", "2007-09-30": 0, "2007-06-30": 0, "2007-03-31": 0, "2006-12-31": "", "2006-09-30": 0, "2006-06-30": 0, "2006-03-31": 0, "2005-12-31": "", "2005-09-30": 0, "2005-06-30": 0, "2005-03-31": 0}, "Net Common Equity Issued/Repurchased": {"2020-12-31": "27.19600", "2020-09-30": -49.171, "2020-06-30": 30.556, "2020-03-31": -49.525, "2019-12-31": "20.95900", "2019-09-30": 0.143, "2019-06-30": 26.555, "2019-03-31": -100.013, "2018-12-31": "-82.13200", "2018-09-30": -150.017, "2018-06-30": -121.117, "2018-03-31": -150.019, "2017-12-31": "-130.11000", "2017-09-30": -149.945, "2017-06-30": -121.932, "2017-03-31": -149.989, "2016-12-31": "-131.18500", "2016-09-30": -150.002, "2016-06-30": -123.77, "2016-03-31": -199.922, "2015-12-31": "-181.56100", "2015-09-30": -149.9819, "2015-06-30": -126.229, "2015-03-31": -156.801, "2014-12-31": "-133.40700", "2014-09-30": -149.948, "2014-06-30": -129.212, "2014-03-31": -149.271, "2013-12-31": "-186.81200", "2013-09-30": -49.814, "2013-06-30": -32.635, "2013-03-31": -49.543, "2012-12-31": "-38.41700", "2012-09-30": -49.768, "2012-06-30": -35.151, "2012-03-31": -49.787, "2011-12-31": "-24.89600", "2011-09-30": -149.892, "2011-06-30": -38.087, "2011-03-31": -46.152, "2010-12-31": "-16.15600", "2010-09-30": -17.668, "2010-06-30": -9.811, "2010-03-31": -14.578, "2009-12-31": "-1.27300", "2009-09-30": -20.763, "2009-06-30": -6.432, "2009-03-31": -26.993, "2008-12-31": "-14.56000", "2008-09-30": -48.573, "2008-06-30": -42.417, "2008-03-31": -96.426, "2007-12-31": "5.91800", "2007-09-30": 2.322, "2007-06-30": 9.158, "2007-03-31": 4.678, "2006-12-31": "7.13100", "2006-09-30": 1.715, "2006-06-30": 5.466, "2006-03-31": 17.128, "2005-12-31": "19.94900", "2005-09-30": 4.262, "2005-06-30": 19.48, "2005-03-31": 45.125}, "Net Total Equity Issued/Repurchased": {"2020-12-31": "27.19600", "2020-09-30": -49.171, "2020-06-30": 30.556, "2020-03-31": -49.525, "2019-12-31": "20.95900", "2019-09-30": 0.143, "2019-06-30": 26.555, "2019-03-31": -100.013, "2018-12-31": "-82.13200", "2018-09-30": -150.017, "2018-06-30": -121.117, "2018-03-31": -150.019, "2017-12-31": "-130.11000", "2017-09-30": -149.945, "2017-06-30": -121.932, "2017-03-31": -149.989, "2016-12-31": "-131.18500", "2016-09-30": -150.002, "2016-06-30": -123.77, "2016-03-31": -199.922, "2015-12-31": "-181.56100", "2015-09-30": -149.9819, "2015-06-30": -126.229, "2015-03-31": -156.801, "2014-12-31": "-133.40700", "2014-09-30": -149.948, "2014-06-30": -129.212, "2014-03-31": -149.271, "2013-12-31": "-186.81200", "2013-09-30": -49.814, "2013-06-30": -32.635, "2013-03-31": -49.543, "2012-12-31": "-38.41700", "2012-09-30": -49.768, "2012-06-30": -35.151, "2012-03-31": -49.787, "2011-12-31": "-24.89600", "2011-09-30": -149.892, "2011-06-30": -38.087, "2011-03-31": -46.152, "2010-12-31": "-16.15600", "2010-09-30": -17.668, "2010-06-30": -9.811, "2010-03-31": -14.578, "2009-12-31": "-1.27300", "2009-09-30": -20.763, "2009-06-30": -6.432, "2009-03-31": -26.993, "2008-12-31": "-14.56000", "2008-09-30": -48.573, "2008-06-30": -42.417, "2008-03-31": -96.426, "2007-12-31": "5.91800", "2007-09-30": 2.322, "2007-06-30": 9.158, "2007-03-31": 4.678, "2006-12-31": "7.13100", "2006-09-30": 1.715, "2006-06-30": 5.466, "2006-03-31": 17.128, "2005-12-31": "19.94900", "2005-09-30": 4.262, "2005-06-30": 19.48, "2005-03-31": 45.125}, "Total Common And Preferred Stock Dividends Paid": {"2020-12-31": "", "2020-09-30": 0, "2020-06-30": 0, "2020-03-31": 0, "2019-12-31": "", "2019-09-30": 0, "2019-06-30": 0, "2019-03-31": 0, "2018-12-31": "", "2018-09-30": 0, "2018-06-30": 0, "2018-03-31": 0, "2017-12-31": "", "2017-09-30": 0, "2017-06-30": 0, "2017-03-31": 0, "2016-12-31": "", "2016-09-30": 0, "2016-06-30": 0, "2016-03-31": 0, "2015-12-31": "", "2015-09-30": 0, "2015-06-30": 0, "2015-03-31": 0, "2014-12-31": "", "2014-09-30": 0, "2014-06-30": 0, "2014-03-31": 0, "2013-12-31": "", "2013-09-30": 0, "2013-06-30": 0, "2013-03-31": 0, "2012-12-31": "", "2012-09-30": 0, "2012-06-30": 0, "2012-03-31": 0, "2011-12-31": "", "2011-09-30": 0, "2011-06-30": 0, "2011-03-31": 0, "2010-12-31": "", "2010-09-30": 0, "2010-06-30": 0, "2010-03-31": 0, "2009-12-31": "", "2009-09-30": 0, "2009-06-30": 0, "2009-03-31": 0, "2008-12-31": "", "2008-09-30": 0, "2008-06-30": 0, "2008-03-31": 0, "2007-12-31": "", "2007-09-30": 0, "2007-06-30": 0, "2007-03-31": 0, "2006-12-31": "", "2006-09-30": 0, "2006-06-30": 0, "2006-03-31": 0, "2005-12-31": "", "2005-09-30": 0, "2005-06-30": 0, "2005-03-31": 0}, "Financial Activities - Other": {"2020-12-31": "-4.48100", "2020-09-30": -2.536, "2020-06-30": 0, "2020-03-31": -3.04, "2019-12-31": "", "2019-09-30": 0, "2019-06-30": 0, "2019-03-31": 0, "2018-12-31": "", "2018-09-30": 0, "2018-06-30": 0, "2018-03-31": 0, "2017-12-31": "", "2017-09-30": 0.548, "2017-06-30": 1.232, "2017-03-31": 2.299, "2016-12-31": "2.94000", "2016-09-30": 1.012, "2016-06-30": 0.218, "2016-03-31": 0.184, "2015-12-31": "1.19400", "2015-09-30": 2.906, "2015-06-30": 2.425, "2015-03-31": 1.548, "2014-12-31": "2.63800", "2014-09-30": 2.128, "2014-06-30": 3.347, "2014-03-31": 4.626, "2013-12-31": "0.18200", "2013-09-30": 0.435, "2013-06-30": 1.261, "2013-03-31": 1.892, "2012-12-31": "0.50300", "2012-09-30": 0.945, "2012-06-30": 3.97, "2012-03-31": 4.057, "2011-12-31": "1.39900", "2011-09-30": 3.402, "2011-06-30": 3.935, "2011-03-31": 6.156, "2010-12-31": "10.13000", "2010-09-30": 10.113, "2010-06-30": 6.719, "2010-03-31": 5.015, "2009-12-31": "4.68500", "2009-09-30": 0.8, "2009-06-30": 0.244, "2009-03-31": -0.702, "2008-12-31": "-2.30000", "2008-09-30": 0.443, "2008-06-30": -1.299, "2008-03-31": -0.288, "2007-12-31": "0.92300", "2007-09-30": 2.594, "2007-06-30": 4.157, "2007-03-31": 3.831, "2006-12-31": "1.61500", "2006-09-30": 20.887, "2006-06-30": 0, "2006-03-31": 0, "2005-12-31": "", "2005-09-30": 0, "2005-06-30": 0, "2005-03-31": 0}, "Cash Flow From Financial Activities": {"2020-12-31": "17.71500", "2020-09-30": -56.707, "2020-06-30": 25.556, "2020-03-31": 347.435, "2019-12-31": "20.95900", "2019-09-30": 0.143, "2019-06-30": 26.555, "2019-03-31": -100.013, "2018-12-31": "-82.13200", "2018-09-30": -150.017, "2018-06-30": -121.117, "2018-03-31": -150.019, "2017-12-31": "-130.11000", "2017-09-30": -149.397, "2017-06-30": -120.7, "2017-03-31": -147.69, "2016-12-31": "-128.24500", "2016-09-30": -148.99, "2016-06-30": -123.552, "2016-03-31": -199.738, "2015-12-31": "-180.36700", "2015-09-30": -147.076, "2015-06-30": -123.804, "2015-03-31": -155.253, "2014-12-31": "-130.76900", "2014-09-30": -147.82, "2014-06-30": -125.865, "2014-03-31": -144.645, "2013-12-31": "-186.63000", "2013-09-30": -49.379, "2013-06-30": -31.374, "2013-03-31": -47.651, "2012-12-31": "-37.91400", "2012-09-30": -48.823, "2012-06-30": -31.181, "2012-03-31": -45.73, "2011-12-31": "-23.49700", "2011-09-30": -146.49, "2011-06-30": -34.152, "2011-03-31": -39.996, "2010-12-31": "-6.02600", "2010-09-30": -7.555, "2010-06-30": -3.092, "2010-03-31": -9.563, "2009-12-31": "3.41200", "2009-09-30": -19.963, "2009-06-30": -6.188, "2009-03-31": -27.695, "2008-12-31": "-16.86000", "2008-09-30": -48.13, "2008-06-30": -43.716, "2008-03-31": -96.714, "2007-12-31": "6.84100", "2007-09-30": 4.916, "2007-06-30": 13.315, "2007-03-31": 8.509, "2006-12-31": "8.74600", "2006-09-30": 22.602, "2006-06-30": 5.466, "2006-03-31": 17.128, "2005-12-31": "19.94900", "2005-09-30": 4.262, "2005-06-30": 19.48, "2005-03-31": 45.125}, "Net Cash Flow": {"2020-12-31": "177.37600", "2020-09-30": 135.3, "2020-06-30": 138.161, "2020-03-31": -159.28, "2019-12-31": "136.39100", "2019-09-30": -89.109, "2019-06-30": -36.487, "2019-03-31": 246.577, "2018-12-31": "55.37900", "2018-09-30": -174.556, "2018-06-30": 3.29, "2018-03-31": -16.081, "2017-12-31": "-61.21100", "2017-09-30": -17.611, "2017-06-30": 35.139, "2017-03-31": 82.839, "2016-12-31": "58.36300", "2016-09-30": 84.974, "2016-06-30": 31.272, "2016-03-31": -34.972, "2015-12-31": "42.83700", "2015-09-30": -171.72, "2015-06-30": 194.575, "2015-03-31": 98.651, "2014-12-31": "-12.54800", "2014-09-30": 39.529, "2014-06-30": 2.137, "2014-03-31": 8.508, "2013-12-31": "41.63500", "2013-09-30": -8.587, "2013-06-30": -31.382, "2013-03-31": 45.099, "2012-12-31": "-26.61800", "2012-09-30": 15.574, "2012-06-30": -13.852, "2012-03-31": -48.029, "2011-12-31": "40.70400", "2011-09-30": -83.02, "2011-06-30": 93.589, "2011-03-31": 38.082, "2010-12-31": "-0.62100", "2010-09-30": 24.941, "2010-06-30": -4.711, "2010-03-31": 1.239, "2009-12-31": "36.44800", "2009-09-30": 22.548, "2009-06-30": -31.399, "2009-03-31": -2.619, "2008-12-31": "44.00400", "2008-09-30": -30.881, "2008-06-30": -33.572, "2008-03-31": 73.232, "2007-12-31": "15.22800", "2007-09-30": 6.256, "2007-06-30": 1.206, "2007-03-31": 15.749, "2006-12-31": "-6.66100", "2006-09-30": 16.583, "2006-06-30": -1.84, "2006-03-31": 4.273, "2005-12-31": "-33.13700", "2005-09-30": 40.284, "2005-06-30": -10.205, "2005-03-31": -3.109}, "Stock-Based Compensation": {"2020-12-31": "58.06900", "2020-09-30": 52.633, "2020-06-30": 50.868, "2020-03-31": 50.786, "2019-12-31": "47.66100", "2019-09-30": 43.732, "2019-06-30": 40.999, "2019-03-31": 39.494, "2018-12-31": "38.68900", "2018-09-30": 36.848, "2018-06-30": 38.739, "2018-03-31": 41.32, "2017-12-31": "40.94800", "2017-09-30": 41.586, "2017-06-30": 43.234, "2017-03-31": 43.895, "2016-12-31": "46.61100", "2016-09-30": 38.317, "2016-06-30": 38.437, "2016-03-31": 41.773, "2015-12-31": "38.23300", "2015-09-30": 41.634, "2015-06-30": 36.517, "2015-03-31": 36.777, "2014-12-31": "30.62500", "2014-09-30": 25.159, "2014-06-30": 31.833, "2014-03-31": 35.636, "2013-12-31": "34.52800", "2013-09-30": 22.031, "2013-06-30": 27.861, "2013-03-31": 27.61, "2012-12-31": "26.71000", "2012-09-30": 26.343, "2012-06-30": 23.537, "2012-03-31": 23.345, "2011-12-31": "22.12300", "2011-09-30": 22.134, "2011-06-30": 22.907, "2011-03-31": 21.766, "2010-12-31": "22.94000", "2010-09-30": 19.782, "2010-06-30": 17.406, "2010-03-31": 16.521, "2009-12-31": "17.06400", "2009-09-30": 15.337, "2009-06-30": 12.557, "2009-03-31": 13.257, "2008-12-31": "14.91300", "2008-09-30": 14.762, "2008-06-30": 14.817, "2008-03-31": 15.667, "2007-12-31": "15.33600", "2007-09-30": 10.205, "2007-06-30": 10.573, "2007-03-31": 11.705, "2006-12-31": "8.72900", "2006-09-30": 8.222, "2006-06-30": 5.753, "2006-03-31": 5.593, "2005-12-31": "5.25000", "2005-09-30": 4.654, "2005-06-30": 0.752, "2005-03-31": 0}, "Common Stock Dividends Paid": {"2020-12-31": "", "2020-09-30": 0, "2020-06-30": 0, "2020-03-31": 0, "2019-12-31": "", "2019-09-30": 0, "2019-06-30": 0, "2019-03-31": 0, "2018-12-31": "", "2018-09-30": 0, "2018-06-30": 0, "2018-03-31": 0, "2017-12-31": "", "2017-09-30": 0, "2017-06-30": 0, "2017-03-31": 0, "2016-12-31": "", "2016-09-30": 0, "2016-06-30": 0, "2016-03-31": 0, "2015-12-31": "", "2015-09-30": 0, "2015-06-30": 0, "2015-03-31": 0, "2014-12-31": "", "2014-09-30": 0, "2014-06-30": 0, "2014-03-31": 0, "2013-12-31": "", "2013-09-30": 0, "2013-06-30": 0, "2013-03-31": 0, "2012-12-31": "", "2012-09-30": 0, "2012-06-30": 0, "2012-03-31": 0, "2011-12-31": "", "2011-09-30": 0, "2011-06-30": 0, "2011-03-31": 0, "2010-12-31": "", "2010-09-30": 0, "2010-06-30": 0, "2010-03-31": 0, "2009-12-31": "", "2009-09-30": 0, "2009-06-30": 0, "2009-03-31": 0, "2008-12-31": "", "2008-09-30": 0, "2008-06-30": 0, "2008-03-31": 0, "2007-12-31": "", "2007-09-30": 0, "2007-06-30": 0, "2007-03-31": 0, "2006-12-31": "", "2006-09-30": 0, "2006-06-30": 0, "2006-03-31": 0, "2005-12-31": "", "2005-09-30": 0, "2005-06-30": 0, "2005-03-31": 0}}, "financial ratios": {"Current Ratio": {"2020-09-30": "1.39210", "2019-09-30": "1.36730", "2018-09-30": "1.48530", "2017-09-30": "1.50470", "2016-09-30": "1.52660", "2015-09-30": "1.57340", "2014-09-30": "1.56810", "2013-09-30": "1.48070", "2012-09-30": "1.66530", "2011-09-30": "2.05120", "2010-09-30": "2.11070", "2009-09-30": "2.09930", "2008-09-30": "1.73090", "2007-09-30": "2.52040", "2006-09-30": "4.64660", "2005-09-30": "4.35840"}, "Long-term Debt / Capital": {"2020-09-30": "0.14190", "2019-09-30": "", "2018-09-30": "", "2017-09-30": "", "2016-09-30": "", "2015-09-30": "", "2014-09-30": "", "2013-09-30": "", "2012-09-30": "", "2011-09-30": "", "2010-09-30": "", "2009-09-30": "", "2008-09-30": "", "2007-09-30": "", "2006-09-30": "", "2005-09-30": ""}, "Debt/Equity Ratio": {"2020-09-30": "0.17400", "2019-09-30": "", "2018-09-30": "", "2017-09-30": "", "2016-09-30": "", "2015-09-30": "", "2014-09-30": "", "2013-09-30": "", "2012-09-30": "", "2011-09-30": "", "2010-09-30": "", "2009-09-30": "", "2008-09-30": "", "2007-09-30": "", "2006-09-30": "", "2005-09-30": ""}, "Gross Margin": {"2020-09-30": "82.64920", "2019-09-30": "84.09880", "2018-09-30": "83.27570", "2017-09-30": "83.08720", "2016-09-30": "83.09780", "2015-09-30": "82.69320", "2014-09-30": "82.10450", "2013-09-30": "82.91740", "2012-09-30": "82.85220", "2011-09-30": "81.94150", "2010-09-30": "80.50370", "2009-09-30": "78.14570", "2008-09-30": "77.08030", "2007-09-30": "77.49070", "2006-09-30": "77.62890", "2005-09-30": "76.83670"}, "Operating Margin": {"2020-09-30": "16.68640", "2019-09-30": "23.12040", "2018-09-30": "27.33860", "2017-09-30": "26.98300", "2016-09-30": "27.43700", "2015-09-30": "28.79950", "2014-09-30": "28.49560", "2013-09-30": "29.08350", "2012-09-30": "30.95330", "2011-09-30": "30.44380", "2010-09-30": "26.07820", "2009-09-30": "18.66910", "2008-09-30": "15.27500", "2007-09-30": "18.92870", "2006-09-30": "22.87480", "2005-09-30": "24.64660"}, "EBIT Margin": {"2020-09-30": "16.68640", "2019-09-30": "23.12040", "2018-09-30": "27.33860", "2017-09-30": "26.98300", "2016-09-30": "27.43700", "2015-09-30": "28.79950", "2014-09-30": "28.49560", "2013-09-30": "29.08350", "2012-09-30": "30.95330", "2011-09-30": "30.44380", "2010-09-30": "26.07820", "2009-09-30": "18.66910", "2008-09-30": "15.27500", "2007-09-30": "18.92870", "2006-09-30": "22.87480", "2005-09-30": "24.64660"}, "EBITDA Margin": {"2020-09-30": "20.76400", "2019-09-30": "26.17540", "2018-09-30": "30.09100", "2017-09-30": "29.90870", "2016-09-30": "30.28290", "2015-09-30": "31.53840", "2014-09-30": "31.15840", "2013-09-30": "31.78420", "2012-09-30": "33.50470", "2011-09-30": "32.25720", "2010-09-30": "28.78040", "2009-09-30": "22.71260", "2008-09-30": "18.90840", "2007-09-30": "21.94620", "2006-09-30": "25.81480", "2005-09-30": "27.06190"}, "Pre-Tax Profit Margin": {"2020-09-30": "16.86210", "2019-09-30": "24.13040", "2018-09-30": "27.93370", "2017-09-30": "27.53620", "2016-09-30": "27.56300", "2015-09-30": "29.23940", "2014-09-30": "28.71410", "2013-09-30": "29.57460", "2012-09-30": "31.38250", "2011-09-30": "31.31970", "2010-09-30": "26.94270", "2009-09-30": "20.15810", "2008-09-30": "18.18960", "2007-09-30": "24.29160", "2006-09-30": "27.29840", "2005-09-30": "27.51640"}, "Net Profit Margin": {"2020-09-30": "13.07800", "2019-09-30": "19.07440", "2018-09-30": "20.99050", "2017-09-30": "20.13170", "2016-09-30": "18.33830", "2015-09-30": "19.01290", "2014-09-30": "17.96620", "2013-09-30": "18.72080", "2012-09-30": "19.98090", "2011-09-30": "20.95760", "2010-09-30": "17.13810", "2009-09-30": "14.01590", "2008-09-30": "11.43250", "2007-09-30": "14.64810", "2006-09-30": "16.75050", "2005-09-30": "16.66680"}, "Asset Turnover": {"2020-09-30": "0.50250", "2019-09-30": "0.66140", "2018-09-30": "0.82960", "2017-09-30": "0.84400", "2016-09-30": "0.86500", "2015-09-30": "0.83030", "2014-09-30": "0.79270", "2013-09-30": "0.66410", "2012-09-30": "0.72060", "2011-09-30": "0.73430", "2010-09-30": "0.64750", "2009-09-30": "0.61110", "2008-09-30": "0.69220", "2007-09-30": "0.55670", "2006-09-30": "0.54020", "2005-09-30": "0.52330"}, "Inventory Turnover Ratio": {"2020-09-30": "14.62070", "2019-09-30": "10.36530", "2018-09-30": "11.82550", "2017-09-30": "11.84840", "2016-09-30": "9.90290", "2015-09-30": "9.85440", "2014-09-30": "12.66640", "2013-09-30": "13.30010", "2012-09-30": "13.56510", "2011-09-30": "12.12920", "2010-09-30": "9.13910", "2009-09-30": "10.32820", "2008-09-30": "14.68450", "2007-09-30": "11.08730", "2006-09-30": "15.29640", "2005-09-30": "24.15120"}, "Receiveable Turnover": {"2020-09-30": "7.93710", "2019-09-30": "6.96350", "2018-09-30": "7.31810", "2017-09-30": "7.15950", "2016-09-30": "7.43930", "2015-09-30": "6.87040", "2014-09-30": "7.15010", "2013-09-30": "7.25410", "2012-09-30": "7.43770", "2011-09-30": "6.95230", "2010-09-30": "7.86550", "2009-09-30": "6.10510", "2008-09-30": "6.69890", "2007-09-30": "5.72780", "2006-09-30": "6.27970", "2005-09-30": "6.74800"}, "Days Sales In Receivables": {"2020-09-30": "45.98680", "2019-09-30": "52.41620", "2018-09-30": "49.87650", "2017-09-30": "50.98100", "2016-09-30": "49.06380", "2015-09-30": "53.12650", "2014-09-30": "51.04850", "2013-09-30": "50.31670", "2012-09-30": "49.07460", "2011-09-30": "52.50040", "2010-09-30": "46.40530", "2009-09-30": "59.78630", "2008-09-30": "54.48670", "2007-09-30": "63.72380", "2006-09-30": "58.12410", "2005-09-30": "54.09050"}, "ROE - Return On Equity": {"2020-09-30": "13.77260", "2019-09-30": "24.28240", "2018-09-30": "35.29300", "2017-09-30": "34.22510", "2016-09-30": "30.86700", "2015-09-30": "27.72130", "2014-09-30": "22.72550", "2013-09-30": "18.02250", "2012-09-30": "20.70000", "2011-09-30": "21.83730", "2010-09-30": "15.05960", "2009-09-30": "11.45590", "2008-09-30": "10.34880", "2007-09-30": "9.99250", "2006-09-30": "10.70710", "2005-09-30": "10.19240"}, "Return On Tangible Equity": {"2020-09-30": "82.35720", "2019-09-30": "61.44560", "2018-09-30": "62.18950", "2017-09-30": "62.48060", "2016-09-30": "58.13710", "2015-09-30": "47.98000", "2014-09-30": "38.30640", "2013-09-30": "27.32200", "2012-09-30": "28.04700", "2011-09-30": "27.72300", "2010-09-30": "19.65580", "2009-09-30": "16.13980", "2008-09-30": "15.28290", "2007-09-30": "14.35010", "2006-09-30": "12.34300", "2005-09-30": "11.42590"}, "ROA - Return On Assets": {"2020-09-30": "6.57220", "2019-09-30": "12.61650", "2018-09-30": "17.41290", "2017-09-30": "16.99020", "2016-09-30": "15.86310", "2015-09-30": "15.78580", "2014-09-30": "14.24210", "2013-09-30": "12.43250", "2012-09-30": "14.39860", "2011-09-30": "15.38980", "2010-09-30": "11.09630", "2009-09-30": "8.56550", "2008-09-30": "7.91410", "2007-09-30": "8.15430", "2006-09-30": "9.04780", "2005-09-30": "8.72210"}, "ROI - Return On Investment": {"2020-09-30": "11.81870", "2019-09-30": "24.28240", "2018-09-30": "35.29300", "2017-09-30": "34.22510", "2016-09-30": "30.86700", "2015-09-30": "27.72130", "2014-09-30": "22.72550", "2013-09-30": "18.02250", "2012-09-30": "20.70000", "2011-09-30": "21.83730", "2010-09-30": "15.05960", "2009-09-30": "11.45590", "2008-09-30": "10.34880", "2007-09-30": "9.99250", "2006-09-30": "10.70710", "2005-09-30": "10.19240"}, "Book Value Per Share": {"2020-09-30": "36.53530", "2019-09-30": "29.17980", "2018-09-30": "21.34840", "2017-09-30": "19.64070", "2016-09-30": "18.14690", "2015-09-30": "18.77340", "2014-09-30": "18.65800", "2013-09-30": "19.70430", "2012-09-30": "16.88880", "2011-09-30": "13.96720", "2010-09-30": "12.49080", "2009-09-30": "10.20130", "2008-09-30": "9.08110", "2007-09-30": "9.13230", "2006-09-30": "7.55870", "2005-09-30": "5.96180"}, "Operating Cash Flow Per Share": {"2020-09-30": -1.6023, "2019-09-30": 0.0973, "2018-09-30": 0.8442, "2017-09-30": 0.9623, "2016-09-30": 1.0304, "2015-09-30": 2.221, "2014-09-30": 0.9004, "2013-09-30": 0.1044, "2012-09-30": 1.0931, "2011-09-30": 1.2475, "2010-09-30": 1.3469, "2009-09-30": 0.2008, "2008-09-30": 0.329, "2007-09-30": 0.4825, "2006-09-30": 0.4139, "2005-09-30": 1.0963}, "Free Cash Flow Per Share": {"2020-09-30": -0.8662, "2019-09-30": -0.7694, "2018-09-30": 0.5954, "2017-09-30": 1.299, "2016-09-30": 0.9278, "2015-09-30": 1.6882, "2014-09-30": 0.9379, "2013-09-30": 0.1427, "2012-09-30": 1.0924, "2011-09-30": 1.0297, "2010-09-30": 1.3369, "2009-09-30": 0.3897, "2008-09-30": 0.1876, "2007-09-30": 0.547, "2006-09-30": 0.276, "2005-09-30": 0.9764}}, "financial ratios, quarterly": {"Current Ratio": {"2020-12-31": "1.53860", "2020-09-30": "1.39210", "2020-06-30": "1.31830", "2020-03-31": "1.12520", "2019-12-31": "1.51020", "2019-09-30": "1.36730", "2019-06-30": "1.40370", "2019-03-31": "1.68170", "2018-12-31": "1.54590", "2018-09-30": "1.48530", "2018-06-30": "1.55630", "2018-03-31": "1.46260", "2017-12-31": "1.46080", "2017-09-30": "1.50470", "2017-06-30": "1.59010", "2017-03-31": "1.57730", "2016-12-31": "1.55390", "2016-09-30": "1.52660", "2016-06-30": "1.51110", "2016-03-31": "1.49170", "2015-12-31": "1.50530", "2015-09-30": "1.57340", "2015-06-30": "1.65240", "2015-03-31": "1.50790", "2014-12-31": "1.47620", "2014-09-30": "1.56810", "2014-06-30": "1.54630", "2014-03-31": "1.58970", "2013-12-31": "1.41850", "2013-09-30": "1.48070", "2013-06-30": "1.57430", "2013-03-31": "1.54480", "2012-12-31": "1.49510", "2012-09-30": "1.66530", "2012-06-30": "1.75280", "2012-03-31": "1.72050", "2011-12-31": "1.85810", "2011-09-30": "2.05120", "2011-06-30": "2.28420", "2011-03-31": "2.01950", "2010-12-31": "2.08790", "2010-09-30": "2.11070", "2010-06-30": "2.15990", "2010-03-31": "2.20560", "2009-12-31": "2.22310", "2009-09-30": "2.09930", "2009-06-30": "1.98570", "2009-03-31": "1.99160", "2008-12-31": "2.03290", "2008-09-30": "1.73090", "2008-06-30": "2.41110", "2008-03-31": "2.95570", "2007-12-31": "3.10440", "2007-09-30": "2.52040", "2007-06-30": "3.98740", "2007-03-31": "4.36820", "2006-12-31": "4.40730", "2006-09-30": "4.64660", "2006-06-30": "4.80730", "2006-03-31": "5.06930", "2005-12-31": "4.40420", "2005-09-30": "4.35840", "2005-06-30": "4.22350", "2005-03-31": "4.29610"}, "Long-term Debt / Capital": {"2020-12-31": "0.13170", "2020-09-30": "0.14190", "2020-06-30": "0.14790", "2020-03-31": "0.15930", "2019-12-31": "", "2019-09-30": "", "2019-06-30": "", "2019-03-31": "", "2018-12-31": "", "2018-09-30": "", "2018-06-30": "", "2018-03-31": "", "2017-12-31": "", "2017-09-30": "", "2017-06-30": "", "2017-03-31": "", "2016-12-31": "", "2016-09-30": "", "2016-06-30": "", "2016-03-31": "", "2015-12-31": "", "2015-09-30": "", "2015-06-30": "", "2015-03-31": "", "2014-12-31": "", "2014-09-30": "", "2014-06-30": "", "2014-03-31": "", "2013-12-31": "", "2013-09-30": "", "2013-06-30": "", "2013-03-31": "", "2012-12-31": "", "2012-09-30": "", "2012-06-30": "", "2012-03-31": "", "2011-12-31": "", "2011-09-30": "", "2011-06-30": "", "2011-03-31": "", "2010-12-31": "", "2010-09-30": "", "2010-06-30": "", "2010-03-31": "", "2009-12-31": "", "2009-09-30": "", "2009-06-30": "", "2009-03-31": "", "2008-12-31": "", "2008-09-30": "", "2008-06-30": "", "2008-03-31": "", "2007-12-31": "", "2007-09-30": "", "2007-06-30": "", "2007-03-31": "", "2006-12-31": "", "2006-09-30": "", "2006-06-30": "", "2006-03-31": "", "2005-12-31": "", "2005-09-30": "", "2005-06-30": "", "2005-03-31": ""}, "Debt/Equity Ratio": {"2020-12-31": "0.15970", "2020-09-30": "0.17400", "2020-06-30": "0.18250", "2020-03-31": "0.19920", "2019-12-31": "", "2019-09-30": "", "2019-06-30": "", "2019-03-31": "", "2018-12-31": "", "2018-09-30": "", "2018-06-30": "", "2018-03-31": "", "2017-12-31": "", "2017-09-30": "", "2017-06-30": "", "2017-03-31": "", "2016-12-31": "", "2016-09-30": "", "2016-06-30": "", "2016-03-31": "", "2015-12-31": "", "2015-09-30": "", "2015-06-30": "", "2015-03-31": "", "2014-12-31": "", "2014-09-30": "", "2014-06-30": "", "2014-03-31": "", "2013-12-31": "", "2013-09-30": "", "2013-06-30": "", "2013-03-31": "", "2012-12-31": "", "2012-09-30": "", "2012-06-30": "", "2012-03-31": "", "2011-12-31": "", "2011-09-30": "", "2011-06-30": "", "2011-03-31": "", "2010-12-31": "", "2010-09-30": "", "2010-06-30": "", "2010-03-31": "", "2009-12-31": "", "2009-09-30": "", "2009-06-30": "", "2009-03-31": "", "2008-12-31": "", "2008-09-30": "", "2008-06-30": "", "2008-03-31": "", "2007-12-31": "", "2007-09-30": "", "2007-06-30": "", "2007-03-31": "", "2006-12-31": "", "2006-09-30": "", "2006-06-30": "", "2006-03-31": "", "2005-12-31": "", "2005-09-30": "", "2005-06-30": "", "2005-03-31": ""}, "Gross Margin": {"2020-12-31": "81.59210", "2020-09-30": "81.78850", "2020-06-30": "81.81920", "2020-03-31": "82.64840", "2019-12-31": "84.42980", "2019-09-30": "84.60030", "2019-06-30": "83.88930", "2019-03-31": "83.81740", "2018-12-31": "84.05320", "2018-09-30": "83.39460", "2018-06-30": "83.21500", "2018-03-31": "83.19060", "2017-12-31": "83.29730", "2017-09-30": "83.17080", "2017-06-30": "82.66440", "2017-03-31": "83.03670", "2016-12-31": "83.47500", "2016-09-30": "83.83000", "2016-06-30": "83.01320", "2016-03-31": "82.99900", "2015-12-31": "82.49530", "2015-09-30": "83.11230", "2015-06-30": "82.28670", "2015-03-31": "82.50610", "2014-12-31": "82.85450", "2014-09-30": "82.38600", "2014-06-30": "81.95210", "2014-03-31": "81.98710", "2013-12-31": "82.06850", "2013-09-30": "83.06650", "2013-06-30": "82.46920", "2013-03-31": "82.78230", "2012-12-31": "83.33980", "2012-09-30": "82.71150", "2012-06-30": "82.90380", "2012-03-31": "83.04170", "2011-12-31": "82.75420", "2011-09-30": "82.22590", "2011-06-30": "81.95880", "2011-03-31": "81.74420", "2010-12-31": "81.79370", "2010-09-30": "81.58370", "2010-06-30": "80.65770", "2010-03-31": "79.90180", "2009-12-31": "79.53030", "2009-09-30": "79.18350", "2009-06-30": "78.72410", "2009-03-31": "76.26840", "2008-12-31": "78.24290", "2008-09-30": "77.27880", "2008-06-30": "76.94360", "2008-03-31": "76.94620", "2007-12-31": "77.14480", "2007-09-30": "77.09730", "2007-06-30": "77.61980", "2007-03-31": "77.41860", "2006-12-31": "77.90220", "2006-09-30": "77.81810", "2006-06-30": "77.51100", "2006-03-31": "77.38220", "2005-12-31": "77.78670", "2005-09-30": "77.07650", "2005-06-30": "76.64510", "2005-03-31": "76.77840"}, "Operating Margin": {"2020-12-31": "18.85120", "2020-09-30": "16.03950", "2020-06-30": "15.02280", "2020-03-31": "14.34540", "2019-12-31": "21.48850", "2019-09-30": "19.43030", "2019-06-30": "18.23590", "2019-03-31": "26.20560", "2018-12-31": "29.09610", "2018-09-30": "27.29510", "2018-06-30": "28.02510", "2018-03-31": "26.88090", "2017-12-31": "27.14060", "2017-09-30": "27.66460", "2017-06-30": "26.87020", "2017-03-31": "26.72910", "2016-12-31": "26.64050", "2016-09-30": "30.95720", "2016-06-30": "27.96690", "2016-03-31": "23.76240", "2015-12-31": "26.75240", "2015-09-30": "29.44320", "2015-06-30": "28.97730", "2015-03-31": "28.13870", "2014-12-31": "28.59050", "2014-09-30": "31.69820", "2014-06-30": "28.63580", "2014-03-31": "26.39350", "2013-12-31": "26.85020", "2013-09-30": "31.66500", "2013-06-30": "28.10600", "2013-03-31": "26.40420", "2012-12-31": "29.84910", "2012-09-30": "30.84570", "2012-06-30": "31.19380", "2012-03-31": "30.82250", "2011-12-31": "30.94890", "2011-09-30": "31.57220", "2011-06-30": "30.36020", "2011-03-31": "29.97930", "2010-12-31": "29.69350", "2010-09-30": "30.00820", "2010-06-30": "26.08930", "2010-03-31": "24.19490", "2009-12-31": "22.86720", "2009-09-30": "22.92300", "2009-06-30": "19.78440", "2009-03-31": "15.09770", "2008-12-31": "16.42880", "2008-09-30": "14.95880", "2008-06-30": "16.41940", "2008-03-31": "14.76550", "2007-12-31": "14.92310", "2007-09-30": "13.02760", "2007-06-30": "20.97720", "2007-03-31": "20.10890", "2006-12-31": "22.57270", "2006-09-30": "21.08900", "2006-06-30": "22.52590", "2006-03-31": "23.63360", "2005-12-31": "24.72560", "2005-09-30": "22.98560", "2005-06-30": "25.84170", "2005-03-31": "25.79950"}, "EBIT Margin": {"2020-12-31": "18.85120", "2020-09-30": "16.03940", "2020-06-30": "15.02280", "2020-03-31": "14.34540", "2019-12-31": "21.48850", "2019-09-30": "19.43030", "2019-06-30": "18.23590", "2019-03-31": "26.20560", "2018-12-31": "29.09610", "2018-09-30": "27.29510", "2018-06-30": "28.02510", "2018-03-31": "26.88090", "2017-12-31": "27.14060", "2017-09-30": "27.66460", "2017-06-30": "26.87020", "2017-03-31": "26.72910", "2016-12-31": "26.64050", "2016-09-30": "30.95710", "2016-06-30": "27.96690", "2016-03-31": "23.76240", "2015-12-31": "26.75240", "2015-09-30": "29.44320", "2015-06-30": "28.97730", "2015-03-31": "28.13870", "2014-12-31": "28.59050", "2014-09-30": "31.69820", "2014-06-30": "28.63580", "2014-03-31": "26.39350", "2013-12-31": "26.85020", "2013-09-30": "31.66500", "2013-06-30": "28.10600", "2013-03-31": "26.40420", "2012-12-31": "29.84910", "2012-09-30": "30.84570", "2012-06-30": "31.19380", "2012-03-31": "30.82250", "2011-12-31": "30.94890", "2011-09-30": "31.57220", "2011-06-30": "30.36020", "2011-03-31": "29.97930", "2010-12-31": "29.69350", "2010-09-30": "30.00820", "2010-06-30": "26.08930", "2010-03-31": "24.19490", "2009-12-31": "22.86720", "2009-09-30": "22.92300", "2009-06-30": "19.78440", "2009-03-31": "15.09770", "2008-12-31": "16.42880", "2008-09-30": "14.95880", "2008-06-30": "16.41940", "2008-03-31": "14.76550", "2007-12-31": "14.92310", "2007-09-30": "13.02750", "2007-06-30": "20.97720", "2007-03-31": "20.10890", "2006-12-31": "22.57270", "2006-09-30": "21.08900", "2006-06-30": "22.52590", "2006-03-31": "23.63360", "2005-12-31": "24.72560", "2005-09-30": "22.98560", "2005-06-30": "25.84170", "2005-03-31": "25.79950"}, "EBITDA Margin": {"2020-12-31": "", "2020-09-30": "", "2020-06-30": "", "2020-03-31": "", "2019-12-31": "", "2019-09-30": "", "2019-06-30": "", "2019-03-31": "", "2018-12-31": "", "2018-09-30": "", "2018-06-30": "", "2018-03-31": "", "2017-12-31": "", "2017-09-30": "", "2017-06-30": "", "2017-03-31": "", "2016-12-31": "", "2016-09-30": "", "2016-06-30": "", "2016-03-31": "", "2015-12-31": "", "2015-09-30": "", "2015-06-30": "", "2015-03-31": "", "2014-12-31": "", "2014-09-30": "", "2014-06-30": "", "2014-03-31": "", "2013-12-31": "", "2013-09-30": "", "2013-06-30": "", "2013-03-31": "", "2012-12-31": "", "2012-09-30": "", "2012-06-30": "", "2012-03-31": "", "2011-12-31": "", "2011-09-30": "", "2011-06-30": "", "2011-03-31": "", "2010-12-31": "", "2010-09-30": "", "2010-06-30": "", "2010-03-31": "", "2009-12-31": "", "2009-09-30": "", "2009-06-30": "", "2009-03-31": "", "2008-12-31": "", "2008-09-30": "", "2008-06-30": "", "2008-03-31": "", "2007-12-31": "", "2007-09-30": "", "2007-06-30": "", "2007-03-31": "", "2006-12-31": "", "2006-09-30": "", "2006-06-30": "", "2006-03-31": "", "2005-12-31": "", "2005-09-30": "", "2005-06-30": "", "2005-03-31": ""}, "Pre-Tax Profit Margin": {"2020-12-31": "18.74190", "2020-09-30": "15.86210", "2020-06-30": "15.04700", "2020-03-31": "14.32120", "2019-12-31": "22.40540", "2019-09-30": "20.00570", "2019-06-30": "19.07400", "2019-03-31": "27.56990", "2018-12-31": "30.40090", "2018-09-30": "28.30220", "2018-06-30": "28.44180", "2018-03-31": "27.40410", "2017-12-31": "27.55060", "2017-09-30": "28.59900", "2017-06-30": "27.37020", "2017-03-31": "26.98030", "2016-12-31": "27.15280", "2016-09-30": "31.00810", "2016-06-30": "28.16390", "2016-03-31": "23.78980", "2015-12-31": "26.98420", "2015-09-30": "29.81520", "2015-06-30": "29.12620", "2015-03-31": "28.83050", "2014-12-31": "29.15110", "2014-09-30": "32.19750", "2014-06-30": "28.90670", "2014-03-31": "26.39900", "2013-12-31": "26.91070", "2013-09-30": "31.85020", "2013-06-30": "28.88210", "2013-03-31": "27.00900", "2012-12-31": "30.27330", "2012-09-30": "31.09650", "2012-06-30": "31.67960", "2012-03-31": "31.24300", "2011-12-31": "31.52600", "2011-09-30": "32.87130", "2011-06-30": "31.01000", "2011-03-31": "30.54420", "2010-12-31": "30.63990", "2010-09-30": "30.03490", "2010-06-30": "27.63440", "2010-03-31": "25.30670", "2009-12-31": "23.75910", "2009-09-30": "23.88340", "2009-06-30": "21.69740", "2009-03-31": "16.48340", "2008-12-31": "18.16770", "2008-09-30": "17.01010", "2008-06-30": "18.66350", "2008-03-31": "18.27750", "2007-12-31": "18.90020", "2007-09-30": "18.07880", "2007-06-30": "26.39530", "2007-03-31": "25.77490", "2006-12-31": "27.93050", "2006-09-30": "26.30310", "2006-06-30": "27.27880", "2006-03-31": "27.75300", "2005-12-31": "28.09720", "2005-09-30": "26.61430", "2005-06-30": "28.74740", "2005-03-31": "28.22240"}, "Net Profit Margin": {"2020-12-31": "14.03710", "2020-09-30": "12.63190", "2020-06-30": "11.97970", "2020-03-31": "10.52000", "2019-12-31": "17.30650", "2019-09-30": "16.06350", "2019-06-30": "15.24780", "2019-03-31": "21.30450", "2018-12-31": "24.07360", "2018-09-30": "23.61450", "2018-06-30": "22.63780", "2018-03-31": "20.55790", "2017-12-31": "16.90190", "2017-09-30": "25.23110", "2017-06-30": "18.85960", "2017-03-31": "17.97170", "2016-12-31": "18.26080", "2016-09-30": "20.73570", "2016-06-30": "18.48640", "2016-03-31": "15.59200", "2015-12-31": "18.32860", "2015-09-30": "19.35700", "2015-06-30": "19.26690", "2015-03-31": "18.15740", "2014-12-31": "19.24750", "2014-09-30": "20.20800", "2014-06-30": "18.05040", "2014-03-31": "16.57950", "2013-12-31": "16.74200", "2013-09-30": "19.28290", "2013-06-30": "18.41150", "2013-03-31": "18.10570", "2012-12-31": "19.01570", "2012-09-30": "18.67750", "2012-06-30": "20.51310", "2012-03-31": "20.21100", "2011-12-31": "20.62200", "2011-09-30": "21.48980", "2011-06-30": "21.51570", "2011-03-31": "20.02180", "2010-12-31": "20.69760", "2010-09-30": "18.96970", "2010-06-30": "17.57030", "2010-03-31": "16.08400", "2009-12-31": "15.31680", "2009-09-30": "16.18800", "2009-06-30": "14.39420", "2009-03-31": "12.31670", "2008-12-31": "12.93900", "2008-09-30": "11.50340", "2008-06-30": "11.55540", "2008-03-31": "11.15050", "2007-12-31": "11.51290", "2007-09-30": "8.84710", "2007-06-30": "16.46890", "2007-03-31": "15.63890", "2006-12-31": "18.62280", "2006-09-30": "15.89020", "2006-06-30": "16.94310", "2006-03-31": "17.07150", "2005-12-31": "17.27950", "2005-09-30": "15.01610", "2005-06-30": "17.37240", "2005-03-31": "17.88280"}, "Asset Turnover": {"2020-12-31": "0.12750", "2020-09-30": "0.13140", "2020-06-30": "0.12750", "2020-03-31": "0.13140", "2019-12-31": "0.14690", "2019-09-30": "0.17410", "2019-06-30": "0.17730", "2019-03-31": "0.18220", "2018-12-31": "0.18800", "2018-09-30": "0.21600", "2018-06-30": "0.21170", "2018-03-31": "0.21190", "2017-12-31": "0.20980", "2017-09-30": "0.21720", "2017-06-30": "0.21410", "2017-03-31": "0.21700", "2016-12-31": "0.21520", "2016-09-30": "0.22780", "2016-06-30": "0.22030", "2016-03-31": "0.21570", "2015-12-31": "0.21130", "2015-09-30": "0.21680", "2015-06-30": "0.21380", "2015-03-31": "0.21260", "2014-12-31": "0.20690", "2014-09-30": "0.21290", "2014-06-30": "0.20240", "2014-03-31": "0.19390", "2013-12-31": "0.18350", "2013-09-30": "0.17720", "2013-06-30": "0.17240", "2013-03-31": "0.16950", "2012-12-31": "0.17930", "2012-09-30": "0.18970", "2012-06-30": "0.19190", "2012-03-31": "0.19320", "2011-12-31": "0.18980", "2011-09-30": "0.20060", "2011-06-30": "0.18200", "2011-03-31": "0.18040", "2010-12-31": "0.18220", "2010-09-30": "0.18670", "2010-06-30": "0.18190", "2010-03-31": "0.17360", "2009-12-31": "0.16770", "2009-09-30": "0.16390", "2009-06-30": "0.15550", "2009-03-31": "0.15680", "2008-12-31": "0.16780", "2008-09-30": "0.18230", "2008-06-30": "0.17720", "2008-03-31": "0.16970", "2007-12-31": "0.15540", "2007-09-30": "0.15420", "2007-06-30": "0.14930", "2007-03-31": "0.15260", "2006-12-31": "0.15240", "2006-09-30": "0.15310", "2006-06-30": "0.14850", "2006-03-31": "0.14780", "2005-12-31": "0.14960", "2005-09-30": "0.14990", "2005-06-30": "0.14460", "2005-03-31": "0.14790"}, "Inventory Turnover Ratio": {"2020-12-31": "4.34620", "2020-09-30": "4.01340", "2020-06-30": "3.67860", "2020-03-31": "3.27190", "2019-12-31": "2.73750", "2019-09-30": "2.64290", "2019-06-30": "2.52070", "2019-03-31": "2.63510", "2018-12-31": "2.74770", "2018-09-30": "3.05680", "2018-06-30": "2.90560", "2018-03-31": "3.03760", "2017-12-31": "3.00180", "2017-09-30": "3.03480", "2017-06-30": "2.89160", "2017-03-31": "2.70100", "2016-12-31": "2.53170", "2016-09-30": "2.49480", "2016-06-30": "2.49500", "2016-03-31": "2.33750", "2015-12-31": "2.55230", "2015-09-30": "2.51080", "2015-06-30": "2.85280", "2015-03-31": "2.81480", "2014-12-31": "2.87680", "2014-09-30": "3.34890", "2014-06-30": "3.43350", "2014-03-31": "3.65340", "2013-12-31": "3.82570", "2013-09-30": "3.51850", "2013-06-30": "3.55510", "2013-03-31": "3.35700", "2012-12-31": "3.25190", "2012-09-30": "3.60030", "2012-06-30": "3.53840", "2012-03-31": "3.38330", "2011-12-31": "3.17880", "2011-09-30": "3.26080", "2011-06-30": "2.92340", "2011-03-31": "2.79130", "2010-12-31": "2.69260", "2010-09-30": "2.48890", "2010-06-30": "2.51190", "2010-03-31": "2.51430", "2009-12-31": "2.64050", "2009-09-30": "2.63810", "2009-06-30": "2.47720", "2009-03-31": "2.43300", "2008-12-31": "2.31480", "2008-09-30": "3.83460", "2008-06-30": "3.95140", "2008-03-31": "4.27750", "2007-12-31": "3.45850", "2007-09-30": "3.12480", "2007-06-30": "3.19430", "2007-03-31": "3.64060", "2006-12-31": "4.62900", "2006-09-30": "4.30000", "2006-06-30": "2.85470", "2006-03-31": "7.03940", "2005-12-31": "7.25240", "2005-09-30": "6.84620", "2005-06-30": "7.45800", "2005-03-31": "7.50740"}, "Receiveable Turnover": {"2020-12-31": "1.80180", "2020-09-30": "2.07580", "2020-06-30": "1.91310", "2020-03-31": "1.72280", "2019-12-31": "1.60520", "2019-09-30": "1.83330", "2019-06-30": "1.75810", "2019-03-31": "1.69490", "2018-12-31": "1.66960", "2018-09-30": "1.90520", "2018-06-30": "1.82330", "2018-03-31": "1.83320", "2017-12-31": "1.79730", "2017-09-30": "1.84290", "2017-06-30": "1.75490", "2017-03-31": "1.76350", "2016-12-31": "1.64730", "2016-09-30": "1.95900", "2016-06-30": "1.88610", "2016-03-31": "1.81710", "2015-12-31": "1.75340", "2015-09-30": "1.79400", "2015-06-30": "1.85230", "2015-03-31": "1.79780", "2014-12-31": "1.80870", "2014-09-30": "1.92070", "2014-06-30": "1.81130", "2014-03-31": "1.87960", "2013-12-31": "1.84090", "2013-09-30": "1.93590", "2013-06-30": "1.80510", "2013-03-31": "1.81660", "2012-12-31": "1.74790", "2012-09-30": "1.95800", "2012-06-30": "1.82050", "2012-03-31": "1.84530", "2011-12-31": "1.71630", "2011-09-30": "1.89900", "2011-06-30": "1.87870", "2011-03-31": "1.94240", "2010-12-31": "1.89410", "2010-09-30": "2.26760", "2010-06-30": "2.24130", "2010-03-31": "2.30540", "2009-12-31": "1.75930", "2009-09-30": "1.63710", "2009-06-30": "1.72680", "2009-03-31": "1.71150", "2008-12-31": "1.64790", "2008-09-30": "1.76460", "2008-06-30": "1.68850", "2008-03-31": "1.56330", "2007-12-31": "1.56110", "2007-09-30": "1.58660", "2007-06-30": "1.70450", "2007-03-31": "1.74460", "2006-12-31": "1.78490", "2006-09-30": "1.78040", "2006-06-30": "1.76650", "2006-03-31": "1.81160", "2005-12-31": "1.79030", "2005-09-30": "1.93290", "2005-06-30": "1.93550", "2005-03-31": "1.94500"}, "Days Sales In Receivables": {"2020-12-31": "49.95110", "2020-09-30": "43.35680", "2020-06-30": "47.04430", "2020-03-31": "52.23930", "2019-12-31": "56.06860", "2019-09-30": "49.09080", "2019-06-30": "51.19300", "2019-03-31": "53.09930", "2018-12-31": "53.90500", "2018-09-30": "47.23880", "2018-06-30": "49.36110", "2018-03-31": "49.09530", "2017-12-31": "50.07420", "2017-09-30": "48.83510", "2017-06-30": "51.28570", "2017-03-31": "51.03440", "2016-12-31": "54.63430", "2016-09-30": "45.94230", "2016-06-30": "47.71670", "2016-03-31": "49.53030", "2015-12-31": "51.32780", "2015-09-30": "50.16760", "2015-06-30": "48.58730", "2015-03-31": "50.06140", "2014-12-31": "49.75820", "2014-09-30": "46.85870", "2014-06-30": "49.68710", "2014-03-31": "47.88200", "2013-12-31": "48.88780", "2013-09-30": "46.48900", "2013-06-30": "49.85770", "2013-03-31": "49.54330", "2012-12-31": "51.48990", "2012-09-30": "45.96630", "2012-06-30": "49.43780", "2012-03-31": "48.77150", "2011-12-31": "52.43770", "2011-09-30": "47.39390", "2011-06-30": "47.90530", "2011-03-31": "46.33490", "2010-12-31": "47.51630", "2010-09-30": "39.68900", "2010-06-30": "40.15470", "2010-03-31": "39.03880", "2009-12-31": "51.15790", "2009-09-30": "54.97390", "2009-06-30": "52.12100", "2009-03-31": "52.58570", "2008-12-31": "54.61460", "2008-09-30": "51.00420", "2008-06-30": "53.30050", "2008-03-31": "57.56990", "2007-12-31": "57.65030", "2007-09-30": "56.72570", "2007-06-30": "52.80250", "2007-03-31": "51.58720", "2006-12-31": "50.42190", "2006-09-30": "50.55180", "2006-06-30": "50.94900", "2006-03-31": "49.68090", "2005-12-31": "50.27160", "2005-09-30": "46.56260", "2005-06-30": "46.49910", "2005-03-31": "46.27170"}, "ROE - Return On Equity": {"2020-12-31": "3.65080", "2020-09-30": "3.47910", "2020-06-30": "3.24400", "2020-03-31": "3.07170", "2019-12-31": "5.10650", "2019-09-30": "5.38390", "2019-06-30": "5.29040", "2019-03-31": "7.91100", "2018-12-31": "9.28940", "2018-09-30": "10.33700", "2018-06-30": "9.69550", "2018-03-31": "8.93810", "2017-12-31": "7.20590", "2017-09-30": "11.04150", "2017-06-30": "8.10740", "2017-03-31": "7.86240", "2016-12-31": "7.88440", "2016-09-30": "9.19080", "2016-06-30": "7.73240", "2016-03-31": "6.38570", "2015-12-31": "7.10610", "2015-09-30": "7.36960", "2015-06-30": "7.02070", "2015-03-31": "6.48780", "2014-12-31": "6.57010", "2014-09-30": "6.86630", "2014-06-30": "5.67370", "2014-03-31": "4.92180", "2013-12-31": "4.67980", "2013-09-30": "4.95420", "2013-06-30": "4.58130", "2013-03-31": "4.44010", "2012-12-31": "5.01280", "2012-09-30": "5.09380", "2012-06-30": "5.64170", "2012-03-31": "5.63920", "2011-12-31": "5.68220", "2011-09-30": "6.11610", "2011-06-30": "5.36820", "2011-03-31": "4.99640", "2010-12-31": "5.17750", "2010-09-30": "4.80570", "2010-06-30": "4.30060", "2010-03-31": "3.73420", "2009-12-31": "3.44960", "2009-09-30": "3.54810", "2009-06-30": "2.94110", "2009-03-31": "2.55010", "2008-12-31": "2.89260", "2008-09-30": "2.74290", "2008-06-30": "2.61220", "2008-03-31": "2.38320", "2007-12-31": "2.19140", "2007-09-30": "1.67170", "2007-06-30": "2.93990", "2007-03-31": "2.86510", "2006-12-31": "3.40460", "2006-09-30": "2.87970", "2006-06-30": "2.99050", "2006-03-31": "2.95560", "2005-12-31": "3.01630", "2005-09-30": "2.63030", "2005-06-30": "2.88250", "2005-03-31": "3.04360"}, "Return On Tangible Equity": {"2020-12-31": "16.30620", "2020-09-30": "20.80430", "2020-06-30": "23.69080", "2020-03-31": "46.07930", "2019-12-31": "11.40250", "2019-09-30": "13.62370", "2019-06-30": "15.38410", "2019-03-31": "12.73660", "2018-12-31": "15.34240", "2018-09-30": "18.21470", "2018-06-30": "17.28750", "2018-03-31": "16.34780", "2017-12-31": "13.17450", "2017-09-30": "20.15710", "2017-06-30": "15.05640", "2017-03-31": "14.81580", "2016-12-31": "14.74400", "2016-09-30": "17.31060", "2016-06-30": "14.54430", "2016-03-31": "12.06580", "2015-12-31": "12.69750", "2015-09-30": "12.75520", "2015-06-30": "12.09800", "2015-03-31": "11.21460", "2014-12-31": "11.15100", "2014-09-30": "11.57390", "2014-06-30": "9.41890", "2014-03-31": "7.76090", "2013-12-31": "7.31430", "2013-09-30": "7.51060", "2013-06-30": "6.55310", "2013-03-31": "6.46810", "2012-12-31": "6.69450", "2012-09-30": "6.90170", "2012-06-30": "7.74250", "2012-03-31": "7.89600", "2011-12-31": "7.10770", "2011-09-30": "7.76460", "2011-06-30": "6.72230", "2011-03-31": "6.33260", "2010-12-31": "6.62340", "2010-09-30": "6.27240", "2010-06-30": "5.71900", "2010-03-31": "5.06750", "2009-12-31": "4.75890", "2009-09-30": "4.99880", "2009-06-30": "4.19820", "2009-03-31": "3.70370", "2008-12-31": "4.21120", "2008-09-30": "4.05060", "2008-06-30": "3.82220", "2008-03-31": "3.46170", "2007-12-31": "3.08160", "2007-09-30": "2.40080", "2007-06-30": "3.30370", "2007-03-31": "3.24580", "2006-12-31": "3.88850", "2006-09-30": "3.31960", "2006-06-30": "3.49370", "2006-03-31": "3.47800", "2005-12-31": "3.59860", "2005-09-30": "2.94870", "2005-06-30": "3.25230", "2005-03-31": "3.48160"}, "ROA - Return On Assets": {"2020-12-31": "1.78960", "2020-09-30": "1.66020", "2020-06-30": "1.52780", "2020-03-31": "1.38210", "2019-12-31": "2.54240", "2019-09-30": "2.79730", "2019-06-30": "2.70370", "2019-03-31": "3.88220", "2018-12-31": "4.52660", "2018-09-30": "5.10010", "2018-06-30": "4.79270", "2018-03-31": "4.35560", "2017-12-31": "3.54600", "2017-09-30": "5.48130", "2017-06-30": "4.03800", "2017-03-31": "3.90040", "2016-12-31": "3.93050", "2016-09-30": "4.72330", "2016-06-30": "4.07270", "2016-03-31": "3.36350", "2015-12-31": "3.87360", "2015-09-30": "4.19660", "2015-06-30": "4.11840", "2015-03-31": "3.85940", "2014-12-31": "3.98300", "2014-09-30": "4.30310", "2014-06-30": "3.65310", "2014-03-31": "3.21490", "2013-12-31": "3.07240", "2013-09-30": "3.41760", "2013-06-30": "3.17430", "2013-03-31": "3.06940", "2012-12-31": "3.41040", "2012-09-30": "3.54320", "2012-06-30": "3.93540", "2012-03-31": "3.90390", "2011-12-31": "3.91430", "2011-09-30": "4.31040", "2011-06-30": "3.91630", "2011-03-31": "3.61220", "2010-12-31": "3.77160", "2010-09-30": "3.54100", "2010-06-30": "3.19540", "2010-03-31": "2.79200", "2009-12-31": "2.56890", "2009-09-30": "2.65290", "2009-06-30": "2.23820", "2009-03-31": "1.93150", "2008-12-31": "2.17180", "2008-09-30": "2.09760", "2008-06-30": "2.04760", "2008-03-31": "1.89180", "2007-12-31": "1.78870", "2007-09-30": "1.36420", "2007-06-30": "2.45930", "2007-03-31": "2.38680", "2006-12-31": "2.83820", "2006-09-30": "2.43340", "2006-06-30": "2.51580", "2006-03-31": "2.52330", "2005-12-31": "2.58520", "2005-09-30": "2.25090", "2005-06-30": "2.51120", "2005-03-31": "2.64530"}, "ROI - Return On Investment": {"2020-12-31": "3.17010", "2020-09-30": "2.98550", "2020-06-30": "2.76420", "2020-03-31": "2.58230", "2019-12-31": "5.10650", "2019-09-30": "5.38390", "2019-06-30": "5.29040", "2019-03-31": "7.91100", "2018-12-31": "9.28940", "2018-09-30": "10.33700", "2018-06-30": "9.69550", "2018-03-31": "8.93810", "2017-12-31": "7.20590", "2017-09-30": "11.04150", "2017-06-30": "8.10740", "2017-03-31": "7.86240", "2016-12-31": "7.88440", "2016-09-30": "9.19080", "2016-06-30": "7.73240", "2016-03-31": "6.38570", "2015-12-31": "7.10610", "2015-09-30": "7.36960", "2015-06-30": "7.02070", "2015-03-31": "6.48780", "2014-12-31": "6.57010", "2014-09-30": "6.86630", "2014-06-30": "5.67380", "2014-03-31": "4.92180", "2013-12-31": "4.67980", "2013-09-30": "4.95420", "2013-06-30": "4.58130", "2013-03-31": "4.44010", "2012-12-31": "5.01280", "2012-09-30": "5.09380", "2012-06-30": "5.64170", "2012-03-31": "5.63920", "2011-12-31": "5.68220", "2011-09-30": "6.11610", "2011-06-30": "5.36820", "2011-03-31": "4.99640", "2010-12-31": "5.17750", "2010-09-30": "4.80570", "2010-06-30": "4.30060", "2010-03-31": "3.73420", "2009-12-31": "3.44960", "2009-09-30": "3.54810", "2009-06-30": "2.94110", "2009-03-31": "2.55010", "2008-12-31": "2.89260", "2008-09-30": "2.74290", "2008-06-30": "2.61220", "2008-03-31": "2.38320", "2007-12-31": "2.19140", "2007-09-30": "1.67170", "2007-06-30": "2.93990", "2007-03-31": "2.86510", "2006-12-31": "3.40460", "2006-09-30": "2.87970", "2006-06-30": "2.99050", "2006-03-31": "2.95560", "2005-12-31": "3.01630", "2005-09-30": "2.63030", "2005-06-30": "2.88250", "2005-03-31": "3.04360"}, "Book Value Per Share": {"2020-12-31": "38.96660", "2020-09-30": "36.53530", "2020-06-30": "35.21510", "2020-03-31": "32.95770", "2019-12-31": "31.73290", "2019-09-30": "29.17980", "2019-06-30": "27.00500", "2019-03-31": "24.58180", "2018-12-31": "23.46380", "2018-09-30": "21.34840", "2018-06-30": "20.81580", "2018-03-31": "20.07060", "2017-12-31": "19.84310", "2017-09-30": "19.64070", "2017-06-30": "18.95710", "2017-03-31": "18.47740", "2016-12-31": "18.44470", "2016-09-30": "18.14690", "2016-06-30": "17.93040", "2016-03-31": "17.63180", "2015-12-31": "18.36380", "2015-09-30": "18.77340", "2015-06-30": "18.69080", "2015-03-31": "18.44110", "2014-12-31": "18.65590", "2014-09-30": "18.65800", "2014-06-30": "18.82300", "2014-03-31": "18.81570", "2013-12-31": "19.12240", "2013-09-30": "19.70430", "2013-06-30": "19.00500", "2013-03-31": "18.22120", "2012-12-31": "17.64320", "2012-09-30": "16.88880", "2012-06-30": "16.22730", "2012-03-31": "15.40100", "2011-12-31": "14.78090", "2011-09-30": "13.96720", "2011-06-30": "14.43340", "2011-03-31": "13.78170", "2010-12-31": "13.31690", "2010-09-30": "12.49080", "2010-06-30": "11.77340", "2010-03-31": "11.16700", "2009-12-31": "10.72800", "2009-09-30": "10.20130", "2009-06-30": "9.86320", "2009-03-31": "9.52870", "2008-12-31": "9.37350", "2008-09-30": "9.08110", "2008-06-30": "9.12970", "2008-03-31": "9.16670", "2007-12-31": "9.53620", "2007-09-30": "9.13230", "2007-06-30": "8.84070", "2007-03-31": "8.39080", "2006-12-31": "7.98370", "2006-09-30": "7.55870", "2006-06-30": "6.98290", "2006-03-31": "6.72990", "2005-12-31": "6.37260", "2005-09-30": "5.96180", "2005-06-30": "5.73570", "2005-03-31": "5.31380"}, "Operating Cash Flow Per Share": {"2020-12-31": "2.20550", "2020-09-30": 2.8707, "2020-06-30": 2.563, "2020-03-31": 2.966, "2019-12-31": "2.36800", "2019-09-30": 3.3701, "2019-06-30": 2.4796, "2019-03-31": 3.2577, "2018-12-31": "3.26260", "2018-09-30": 3.2392, "2018-06-30": 2.9955, "2018-03-31": 3.0011, "2017-12-31": "3.03690", "2017-09-30": 3.237, "2017-06-30": 2.5839, "2017-03-31": 2.7237, "2016-12-31": "2.88390", "2016-09-30": 2.9186, "2016-06-30": 2.5776, "2016-03-31": 2.0525, "2015-12-31": "2.91750", "2015-09-30": 2.4706, "2015-06-30": 2.4447, "2015-03-31": 1.9968, "2014-12-31": "2.52370", "2014-09-30": 2.1845, "2014-06-30": 1.8708, "2014-03-31": 1.1173, "2013-12-31": "2.04220", "2013-09-30": 1.8548, "2013-06-30": 1.6097, "2013-03-31": 1.0233, "2012-12-31": "1.82660", "2012-09-30": 1.8552, "2012-06-30": 1.428, "2012-03-31": 1.2746, "2011-12-31": "1.65220", "2011-09-30": 1.4917, "2011-06-30": 1.2439, "2011-03-31": 1.1181, "2010-12-31": "1.26320", "2010-09-30": 1.0653, "2010-06-30": 0.9225, "2010-03-31": 0.9605, "2009-12-31": "0.92110", "2009-09-30": 0.7217, "2009-06-30": 0.5802, "2009-03-31": 0.4967, "2008-12-31": "0.72390", "2008-09-30": 0.6775, "2008-06-30": 0.7022, "2008-03-31": 0.4545, "2007-12-31": "0.48750", "2007-09-30": 0.5627, "2007-06-30": 0.4417, "2007-03-31": 0.4349, "2006-12-31": "0.55340", "2006-09-30": 0.2215, "2006-06-30": 0.4468, "2006-03-31": 0.4195, "2005-12-31": "0.42240", "2005-09-30": 0.4338, "2005-06-30": 0.2634, "2005-03-31": 0.3991}, "Free Cash Flow Per Share": {"2020-12-31": "2.13010", "2020-09-30": 2.6733, "2020-06-30": 2.3644, "2020-03-31": 2.7521, "2019-12-31": "2.00130", "2019-09-30": 3.0364, "2019-06-30": 1.9344, "2019-03-31": 2.771, "2018-12-31": "2.91550", "2018-09-30": 2.9623, "2018-06-30": 2.6721, "2018-03-31": 2.8432, "2017-12-31": "2.94910", "2017-09-30": 3.1241, "2017-06-30": 2.4643, "2017-03-31": 2.5743, "2016-12-31": "2.66860", "2016-09-30": 2.6675, "2016-06-30": 2.3342, "2016-03-31": 1.8033, "2015-12-31": "2.72730", "2015-09-30": 2.219, "2015-06-30": 2.147, "2015-03-31": 1.8545, "2014-12-31": "2.38400", "2014-09-30": 2.0935, "2014-06-30": 1.796, "2014-03-31": 1.0486, "2013-12-31": "1.97820", "2013-09-30": 1.7906, "2013-06-30": 1.5246, "2013-03-31": 0.9349, "2012-12-31": "1.72830", "2012-09-30": 1.7137, "2012-06-30": 1.3559, "2012-03-31": 1.1873, "2011-12-31": "1.57880", "2011-09-30": 1.3702, "2011-06-30": 1.1352, "2011-03-31": 1.0419, "2010-12-31": "1.19600", "2010-09-30": 1.0344, "2010-06-30": 0.8824, "2010-03-31": 0.9211, "2009-12-31": "0.87570", "2009-09-30": 0.6793, "2009-06-30": 0.5579, "2009-03-31": 0.4642, "2008-12-31": "0.67530", "2008-09-30": 0.6259, "2008-06-30": 0.5437, "2008-03-31": 0.3865, "2007-12-31": "0.43090", "2007-09-30": 0.5062, "2007-06-30": 0.3891, "2007-03-31": 0.3815, "2006-12-31": "0.52260", "2006-09-30": 0.1861, "2006-06-30": 0.3331, "2006-03-31": 0.3583, "2005-12-31": "0.37490", "2005-09-30": 0.3996, "2005-06-30": 0.2225, "2005-03-31": 0.3543}}, "revenue": {"F5 Networks Annual Revenue (Millions of US $)": {"2020": "$2,351", "2019": "$2,242", "2018": "$2,161", "2017": "$2,090", "2016": "$1,995", "2015": "$1,920", "2014": "$1,732", "2013": "$1,481", "2012": "$1,377", "2011": "$1,152", "2010": "$882", "2009": "$653", "2008": "$650", "2007": "$526", "2006": "$394", "2005": "$281"}, "F5 Networks Quarterly Revenue (Millions of US $)": {"2020-12-31": "$625", "2020-09-30": "$615", "2020-06-30": "$583", "2020-03-31": "$583", "2019-12-31": "$569", "2019-09-30": "$590", "2019-06-30": "$563", "2019-03-31": "$545", "2018-12-31": "$544", "2018-09-30": "$563", "2018-06-30": "$542", "2018-03-31": "$533", "2017-12-31": "$523", "2017-09-30": "$538", "2017-06-30": "$518", "2017-03-31": "$518", "2016-12-31": "$516", "2016-09-30": "$525", "2016-06-30": "$497", "2016-03-31": "$484", "2015-12-31": "$489", "2015-09-30": "$501", "2015-06-30": "$484", "2015-03-31": "$472", "2014-12-31": "$463", "2014-09-30": "$465", "2014-06-30": "$440", "2014-03-31": "$420", "2013-12-31": "$406", "2013-09-30": "$395", "2013-06-30": "$370", "2013-03-31": "$350", "2012-12-31": "$365", "2012-09-30": "$363", "2012-06-30": "$353", "2012-03-31": "$340", "2011-12-31": "$322", "2011-09-30": "$315", "2011-06-30": "$291", "2011-03-31": "$278", "2010-12-31": "$269", "2010-09-30": "$254", "2010-06-30": "$230", "2010-03-31": "$206", "2009-12-31": "$191", "2009-09-30": "$175", "2009-06-30": "$158", "2009-03-31": "$154", "2008-12-31": "$166", "2008-09-30": "$171", "2008-06-30": "$166", "2008-03-31": "$159", "2007-12-31": "$154", "2007-09-30": "$146", "2007-06-30": "$132", "2007-03-31": "$128", "2006-12-31": "$120", "2006-09-30": "$112", "2006-06-30": "$100", "2006-03-31": "$94", "2005-12-31": "$88", "2005-09-30": "$81", "2005-06-30": "$73", "2005-03-31": "$68"}}, "gross-profit": {"F5 Networks Annual Gross Profit (Millions of US $)": {"2020": "$1,943", "2019": "$1,886", "2018": "$1,800", "2017": "$1,737", "2016": "$1,658", "2015": "$1,588", "2014": "$1,422", "2013": "$1,228", "2012": "$1,141", "2011": "$944", "2010": "$710", "2009": "$510", "2008": "$501", "2007": "$407", "2006": "$306", "2005": "$216"}, "F5 Networks Quarterly Gross Profit (Millions of US $)": {"2020-12-31": "$510", "2020-09-30": "$503", "2020-06-30": "$477", "2020-03-31": "$482", "2019-12-31": "$481", "2019-09-30": "$499", "2019-06-30": "$473", "2019-03-31": "$457", "2018-12-31": "$457", "2018-09-30": "$469", "2018-06-30": "$451", "2018-03-31": "$444", "2017-12-31": "$436", "2017-09-30": "$447", "2017-06-30": "$428", "2017-03-31": "$430", "2016-12-31": "$431", "2016-09-30": "$440", "2016-06-30": "$412", "2016-03-31": "$401", "2015-12-31": "$404", "2015-09-30": "$417", "2015-06-30": "$398", "2015-03-31": "$390", "2014-12-31": "$383", "2014-09-30": "$383", "2014-06-30": "$361", "2014-03-31": "$344", "2013-12-31": "$334", "2013-09-30": "$328", "2013-06-30": "$305", "2013-03-31": "$290", "2012-12-31": "$305", "2012-09-30": "$300", "2012-06-30": "$292", "2012-03-31": "$282", "2011-12-31": "$267", "2011-09-30": "$259", "2011-06-30": "$238", "2011-03-31": "$227", "2010-12-31": "$220", "2010-09-30": "$207", "2010-06-30": "$186", "2010-03-31": "$165", "2009-12-31": "$152", "2009-09-30": "$139", "2009-06-30": "$125", "2009-03-31": "$118", "2008-12-31": "$130", "2008-09-30": "$132", "2008-06-30": "$127", "2008-03-31": "$122", "2007-12-31": "$119", "2007-09-30": "$112", "2007-06-30": "$103", "2007-03-31": "$99", "2006-12-31": "$94", "2006-09-30": "$87", "2006-06-30": "$78", "2006-03-31": "$73", "2005-12-31": "$69", "2005-09-30": "$62", "2005-06-30": "$56", "2005-03-31": "$52"}}, "operating-income": {"F5 Networks Annual Operating Income (Millions of US $)": {"2020": "$392", "2019": "$518", "2018": "$591", "2017": "$564", "2016": "$547", "2015": "$553", "2014": "$494", "2013": "$431", "2012": "$426", "2011": "$351", "2010": "$230", "2009": "$122", "2008": "$99", "2007": "$100", "2006": "$90", "2005": "$69"}, "F5 Networks Quarterly Operating Income (Millions of US $)": {"2020-12-31": "$118", "2020-09-30": "$99", "2020-06-30": "$88", "2020-03-31": "$84", "2019-12-31": "$122", "2019-09-30": "$115", "2019-06-30": "$103", "2019-03-31": "$143", "2018-12-31": "$158", "2018-09-30": "$154", "2018-06-30": "$152", "2018-03-31": "$143", "2017-12-31": "$142", "2017-09-30": "$149", "2017-06-30": "$139", "2017-03-31": "$139", "2016-12-31": "$137", "2016-09-30": "$163", "2016-06-30": "$139", "2016-03-31": "$115", "2015-12-31": "$131", "2015-09-30": "$148", "2015-06-30": "$140", "2015-03-31": "$133", "2014-12-31": "$132", "2014-09-30": "$147", "2014-06-30": "$126", "2014-03-31": "$111", "2013-12-31": "$109", "2013-09-30": "$125", "2013-06-30": "$104", "2013-03-31": "$92", "2012-12-31": "$109", "2012-09-30": "$112", "2012-06-30": "$110", "2012-03-31": "$105", "2011-12-31": "$100", "2011-09-30": "$99", "2011-06-30": "$88", "2011-03-31": "$83", "2010-12-31": "$80", "2010-09-30": "$76", "2010-06-30": "$60", "2010-03-31": "$50", "2009-12-31": "$44", "2009-09-30": "$40", "2009-06-30": "$31", "2009-03-31": "$23", "2008-12-31": "$27", "2008-09-30": "$26", "2008-06-30": "$27", "2008-03-31": "$23", "2007-12-31": "$23", "2007-09-30": "$19", "2007-06-30": "$28", "2007-03-31": "$26", "2006-12-31": "$27", "2006-09-30": "$24", "2006-06-30": "$23", "2006-03-31": "$22", "2005-12-31": "$22", "2005-09-30": "$19", "2005-06-30": "$19", "2005-03-31": "$17"}}, "ebitda": {"F5 Networks Annual EBITDA (Millions of US $)": {"2020": "$488", "2019": "$587", "2018": "$650", "2017": "$625", "2016": "$604", "2015": "$605", "2014": "$540", "2013": "$471", "2012": "$461", "2011": "$372", "2010": "$254", "2009": "$148", "2008": "$123", "2007": "$115", "2006": "$102", "2005": "$76"}, "F5 Networks Quarterly EBITDA (Millions of US $)": {"2020-12-31": "$145", "2020-09-30": "$125", "2020-06-30": "$114", "2020-03-31": "$108", "2019-12-31": "$141", "2019-09-30": "$137", "2019-06-30": "$121", "2019-03-31": "$157", "2018-12-31": "$172", "2018-09-30": "$169", "2018-06-30": "$166", "2018-03-31": "$158", "2017-12-31": "$157", "2017-09-30": "$164", "2017-06-30": "$154", "2017-03-31": "$154", "2016-12-31": "$152", "2016-09-30": "$177", "2016-06-30": "$153", "2016-03-31": "$129", "2015-12-31": "$145", "2015-09-30": "$161", "2015-06-30": "$153", "2015-03-31": "$146", "2014-12-31": "$145", "2014-09-30": "$160", "2014-06-30": "$137", "2014-03-31": "$122", "2013-12-31": "$121", "2013-09-30": "$135", "2013-06-30": "$114", "2013-03-31": "$102", "2012-12-31": "$119", "2012-09-30": "$122", "2012-06-30": "$120", "2012-03-31": "$114", "2011-12-31": "$106", "2011-09-30": "$105", "2011-06-30": "$93", "2011-03-31": "$89", "2010-12-31": "$85", "2010-09-30": "$82", "2010-06-30": "$66", "2010-03-31": "$56", "2009-12-31": "$50", "2009-09-30": "$46", "2009-06-30": "$38", "2009-03-31": "$31", "2008-12-31": "$34", "2008-09-30": "$32", "2008-06-30": "$33", "2008-03-31": "$29", "2007-12-31": "$28", "2007-09-30": "$24", "2007-06-30": "$32", "2007-03-31": "$29", "2006-12-31": "$31", "2006-09-30": "$27", "2006-06-30": "$26", "2006-03-31": "$25", "2005-12-31": "$24", "2005-09-30": "$20", "2005-06-30": "$20", "2005-03-31": "$19"}}, "net-income": {"F5 Networks Annual Net Income (Millions of US $)": {"2020": "$307", "2019": "$428", "2018": "$454", "2017": "$421", "2016": "$366", "2015": "$365", "2014": "$311", "2013": "$277", "2012": "$275", "2011": "$241", "2010": "$151", "2009": "$92", "2008": "$74", "2007": "$77", "2006": "$66", "2005": "$47"}, "F5 Networks Quarterly Net Income (Millions of US $)": {"2020-12-31": "$88", "2020-09-30": "$78", "2020-06-30": "$70", "2020-03-31": "$61", "2019-12-31": "$99", "2019-09-30": "$95", "2019-06-30": "$86", "2019-03-31": "$116", "2018-12-31": "$131", "2018-09-30": "$133", "2018-06-30": "$123", "2018-03-31": "$110", "2017-12-31": "$88", "2017-09-30": "$136", "2017-06-30": "$98", "2017-03-31": "$93", "2016-12-31": "$94", "2016-09-30": "$109", "2016-06-30": "$92", "2016-03-31": "$75", "2015-12-31": "$90", "2015-09-30": "$97", "2015-06-30": "$93", "2015-03-31": "$86", "2014-12-31": "$89", "2014-09-30": "$94", "2014-06-30": "$79", "2014-03-31": "$70", "2013-12-31": "$68", "2013-09-30": "$76", "2013-06-30": "$68", "2013-03-31": "$63", "2012-12-31": "$69", "2012-09-30": "$68", "2012-06-30": "$72", "2012-03-31": "$69", "2011-12-31": "$66", "2011-09-30": "$68", "2011-06-30": "$63", "2011-03-31": "$56", "2010-12-31": "$56", "2010-09-30": "$48", "2010-06-30": "$40", "2010-03-31": "$33", "2009-12-31": "$29", "2009-09-30": "$28", "2009-06-30": "$23", "2009-03-31": "$19", "2008-12-31": "$21", "2008-09-30": "$20", "2008-06-30": "$19", "2008-03-31": "$18", "2007-12-31": "$18", "2007-09-30": "$13", "2007-06-30": "$22", "2007-03-31": "$20", "2006-12-31": "$22", "2006-09-30": "$18", "2006-06-30": "$17", "2006-03-31": "$16", "2005-12-31": "$15", "2005-09-30": "$12", "2005-06-30": "$13", "2005-03-31": "$12"}}, "eps-earnings-per-share-diluted": {"F5 Networks Annual EPS": {"2020": "$5.01", "2019": "$7.08", "2018": "$7.32", "2017": "$6.50", "2016": "$5.38", "2015": "$5.03", "2014": "$4.09", "2013": "$3.50", "2012": "$3.45", "2011": "$2.96", "2010": "$1.86", "2009": "$1.14", "2008": "$0.89", "2007": "$0.90", "2006": "$0.80", "2005": "$0.61"}, "F5 Networks Quarterly EPS": {"2020-12-31": "$1.41", "2020-09-30": "$1.25", "2020-06-30": "$1.14", "2020-03-31": "$1.00", "2019-12-31": "$1.62", "2019-09-30": "$1.56", "2019-06-30": "$1.43", "2019-03-31": "$1.93", "2018-12-31": "$2.16", "2018-09-30": "$2.15", "2018-06-30": "$1.99", "2018-03-31": "$1.77", "2017-12-31": "$1.41", "2017-09-30": "$2.11", "2017-06-30": "$1.52", "2017-03-31": "$1.43", "2016-12-31": "$1.44", "2016-09-30": "$1.62", "2016-06-30": "$1.37", "2016-03-31": "$1.11", "2015-12-31": "$1.28", "2015-09-30": "$1.35", "2015-06-30": "$1.29", "2015-03-31": "$1.18", "2014-12-31": "$1.21", "2014-09-30": "$1.26", "2014-06-30": "$1.05", "2014-03-31": "$0.91", "2013-12-31": "$0.87", "2013-09-30": "$0.95", "2013-06-30": "$0.87", "2013-03-31": "$0.80", "2012-12-31": "$0.88", "2012-09-30": "$0.85", "2012-06-30": "$0.91", "2012-03-31": "$0.86", "2011-12-31": "$0.83", "2011-09-30": "$0.83", "2011-06-30": "$0.77", "2011-03-31": "$0.68", "2010-12-31": "$0.68", "2010-09-30": "$0.59", "2010-06-30": "$0.50", "2010-03-31": "$0.41", "2009-12-31": "$0.36", "2009-09-30": "$0.34", "2009-06-30": "$0.29", "2009-03-31": "$0.24", "2008-12-31": "$0.27", "2008-09-30": "$0.24", "2008-06-30": "$0.23", "2008-03-31": "$0.21", "2007-12-31": "$0.21", "2007-09-30": "$0.14", "2007-06-30": "$0.26", "2007-03-31": "$0.24", "2006-12-31": "$0.26", "2006-09-30": "$0.22", "2006-06-30": "$0.21", "2006-03-31": "$0.20", "2005-12-31": "$0.19", "2005-09-30": "$0.17", "2005-06-30": "$0.16", "2005-03-31": "$0.16"}}, "shares-outstanding": {"F5 Networks Annual Shares Outstanding (Millions of Shares)": {"2020": "61", "2019": "60", "2018": "62", "2017": "65", "2016": "68", "2015": "73", "2014": "76", "2013": "79", "2012": "80", "2011": "81", "2010": "81", "2009": "80", "2008": "83", "2007": "85", "2006": "83", "2005": "78"}, "F5 Networks Quarterly Shares Outstanding (Millions of Shares)": {"2020-12-31": "62", "2020-09-30": "61", "2020-06-30": "61", "2020-03-31": "61", "2019-12-31": "61", "2019-09-30": "60", "2019-06-30": "60", "2019-03-31": "60", "2018-12-31": "61", "2018-09-30": "62", "2018-06-30": "62", "2018-03-31": "62", "2017-12-31": "63", "2017-09-30": "65", "2017-06-30": "64", "2017-03-31": "65", "2016-12-31": "66", "2016-09-30": "68", "2016-06-30": "67", "2016-03-31": "68", "2015-12-31": "70", "2015-09-30": "73", "2015-06-30": "72", "2015-03-31": "73", "2014-12-31": "74", "2014-09-30": "76", "2014-06-30": "75", "2014-03-31": "76", "2013-12-31": "78", "2013-09-30": "79", "2013-06-30": "79", "2013-03-31": "79", "2012-12-31": "79", "2012-09-30": "80", "2012-06-30": "80", "2012-03-31": "80", "2011-12-31": "80", "2011-09-30": "81", "2011-06-30": "81", "2011-03-31": "82", "2010-12-31": "82", "2010-09-30": "81", "2010-06-30": "81", "2010-03-31": "81", "2009-12-31": "80", "2009-09-30": "80", "2009-06-30": "80", "2009-03-31": "80", "2008-12-31": "80", "2008-09-30": "83", "2008-06-30": "82", "2008-03-31": "84", "2007-12-31": "86", "2007-09-30": "85", "2007-06-30": "85", "2007-03-31": "85", "2006-12-31": "85", "2006-09-30": "83", "2006-06-30": "83", "2006-03-31": "83", "2005-12-31": "82", "2005-09-30": "78", "2005-06-30": "79", "2005-03-31": "78"}}, "total-assets": {"F5 Networks Annual Total Assets (Millions of US $)": {"2020": "$4,678", "2019": "$3,390", "2018": "$2,605", "2017": "$2,476", "2016": "$2,306", "2015": "$2,312", "2014": "$2,185", "2013": "$2,231", "2012": "$1,911", "2011": "$1,569", "2010": "$1,362", "2009": "$1,069", "2008": "$939", "2007": "$944", "2006": "$730", "2005": "$538"}, "F5 Networks Quarterly Total Assets (Millions of US $)": {"2020-12-31": "$4,899", "2020-09-30": "$4,678", "2020-06-30": "$4,573", "2020-03-31": "$4,441", "2019-12-31": "$3,875", "2019-09-30": "$3,390", "2019-06-30": "$3,177", "2019-03-31": "$2,990", "2018-12-31": "$2,892", "2018-09-30": "$2,605", "2018-06-30": "$2,561", "2018-03-31": "$2,517", "2017-12-31": "$2,494", "2017-09-30": "$2,476", "2017-06-30": "$2,419", "2017-03-31": "$2,388", "2016-12-31": "$2,397", "2016-09-30": "$2,306", "2016-06-30": "$2,254", "2016-03-31": "$2,242", "2015-12-31": "$2,316", "2015-09-30": "$2,312", "2015-06-30": "$2,262", "2015-03-31": "$2,221", "2014-12-31": "$2,236", "2014-09-30": "$2,185", "2014-06-30": "$2,175", "2014-03-31": "$2,166", "2013-12-31": "$2,215", "2013-09-30": "$2,231", "2013-06-30": "$2,148", "2013-03-31": "$2,066", "2012-12-31": "$2,038", "2012-09-30": "$1,911", "2012-06-30": "$1,838", "2012-03-31": "$1,758", "2011-12-31": "$1,699", "2011-09-30": "$1,569", "2011-06-30": "$1,597", "2011-03-31": "$1,539", "2010-12-31": "$1,476", "2010-09-30": "$1,362", "2010-06-30": "$1,267", "2010-03-31": "$1,187", "2009-12-31": "$1,140", "2009-09-30": "$1,069", "2009-06-30": "$1,018", "2009-03-31": "$983", "2008-12-31": "$986", "2008-09-30": "$939", "2008-06-30": "$934", "2008-03-31": "$938", "2007-12-31": "$992", "2007-09-30": "$944", "2007-06-30": "$887", "2007-03-31": "$836", "2006-12-31": "$788", "2006-09-30": "$730", "2006-06-30": "$674", "2006-03-31": "$637", "2005-12-31": "$589", "2005-09-30": "$538", "2005-06-30": "$505", "2005-03-31": "$458"}}, "cash-on-hand": {"F5 Networks Annual Cash on Hand (Millions of US $)": {"2020": "$1,210", "2019": "$972", "2018": "$1,039", "2017": "$1,017", "2016": "$882", "2015": "$774", "2014": "$645", "2013": "$542", "2012": "$532", "2011": "$543", "2010": "$428", "2009": "$317", "2008": "$190", "2007": "$258", "2006": "$374", "2005": "$236"}, "F5 Networks Quarterly Cash on Hand (Millions of US $)": {"2020-12-31": "$1,373", "2020-09-30": "$1,210", "2020-06-30": "$1,094", "2020-03-31": "$821", "2019-12-31": "$1,162", "2019-09-30": "$972", "2019-06-30": "$986", "2019-03-31": "$1,314", "2018-12-31": "$1,133", "2018-09-30": "$1,039", "2018-06-30": "$1,085", "2018-03-31": "$1,025", "2017-12-31": "$1,005", "2017-09-30": "$1,017", "2017-06-30": "$1,014", "2017-03-31": "$1,015", "2016-12-31": "$974", "2016-09-30": "$882", "2016-06-30": "$811", "2016-03-31": "$775", "2015-12-31": "$792", "2015-09-30": "$774", "2015-06-30": "$798", "2015-03-31": "$666", "2014-12-31": "$654", "2014-09-30": "$645", "2014-06-30": "$611", "2014-03-31": "$624", "2013-12-31": "$578", "2013-09-30": "$542", "2013-06-30": "$551", "2013-03-31": "$523", "2012-12-31": "$518", "2012-09-30": "$532", "2012-06-30": "$520", "2012-03-31": "$490", "2011-12-31": "$557", "2011-09-30": "$543", "2011-06-30": "$585", "2011-03-31": "$475", "2010-12-31": "$486", "2010-09-30": "$428", "2010-06-30": "$401", "2010-03-31": "$385", "2009-12-31": "$370", "2009-09-30": "$317", "2009-06-30": "$264", "2009-03-31": "$259", "2008-12-31": "$278", "2008-09-30": "$190", "2008-06-30": "$267", "2008-03-31": "$331", "2007-12-31": "$351", "2007-09-30": "$258", "2007-06-30": "$394", "2007-03-31": "$431", "2006-12-31": "$415", "2006-09-30": "$374", "2006-06-30": "$373", "2006-03-31": "$344", "2005-12-31": "$259", "2005-09-30": "$236", "2005-06-30": "$211", "2005-03-31": "$199"}}, "long-term-debt": {"F5 Networks Annual Long Term Debt (Millions of US $)": {"2020": "$369", "2019": "$", "2018": "$", "2017": "$", "2016": "$", "2015": "$", "2014": "$", "2013": "$", "2012": "$", "2011": "$", "2010": "$", "2009": "$", "2008": "$", "2007": "$", "2006": "$", "2005": "$"}, "F5 Networks Quarterly Long Term Debt (Millions of US $)": {"2020-12-31": "$364", "2020-09-30": "$369", "2020-06-30": "$374", "2020-03-31": "$379", "2019-12-31": "", "2019-09-30": "", "2019-06-30": "", "2019-03-31": "", "2018-12-31": "", "2018-09-30": "", "2018-06-30": "", "2018-03-31": "", "2017-12-31": "", "2017-09-30": "", "2017-06-30": "", "2017-03-31": "", "2016-12-31": "", "2016-09-30": "", "2016-06-30": "", "2016-03-31": "", "2015-12-31": "", "2015-09-30": "", "2015-06-30": "", "2015-03-31": "", "2014-12-31": "", "2014-09-30": "", "2014-06-30": "", "2014-03-31": "", "2013-12-31": "", "2013-09-30": "", "2013-06-30": "", "2013-03-31": "", "2012-12-31": "", "2012-09-30": "", "2012-06-30": "", "2012-03-31": "", "2011-12-31": "", "2011-09-30": "", "2011-06-30": "", "2011-03-31": "", "2010-12-31": "", "2010-09-30": "", "2010-06-30": "", "2010-03-31": "", "2009-12-31": "", "2009-09-30": "", "2009-06-30": "", "2009-03-31": "", "2008-12-31": "", "2008-09-30": "", "2008-06-30": "", "2008-03-31": "", "2007-12-31": "", "2007-09-30": "", "2007-06-30": "", "2007-03-31": "", "2006-12-31": "", "2006-09-30": "", "2006-06-30": "", "2006-03-31": "", "2005-12-31": "", "2005-09-30": "", "2005-06-30": "", "2005-03-31": ""}}, "total-liabilities": {"F5 Networks Annual Total Liabilities (Millions of US $)": {"2020": "$2,446", "2019": "$1,629", "2018": "$1,320", "2017": "$1,247", "2016": "$1,121", "2015": "$996", "2014": "$816", "2013": "$692", "2012": "$582", "2011": "$463", "2010": "$358", "2009": "$270", "2008": "$221", "2007": "$174", "2006": "$113", "2005": "$78"}, "F5 Networks Quarterly Total Liabilities (Millions of US $)": {"2020-12-31": "$2,498", "2020-09-30": "$2,446", "2020-06-30": "$2,419", "2020-03-31": "$2,443", "2019-12-31": "$1,946", "2019-09-30": "$1,629", "2019-06-30": "$1,553", "2019-03-31": "$1,523", "2018-12-31": "$1,483", "2018-09-30": "$1,320", "2018-06-30": "$1,295", "2018-03-31": "$1,291", "2017-12-31": "$1,267", "2017-09-30": "$1,247", "2017-06-30": "$1,214", "2017-03-31": "$1,203", "2016-12-31": "$1,202", "2016-09-30": "$1,121", "2016-06-30": "$1,067", "2016-03-31": "$1,061", "2015-12-31": "$1,054", "2015-09-30": "$996", "2015-06-30": "$935", "2015-03-31": "$900", "2014-12-31": "$881", "2014-09-30": "$816", "2014-06-30": "$775", "2014-03-31": "$751", "2013-12-31": "$761", "2013-09-30": "$692", "2013-06-30": "$660", "2013-03-31": "$638", "2012-12-31": "$651", "2012-09-30": "$582", "2012-06-30": "$556", "2012-03-31": "$541", "2011-12-31": "$528", "2011-09-30": "$463", "2011-06-30": "$432", "2011-03-31": "$426", "2010-12-31": "$401", "2010-09-30": "$358", "2010-06-30": "$326", "2010-03-31": "$300", "2009-12-31": "$291", "2009-09-30": "$270", "2009-06-30": "$243", "2009-03-31": "$238", "2008-12-31": "$246", "2008-09-30": "$221", "2008-06-30": "$202", "2008-03-31": "$193", "2007-12-31": "$182", "2007-09-30": "$174", "2007-06-30": "$145", "2007-03-31": "$140", "2006-12-31": "$131", "2006-09-30": "$113", "2006-06-30": "$107", "2006-03-31": "$93", "2005-12-31": "$84", "2005-09-30": "$78", "2005-06-30": "$65", "2005-03-31": "$60"}}, "total-share-holder-equity": {"F5 Networks Annual Share Holder Equity (Millions of US $)": {"2020": "$2,232", "2019": "$1,761", "2018": "$1,285", "2017": "$1,229", "2016": "$1,185", "2015": "$1,317", "2014": "$1,369", "2013": "$1,539", "2012": "$1,329", "2011": "$1,105", "2010": "$1,004", "2009": "$799", "2008": "$718", "2007": "$771", "2006": "$616", "2005": "$460"}, "F5 Networks Quarterly Share Holder Equity (Millions of US $)": {"2020-12-31": "$2,402", "2020-09-30": "$2,232", "2020-06-30": "$2,154", "2020-03-31": "$1,998", "2019-12-31": "$1,929", "2019-09-30": "$1,761", "2019-06-30": "$1,624", "2019-03-31": "$1,467", "2018-12-31": "$1,409", "2018-09-30": "$1,285", "2018-06-30": "$1,266", "2018-03-31": "$1,227", "2017-12-31": "$1,227", "2017-09-30": "$1,229", "2017-06-30": "$1,205", "2017-03-31": "$1,185", "2016-12-31": "$1,195", "2016-09-30": "$1,185", "2016-06-30": "$1,187", "2016-03-31": "$1,181", "2015-12-31": "$1,263", "2015-09-30": "$1,317", "2015-06-30": "$1,327", "2015-03-31": "$1,321", "2014-12-31": "$1,356", "2014-09-30": "$1,369", "2014-06-30": "$1,401", "2014-03-31": "$1,415", "2013-12-31": "$1,454", "2013-09-30": "$1,539", "2013-06-30": "$1,488", "2013-03-31": "$1,428", "2012-12-31": "$1,386", "2012-09-30": "$1,329", "2012-06-30": "$1,282", "2012-03-31": "$1,217", "2011-12-31": "$1,170", "2011-09-30": "$1,105", "2011-06-30": "$1,165", "2011-03-31": "$1,112", "2010-12-31": "$1,075", "2010-09-30": "$1,004", "2010-06-30": "$942", "2010-03-31": "$888", "2009-12-31": "$849", "2009-09-30": "$799", "2009-06-30": "$774", "2009-03-31": "$745", "2008-12-31": "$741", "2008-09-30": "$718", "2008-06-30": "$732", "2008-03-31": "$745", "2007-12-31": "$810", "2007-09-30": "$771", "2007-06-30": "$742", "2007-03-31": "$697", "2006-12-31": "$657", "2006-09-30": "$616", "2006-06-30": "$567", "2006-03-31": "$544", "2005-12-31": "$505", "2005-09-30": "$460", "2005-06-30": "$440", "2005-03-31": "$398"}}, "profit-margins": {"current": "12.33%"}, "gross margin": {"2020-12-31": "81.96%", "2020-09-30": "82.68%", "2020-06-30": "83.40%", "2020-03-31": "83.95%", "2019-12-31": "84.25%", "2019-09-30": "84.12%", "2019-06-30": "83.79%", "2019-03-31": "83.59%", "2018-12-31": "83.46%", "2018-09-30": "83.29%", "2018-06-30": "83.24%", "2018-03-31": "83.10%", "2017-12-31": "83.02%", "2017-09-30": "83.06%", "2017-06-30": "83.25%", "2017-03-31": "83.32%", "2016-12-31": "83.28%", "2016-09-30": "83.06%", "2016-06-30": "82.90%", "2016-03-31": "82.74%", "2015-12-31": "82.68%", "2015-09-30": "82.71%", "2015-06-30": "82.48%", "2015-03-31": "82.45%", "2014-12-31": "82.27%", "2014-09-30": "82.15%", "2014-06-30": "82.30%", "2014-03-31": "82.40%", "2013-12-31": "82.64%", "2013-09-30": "82.97%", "2013-06-30": "82.87%", "2013-03-31": "82.95%", "2012-12-31": "82.97%", "2012-09-30": "82.80%", "2012-06-30": "82.71%", "2012-03-31": "82.49%", "2011-12-31": "82.17%", "2011-09-30": "81.87%", "2011-06-30": "81.68%", "2011-03-31": "81.47%", "2010-12-31": "81.13%", "2010-09-30": "80.59%", "2010-06-30": "80.05%", "2010-03-31": "79.59%", "2009-12-31": "78.76%", "2009-09-30": "78.41%", "2009-06-30": "77.81%", "2009-03-31": "77.17%", "2008-12-31": "77.19%", "2008-09-30": "76.92%", "2008-06-30": "76.80%", "2008-03-31": "77.16%", "2007-12-31": "77.32%", "2007-09-30": "77.57%", "2007-06-30": "77.85%", "2007-03-31": "77.83%", "2006-12-31": "77.93%", "2006-09-30": "77.92%", "2006-06-30": "77.69%", "2006-03-31": "77.38%", "2005-12-31": "77.10%"}, "operating margin": {"2020-12-31": "16.17%", "2020-09-30": "16.72%", "2020-06-30": "17.59%", "2020-03-31": "18.39%", "2019-12-31": "21.31%", "2019-09-30": "23.15%", "2019-06-30": "25.19%", "2019-03-31": "27.67%", "2018-12-31": "27.82%", "2018-09-30": "27.35%", "2018-06-30": "27.43%", "2018-03-31": "27.13%", "2017-12-31": "27.13%", "2017-09-30": "26.99%", "2017-06-30": "27.83%", "2017-03-31": "28.11%", "2016-12-31": "27.40%", "2016-09-30": "27.47%", "2016-06-30": "27.04%", "2016-03-31": "27.27%", "2015-12-31": "28.37%", "2015-09-30": "28.80%", "2015-06-30": "29.30%", "2015-03-31": "29.24%", "2014-12-31": "28.86%", "2014-09-30": "28.48%", "2014-06-30": "28.36%", "2014-03-31": "28.22%", "2013-12-31": "28.27%", "2013-09-30": "29.05%", "2013-06-30": "28.80%", "2013-03-31": "29.56%", "2012-12-31": "30.68%", "2012-09-30": "30.99%", "2012-06-30": "31.13%", "2012-03-31": "30.91%", "2011-12-31": "30.68%", "2011-09-30": "30.36%", "2011-06-30": "29.95%", "2011-03-31": "29.00%", "2010-12-31": "27.74%", "2010-09-30": "26.11%", "2010-06-30": "24.19%", "2010-03-31": "22.60%", "2009-12-31": "20.35%", "2009-09-30": "18.53%", "2009-06-30": "16.49%", "2009-03-31": "15.68%", "2008-12-31": "15.56%", "2008-09-30": "15.23%", "2008-06-30": "14.72%", "2008-03-31": "15.74%", "2007-12-31": "17.14%", "2007-09-30": "19.01%", "2007-06-30": "21.34%", "2007-03-31": "21.74%", "2006-12-31": "22.54%", "2006-09-30": "23.10%", "2006-06-30": "23.69%", "2006-03-31": "24.40%", "2005-12-31": "24.84%"}, "ebitda margin": {"2020-12-31": "20.45%", "2020-09-30": "20.77%", "2020-06-30": "21.51%", "2020-03-31": "22.00%", "2019-12-31": "24.53%", "2019-09-30": "26.18%", "2019-06-30": "27.95%", "2019-03-31": "30.26%", "2018-12-31": "30.48%", "2018-09-30": "30.08%", "2018-06-30": "30.20%", "2018-03-31": "29.97%", "2017-12-31": "30.00%", "2017-09-30": "29.86%", "2017-06-30": "30.67%", "2017-03-31": "30.93%", "2016-12-31": "30.22%", "2016-09-30": "30.28%", "2016-06-30": "29.83%", "2016-03-31": "30.03%", "2015-12-31": "31.09%", "2015-09-30": "31.51%", "2015-06-30": "32.06%", "2015-03-31": "31.96%", "2014-12-31": "31.54%", "2014-09-30": "31.20%", "2014-06-30": "31.01%", "2014-03-31": "30.92%", "2013-12-31": "31.03%", "2013-09-30": "31.76%", "2013-06-30": "31.56%", "2013-03-31": "32.35%", "2012-12-31": "33.43%", "2012-09-30": "33.53%", "2012-06-30": "33.46%", "2012-03-31": "32.97%", "2011-12-31": "32.59%", "2011-09-30": "32.26%", "2011-06-30": "31.96%", "2011-03-31": "31.23%", "2010-12-31": "30.14%", "2010-09-30": "28.83%", "2010-06-30": "27.18%", "2010-03-31": "26.03%", "2009-12-31": "24.34%", "2009-09-30": "22.82%", "2009-06-30": "20.80%", "2009-03-31": "19.79%", "2008-12-31": "19.34%", "2008-09-30": "18.77%", "2008-06-30": "18.24%", "2008-03-31": "19.12%", "2007-12-31": "20.18%", "2007-09-30": "22.05%", "2007-06-30": "24.19%", "2007-03-31": "24.57%", "2006-12-31": "25.59%", "2006-09-30": "25.89%", "2006-06-30": "26.17%", "2006-03-31": "26.49%", "2005-12-31": "26.77%"}, "pre tax profit margin": {"2020-12-31": "16.08%", "2020-09-30": "16.94%", "2020-06-30": "17.98%", "2020-03-31": "18.96%", "2019-12-31": "22.19%", "2019-09-30": "24.09%", "2019-06-30": "26.23%", "2019-03-31": "28.62%", "2018-12-31": "28.60%", "2018-09-30": "27.90%", "2018-06-30": "28.00%", "2018-03-31": "27.75%", "2017-12-31": "27.66%", "2017-09-30": "27.56%", "2017-06-30": "28.17%", "2017-03-31": "28.36%", "2016-12-31": "27.60%", "2016-09-30": "27.57%", "2016-06-30": "27.19%", "2016-03-31": "27.43%", "2015-12-31": "28.67%", "2015-09-30": "29.22%", "2015-06-30": "29.83%", "2015-03-31": "29.78%", "2014-12-31": "29.25%", "2014-09-30": "28.71%", "2014-06-30": "28.48%", "2014-03-31": "28.47%", "2013-12-31": "28.73%", "2013-09-30": "29.66%", "2013-06-30": "29.42%", "2013-03-31": "30.12%", "2012-12-31": "31.10%", "2012-09-30": "31.42%", "2012-06-30": "31.80%", "2012-03-31": "31.62%", "2011-12-31": "31.51%", "2011-09-30": "31.22%", "2011-06-30": "30.49%", "2011-03-31": "29.78%", "2010-12-31": "28.57%", "2010-09-30": "26.90%", "2010-06-30": "25.31%", "2010-03-31": "23.70%", "2009-12-31": "21.53%", "2009-09-30": "20.06%", "2009-06-30": "18.18%", "2009-03-31": "17.50%", "2008-12-31": "17.98%", "2008-09-30": "18.15%", "2008-06-30": "18.40%", "2008-03-31": "20.14%", "2007-12-31": "21.96%", "2007-09-30": "24.33%", "2007-06-30": "26.63%", "2007-03-31": "26.74%", "2006-12-31": "27.23%", "2006-09-30": "27.16%", "2006-06-30": "27.27%", "2006-03-31": "27.68%", "2005-12-31": "27.74%"}, "net profit margin": {"2020-12-31": "12.34%", "2020-09-30": "13.11%", "2020-06-30": "13.98%", "2020-03-31": "14.79%", "2019-12-31": "17.47%", "2019-09-30": "19.09%", "2019-06-30": "21.04%", "2019-03-31": "22.93%", "2018-12-31": "22.78%", "2018-09-30": "21.01%", "2018-06-30": "21.40%", "2018-03-31": "20.45%", "2017-12-31": "19.79%", "2017-09-30": "20.14%", "2017-06-30": "18.97%", "2017-03-31": "18.87%", "2016-12-31": "18.30%", "2016-09-30": "18.35%", "2016-06-30": "17.96%", "2016-03-31": "18.13%", "2015-12-31": "18.81%", "2015-09-30": "19.01%", "2015-06-30": "19.21%", "2015-03-31": "18.91%", "2014-12-31": "18.57%", "2014-09-30": "17.97%", "2014-06-30": "17.64%", "2014-03-31": "17.72%", "2013-12-31": "18.08%", "2013-09-30": "18.65%", "2013-06-30": "18.51%", "2013-03-31": "19.01%", "2012-12-31": "19.56%", "2012-09-30": "19.96%", "2012-06-30": "20.68%", "2012-03-31": "20.98%", "2011-12-31": "20.98%", "2011-09-30": "21.08%", "2011-06-30": "20.42%", "2011-03-31": "19.40%", "2010-12-31": "18.46%", "2010-09-30": "17.03%", "2010-06-30": "16.21%", "2010-03-31": "15.48%", "2009-12-31": "14.60%", "2009-09-30": "13.94%", "2009-06-30": "12.79%", "2009-03-31": "12.02%", "2008-12-31": "11.78%", "2008-09-30": "11.54%", "2008-06-30": "10.88%", "2008-03-31": "12.01%", "2007-12-31": "13.04%", "2007-09-30": "14.64%", "2007-06-30": "16.67%", "2007-03-31": "16.74%", "2006-12-31": "17.14%", "2006-09-30": "16.75%", "2006-06-30": "16.53%", "2006-03-31": "16.67%", "2005-12-31": "16.77%"}, "pe ratio": {"current": "32.03", "2021-02-11": "42.88", "2020-12-31": "36.58", "2020-09-30": "24.46", "2020-06-30": "26.17", "2020-03-31": "18.97", "2019-12-31": "21.32", "2019-09-30": "19.81", "2019-06-30": "18.91", "2019-03-31": "19.00", "2018-12-31": "20.00", "2018-09-30": "27.13", "2018-06-30": "23.59", "2018-03-31": "21.14", "2017-12-31": "20.19", "2017-09-30": "18.46", "2017-06-30": "21.07", "2017-03-31": "24.25", "2016-12-31": "26.03", "2016-09-30": "23.08", "2016-06-30": "22.23", "2016-03-31": "21.00", "2015-12-31": "18.97", "2015-09-30": "22.98", "2015-06-30": "24.36", "2015-03-31": "24.46", "2014-12-31": "29.45", "2014-09-30": "29.03", "2014-06-30": "29.33", "2014-03-31": "29.54", "2013-12-31": "25.96", "2013-09-30": "24.45", "2013-06-30": "20.29", "2013-03-31": "25.90", "2012-12-31": "27.76", "2012-09-30": "30.33", "2012-06-30": "28.94", "2012-03-31": "40.90", "2011-12-31": "34.01", "2011-09-30": "23.92", "2011-06-30": "40.53", "2011-03-31": "41.87", "2010-12-31": "59.71", "2010-09-30": "55.81", "2010-06-30": "42.07", "2010-03-31": "43.40", "2009-12-31": "42.38", "2009-09-30": "34.16", "2009-06-30": "33.28", "2009-03-31": "21.38", "2008-12-31": "24.06", "2008-09-30": "26.27", "2008-06-30": "35.53", "2008-03-31": "22.02", "2007-12-31": "33.55", "2007-09-30": "41.09", "2007-06-30": "41.55", "2007-03-31": "36.24", "2006-12-31": "42.16"}, "price sales": {"2021-02-11": "5.28", "2020-12-31": "4.50", "2020-09-30": "3.19", "2020-06-30": "3.65", "2020-03-31": "2.80", "2019-12-31": "3.72", "2019-09-30": "3.78", "2019-06-30": "3.99", "2019-03-31": "4.37", "2018-12-31": "4.57", "2018-09-30": "5.73", "2018-06-30": "5.06", "2018-03-31": "4.34", "2017-12-31": "4.01", "2017-09-30": "3.75", "2017-06-30": "4.02", "2017-03-31": "4.61", "2016-12-31": "4.81", "2016-09-30": "4.26", "2016-06-30": "4.00", "2016-03-31": "3.81", "2015-12-31": "3.57", "2015-09-30": "4.39", "2015-06-30": "4.70", "2015-03-31": "4.65", "2014-12-31": "5.50", "2014-09-30": "5.23", "2014-06-30": "5.17", "2014-03-31": "5.22", "2013-12-31": "4.70", "2013-09-30": "4.58", "2013-06-30": "3.76", "2013-03-31": "4.95", "2012-12-31": "5.45", "2012-09-30": "6.06", "2012-06-30": "6.00", "2012-03-31": "8.58", "2011-12-31": "7.14", "2011-09-30": "5.03", "2011-06-30": "8.23", "2011-03-31": "8.09", "2010-12-31": "11.00", "2010-09-30": "9.51", "2010-06-30": "6.88", "2010-03-31": "6.77", "2009-12-31": "6.24", "2009-09-30": "4.84", "2009-06-30": "4.30", "2009-03-31": "2.59", "2008-12-31": "2.84", "2008-09-30": "3.01", "2008-06-30": "3.83", "2008-03-31": "2.61", "2007-12-31": "4.35", "2007-09-30": "6.01", "2007-06-30": "6.92", "2007-03-31": "6.09", "2006-12-31": "7.28"}, "price book": {"current": "5.27", "2021-02-11": "5.29", "2020-12-31": "4.52", "2020-09-30": "3.36", "2020-06-30": "3.96", "2020-03-31": "3.24", "2019-12-31": "4.40", "2019-09-30": "4.81", "2019-06-30": "5.39", "2019-03-31": "6.38", "2018-12-31": "6.91", "2018-09-30": "9.34", "2018-06-30": "8.28", "2018-03-31": "7.21", "2017-12-31": "6.61", "2017-09-30": "6.14", "2017-06-30": "6.70", "2017-03-31": "7.72", "2016-12-31": "7.85", "2016-09-30": "6.87", "2016-06-30": "6.35", "2016-03-31": "6.00", "2015-12-31": "5.28", "2015-09-30": "6.17", "2015-06-30": "6.44", "2015-03-31": "6.23", "2014-12-31": "6.99", "2014-09-30": "6.36", "2014-06-30": "5.92", "2014-03-31": "5.67", "2013-12-31": "4.75", "2013-09-30": "4.35", "2013-06-30": "3.62", "2013-03-31": "4.89", "2012-12-31": "5.51", "2012-09-30": "6.20", "2012-06-30": "6.14", "2012-03-31": "8.76", "2011-12-31": "7.18", "2011-09-30": "5.09", "2011-06-30": "7.64", "2011-03-31": "7.44", "2010-12-31": "9.77", "2010-09-30": "8.31", "2010-06-30": "5.82", "2010-03-31": "5.52", "2009-12-31": "4.94", "2009-09-30": "3.88", "2009-06-30": "3.51", "2009-03-31": "2.20", "2008-12-31": "2.44", "2008-09-30": "2.57", "2008-06-30": "3.11", "2008-03-31": "1.98", "2007-12-31": "2.99", "2007-09-30": "4.07", "2007-06-30": "4.56", "2007-03-31": "3.97", "2006-12-31": "4.65", "2006-09-30": "3.55", "2006-06-30": "3.83", "2006-03-31": "5.39"}, "price fcf": {"2021-02-11": "", "2020-12-31": "$9.92", "2020-09-30": "$9.79", "2020-06-30": "$10.15", "2020-03-31": "$9.72", "2019-12-31": "$9.74", "2019-09-30": "$10.66", "2019-06-30": "$10.58", "2019-03-31": "$11.32", "2018-12-31": "$11.39", "2018-09-30": "$11.43", "2018-06-30": "$11.59", "2018-03-31": "$11.38", "2017-12-31": "$11.11", "2017-09-30": "$10.83", "2017-06-30": "$10.37", "2017-03-31": "$10.24", "2016-12-31": "$9.47", "2016-09-30": "$9.53", "2016-06-30": "$9.08", "2016-03-31": "$8.90", "2015-12-31": "$8.95", "2015-09-30": "$8.60", "2015-06-30": "$8.48", "2015-03-31": "$8.13", "2014-12-31": "$7.32", "2014-09-30": "$6.92", "2014-06-30": "$6.61", "2014-03-31": "$6.34", "2013-12-31": "$6.23", "2013-09-30": "$5.98", "2013-06-30": "$5.90", "2013-03-31": "$5.73", "2012-12-31": "$5.99", "2012-09-30": "$5.84", "2012-06-30": "$5.49", "2012-03-31": "$5.27", "2011-12-31": "$5.13", "2011-09-30": "$4.74", "2011-06-30": "$4.41", "2011-03-31": "$4.15", "2010-12-31": "$4.03", "2010-09-30": "$3.71", "2010-06-30": "$3.36", "2010-03-31": "$3.03", "2009-12-31": "$2.58", "2009-09-30": "$2.38", "2009-06-30": "$2.32", "2009-03-31": "$2.31", "2008-12-31": "$2.23", "2008-09-30": "$1.99", "2008-06-30": "$1.87", "2008-03-31": "$1.71", "2007-12-31": "$1.71", "2007-09-30": "$1.80", "2007-06-30": "$1.48", "2007-03-31": "$1.42", "2006-12-31": "$1.78"}, "net worth": {"value": "$12.66B"}, "current ratio": {"current": "1.54", "2020-12-31": "1.54", "2020-09-30": "1.39", "2020-06-30": "1.32", "2020-03-31": "1.13", "2019-12-31": "1.51", "2019-09-30": "1.37", "2019-06-30": "1.40", "2019-03-31": "1.68", "2018-12-31": "1.55", "2018-09-30": "1.49", "2018-06-30": "1.56", "2018-03-31": "1.46", "2017-12-31": "1.46", "2017-09-30": "1.51", "2017-06-30": "1.59", "2017-03-31": "1.58", "2016-12-31": "1.55", "2016-09-30": "1.53", "2016-06-30": "1.51", "2016-03-31": "1.49", "2015-12-31": "1.51", "2015-09-30": "1.57", "2015-06-30": "1.65", "2015-03-31": "1.51", "2014-12-31": "1.48", "2014-09-30": "1.57", "2014-06-30": "1.55", "2014-03-31": "1.59", "2013-12-31": "1.42", "2013-09-30": "1.48", "2013-06-30": "1.57", "2013-03-31": "1.55", "2012-12-31": "1.50", "2012-09-30": "1.67", "2012-06-30": "1.75", "2012-03-31": "1.72", "2011-12-31": "1.86", "2011-09-30": "2.05", "2011-06-30": "2.28", "2011-03-31": "2.02", "2010-12-31": "2.09", "2010-09-30": "2.11", "2010-06-30": "2.16", "2010-03-31": "2.21", "2009-12-31": "2.22", "2009-09-30": "2.10", "2009-06-30": "1.99", "2009-03-31": "1.99", "2008-12-31": "2.03", "2008-09-30": "1.73", "2008-06-30": "2.41", "2008-03-31": "2.96", "2007-12-31": "3.10", "2007-09-30": "2.52", "2007-06-30": "3.99", "2007-03-31": "4.37", "2006-12-31": "4.41", "2006-09-30": "4.65", "2006-06-30": "4.81", "2006-03-31": "5.07", "2005-12-31": "4.40", "2005-09-30": "4.36", "2005-06-30": "4.22", "2005-03-31": "4.30"}, "quick ratio": {"2020-12-31": "1.52", "2020-09-30": "1.37", "2020-06-30": "1.30", "2020-03-31": "1.10", "2019-12-31": "1.48", "2019-09-30": "1.34", "2019-06-30": "1.37", "2019-03-31": "1.65", "2018-12-31": "1.52", "2018-09-30": "1.45", "2018-06-30": "1.52", "2018-03-31": "1.43", "2017-12-31": "1.43", "2017-09-30": "1.47", "2017-06-30": "1.56", "2017-03-31": "1.54", "2016-12-31": "1.52", "2016-09-30": "1.49", "2016-06-30": "1.47", "2016-03-31": "1.45", "2015-12-31": "1.46", "2015-09-30": "1.53", "2015-06-30": "1.61", "2015-03-31": "1.47", "2014-12-31": "1.44", "2014-09-30": "1.53", "2014-06-30": "1.51", "2014-03-31": "1.56", "2013-12-31": "1.39", "2013-09-30": "1.45", "2013-06-30": "1.54", "2013-03-31": "1.51", "2012-12-31": "1.46", "2012-09-30": "1.63", "2012-06-30": "1.72", "2012-03-31": "1.68", "2011-12-31": "1.82", "2011-09-30": "2.01", "2011-06-30": "2.23", "2011-03-31": "1.97", "2010-12-31": "2.03", "2010-09-30": "2.05", "2010-06-30": "2.09", "2010-03-31": "2.14", "2009-12-31": "2.16", "2009-09-30": "2.04", "2009-06-30": "1.92", "2009-03-31": "1.92", "2008-12-31": "1.96", "2008-09-30": "1.68", "2008-06-30": "2.35", "2008-03-31": "2.90", "2007-12-31": "3.04", "2007-09-30": "2.45", "2007-06-30": "3.91", "2007-03-31": "4.30", "2006-12-31": "4.36", "2006-09-30": "4.59", "2006-06-30": "4.72", "2006-03-31": "5.03", "2005-12-31": "4.37", "2005-09-30": "4.32", "2005-06-30": "4.19", "2005-03-31": "4.26"}, "debt equity ratio": {"current": "0.15", "2020-12-31": "1.04", "2020-09-30": "1.10", "2020-06-30": "1.12", "2020-03-31": "1.22", "2019-12-31": "1.01", "2019-09-30": "0.93", "2019-06-30": "0.96", "2019-03-31": "1.04", "2018-12-31": "1.05", "2018-09-30": "1.03", "2018-06-30": "1.02", "2018-03-31": "1.05", "2017-12-31": "1.03", "2017-09-30": "1.01", "2017-06-30": "1.01", "2017-03-31": "1.02", "2016-12-31": "1.01", "2016-09-30": "0.95", "2016-06-30": "0.90", "2016-03-31": "0.90", "2015-12-31": "0.83", "2015-09-30": "0.76", "2015-06-30": "0.71", "2015-03-31": "0.68", "2014-12-31": "0.65", "2014-09-30": "0.60", "2014-06-30": "0.55", "2014-03-31": "0.53", "2013-12-31": "0.52", "2013-09-30": "0.45", "2013-06-30": "0.44", "2013-03-31": "0.45", "2012-12-31": "0.47", "2012-09-30": "0.44", "2012-06-30": "0.43", "2012-03-31": "0.44", "2011-12-31": "0.45", "2011-09-30": "0.42", "2011-06-30": "0.37", "2011-03-31": "0.38", "2010-12-31": "0.37", "2010-09-30": "0.36", "2010-06-30": "0.35", "2010-03-31": "0.34", "2009-12-31": "0.34", "2009-09-30": "0.34", "2009-06-30": "0.31", "2009-03-31": "0.32", "2008-12-31": "0.33", "2008-09-30": "0.31", "2008-06-30": "0.28", "2008-03-31": "0.26", "2007-12-31": "0.23", "2007-09-30": "0.23", "2007-06-30": "0.20", "2007-03-31": "0.20", "2006-12-31": "0.20", "2006-09-30": "0.18", "2006-06-30": "0.19", "2006-03-31": "0.17", "2005-12-31": "0.17", "2005-09-30": "0.17", "2005-06-30": "0.15", "2005-03-31": "0.15"}, "return on equity": {"2020-12-31": "13.52%", "2020-09-30": "14.82%", "2020-06-30": "16.58%", "2020-03-31": "18.65%", "2019-12-31": "23.36%", "2019-09-30": "27.34%", "2019-06-30": "32.22%", "2019-03-31": "37.07%", "2018-12-31": "38.33%", "2018-09-30": "36.28%", "2018-06-30": "36.94%", "2018-03-31": "35.35%", "2017-12-31": "34.26%", "2017-09-30": "34.98%", "2017-06-30": "33.04%", "2017-03-31": "32.66%", "2016-12-31": "31.17%", "2016-09-30": "30.40%", "2016-06-30": "28.62%", "2016-03-31": "27.91%", "2015-12-31": "28.00%", "2015-09-30": "27.44%", "2015-06-30": "26.95%", "2015-03-31": "25.56%", "2014-12-31": "23.97%", "2014-09-30": "22.06%", "2014-06-30": "20.18%", "2014-03-31": "19.13%", "2013-12-31": "18.62%", "2013-09-30": "18.90%", "2013-06-30": "19.04%", "2013-03-31": "20.06%", "2012-12-31": "21.33%", "2012-09-30": "22.01%", "2012-06-30": "23.04%", "2012-03-31": "22.85%", "2011-12-31": "22.23%", "2011-09-30": "21.81%", "2011-06-30": "20.48%", "2011-03-31": "19.36%", "2010-12-31": "18.11%", "2010-09-30": "16.29%", "2010-06-30": "14.95%", "2010-03-31": "13.66%", "2009-12-31": "12.50%", "2009-09-30": "11.90%", "2009-06-30": "11.15%", "2009-03-31": "10.76%", "2008-12-31": "10.63%", "2008-09-30": "9.98%", "2008-06-30": "8.89%", "2008-03-31": "9.26%", "2007-12-31": "9.67%", "2007-09-30": "10.74%", "2007-06-30": "12.09%", "2007-03-31": "12.14%", "2006-12-31": "12.25%", "2006-09-30": "11.83%", "2006-06-30": "11.56%", "2006-03-31": "11.49%", "2005-12-31": "11.54%"}, "return on assets": {"2020-12-31": "6.39%", "2020-09-30": "7.01%", "2020-06-30": "7.99%", "2020-03-31": "9.16%", "2019-12-31": "11.79%", "2019-09-30": "13.75%", "2019-06-30": "15.98%", "2019-03-31": "18.21%", "2018-12-31": "18.80%", "2018-09-30": "17.84%", "2018-06-30": "18.19%", "2018-03-31": "17.44%", "2017-12-31": "16.98%", "2017-09-30": "17.40%", "2017-06-30": "16.57%", "2017-03-31": "16.61%", "2016-12-31": "16.09%", "2016-09-30": "16.06%", "2016-06-30": "15.52%", "2016-03-31": "15.55%", "2015-12-31": "16.07%", "2015-09-30": "16.17%", "2015-06-30": "16.26%", "2015-03-31": "15.79%", "2014-12-31": "15.16%", "2014-09-30": "14.23%", "2014-06-30": "13.34%", "2014-03-31": "12.88%", "2013-12-31": "12.70%", "2013-09-30": "13.01%", "2013-06-30": "13.13%", "2013-03-31": "13.85%", "2012-12-31": "14.74%", "2012-09-30": "15.27%", "2012-06-30": "16.03%", "2012-03-31": "16.07%", "2011-12-31": "15.80%", "2011-09-30": "15.73%", "2011-06-30": "14.93%", "2011-03-31": "14.17%", "2010-12-31": "13.38%", "2010-09-30": "12.11%", "2010-06-30": "11.15%", "2010-03-31": "10.24%", "2009-12-31": "9.41%", "2009-09-30": "8.97%", "2009-06-30": "8.46%", "2009-03-31": "8.22%", "2008-12-31": "8.22%", "2008-09-30": "7.89%", "2008-06-30": "7.14%", "2008-03-31": "7.55%", "2007-12-31": "7.98%", "2007-09-30": "8.91%", "2007-06-30": "10.12%", "2007-03-31": "10.17%", "2006-12-31": "10.32%", "2006-09-30": "10.04%", "2006-06-30": "9.84%", "2006-03-31": "9.87%", "2005-12-31": "9.95%"}, "return on investments": {"2020-12-31": "15.15%", "2020-09-30": "20.94%", "2020-06-30": "33.35%", "2020-03-31": "71.35%", "2019-12-31": "inf%", "2019-09-30": "inf%", "2019-06-30": "inf%", "2019-03-31": "inf%", "2018-12-31": "inf%", "2018-09-30": "inf%", "2018-06-30": "inf%", "2018-03-31": "inf%", "2017-12-31": "inf%", "2017-09-30": "inf%", "2017-06-30": "inf%", "2017-03-31": "inf%", "2016-12-31": "inf%", "2016-09-30": "inf%", "2016-06-30": "inf%", "2016-03-31": "inf%", "2015-12-31": "inf%", "2015-09-30": "inf%", "2015-06-30": "inf%", "2015-03-31": "inf%", "2014-12-31": "inf%", "2014-09-30": "inf%", "2014-06-30": "inf%", "2014-03-31": "inf%", "2013-12-31": "inf%", "2013-09-30": "inf%", "2013-06-30": "inf%", "2013-03-31": "inf%", "2012-12-31": "inf%", "2012-09-30": "inf%", "2012-06-30": "inf%", "2012-03-31": "inf%", "2011-12-31": "inf%", "2011-09-30": "inf%", "2011-06-30": "inf%", "2011-03-31": "inf%", "2010-12-31": "inf%", "2010-09-30": "inf%", "2010-06-30": "inf%", "2010-03-31": "inf%", "2009-12-31": "inf%", "2009-09-30": "inf%", "2009-06-30": "inf%", "2009-03-31": "inf%", "2008-12-31": "inf%", "2008-09-30": "inf%", "2008-06-30": "inf%", "2008-03-31": "inf%", "2007-12-31": "inf%", "2007-09-30": "inf%", "2007-06-30": "inf%", "2007-03-31": "inf%", "2006-12-31": "inf%", "2006-09-30": "inf%", "2006-06-30": "inf%", "2006-03-31": "inf%", "2005-12-31": "inf%"}, "return on tangible equity": {"2020-12-31": "88.72%", "2020-09-30": "73.99%", "2020-06-30": "65.39%", "2020-03-31": "60.60%", "2019-12-31": "52.29%", "2019-09-30": "56.73%", "2019-06-30": "61.07%", "2019-03-31": "62.80%", "2018-12-31": "67.07%", "2018-09-30": "65.28%", "2018-06-30": "67.08%", "2018-03-31": "64.86%", "2017-12-31": "63.31%", "2017-09-30": "65.02%", "2017-06-30": "61.90%", "2017-03-31": "61.39%", "2016-12-31": "58.64%", "2016-09-30": "56.48%", "2016-06-30": "51.98%", "2016-03-31": "49.60%", "2015-12-31": "48.77%", "2015-09-30": "47.19%", "2015-06-30": "46.04%", "2015-03-31": "43.24%", "2014-12-31": "39.62%", "2014-09-30": "35.72%", "2014-06-30": "31.80%", "2014-03-31": "29.06%", "2013-12-31": "27.74%", "2013-09-30": "27.11%", "2013-06-30": "26.54%", "2013-03-31": "27.66%", "2012-12-31": "29.09%", "2012-09-30": "29.58%", "2012-06-30": "30.48%", "2012-03-31": "29.51%", "2011-12-31": "28.00%", "2011-09-30": "27.62%", "2011-06-30": "26.10%", "2011-03-31": "25.04%", "2010-12-31": "23.83%", "2010-09-30": "21.85%", "2010-06-30": "20.44%", "2010-03-31": "19.00%", "2009-12-31": "17.69%", "2009-09-30": "17.07%", "2009-06-30": "16.19%", "2009-03-31": "15.73%", "2008-12-31": "15.53%", "2008-09-30": "14.45%", "2008-06-30": "12.79%", "2008-03-31": "12.42%", "2007-12-31": "12.23%", "2007-09-30": "12.90%", "2007-06-30": "13.75%", "2007-03-31": "13.93%", "2006-12-31": "14.19%", "2006-09-30": "13.85%", "2006-06-30": "13.48%", "2006-03-31": "13.29%", "2005-12-31": "13.24%"}, "dividend yield history": {"last payout": "$0.00", "last yield": "0.00%"}}