{"ticker": "FNF", "price": {"title": "Fidelity National Financial Historical Annual Stock Price Data", "value": 38.76, "historical": {"2020": {"Average Stock Price": "34.2442", "Year Open": "44.9700", "Year High": "49.2100", "Year Low": "21.3400", "Year Close": "39.0900", "Annual % Change": "-13.80%"}, "2019": {"Average Stock Price": "40.9471", "Year Open": "31.3700", "Year High": "48.1900", "Year Low": "31.3700", "Year Close": "45.3500", "Annual % Change": "44.24%"}, "2018": {"Average Stock Price": "37.6404", "Year Open": "38.4700", "Year High": "41.8500", "Year Low": "29.6000", "Year Close": "31.4400", "Annual % Change": "-19.88%"}, "2017": {"Average Stock Price": "40.8162", "Year Open": "33.9700", "Year High": "48.8600", "Year Low": "33.6500", "Year Close": "39.2400", "Annual % Change": "15.55%"}, "2016": {"Average Stock Price": "34.5147", "Year Open": "33.5000", "Year High": "38.4300", "Year Low": "29.5800", "Year Close": "33.9600", "Annual % Change": "-2.05%"}, "2015": {"Average Stock Price": "36.5955", "Year Open": "35.2100", "Year High": "39.9900", "Year Low": "32.4900", "Year Close": "34.6700", "Annual % Change": "0.64%"}, "2014": {"Average Stock Price": "30.6885", "Year Open": "32.2500", "Year High": "36.0200", "Year Low": "26.2100", "Year Close": "34.4500", "Annual % Change": "6.16%"}, "2013": {"Average Stock Price": "25.9072", "Year Open": "24.6600", "Year High": "32.9400", "Year Low": "22.3100", "Year Close": "32.4500", "Annual % Change": "37.79%"}, "2012": {"Average Stock Price": "19.6419", "Year Open": "16.0000", "Year High": "24.2100", "Year Low": "15.9300", "Year Close": "23.5500", "Annual % Change": "47.83%"}, "2011": {"Average Stock Price": "15.1477", "Year Open": "13.7000", "Year High": "17.1200", "Year Low": "13.1200", "Year Close": "15.9300", "Annual % Change": "16.45%"}, "2010": {"Average Stock Price": "14.1858", "Year Open": "13.6100", "Year High": "15.7700", "Year Low": "12.7800", "Year Close": "13.6800", "Annual % Change": "1.63%"}, "2009": {"Average Stock Price": "15.5118", "Year Open": "17.7400", "Year High": "22.8300", "Year Low": "12.4400", "Year Close": "13.4600", "Annual % Change": "-24.17%"}, "2008": {"Average Stock Price": "14.6740", "Year Open": "14.3200", "Year High": "20.3800", "Year Low": "7.0400", "Year Close": "17.7500", "Annual % Change": "21.49%"}, "2007": {"Average Stock Price": "21.2414", "Year Open": "23.6900", "Year High": "28.4300", "Year Low": "13.4900", "Year Close": "14.6100", "Annual % Change": "-38.82%"}, "2006": {"Average Stock Price": "21.9159", "Year Open": "24.3000", "Year High": "25.6000", "Year Low": "18.0300", "Year Close": "23.8800", "Annual % Change": "-1.93%"}, "2005": {"Average Stock Price": "22.6765", "Year Open": "26.0000", "Year High": "26.0000", "Year Low": "20.3000", "Year Close": "24.3500", "Annual % Change": "0.00%"}}}, "market cap": {"value": "$11.38B"}, "income statement": {"Revenue": {"2019-12-31": "8469.00000", "2018-12-31": "7594.00000", "2017-12-31": "7663.00000", "2016-12-31": "7257.00000", "2015-12-31": "6664.00000", "2014-12-31": "8024.00000", "2013-12-31": "7440.00000", "2012-12-31": "6668.00000", "2011-12-31": "4800.00000", "2010-12-31": "5413.30000", "2009-12-31": "5521.30000", "2008-12-31": "4251.20000", "2007-12-31": "5465.60000", "2006-12-31": "9434.39900", "2005-12-31": "9654.58000"}, "Cost Of Goods Sold": {"2019-12-31": "2258.00000", "2018-12-31": "2059.00000", "2017-12-31": "2089.00000", "2016-12-31": "1998.00000", "2015-12-31": "1731.00000", "2014-12-31": "1471.00000", "2013-12-31": "1789.00000", "2012-12-31": "1600.00000", "2011-12-31": "1411.00000", "2010-12-31": "1758.70000", "2009-12-31": "1951.70000", "2008-12-31": "1218.00000", "2007-12-31": "1698.20000", "2006-12-31": "2035.42300", "2005-12-31": "2060.46700"}, "Gross Profit": {"2019-12-31": "6211.00000", "2018-12-31": "5535.00000", "2017-12-31": "5574.00000", "2016-12-31": "5259.00000", "2015-12-31": "4933.00000", "2014-12-31": "6553.00000", "2013-12-31": "5651.00000", "2012-12-31": "5068.00000", "2011-12-31": "3389.00000", "2010-12-31": "3654.60000", "2009-12-31": "3569.60000", "2008-12-31": "3033.20000", "2007-12-31": "3767.40000", "2006-12-31": "7398.97700", "2005-12-31": "7594.11300"}, "Research And Development Expenses": {"2019-12-31": "", "2018-12-31": "", "2017-12-31": "", "2016-12-31": "", "2015-12-31": "", "2014-12-31": "", "2013-12-31": "", "2012-12-31": "", "2011-12-31": "", "2010-12-31": "", "2009-12-31": "", "2008-12-31": "", "2007-12-31": "", "2006-12-31": "", "2005-12-31": ""}, "SG&A Expenses": {"2019-12-31": "2696.00000", "2018-12-31": "2538.00000", "2017-12-31": "2460.00000", "2016-12-31": "2275.00000", "2015-12-31": "2137.00000", "2014-12-31": "2540.00000", "2013-12-31": "2061.00000", "2012-12-31": "1834.00000", "2011-12-31": "1568.00000", "2010-12-31": "1578.60000", "2009-12-31": "1620.00000", "2008-12-31": "1322.00000", "2007-12-31": "1668.60000", "2006-12-31": "3225.31900", "2005-12-31": "3224.67800"}, "Other Operating Income Or Expenses": {"2019-12-31": "-1921.00000", "2018-12-31": "-2022.00000", "2017-12-31": "-2019.00000", "2016-12-31": "-1805.00000", "2015-12-31": "-1803.00000", "2014-12-31": "-3091.00000", "2013-12-31": "-2768.00000", "2012-12-31": "-2321.00000", "2011-12-31": "-1286.00000", "2010-12-31": "-1394.40000", "2009-12-31": "-1492.80000", "2008-12-31": "-1810.20000", "2007-12-31": "-1732.70000", "2006-12-31": "-2561.43500", "2005-12-31": "-2182.90900"}, "Operating Expenses": {"2019-12-31": "7100.00000", "2018-12-31": "6844.00000", "2017-12-31": "6799.00000", "2016-12-31": "6302.00000", "2015-12-31": "5894.00000", "2014-12-31": "7632.00000", "2013-12-31": "6824.00000", "2012-12-31": "5922.00000", "2011-12-31": "4395.00000", "2010-12-31": "4864.60000", "2009-12-31": "5206.20000", "2008-12-31": "4530.90000", "2007-12-31": "5280.30000", "2006-12-31": "8492.89800", "2005-12-31": "8046.64000"}, "Operating Income": {"2019-12-31": "1369.00000", "2018-12-31": "750.00000", "2017-12-31": "864.00000", "2016-12-31": "955.00000", "2015-12-31": "770.00000", "2014-12-31": "392.00000", "2013-12-31": "616.00000", "2012-12-31": "746.00000", "2011-12-31": "405.00000", "2010-12-31": "548.70020", "2009-12-31": "315.10010", "2008-12-31": "-279.69970", "2007-12-31": "185.29980", "2006-12-31": "941.50100", "2005-12-31": "1607.94000"}, "Total Non-Operating Income/Expense": {"2019-12-31": "", "2018-12-31": "", "2017-12-31": "", "2016-12-31": "", "2015-12-31": "", "2014-12-31": "", "2013-12-31": "", "2012-12-31": "", "2011-12-31": "", "2010-12-31": "", "2009-12-31": "", "2008-12-31": "", "2007-12-31": "", "2006-12-31": "", "2005-12-31": ""}, "Pre-Tax Income": {"2019-12-31": "1369.00000", "2018-12-31": "750.00000", "2017-12-31": "864.00000", "2016-12-31": "955.00000", "2015-12-31": "770.00000", "2014-12-31": "392.00000", "2013-12-31": "616.00000", "2012-12-31": "746.00000", "2011-12-31": "405.00000", "2010-12-31": "548.70000", "2009-12-31": "315.10000", "2008-12-31": "-279.70000", "2007-12-31": "185.30000", "2006-12-31": "941.50000", "2005-12-31": "1607.94000"}, "Income Taxes": {"2019-12-31": "308.00000", "2018-12-31": "120.00000", "2017-12-31": "235.00000", "2016-12-31": "347.00000", "2015-12-31": "274.00000", "2014-12-31": "312.00000", "2013-12-31": "195.00000", "2012-12-31": "242.00000", "2011-12-31": "131.00000", "2010-12-31": "189.80000", "2009-12-31": "96.80000", "2008-12-31": "-119.90000", "2007-12-31": "50.30000", "2006-12-31": "350.87100", "2005-12-31": "573.39100"}, "Income After Taxes": {"2019-12-31": "1061.00000", "2018-12-31": "630.00000", "2017-12-31": "629.00000", "2016-12-31": "608.00000", "2015-12-31": "496.00000", "2014-12-31": "80.00000", "2013-12-31": "421.00000", "2012-12-31": "504.00000", "2011-12-31": "274.00000", "2010-12-31": "358.90000", "2009-12-31": "218.30000", "2008-12-31": "-159.80000", "2007-12-31": "135.00000", "2006-12-31": "590.62900", "2005-12-31": "1034.54900"}, "Other Income": {"2019-12-31": "", "2018-12-31": "", "2017-12-31": "", "2016-12-31": "", "2015-12-31": "", "2014-12-31": "", "2013-12-31": "", "2012-12-31": "", "2011-12-31": "", "2010-12-31": "", "2009-12-31": "", "2008-12-31": "", "2007-12-31": "", "2006-12-31": "", "2005-12-31": ""}, "Income From Continuous Operations": {"2019-12-31": "1076.00000", "2018-12-31": "635.00000", "2017-12-31": "639.00000", "2016-12-31": "622.00000", "2015-12-31": "501.00000", "2014-12-31": "512.00000", "2013-12-31": "395.00000", "2012-12-31": "514.00000", "2011-12-31": "284.00000", "2010-12-31": "357.70000", "2009-12-31": "206.60000", "2008-12-31": "-173.20000", "2007-12-31": "135.80000", "2006-12-31": "437.76100", "2005-12-31": "964.10600"}, "Income From Discontinued Operations": {"2019-12-31": "", "2018-12-31": "", "2017-12-31": "155.00000", "2016-12-31": "70.00000", "2015-12-31": "60.00000", "2014-12-31": "7.00000", "2013-12-31": "16.00000", "2012-12-31": "98.00000", "2011-12-31": "95.00000", "2010-12-31": "17.90000", "2009-12-31": "17.90000", "2008-12-31": "-10.00000", "2007-12-31": "-6.00000", "2006-12-31": "", "2005-12-31": ""}, "Net Income": {"2019-12-31": "1062.00000", "2018-12-31": "628.00000", "2017-12-31": "771.00000", "2016-12-31": "650.00000", "2015-12-31": "527.00000", "2014-12-31": "583.00000", "2013-12-31": "394.00000", "2012-12-31": "607.00000", "2011-12-31": "369.00000", "2010-12-31": "370.10000", "2009-12-31": "222.30000", "2008-12-31": "-179.00000", "2007-12-31": "129.80000", "2006-12-31": "437.76100", "2005-12-31": "964.10600"}, "EBITDA": {"2019-12-31": "1594.00000", "2018-12-31": "975.00000", "2017-12-31": "1301.00000", "2016-12-31": "1450.00000", "2015-12-31": "1253.00000", "2014-12-31": "995.00000", "2013-12-31": "898.00000", "2012-12-31": "942.00000", "2011-12-31": "538.00000", "2010-12-31": "685.30020", "2009-12-31": "479.40010", "2008-12-31": "-78.29970", "2007-12-31": "368.29980", "2006-12-31": "1612.22300", "2005-12-31": "2186.52600"}, "EBIT": {"2019-12-31": "1416.00000", "2018-12-31": "793.00000", "2017-12-31": "912.00000", "2016-12-31": "1019.00000", "2015-12-31": "843.00000", "2014-12-31": "519.00000", "2013-12-31": "689.00000", "2012-12-31": "810.00000", "2011-12-31": "462.00000", "2010-12-31": "594.90020", "2009-12-31": "351.80010", "2008-12-31": "-221.09970", "2007-12-31": "238.19980", "2006-12-31": "1151.47300", "2005-12-31": "1780.26700"}, "Basic Shares Outstanding": {"2019-12-31": "273.00000", "2018-12-31": "338.00000", "2017-12-31": "336.00000", "2016-12-31": "339.00000", "2015-12-31": "356.00000", "2014-12-31": "184.00000", "2013-12-31": "230.00000", "2012-12-31": "221.00000", "2011-12-31": "219.00000", "2010-12-31": "226.20000", "2009-12-31": "224.70000", "2008-12-31": "210.00000", "2007-12-31": "216.60000", "2006-12-31": "182.03100", "2005-12-31": "173.46300"}, "Shares Outstanding": {"2019-12-31": "277.00000", "2018-12-31": "345.00000", "2017-12-31": "345.00000", "2016-12-31": "350.00000", "2015-12-31": "368.00000", "2014-12-31": "189.00000", "2013-12-31": "235.00000", "2012-12-31": "226.00000", "2011-12-31": "223.00000", "2010-12-31": "229.30000", "2009-12-31": "228.50000", "2008-12-31": "210.00000", "2007-12-31": "220.00000", "2006-12-31": "182.86100", "2005-12-31": "173.57500"}, "Basic EPS": {"2019-12-31": "3.89000", "2018-12-31": "2.30000", "2017-12-31": "2.44000", "2016-12-31": "1.92000", "2015-12-31": "1.48000", "2014-12-31": "3.17000", "2013-12-31": "1.71000", "2012-12-31": "2.75000", "2011-12-31": "1.68000", "2010-12-31": "1.64000", "2009-12-31": "0.99000", "2008-12-31": "-0.85000", "2007-12-31": "0.60000", "2006-12-31": "2.40000", "2005-12-31": "5.56000"}, "EPS - Earnings Per Share": {"2019-12-31": "3.83000", "2018-12-31": "2.26000", "2017-12-31": "2.38000", "2016-12-31": "1.86000", "2015-12-31": "1.43000", "2014-12-31": "3.08000", "2013-12-31": "1.68000", "2012-12-31": "2.69000", "2011-12-31": "1.65000", "2010-12-31": "1.61000", "2009-12-31": "0.97000", "2008-12-31": "-0.85000", "2007-12-31": "0.59000", "2006-12-31": "2.39000", "2005-12-31": "5.55000"}}, "income statement, quarterly": {"Revenue": {"2020-09-30": "2976.00000", "2020-06-30": "2420.00000", "2020-03-31": "1612.00000", "2019-12-31": "2362.00000", "2019-09-30": "2241.00000", "2019-06-30": "2144.00000", "2019-03-31": "1722.00000", "2018-12-31": "1693.00000", "2018-09-30": "2085.00000", "2018-06-30": "2123.00000", "2018-03-31": "1693.00000", "2017-12-31": "1975.00000", "2017-09-30": "1986.00000", "2017-06-30": "2059.00000", "2017-03-31": "1643.00000", "2016-12-31": "460.00000", "2016-09-30": "2267.00000", "2016-06-30": "2482.00000", "2016-03-31": "2048.00000", "2015-12-31": "-184.00000", "2015-09-30": "2392.00000", "2015-06-30": "2395.00000", "2015-03-31": "2061.00000", "2014-12-31": "2086.00000", "2014-09-30": "2093.00000", "2014-06-30": "2059.00000", "2014-03-31": "1786.00000", "2013-12-31": "946.00000", "2013-09-30": "2174.00000", "2013-06-30": "2279.00000", "2013-03-31": "2041.00000", "2012-12-31": "1718.00000", "2012-09-30": "2033.00000", "2012-06-30": "1727.00000", "2012-03-31": "1190.00000", "2011-12-31": "1233.30000", "2011-09-30": "1201.10000", "2011-06-30": "1233.70000", "2011-03-31": "1131.90000", "2010-12-31": "1331.10000", "2010-09-30": "1373.30000", "2010-06-30": "1495.50000", "2010-03-31": "1213.40000", "2009-12-31": "1148.10000", "2009-09-30": "1467.20000", "2009-06-30": "1559.50000", "2009-03-31": "1346.50000", "2008-12-31": "988.25040", "2008-09-30": "969.77300", "2008-06-30": "1168.06800", "2008-03-31": "1125.10900", "2007-12-31": "1241.12700", "2007-09-30": "1361.40800", "2007-06-30": "1495.00000", "2007-03-31": "1368.06500", "2006-12-31": "1800.30900", "2006-09-30": "2634.82200", "2006-06-30": "2644.76900", "2006-03-31": "2354.49900", "2005-12-31": "4930.27900", "2005-09-30": "1774.24300", "2005-06-30": "1684.83800", "2005-03-31": "1265.22000"}, "Cost Of Goods Sold": {"2020-09-30": "1000.00000", "2020-06-30": "753.00000", "2020-03-31": "560.00000", "2019-12-31": "628.00000", "2019-09-30": "630.00000", "2019-06-30": "579.00000", "2019-03-31": "421.00000", "2018-12-31": "513.00000", "2018-09-30": "554.00000", "2018-06-30": "561.00000", "2018-03-31": "431.00000", "2017-12-31": "532.00000", "2017-09-30": "553.00000", "2017-06-30": "558.00000", "2017-03-31": "446.00000", "2016-12-31": "525.00000", "2016-09-30": "545.00000", "2016-06-30": "526.00000", "2016-03-31": "402.00000", "2015-12-31": "452.00000", "2015-09-30": "495.00000", "2015-06-30": "451.00000", "2015-03-31": "333.00000", "2014-12-31": "373.00000", "2014-09-30": "396.00000", "2014-06-30": "395.00000", "2014-03-31": "307.00000", "2013-12-31": "437.00000", "2013-09-30": "482.00000", "2013-06-30": "473.00000", "2013-03-31": "397.00000", "2012-12-31": "456.00000", "2012-09-30": "432.00000", "2012-06-30": "396.00000", "2012-03-31": "316.00000", "2011-12-31": "377.90000", "2011-09-30": "326.30000", "2011-06-30": "379.10000", "2011-03-31": "327.70000", "2010-12-31": "510.89990", "2010-09-30": "427.50000", "2010-06-30": "435.90000", "2010-03-31": "384.40000", "2009-12-31": "505.19990", "2009-09-30": "480.80000", "2009-06-30": "504.20000", "2009-03-31": "461.50000", "2008-12-31": "306.30800", "2008-09-30": "254.88300", "2008-06-30": "328.80000", "2008-03-31": "328.00900", "2007-12-31": "399.86000", "2007-09-30": "415.30700", "2007-06-30": "462.87600", "2007-03-31": "420.15700", "2006-12-31": "497.93390", "2006-09-30": "538.70000", "2006-06-30": "529.08200", "2006-03-31": "469.70700", "2005-12-31": "443.20720", "2005-09-30": "612.13900", "2005-06-30": "595.22000", "2005-03-31": "409.90100"}, "Gross Profit": {"2020-09-30": "1976.00000", "2020-06-30": "1667.00000", "2020-03-31": "1052.00000", "2019-12-31": "1734.00000", "2019-09-30": "1611.00000", "2019-06-30": "1565.00000", "2019-03-31": "1301.00000", "2018-12-31": "1180.00000", "2018-09-30": "1531.00000", "2018-06-30": "1562.00000", "2018-03-31": "1262.00000", "2017-12-31": "1443.00000", "2017-09-30": "1433.00000", "2017-06-30": "1501.00000", "2017-03-31": "1197.00000", "2016-12-31": "-65.00000", "2016-09-30": "1722.00000", "2016-06-30": "1956.00000", "2016-03-31": "1646.00000", "2015-12-31": "-636.00000", "2015-09-30": "1897.00000", "2015-06-30": "1944.00000", "2015-03-31": "1728.00000", "2014-12-31": "1713.00000", "2014-09-30": "1697.00000", "2014-06-30": "1664.00000", "2014-03-31": "1479.00000", "2013-12-31": "509.00000", "2013-09-30": "1692.00000", "2013-06-30": "1806.00000", "2013-03-31": "1644.00000", "2012-12-31": "1262.00000", "2012-09-30": "1601.00000", "2012-06-30": "1331.00000", "2012-03-31": "874.00000", "2011-12-31": "855.40000", "2011-09-30": "874.80000", "2011-06-30": "854.60000", "2011-03-31": "804.20000", "2010-12-31": "820.19980", "2010-09-30": "945.80000", "2010-06-30": "1059.60000", "2010-03-31": "829.00000", "2009-12-31": "642.90000", "2009-09-30": "986.40000", "2009-06-30": "1055.30000", "2009-03-31": "885.00000", "2008-12-31": "681.94240", "2008-09-30": "714.89000", "2008-06-30": "839.26800", "2008-03-31": "797.10000", "2007-12-31": "841.26750", "2007-09-30": "946.10100", "2007-06-30": "1032.12400", "2007-03-31": "947.90800", "2006-12-31": "1302.37500", "2006-09-30": "2096.12200", "2006-06-30": "2115.68700", "2006-03-31": "1884.79200", "2005-12-31": "4487.07200", "2005-09-30": "1162.10400", "2005-06-30": "1089.61800", "2005-03-31": "855.31900"}, "Research And Development Expenses": {"2020-09-30": "", "2020-06-30": "", "2020-03-31": "", "2019-12-31": "", "2019-09-30": "", "2019-06-30": "", "2019-03-31": "", "2018-12-31": "", "2018-09-30": "", "2018-06-30": "", "2018-03-31": "", "2017-12-31": "", "2017-09-30": "", "2017-06-30": "", "2017-03-31": "", "2016-12-31": "", "2016-09-30": "", "2016-06-30": "", "2016-03-31": "", "2015-12-31": "", "2015-09-30": "", "2015-06-30": "", "2015-03-31": "", "2014-12-31": "", "2014-09-30": "", "2014-06-30": "", "2014-03-31": "", "2013-12-31": "", "2013-09-30": "", "2013-06-30": "", "2013-03-31": "", "2012-12-31": "", "2012-09-30": "", "2012-06-30": "", "2012-03-31": "", "2011-12-31": "", "2011-09-30": "", "2011-06-30": "", "2011-03-31": "", "2010-12-31": "", "2010-09-30": "", "2010-06-30": "", "2010-03-31": "", "2009-12-31": "", "2009-09-30": "", "2009-06-30": "", "2009-03-31": "", "2008-12-31": "", "2008-09-30": "", "2008-06-30": "", "2008-03-31": "", "2007-12-31": "", "2007-09-30": "", "2007-06-30": "", "2007-03-31": "", "2006-12-31": "", "2006-09-30": "", "2006-06-30": "", "2006-03-31": "", "2005-12-31": "", "2005-09-30": "", "2005-06-30": "", "2005-03-31": ""}, "SG&A Expenses": {"2020-09-30": "782.00000", "2020-06-30": "692.00000", "2020-03-31": "614.00000", "2019-12-31": "717.00000", "2019-09-30": "702.00000", "2019-06-30": "685.00000", "2019-03-31": "592.00000", "2018-12-31": "612.00000", "2018-09-30": "654.00000", "2018-06-30": "665.00000", "2018-03-31": "607.00000", "2017-12-31": "638.00000", "2017-09-30": "627.00000", "2017-06-30": "626.00000", "2017-03-31": "569.00000", "2016-12-31": "286.00000", "2016-09-30": "630.00000", "2016-06-30": "707.00000", "2016-03-31": "652.00000", "2015-12-31": "144.00000", "2015-09-30": "680.00000", "2015-06-30": "690.00000", "2015-03-31": "623.00000", "2014-12-31": "642.00000", "2014-09-30": "626.00000", "2014-06-30": "623.00000", "2014-03-31": "649.00000", "2013-12-31": "450.00000", "2013-09-30": "546.00000", "2013-06-30": "546.00000", "2013-03-31": "519.00000", "2012-12-31": "509.00000", "2012-09-30": "470.00000", "2012-06-30": "447.00000", "2012-03-31": "408.00000", "2011-12-31": "398.20000", "2011-09-30": "397.00000", "2011-06-30": "389.20000", "2011-03-31": "383.60000", "2010-12-31": "408.49990", "2010-09-30": "401.70000", "2010-06-30": "397.70000", "2010-03-31": "370.70000", "2009-12-31": "359.60000", "2009-09-30": "410.50000", "2009-06-30": "428.70000", "2009-03-31": "421.20000", "2008-12-31": "280.38200", "2008-09-30": "328.90500", "2008-06-30": "358.59700", "2008-03-31": "354.11600", "2007-12-31": "352.90500", "2007-09-30": "427.68300", "2007-06-30": "452.75200", "2007-03-31": "435.26000", "2006-12-31": "592.38390", "2006-09-30": "863.16300", "2006-06-30": "891.84100", "2006-03-31": "877.93100", "2005-12-31": "1808.75000", "2005-09-30": "511.32500", "2005-06-30": "479.94300", "2005-03-31": "424.66000"}, "Other Operating Income Or Expenses": {"2020-09-30": "-526.00000", "2020-06-30": "-507.00000", "2020-03-31": "-469.00000", "2019-12-31": "-521.00000", "2019-09-30": "-540.00000", "2019-06-30": "-471.00000", "2019-03-31": "-389.00000", "2018-12-31": "-451.00000", "2018-09-30": "-535.00000", "2018-06-30": "-566.00000", "2018-03-31": "-470.00000", "2017-12-31": "-526.00000", "2017-09-30": "-508.00000", "2017-06-30": "-544.00000", "2017-03-31": "-441.00000", "2016-12-31": "501.00000", "2016-09-30": "-771.00000", "2016-06-30": "-806.00000", "2016-03-31": "-729.00000", "2015-12-31": "727.00000", "2015-09-30": "-843.00000", "2015-06-30": "-864.00000", "2015-03-31": "-823.00000", "2014-12-31": "-787.00000", "2014-09-30": "-766.00000", "2014-06-30": "-767.00000", "2014-03-31": "-771.00000", "2013-12-31": "66.00000", "2013-09-30": "-921.00000", "2013-06-30": "-981.00000", "2013-03-31": "-932.00000", "2012-12-31": "-586.00000", "2012-09-30": "-783.00000", "2012-06-30": "-623.00000", "2012-03-31": "-329.00000", "2011-12-31": "-317.80000", "2011-09-30": "-334.70000", "2011-06-30": "-324.00000", "2011-03-31": "-309.50000", "2010-12-31": "-202.70010", "2010-09-30": "-392.60000", "2010-06-30": "-413.80000", "2010-03-31": "-385.30000", "2009-12-31": "-178.59990", "2009-09-30": "-436.40000", "2009-06-30": "-455.70000", "2009-03-31": "-422.10000", "2008-12-31": "-386.92500", "2008-09-30": "-660.54400", "2008-06-30": "-414.14500", "2008-03-31": "-348.58600", "2007-12-31": "-504.61510", "2007-09-30": "-473.35400", "2007-06-30": "-409.30400", "2007-03-31": "-345.42700", "2006-12-31": "-498.08810", "2006-09-30": "-729.37500", "2006-06-30": "-726.13600", "2006-03-31": "-607.83600", "2005-12-31": "-1233.79300", "2005-09-30": "-349.72100", "2005-06-30": "-325.43400", "2005-03-31": "-273.96100"}, "Operating Expenses": {"2020-09-30": "2437.00000", "2020-06-30": "2019.00000", "2020-03-31": "1698.00000", "2019-12-31": "1923.00000", "2019-09-30": "1928.00000", "2019-06-30": "1791.00000", "2019-03-31": "1458.00000", "2018-12-31": "1632.00000", "2018-09-30": "1798.00000", "2018-06-30": "1848.00000", "2018-03-31": "1566.00000", "2017-12-31": "1755.00000", "2017-09-30": "1744.00000", "2017-06-30": "1785.00000", "2017-03-31": "1515.00000", "2016-12-31": "191.00000", "2016-09-30": "2020.00000", "2016-06-30": "2174.00000", "2016-03-31": "1917.00000", "2015-12-31": "-311.00000", "2015-09-30": "2154.00000", "2015-06-30": "2141.00000", "2015-03-31": "1910.00000", "2014-12-31": "1934.00000", "2014-09-30": "1921.00000", "2014-06-30": "1902.00000", "2014-03-31": "1875.00000", "2013-12-31": "852.00000", "2013-09-30": "2012.00000", "2013-06-30": "2056.00000", "2013-03-31": "1904.00000", "2012-12-31": "1597.00000", "2012-09-30": "1732.00000", "2012-06-30": "1508.00000", "2012-03-31": "1085.00000", "2011-12-31": "1126.20000", "2011-09-30": "1089.50000", "2011-06-30": "1124.50000", "2011-03-31": "1054.80000", "2010-12-31": "1155.70000", "2010-09-30": "1256.00000", "2010-06-30": "1282.40000", "2010-03-31": "1170.50000", "2009-12-31": "1072.00000", "2009-09-30": "1358.80000", "2009-06-30": "1427.80000", "2009-03-31": "1347.60000", "2008-12-31": "1009.28300", "2008-09-30": "1287.02000", "2008-06-30": "1151.59300", "2008-03-31": "1083.00400", "2007-12-31": "1308.09200", "2007-09-30": "1361.47400", "2007-06-30": "1368.55900", "2007-03-31": "1242.17500", "2006-12-31": "1670.82200", "2006-09-30": "2339.33900", "2006-06-30": "2347.98800", "2006-03-31": "2134.75000", "2005-12-31": "3985.73600", "2005-09-30": "1501.67200", "2005-06-30": "1425.54100", "2005-03-31": "1133.69100"}, "Operating Income": {"2020-09-30": "539.00000", "2020-06-30": "401.00000", "2020-03-31": "-86.00000", "2019-12-31": "439.00000", "2019-09-30": "313.00000", "2019-06-30": "353.00000", "2019-03-31": "264.00000", "2018-12-31": "61.00000", "2018-09-30": "287.00000", "2018-06-30": "275.00000", "2018-03-31": "127.00000", "2017-12-31": "220.00000", "2017-09-30": "242.00000", "2017-06-30": "274.00000", "2017-03-31": "128.00000", "2016-12-31": "269.00000", "2016-09-30": "247.00000", "2016-06-30": "308.00000", "2016-03-31": "131.00000", "2015-12-31": "127.00000", "2015-09-30": "238.00000", "2015-06-30": "254.00000", "2015-03-31": "151.00000", "2014-12-31": "152.00000", "2014-09-30": "172.00000", "2014-06-30": "157.00000", "2014-03-31": "-89.00000", "2013-12-31": "94.00000", "2013-09-30": "162.00000", "2013-06-30": "223.00000", "2013-03-31": "137.00000", "2012-12-31": "121.00000", "2012-09-30": "301.00000", "2012-06-30": "219.00000", "2012-03-31": "105.00000", "2011-12-31": "107.10000", "2011-09-30": "111.60000", "2011-06-30": "109.20000", "2011-03-31": "77.10000", "2010-12-31": "175.40000", "2010-09-30": "117.30000", "2010-06-30": "213.10010", "2010-03-31": "42.90000", "2009-12-31": "76.10020", "2009-09-30": "108.39990", "2009-06-30": "131.70000", "2009-03-31": "-1.10000", "2008-12-31": "-21.03260", "2008-09-30": "-317.24700", "2008-06-30": "16.47500", "2008-03-31": "42.10510", "2007-12-31": "-66.96460", "2007-09-30": "-0.06600", "2007-06-30": "126.44100", "2007-03-31": "125.88990", "2006-12-31": "129.48750", "2006-09-30": "295.48290", "2006-06-30": "296.78100", "2006-03-31": "219.74900", "2005-12-31": "944.54350", "2005-09-30": "272.57120", "2005-06-30": "259.29710", "2005-03-31": "131.52910"}, "Total Non-Operating Income/Expense": {"2020-09-30": "", "2020-06-30": "", "2020-03-31": "", "2019-12-31": "", "2019-09-30": "", "2019-06-30": "", "2019-03-31": "", "2018-12-31": "", "2018-09-30": "", "2018-06-30": "", "2018-03-31": "", "2017-12-31": "", "2017-09-30": "", "2017-06-30": "", "2017-03-31": "", "2016-12-31": "", "2016-09-30": "", "2016-06-30": "", "2016-03-31": "", "2015-12-31": "", "2015-09-30": "", "2015-06-30": "", "2015-03-31": "", "2014-12-31": "", "2014-09-30": "", "2014-06-30": "", "2014-03-31": "", "2013-12-31": "", "2013-09-30": "", "2013-06-30": "", "2013-03-31": "", "2012-12-31": "", "2012-09-30": "", "2012-06-30": "", "2012-03-31": "", "2011-12-31": "", "2011-09-30": "", "2011-06-30": "", "2011-03-31": "", "2010-12-31": "", "2010-09-30": "", "2010-06-30": "", "2010-03-31": "", "2009-12-31": "", "2009-09-30": "", "2009-06-30": "", "2009-03-31": "", "2008-12-31": "", "2008-09-30": "", "2008-06-30": "", "2008-03-31": "", "2007-12-31": "", "2007-09-30": "", "2007-06-30": "", "2007-03-31": "0.99700", "2006-12-31": "", "2006-09-30": "", "2006-06-30": "", "2006-03-31": "", "2005-12-31": "", "2005-09-30": "", "2005-06-30": "", "2005-03-31": ""}, "Pre-Tax Income": {"2020-09-30": "539.00000", "2020-06-30": "401.00000", "2020-03-31": "-86.00000", "2019-12-31": "439.00000", "2019-09-30": "313.00000", "2019-06-30": "353.00000", "2019-03-31": "264.00000", "2018-12-31": "61.00000", "2018-09-30": "287.00000", "2018-06-30": "275.00000", "2018-03-31": "127.00000", "2017-12-31": "220.00000", "2017-09-30": "242.00000", "2017-06-30": "274.00000", "2017-03-31": "128.00000", "2016-12-31": "269.00000", "2016-09-30": "247.00000", "2016-06-30": "308.00000", "2016-03-31": "131.00000", "2015-12-31": "127.00000", "2015-09-30": "238.00000", "2015-06-30": "254.00000", "2015-03-31": "151.00000", "2014-12-31": "152.00000", "2014-09-30": "172.00000", "2014-06-30": "157.00000", "2014-03-31": "-89.00000", "2013-12-31": "94.00000", "2013-09-30": "162.00000", "2013-06-30": "223.00000", "2013-03-31": "137.00000", "2012-12-31": "121.00000", "2012-09-30": "301.00000", "2012-06-30": "219.00000", "2012-03-31": "105.00000", "2011-12-31": "107.10000", "2011-09-30": "111.60000", "2011-06-30": "109.20000", "2011-03-31": "77.10000", "2010-12-31": "175.40000", "2010-09-30": "117.30000", "2010-06-30": "213.10000", "2010-03-31": "42.90000", "2009-12-31": "76.10000", "2009-09-30": "108.40000", "2009-06-30": "131.70000", "2009-03-31": "-1.10000", "2008-12-31": "-21.03300", "2008-09-30": "-317.24700", "2008-06-30": "16.47500", "2008-03-31": "42.10500", "2007-12-31": "-67.96200", "2007-09-30": "-0.06600", "2007-06-30": "126.44100", "2007-03-31": "126.88700", "2006-12-31": "129.48700", "2006-09-30": "295.48300", "2006-06-30": "296.78100", "2006-03-31": "219.74900", "2005-12-31": "944.54290", "2005-09-30": "272.57100", "2005-06-30": "259.29700", "2005-03-31": "131.52900"}, "Income Taxes": {"2020-09-30": "133.00000", "2020-06-30": "89.00000", "2020-03-31": "-28.00000", "2019-12-31": "98.00000", "2019-09-30": "59.00000", "2019-06-30": "86.00000", "2019-03-31": "65.00000", "2018-12-31": "16.00000", "2018-09-30": "51.00000", "2018-06-30": "22.00000", "2018-03-31": "31.00000", "2017-12-31": "-23.00000", "2017-09-30": "88.00000", "2017-06-30": "101.00000", "2017-03-31": "69.00000", "2016-12-31": "109.00000", "2016-09-30": "88.00000", "2016-06-30": "101.00000", "2016-03-31": "49.00000", "2015-12-31": "55.00000", "2015-09-30": "81.00000", "2015-06-30": "88.00000", "2015-03-31": "50.00000", "2014-12-31": "233.00000", "2014-09-30": "65.00000", "2014-06-30": "54.00000", "2014-03-31": "-40.00000", "2013-12-31": "25.00000", "2013-09-30": "52.00000", "2013-06-30": "72.00000", "2013-03-31": "46.00000", "2012-12-31": "54.00000", "2012-09-30": "70.00000", "2012-06-30": "81.00000", "2012-03-31": "37.00000", "2011-12-31": "23.70000", "2011-09-30": "38.90000", "2011-06-30": "40.40000", "2011-03-31": "28.00000", "2010-12-31": "59.50000", "2010-09-30": "40.70000", "2010-06-30": "76.30000", "2010-03-31": "13.30000", "2009-12-31": "28.70000", "2009-09-30": "34.40000", "2009-06-30": "34.20000", "2009-03-31": "-0.50000", "2008-12-31": "-12.95900", "2008-09-30": "-123.44000", "2008-06-30": "2.24300", "2008-03-31": "14.25600", "2007-12-31": "-31.14100", "2007-09-30": "-4.07500", "2007-06-30": "40.47100", "2007-03-31": "45.04500", "2006-12-31": "48.80200", "2006-09-30": "109.92000", "2006-06-30": "110.40200", "2006-03-31": "81.74700", "2005-12-31": "324.61700", "2005-09-30": "102.13700", "2005-06-30": "97.77400", "2005-03-31": "48.86300"}, "Income After Taxes": {"2020-09-30": "406.00000", "2020-06-30": "312.00000", "2020-03-31": "-58.00000", "2019-12-31": "341.00000", "2019-09-30": "254.00000", "2019-06-30": "267.00000", "2019-03-31": "199.00000", "2018-12-31": "45.00000", "2018-09-30": "236.00000", "2018-06-30": "253.00000", "2018-03-31": "96.00000", "2017-12-31": "243.00000", "2017-09-30": "154.00000", "2017-06-30": "173.00000", "2017-03-31": "59.00000", "2016-12-31": "160.00000", "2016-09-30": "159.00000", "2016-06-30": "207.00000", "2016-03-31": "82.00000", "2015-12-31": "72.00000", "2015-09-30": "157.00000", "2015-06-30": "166.00000", "2015-03-31": "101.00000", "2014-12-31": "-81.00000", "2014-09-30": "107.00000", "2014-06-30": "103.00000", "2014-03-31": "-49.00000", "2013-12-31": "69.00000", "2013-09-30": "110.00000", "2013-06-30": "151.00000", "2013-03-31": "91.00000", "2012-12-31": "67.00000", "2012-09-30": "231.00000", "2012-06-30": "138.00000", "2012-03-31": "68.00000", "2011-12-31": "83.40000", "2011-09-30": "72.70000", "2011-06-30": "68.80000", "2011-03-31": "49.10000", "2010-12-31": "115.90000", "2010-09-30": "76.60000", "2010-06-30": "136.80000", "2010-03-31": "29.60000", "2009-12-31": "47.40000", "2009-09-30": "74.00000", "2009-06-30": "97.50000", "2009-03-31": "-0.60000", "2008-12-31": "-8.07400", "2008-09-30": "-193.80700", "2008-06-30": "14.23200", "2008-03-31": "27.84900", "2007-12-31": "-36.82100", "2007-09-30": "4.00900", "2007-06-30": "85.97000", "2007-03-31": "81.84200", "2006-12-31": "80.68500", "2006-09-30": "185.56300", "2006-06-30": "186.37900", "2006-03-31": "138.00200", "2005-12-31": "619.92590", "2005-09-30": "170.43400", "2005-06-30": "161.52300", "2005-03-31": "82.66600"}, "Other Income": {"2020-09-30": "", "2020-06-30": "", "2020-03-31": "", "2019-12-31": "", "2019-09-30": "", "2019-06-30": "", "2019-03-31": "", "2018-12-31": "", "2018-09-30": "", "2018-06-30": "", "2018-03-31": "", "2017-12-31": "", "2017-09-30": "", "2017-06-30": "", "2017-03-31": "", "2016-12-31": "", "2016-09-30": "", "2016-06-30": "", "2016-03-31": "", "2015-12-31": "", "2015-09-30": "", "2015-06-30": "", "2015-03-31": "", "2014-12-31": "", "2014-09-30": "", "2014-06-30": "", "2014-03-31": "", "2013-12-31": "", "2013-09-30": "", "2013-06-30": "", "2013-03-31": "", "2012-12-31": "", "2012-09-30": "", "2012-06-30": "", "2012-03-31": "", "2011-12-31": "", "2011-09-30": "", "2011-06-30": "", "2011-03-31": "", "2010-12-31": "", "2010-09-30": "", "2010-06-30": "", "2010-03-31": "", "2009-12-31": "", "2009-09-30": "", "2009-06-30": "", "2009-03-31": "", "2008-12-31": "", "2008-09-30": "", "2008-06-30": "", "2008-03-31": "", "2007-12-31": "", "2007-09-30": "", "2007-06-30": "", "2007-03-31": "", "2006-12-31": "", "2006-09-30": "", "2006-06-30": "", "2006-03-31": "", "2005-12-31": "", "2005-09-30": "", "2005-06-30": "", "2005-03-31": ""}, "Income From Continuous Operations": {"2020-09-30": "413.00000", "2020-06-30": "313.00000", "2020-03-31": "-57.00000", "2019-12-31": "344.00000", "2019-09-30": "256.00000", "2019-06-30": "270.00000", "2019-03-31": "206.00000", "2018-12-31": "46.00000", "2018-09-30": "237.00000", "2018-06-30": "254.00000", "2018-03-31": "98.00000", "2017-12-31": "246.00000", "2017-09-30": "157.00000", "2017-06-30": "176.00000", "2017-03-31": "60.00000", "2016-12-31": "180.00000", "2016-09-30": "152.00000", "2016-06-30": "206.00000", "2016-03-31": "84.00000", "2015-12-31": "93.00000", "2015-09-30": "138.00000", "2015-06-30": "170.00000", "2015-03-31": "100.00000", "2014-12-31": "394.00000", "2014-09-30": "100.00000", "2014-06-30": "98.00000", "2014-03-31": "-80.00000", "2013-12-31": "63.00000", "2013-09-30": "96.00000", "2013-06-30": "148.00000", "2013-03-31": "88.00000", "2012-12-31": "64.00000", "2012-09-30": "236.00000", "2012-06-30": "140.00000", "2012-03-31": "74.00000", "2011-12-31": "85.70000", "2011-09-30": "76.40000", "2011-06-30": "81.40000", "2011-03-31": "40.50000", "2010-12-31": "120.90000", "2010-09-30": "77.50000", "2010-06-30": "140.40000", "2010-03-31": "18.90000", "2009-12-31": "49.70000", "2009-09-30": "76.70000", "2009-06-30": "92.90000", "2009-03-31": "-12.70000", "2008-12-31": "-14.08900", "2008-09-30": "-196.52400", "2008-06-30": "7.88300", "2008-03-31": "29.53000", "2007-12-31": "-38.90600", "2007-09-30": "6.47200", "2007-06-30": "84.83500", "2007-03-31": "83.39900", "2006-12-31": "71.19800", "2006-09-30": "127.57100", "2006-06-30": "132.62100", "2006-03-31": "106.37100", "2005-12-31": "551.47500", "2005-09-30": "169.73400", "2005-06-30": "160.57800", "2005-03-31": "82.31900"}, "Income From Discontinued Operations": {"2020-09-30": "-28.00000", "2020-06-30": "5.00000", "2020-03-31": "", "2019-12-31": "", "2019-09-30": "", "2019-06-30": "", "2019-03-31": "", "2018-12-31": "", "2018-09-30": "", "2018-06-30": "", "2018-03-31": "", "2017-12-31": "-10.00000", "2017-09-30": "18.00000", "2017-06-30": "126.00000", "2017-03-31": "21.00000", "2016-12-31": "53.00000", "2016-09-30": "17.00000", "2016-06-30": "", "2016-03-31": "", "2015-12-31": "", "2015-09-30": "", "2015-06-30": "", "2015-03-31": "", "2014-12-31": "8.00000", "2014-09-30": "-13.00000", "2014-06-30": "5.00000", "2014-03-31": "7.00000", "2013-12-31": "18.00000", "2013-09-30": "0.00000", "2013-06-30": "-3.00000", "2013-03-31": "1.00000", "2012-12-31": "89.00000", "2012-09-30": "-1.00000", "2012-06-30": "7.00000", "2012-03-31": "3.00000", "2011-12-31": "89.30000", "2011-09-30": "0.50000", "2011-06-30": "1.60000", "2011-03-31": "3.60000", "2010-12-31": "11.60000", "2010-09-30": "6.30000", "2010-06-30": "", "2010-03-31": "", "2009-12-31": "19.80000", "2009-09-30": "-1.80000", "2009-06-30": "-0.40000", "2009-03-31": "0.30000", "2008-12-31": "-0.89200", "2008-09-30": "-3.57900", "2008-06-30": "-1.87200", "2008-03-31": "-3.65700", "2007-12-31": "", "2007-09-30": "", "2007-06-30": "", "2007-03-31": "", "2006-12-31": "", "2006-09-30": "", "2006-06-30": "", "2006-03-31": "", "2005-12-31": "", "2005-09-30": "", "2005-06-30": "", "2005-03-31": ""}, "Net Income": {"2020-09-30": "378.00000", "2020-06-30": "309.00000", "2020-03-31": "-61.00000", "2019-12-31": "340.00000", "2019-09-30": "250.00000", "2019-06-30": "266.00000", "2019-03-31": "206.00000", "2018-12-31": "44.00000", "2018-09-30": "236.00000", "2018-06-30": "251.00000", "2018-03-31": "97.00000", "2017-12-31": "238.00000", "2017-09-30": "165.00000", "2017-06-30": "296.00000", "2017-03-31": "72.00000", "2016-12-31": "223.00000", "2016-09-30": "156.00000", "2016-06-30": "197.00000", "2016-03-31": "74.00000", "2015-12-31": "139.00000", "2015-09-30": "132.00000", "2015-06-30": "170.00000", "2015-03-31": "86.00000", "2014-12-31": "391.00000", "2014-09-30": "102.00000", "2014-06-30": "112.00000", "2014-03-31": "-22.00000", "2013-12-31": "72.00000", "2013-09-30": "94.00000", "2013-06-30": "138.00000", "2013-03-31": "90.00000", "2012-12-31": "152.00000", "2012-09-30": "234.00000", "2012-06-30": "147.00000", "2012-03-31": "74.00000", "2011-12-31": "172.20000", "2011-09-30": "74.30000", "2011-06-30": "80.00000", "2011-03-31": "42.50000", "2010-12-31": "130.80000", "2010-09-30": "83.20000", "2010-06-30": "139.60000", "2010-03-31": "16.50000", "2009-12-31": "69.30000", "2009-09-30": "73.40000", "2009-06-30": "92.00000", "2009-03-31": "-12.40000", "2008-12-31": "-14.86800", "2008-09-30": "-198.30200", "2008-06-30": "6.92500", "2008-03-31": "27.24500", "2007-12-31": "-44.90600", "2007-09-30": "6.47200", "2007-06-30": "84.83500", "2007-03-31": "83.39900", "2006-12-31": "71.19800", "2006-09-30": "127.57100", "2006-06-30": "132.62100", "2006-03-31": "106.37100", "2005-12-31": "551.47500", "2005-09-30": "169.73400", "2005-06-30": "160.57800", "2005-03-31": "82.31900"}, "EBITDA": {"2020-09-30": "668.00000", "2020-06-30": "468.00000", "2020-03-31": "-31.00000", "2019-12-31": "496.00000", "2019-09-30": "369.00000", "2019-06-30": "409.00000", "2019-03-31": "320.00000", "2018-12-31": "117.00000", "2018-09-30": "342.00000", "2018-06-30": "331.00000", "2018-03-31": "185.00000", "2017-12-31": "287.00000", "2017-09-30": "361.00000", "2017-06-30": "397.00000", "2017-03-31": "256.00000", "2016-12-31": "364.00000", "2016-09-30": "378.00000", "2016-06-30": "443.00000", "2016-03-31": "265.00000", "2015-12-31": "207.00000", "2015-09-30": "374.00000", "2015-06-30": "390.00000", "2015-03-31": "282.00000", "2014-12-31": "303.00000", "2014-09-30": "325.00000", "2014-06-30": "293.00000", "2014-03-31": "74.00000", "2013-12-31": "146.00000", "2013-09-30": "244.00000", "2013-06-30": "296.00000", "2013-03-31": "212.00000", "2012-12-31": "190.00000", "2012-09-30": "354.00000", "2012-06-30": "261.00000", "2012-03-31": "137.00000", "2011-12-31": "139.70000", "2011-09-30": "144.10000", "2011-06-30": "142.30000", "2011-03-31": "111.90000", "2010-12-31": "211.70000", "2010-09-30": "152.50000", "2010-06-30": "248.10010", "2010-03-31": "73.00000", "2009-12-31": "109.00020", "2009-09-30": "145.99990", "2009-06-30": "176.90000", "2009-03-31": "47.50000", "2008-12-31": "25.40740", "2008-09-30": "-268.72800", "2008-06-30": "67.39800", "2008-03-31": "97.62310", "2007-12-31": "-14.05260", "2007-09-30": "45.06400", "2007-06-30": "170.06800", "2007-03-31": "167.22090", "2006-12-31": "211.90360", "2006-09-30": "503.58390", "2006-06-30": "497.71000", "2006-03-31": "399.02500", "2005-12-31": "1444.52900", "2005-09-30": "301.05820", "2005-06-30": "284.24110", "2005-03-31": "156.69800"}, "EBIT": {"2020-09-30": "568.00000", "2020-06-30": "422.00000", "2020-03-31": "-74.00000", "2019-12-31": "450.00000", "2019-09-30": "325.00000", "2019-06-30": "365.00000", "2019-03-31": "276.00000", "2018-12-31": "73.00000", "2018-09-30": "296.00000", "2018-06-30": "286.00000", "2018-03-31": "138.00000", "2017-12-31": "229.00000", "2017-09-30": "252.00000", "2017-06-30": "287.00000", "2017-03-31": "144.00000", "2016-12-31": "248.00000", "2016-09-30": "265.00000", "2016-06-30": "341.00000", "2016-03-31": "165.00000", "2015-12-31": "103.00000", "2015-09-30": "272.00000", "2015-06-30": "286.00000", "2015-03-31": "182.00000", "2014-12-31": "183.00000", "2014-09-30": "204.00000", "2014-06-30": "190.00000", "2014-03-31": "-58.00000", "2013-12-31": "96.00000", "2013-09-30": "189.00000", "2013-06-30": "244.00000", "2013-03-31": "160.00000", "2012-12-31": "135.00000", "2012-09-30": "320.00000", "2012-06-30": "235.00000", "2012-03-31": "120.00000", "2011-12-31": "122.00010", "2011-09-30": "125.60000", "2011-06-30": "123.00000", "2011-03-31": "91.40000", "2010-12-31": "189.10000", "2010-09-30": "130.20000", "2010-06-30": "225.60010", "2010-03-31": "50.00000", "2009-12-31": "84.40020", "2009-09-30": "116.39990", "2009-06-30": "140.30000", "2009-03-31": "10.70000", "2008-12-31": "-10.71380", "2008-09-30": "-303.79600", "2008-06-30": "32.68200", "2008-03-31": "60.72810", "2007-12-31": "-51.25910", "2007-09-30": "12.71600", "2007-06-30": "138.87600", "2007-03-31": "137.86690", "2006-12-31": "155.92410", "2006-09-30": "361.41390", "2006-06-30": "359.74100", "2006-03-31": "274.39400", "2005-12-31": "1111.47700", "2005-09-30": "277.24020", "2005-06-30": "259.71810", "2005-03-31": "131.83200"}, "Basic Shares Outstanding": {"2020-09-30": "291.00000", "2020-06-30": "277.00000", "2020-03-31": "274.00000", "2019-12-31": "273.00000", "2019-09-30": "273.00000", "2019-06-30": "273.00000", "2019-03-31": "273.00000", "2018-12-31": "338.00000", "2018-09-30": "273.00000", "2018-06-30": "273.00000", "2018-03-31": "273.00000", "2017-12-31": "336.00000", "2017-09-30": "337.00000", "2017-06-30": "337.00000", "2017-03-31": "337.00000", "2016-12-31": "339.00000", "2016-09-30": "337.00000", "2016-06-30": "339.00000", "2016-03-31": "344.00000", "2015-12-31": "356.00000", "2015-09-30": "353.00000", "2015-06-30": "357.00000", "2015-03-31": "368.00000", "2014-12-31": "184.00000", "2014-09-30": "367.00000", "2014-06-30": "275.00000", "2014-03-31": "274.00000", "2013-12-31": "230.00000", "2013-09-30": "226.00000", "2013-06-30": "225.00000", "2013-03-31": "225.00000", "2012-12-31": "221.00000", "2012-09-30": "221.00000", "2012-06-30": "220.00000", "2012-03-31": "219.00000", "2011-12-31": "219.00000", "2011-09-30": "217.70000", "2011-06-30": "220.70000", "2011-03-31": "220.70000", "2010-12-31": "226.20000", "2010-09-30": "225.90000", "2010-06-30": "227.50000", "2010-03-31": "227.50000", "2009-12-31": "224.70000", "2009-09-30": "228.70000", "2009-06-30": "228.10000", "2009-03-31": "213.20000", "2008-12-31": "210.00000", "2008-09-30": "208.71000", "2008-06-30": "210.81400", "2008-03-31": "211.11000", "2007-12-31": "216.60000", "2007-09-30": "216.32500", "2007-06-30": "218.70700", "2007-03-31": "219.01400", "2006-12-31": "182.03100", "2006-09-30": "173.47500", "2006-06-30": "173.47500", "2006-03-31": "173.47300", "2005-12-31": "173.46300", "2005-09-30": "173.52000", "2005-06-30": "172.95100", "2005-03-31": "172.95100"}, "Shares Outstanding": {"2020-09-30": "293.00000", "2020-06-30": "279.00000", "2020-03-31": "274.00000", "2019-12-31": "277.00000", "2019-09-30": "277.00000", "2019-06-30": "277.00000", "2019-03-31": "277.00000", "2018-12-31": "345.00000", "2018-09-30": "278.00000", "2018-06-30": "278.00000", "2018-03-31": "280.00000", "2017-12-31": "345.00000", "2017-09-30": "341.00000", "2017-06-30": "344.00000", "2017-03-31": "347.00000", "2016-12-31": "350.00000", "2016-09-30": "348.00000", "2016-06-30": "351.00000", "2016-03-31": "353.00000", "2015-12-31": "368.00000", "2015-09-30": "363.00000", "2015-06-30": "367.00000", "2015-03-31": "380.00000", "2014-12-31": "189.00000", "2014-09-30": "377.00000", "2014-06-30": "283.00000", "2014-03-31": "282.00000", "2013-12-31": "235.00000", "2013-09-30": "230.00000", "2013-06-30": "229.00000", "2013-03-31": "231.00000", "2012-12-31": "226.00000", "2012-09-30": "226.00000", "2012-06-30": "225.00000", "2012-03-31": "223.00000", "2011-12-31": "223.00000", "2011-09-30": "222.00000", "2011-06-30": "224.50000", "2011-03-31": "223.60000", "2010-12-31": "229.30000", "2010-09-30": "229.20000", "2010-06-30": "230.50000", "2010-03-31": "230.30000", "2009-12-31": "228.50000", "2009-09-30": "232.10000", "2009-06-30": "232.10000", "2009-03-31": "213.20000", "2008-12-31": "210.00000", "2008-09-30": "208.71000", "2008-06-30": "213.10700", "2008-03-31": "213.52800", "2007-12-31": "220.00000", "2007-09-30": "219.54800", "2007-06-30": "222.96800", "2007-03-31": "222.91200", "2006-12-31": "182.86100", "2006-09-30": "173.64300", "2006-06-30": "173.64700", "2006-03-31": "173.65400", "2005-12-31": "173.57500", "2005-09-30": "173.52000", "2005-06-30": "172.95100", "2005-03-31": "172.95100"}, "Basic EPS": {"2020-09-30": "1.30000", "2020-06-30": "1.12000", "2020-03-31": "-0.22000", "2019-12-31": "1.25000", "2019-09-30": "0.92000", "2019-06-30": "0.97000", "2019-03-31": "0.75000", "2018-12-31": "0.16000", "2018-09-30": "0.86000", "2018-06-30": "0.92000", "2018-03-31": "0.36000", "2017-12-31": "0.86000", "2017-09-30": "0.49000", "2017-06-30": "0.88000", "2017-03-31": "0.21000", "2016-12-31": "0.66200", "2016-09-30": "0.46300", "2016-06-30": "0.58000", "2016-03-31": "0.21500", "2015-12-31": "0.40000", "2015-09-30": "0.37000", "2015-06-30": "0.48000", "2015-03-31": "0.23000", "2014-12-31": "2.56200", "2014-09-30": "0.27800", "2014-06-30": "0.41000", "2014-03-31": "-0.08000", "2013-12-31": "0.29000", "2013-09-30": "0.41000", "2013-06-30": "0.61000", "2013-03-31": "0.40000", "2012-12-31": "0.68000", "2012-09-30": "1.06000", "2012-06-30": "0.67000", "2012-03-31": "0.34000", "2011-12-31": "0.79000", "2011-09-30": "0.34000", "2011-06-30": "0.36000", "2011-03-31": "0.19000", "2010-12-31": "0.59000", "2010-09-30": "0.37000", "2010-06-30": "0.61000", "2010-03-31": "0.07000", "2009-12-31": "0.33000", "2009-09-30": "0.32000", "2009-06-30": "0.40000", "2009-03-31": "-0.06000", "2008-12-31": "-0.06000", "2008-09-30": "-0.95000", "2008-06-30": "0.03000", "2008-03-31": "0.13000", "2007-12-31": "-0.20000", "2007-09-30": "0.03000", "2007-06-30": "0.39000", "2007-03-31": "0.38000", "2006-12-31": "0.29000", "2006-09-30": "0.74000", "2006-06-30": "0.76000", "2006-03-31": "0.61000", "2005-12-31": "3.17000", "2005-09-30": "0.98000", "2005-06-30": "0.93000", "2005-03-31": "0.48000"}, "EPS - Earnings Per Share": {"2020-09-30": "1.29000", "2020-06-30": "1.11000", "2020-03-31": "-0.22000", "2019-12-31": "1.23000", "2019-09-30": "0.90000", "2019-06-30": "0.96000", "2019-03-31": "0.74000", "2018-12-31": "0.16000", "2018-09-30": "0.85000", "2018-06-30": "0.90000", "2018-03-31": "0.35000", "2017-12-31": "0.83000", "2017-09-30": "0.48000", "2017-06-30": "0.86000", "2017-03-31": "0.21000", "2016-12-31": "0.64200", "2016-09-30": "0.44800", "2016-06-30": "0.56000", "2016-03-31": "0.21000", "2015-12-31": "0.39000", "2015-09-30": "0.36000", "2015-06-30": "0.46000", "2015-03-31": "0.22000", "2014-12-31": "2.48900", "2014-09-30": "0.27100", "2014-06-30": "0.40000", "2014-03-31": "-0.08000", "2013-12-31": "0.28000", "2013-09-30": "0.41000", "2013-06-30": "0.60000", "2013-03-31": "0.39000", "2012-12-31": "0.67000", "2012-09-30": "1.04000", "2012-06-30": "0.65000", "2012-03-31": "0.33000", "2011-12-31": "0.77000", "2011-09-30": "0.33000", "2011-06-30": "0.36000", "2011-03-31": "0.19000", "2010-12-31": "0.57000", "2010-09-30": "0.36000", "2010-06-30": "0.61000", "2010-03-31": "0.07000", "2009-12-31": "0.31000", "2009-09-30": "0.32000", "2009-06-30": "0.40000", "2009-03-31": "-0.06000", "2008-12-31": "-0.06000", "2008-09-30": "-0.95000", "2008-06-30": "0.03000", "2008-03-31": "0.13000", "2007-12-31": "-0.19000", "2007-09-30": "0.03000", "2007-06-30": "0.38000", "2007-03-31": "0.37000", "2006-12-31": "0.29000", "2006-09-30": "0.73000", "2006-06-30": "0.76000", "2006-03-31": "0.61000", "2005-12-31": "3.16000", "2005-09-30": "0.98000", "2005-06-30": "0.93000", "2005-03-31": "0.48000"}}, "balance sheet": {"Cash On Hand": {"2019-12-31": "1376.00000", "2018-12-31": "1257.00000", "2017-12-31": "1110.00000", "2016-12-31": "1049.00000", "2015-12-31": "780.00000", "2014-12-31": "700.00000", "2013-12-31": "1969.00000", "2012-12-31": "1132.00000", "2011-12-31": "665.70000", "2010-12-31": "580.80000", "2009-12-31": "202.10000", "2008-12-31": "315.30000", "2007-12-31": "569.56200", "2006-12-31": "676.44400", "2005-12-31": "513.39400"}, "Receivables": {"2019-12-31": "346.00000", "2018-12-31": "310.00000", "2017-12-31": "317.00000", "2016-12-31": "322.00000", "2015-12-31": "500.00000", "2014-12-31": "563.00000", "2013-12-31": "512.00000", "2012-12-31": "479.00000", "2011-12-31": "327.30000", "2010-12-31": "286.40000", "2009-12-31": "310.60000", "2008-12-31": "406.10000", "2007-12-31": "295.09400", "2006-12-31": "277.50400", "2005-12-31": "637.80800"}, "Inventory": {"2019-12-31": "", "2018-12-31": "", "2017-12-31": "", "2016-12-31": "", "2015-12-31": "", "2014-12-31": "", "2013-12-31": "", "2012-12-31": "", "2011-12-31": "", "2010-12-31": "", "2009-12-31": "", "2008-12-31": "", "2007-12-31": "", "2006-12-31": "", "2005-12-31": ""}, "Pre-Paid Expenses": {"2019-12-31": "", "2018-12-31": "", "2017-12-31": "", "2016-12-31": "", "2015-12-31": "", "2014-12-31": "", "2013-12-31": "", "2012-12-31": "", "2011-12-31": "", "2010-12-31": "", "2009-12-31": "", "2008-12-31": "", "2007-12-31": "", "2006-12-31": "", "2005-12-31": ""}, "Other Current Assets": {"2019-12-31": "", "2018-12-31": "", "2017-12-31": "", "2016-12-31": "", "2015-12-31": "", "2014-12-31": "", "2013-12-31": "", "2012-12-31": "", "2011-12-31": "", "2010-12-31": "", "2009-12-31": "", "2008-12-31": "", "2007-12-31": "", "2006-12-31": "", "2005-12-31": ""}, "Total Current Assets": {"2019-12-31": "1722.00000", "2018-12-31": "1567.00000", "2017-12-31": "1427.00000", "2016-12-31": "1371.00000", "2015-12-31": "1280.00000", "2014-12-31": "1263.00000", "2013-12-31": "2481.00000", "2012-12-31": "1611.00000", "2011-12-31": "993.00000", "2010-12-31": "867.20000", "2009-12-31": "512.70000", "2008-12-31": "721.40000", "2007-12-31": "864.65600", "2006-12-31": "953.94800", "2005-12-31": "1151.20200"}, "Property, Plant, And Equipment": {"2019-12-31": "176.00000", "2018-12-31": "164.00000", "2017-12-31": "193.00000", "2016-12-31": "192.00000", "2015-12-31": "510.00000", "2014-12-31": "635.00000", "2013-12-31": "645.00000", "2012-12-31": "628.00000", "2011-12-31": "166.10000", "2010-12-31": "179.90000", "2009-12-31": "189.80000", "2008-12-31": "307.20000", "2007-12-31": "266.15600", "2006-12-31": "254.35000", "2005-12-31": "375.15200"}, "Long-Term Investments": {"2019-12-31": "4384.00000", "2018-12-31": "3549.00000", "2017-12-31": "3371.00000", "2016-12-31": "3782.00000", "2015-12-31": "4853.00000", "2014-12-31": "4669.00000", "2013-12-31": "3791.00000", "2012-12-31": "4053.00000", "2011-12-31": "4051.70000", "2010-12-31": "4358.50000", "2009-12-31": "4685.40000", "2008-12-31": "4376.50000", "2007-12-31": "4101.82100", "2006-12-31": "4121.75100", "2005-12-31": "4564.18900"}, "Goodwill And Intangible Assets": {"2019-12-31": "3553.00000", "2018-12-31": "3644.00000", "2017-12-31": "3762.00000", "2016-12-31": "3535.00000", "2015-12-31": "6120.00000", "2014-12-31": "6224.00000", "2013-12-31": "2890.00000", "2012-12-31": "2933.00000", "2011-12-31": "1969.60000", "2010-12-31": "2016.70000", "2009-12-31": "2029.60000", "2008-12-31": "2105.80000", "2007-12-31": "1793.97600", "2006-12-31": "1574.24000", "2005-12-31": "3828.08200"}, "Other Long-Term Assets": {"2019-12-31": "432.00000", "2018-12-31": "377.00000", "2017-12-31": "398.00000", "2016-12-31": "422.00000", "2015-12-31": "1168.00000", "2014-12-31": "1054.00000", "2013-12-31": "721.00000", "2012-12-31": "678.00000", "2011-12-31": "681.70000", "2010-12-31": "433.10000", "2009-12-31": "388.00000", "2008-12-31": "718.10000", "2007-12-31": "561.24400", "2006-12-31": "355.27000", "2005-12-31": "1185.99200"}, "Total Long-Term Assets": {"2019-12-31": "8545.00000", "2018-12-31": "7734.00000", "2017-12-31": "7724.00000", "2016-12-31": "13150.00000", "2015-12-31": "12651.00000", "2014-12-31": "12582.00000", "2013-12-31": "8047.00000", "2012-12-31": "8292.00000", "2011-12-31": "6869.10000", "2010-12-31": "7020.30000", "2009-12-31": "7421.70000", "2008-12-31": "7646.80000", "2007-12-31": "6723.19700", "2006-12-31": "6305.61100", "2005-12-31": "9953.41500"}, "Total Assets": {"2019-12-31": "10677.00000", "2018-12-31": "9301.00000", "2017-12-31": "9151.00000", "2016-12-31": "14521.00000", "2015-12-31": "13931.00000", "2014-12-31": "13845.00000", "2013-12-31": "10528.00000", "2012-12-31": "9903.00000", "2011-12-31": "7862.10000", "2010-12-31": "7887.50000", "2009-12-31": "7934.40000", "2008-12-31": "8368.20000", "2007-12-31": "7587.85300", "2006-12-31": "7259.55900", "2005-12-31": "11104.62000"}, "Total Current Liabilities": {"2019-12-31": "2603.00000", "2018-12-31": "2444.00000", "2017-12-31": "2445.00000", "2016-12-31": "2420.00000", "2015-12-31": "2866.00000", "2014-12-31": "2929.00000", "2013-12-31": "2938.00000", "2012-12-31": "3056.00000", "2011-12-31": "2775.50000", "2010-12-31": "2981.30000", "2009-12-31": "3244.30000", "2008-12-31": "3577.50000", "2007-12-31": "2256.90900", "2006-12-31": "2158.32300", "2005-12-31": "2355.36600"}, "Long Term Debt": {"2019-12-31": "838.00000", "2018-12-31": "836.00000", "2017-12-31": "759.00000", "2016-12-31": "987.00000", "2015-12-31": "2793.00000", "2014-12-31": "2803.00000", "2013-12-31": "1323.00000", "2012-12-31": "1344.00000", "2011-12-31": "915.80000", "2010-12-31": "952.00000", "2009-12-31": "861.90000", "2008-12-31": "1350.80000", "2007-12-31": "1167.73900", "2006-12-31": "491.16700", "2005-12-31": "3217.01900"}, "Other Non-Current Liabilities": {"2019-12-31": "791.00000", "2018-12-31": "822.00000", "2017-12-31": "830.00000", "2016-12-31": "860.00000", "2015-12-31": "701.00000", "2014-12-31": "622.00000", "2013-12-31": "588.00000", "2012-12-31": "528.00000", "2011-12-31": "419.90000", "2010-12-31": "509.80000", "2009-12-31": "483.30000", "2008-12-31": "583.10000", "2007-12-31": "804.64000", "2006-12-31": "1036.00400", "2005-12-31": "1377.49000"}, "Total Long Term Liabilities": {"2019-12-31": "2267.00000", "2018-12-31": "2229.00000", "2017-12-31": "2239.00000", "2016-12-31": "5203.00000", "2015-12-31": "4477.00000", "2014-12-31": "4843.00000", "2013-12-31": "2055.00000", "2012-12-31": "2098.00000", "2011-12-31": "1430.70000", "2010-12-31": "1461.80000", "2009-12-31": "1345.20000", "2008-12-31": "1933.90000", "2007-12-31": "2086.85600", "2006-12-31": "1626.86800", "2005-12-31": "5469.47600"}, "Total Liabilities": {"2019-12-31": "5312.00000", "2018-12-31": "4673.00000", "2017-12-31": "4684.00000", "2016-12-31": "7623.00000", "2015-12-31": "7343.00000", "2014-12-31": "7772.00000", "2013-12-31": "4993.00000", "2012-12-31": "5154.00000", "2011-12-31": "4206.20000", "2010-12-31": "4443.10000", "2009-12-31": "4589.50000", "2008-12-31": "5511.40000", "2007-12-31": "4343.76500", "2006-12-31": "3785.19100", "2005-12-31": "7824.84200"}, "Common Stock Net": {"2019-12-31": "", "2018-12-31": "", "2017-12-31": "", "2016-12-31": "", "2015-12-31": "", "2014-12-31": "", "2013-12-31": "", "2012-12-31": "", "2011-12-31": "", "2010-12-31": "", "2009-12-31": "", "2008-12-31": "", "2007-12-31": "0.02200", "2006-12-31": "0.02200", "2005-12-31": "0.01700"}, "Retained Earnings (Accumulated Deficit)": {"2019-12-31": "1356.00000", "2018-12-31": "641.00000", "2017-12-31": "217.00000", "2016-12-31": "1784.00000", "2015-12-31": "1374.00000", "2014-12-31": "1150.00000", "2013-12-31": "1089.00000", "2012-12-31": "849.00000", "2011-12-31": "373.40000", "2010-12-31": "110.30000", "2009-12-31": "-102.40000", "2008-12-31": "-188.90000", "2007-12-31": "213.10300", "2006-12-31": "345.51600", "2005-12-31": "103.66500"}, "Comprehensive Income": {"2019-12-31": "43.00000", "2018-12-31": "-13.00000", "2017-12-31": "111.00000", "2016-12-31": "-13.00000", "2015-12-31": "-69.00000", "2014-12-31": "2.00000", "2013-12-31": "37.00000", "2012-12-31": "59.00000", "2011-12-31": "-7.10000", "2010-12-31": "12.60000", "2009-12-31": "35.60000", "2008-12-31": "-91.80000", "2007-12-31": "-16.63000", "2006-12-31": "-63.04600", "2005-12-31": "-78.86700"}, "Other Share Holders Equity": {"2019-12-31": "", "2018-12-31": "", "2017-12-31": "", "2016-12-31": "", "2015-12-31": "", "2014-12-31": "", "2013-12-31": "", "2012-12-31": "", "2011-12-31": "", "2010-12-31": "", "2009-12-31": "", "2008-12-31": "", "2007-12-31": "", "2006-12-31": "", "2005-12-31": ""}, "Share Holder Equity": {"2019-12-31": "5365.00000", "2018-12-31": "4628.00000", "2017-12-31": "4467.00000", "2016-12-31": "6898.00000", "2015-12-31": "6588.00000", "2014-12-31": "6073.00000", "2013-12-31": "5535.00000", "2012-12-31": "4749.00000", "2011-12-31": "3655.90000", "2010-12-31": "3444.40000", "2009-12-31": "3344.90000", "2008-12-31": "2856.80000", "2007-12-31": "3244.08800", "2006-12-31": "3474.36800", "2005-12-31": "3279.77500"}, "Total Liabilities And Share Holders Equity": {"2019-12-31": "10677.00000", "2018-12-31": "9301.00000", "2017-12-31": "9151.00000", "2016-12-31": "14521.00000", "2015-12-31": "13931.00000", "2014-12-31": "13845.00000", "2013-12-31": "10528.00000", "2012-12-31": "9903.00000", "2011-12-31": "7862.10000", "2010-12-31": "7887.50000", "2009-12-31": "7934.40000", "2008-12-31": "8368.20000", "2007-12-31": "7587.85300", "2006-12-31": "7259.55900", "2005-12-31": "11104.62000"}}, "balance sheet, quarterly": {"Cash On Hand": {"2020-09-30": "2871.00000", "2020-06-30": "2353.00000", "2020-03-31": "890.00000", "2019-12-31": "1376.00000", "2019-09-30": "1530.00000", "2019-06-30": "1605.00000", "2019-03-31": "1123.00000", "2018-12-31": "1257.00000", "2018-09-30": "1422.00000", "2018-06-30": "1320.00000", "2018-03-31": "960.00000", "2017-12-31": "1110.00000", "2017-09-30": "1232.00000", "2017-06-30": "1441.00000", "2017-03-31": "1302.00000", "2016-12-31": "1049.00000", "2016-09-30": "1061.00000", "2016-06-30": "1134.00000", "2016-03-31": "1083.00000", "2015-12-31": "780.00000", "2015-09-30": "1018.00000", "2015-06-30": "1383.00000", "2015-03-31": "710.00000", "2014-12-31": "700.00000", "2014-09-30": "1195.00000", "2014-06-30": "1126.00000", "2014-03-31": "539.00000", "2013-12-31": "1969.00000", "2013-09-30": "1293.00000", "2013-06-30": "1285.00000", "2013-03-31": "948.00000", "2012-12-31": "1132.00000", "2012-09-30": "1077.90000", "2012-06-30": "908.50000", "2012-03-31": "728.20000", "2011-12-31": "665.70000", "2011-09-30": "601.30000", "2011-06-30": "567.40000", "2011-03-31": "530.60000", "2010-12-31": "580.80000", "2010-09-30": "458.40000", "2010-06-30": "618.20000", "2010-03-31": "159.10000", "2009-12-31": "202.10000", "2009-09-30": "298.55200", "2009-06-30": "443.87600", "2009-03-31": "322.36700", "2008-12-31": "315.30000", "2008-09-30": "479.65600", "2008-06-30": "495.12000", "2008-03-31": "593.43900", "2007-12-31": "569.56200", "2007-09-30": "553.82000", "2007-06-30": "783.43300", "2007-03-31": "594.52200", "2006-12-31": "676.44400", "2006-09-30": "640.52100", "2006-06-30": "677.87600", "2006-03-31": "550.44700", "2005-12-31": "513.39400", "2005-09-30": "528.32300", "2005-06-30": "", "2005-03-31": ""}, "Receivables": {"2020-09-30": "3523.00000", "2020-06-30": "3516.00000", "2020-03-31": "322.00000", "2019-12-31": "346.00000", "2019-09-30": "388.00000", "2019-06-30": "361.00000", "2019-03-31": "396.00000", "2018-12-31": "310.00000", "2018-09-30": "314.00000", "2018-06-30": "338.00000", "2018-03-31": "313.00000", "2017-12-31": "317.00000", "2017-09-30": "345.00000", "2017-06-30": "547.00000", "2017-03-31": "517.00000", "2016-12-31": "322.00000", "2016-09-30": "547.00000", "2016-06-30": "533.00000", "2016-03-31": "487.00000", "2015-12-31": "500.00000", "2015-09-30": "562.00000", "2015-06-30": "574.00000", "2015-03-31": "549.00000", "2014-12-31": "563.00000", "2014-09-30": "749.00000", "2014-06-30": "742.00000", "2014-03-31": "752.00000", "2013-12-31": "512.00000", "2013-09-30": "493.00000", "2013-06-30": "490.00000", "2013-03-31": "467.00000", "2012-12-31": "479.00000", "2012-09-30": "474.60000", "2012-06-30": "368.20000", "2012-03-31": "330.10000", "2011-12-31": "327.30000", "2011-09-30": "271.70000", "2011-06-30": "266.20000", "2011-03-31": "247.50000", "2010-12-31": "286.40000", "2010-09-30": "273.40000", "2010-06-30": "264.20000", "2010-03-31": "302.40000", "2009-12-31": "310.60000", "2009-09-30": "267.46000", "2009-06-30": "301.48200", "2009-03-31": "331.54800", "2008-12-31": "406.10000", "2008-09-30": "402.88800", "2008-06-30": "297.12100", "2008-03-31": "286.60300", "2007-12-31": "295.09400", "2007-09-30": "254.94400", "2007-06-30": "245.40400", "2007-03-31": "250.72200", "2006-12-31": "277.50400", "2006-09-30": "208.03100", "2006-06-30": "202.18200", "2006-03-31": "204.22500", "2005-12-31": "637.80800", "2005-09-30": "248.75800", "2005-06-30": "", "2005-03-31": ""}, "Inventory": {"2020-09-30": "", "2020-06-30": "", "2020-03-31": "", "2019-12-31": "", "2019-09-30": "", "2019-06-30": "", "2019-03-31": "", "2018-12-31": "", "2018-09-30": "", "2018-06-30": "", "2018-03-31": "", "2017-12-31": "", "2017-09-30": "", "2017-06-30": "", "2017-03-31": "", "2016-12-31": "", "2016-09-30": "", "2016-06-30": "", "2016-03-31": "", "2015-12-31": "", "2015-09-30": "", "2015-06-30": "", "2015-03-31": "", "2014-12-31": "", "2014-09-30": "", "2014-06-30": "", "2014-03-31": "", "2013-12-31": "", "2013-09-30": "", "2013-06-30": "", "2013-03-31": "", "2012-12-31": "", "2012-09-30": "", "2012-06-30": "", "2012-03-31": "", "2011-12-31": "", "2011-09-30": "", "2011-06-30": "", "2011-03-31": "", "2010-12-31": "", "2010-09-30": "", "2010-06-30": "", "2010-03-31": "", "2009-12-31": "", "2009-09-30": "", "2009-06-30": "", "2009-03-31": "", "2008-12-31": "", "2008-09-30": "", "2008-06-30": "", "2008-03-31": "", "2007-12-31": "", "2007-09-30": "", "2007-06-30": "", "2007-03-31": "", "2006-12-31": "", "2006-09-30": "", "2006-06-30": "", "2006-03-31": "", "2005-12-31": "", "2005-09-30": "", "2005-06-30": "", "2005-03-31": ""}, "Pre-Paid Expenses": {"2020-09-30": "", "2020-06-30": "", "2020-03-31": "", "2019-12-31": "", "2019-09-30": "", "2019-06-30": "", "2019-03-31": "", "2018-12-31": "", "2018-09-30": "", "2018-06-30": "", "2018-03-31": "", "2017-12-31": "", "2017-09-30": "", "2017-06-30": "", "2017-03-31": "", "2016-12-31": "", "2016-09-30": "", "2016-06-30": "", "2016-03-31": "", "2015-12-31": "", "2015-09-30": "", "2015-06-30": "", "2015-03-31": "", "2014-12-31": "", "2014-09-30": "", "2014-06-30": "", "2014-03-31": "", "2013-12-31": "", "2013-09-30": "", "2013-06-30": "", "2013-03-31": "", "2012-12-31": "", "2012-09-30": "", "2012-06-30": "", "2012-03-31": "", "2011-12-31": "", "2011-09-30": "", "2011-06-30": "", "2011-03-31": "", "2010-12-31": "", "2010-09-30": "", "2010-06-30": "", "2010-03-31": "", "2009-12-31": "", "2009-09-30": "", "2009-06-30": "", "2009-03-31": "", "2008-12-31": "", "2008-09-30": "", "2008-06-30": "", "2008-03-31": "", "2007-12-31": "", "2007-09-30": "", "2007-06-30": "", "2007-03-31": "", "2006-12-31": "", "2006-09-30": "", "2006-06-30": "", "2006-03-31": "", "2005-12-31": "", "2005-09-30": "", "2005-06-30": "", "2005-03-31": ""}, "Other Current Assets": {"2020-09-30": "", "2020-06-30": "", "2020-03-31": "", "2019-12-31": "", "2019-09-30": "", "2019-06-30": "", "2019-03-31": "", "2018-12-31": "", "2018-09-30": "", "2018-06-30": "", "2018-03-31": "", "2017-12-31": "", "2017-09-30": "", "2017-06-30": "", "2017-03-31": "", "2016-12-31": "", "2016-09-30": "", "2016-06-30": "", "2016-03-31": "", "2015-12-31": "", "2015-09-30": "", "2015-06-30": "", "2015-03-31": "", "2014-12-31": "", "2014-09-30": "", "2014-06-30": "", "2014-03-31": "", "2013-12-31": "", "2013-09-30": "", "2013-06-30": "", "2013-03-31": "", "2012-12-31": "", "2012-09-30": "", "2012-06-30": "", "2012-03-31": "", "2011-12-31": "", "2011-09-30": "", "2011-06-30": "", "2011-03-31": "", "2010-12-31": "", "2010-09-30": "", "2010-06-30": "", "2010-03-31": "", "2009-12-31": "", "2009-09-30": "", "2009-06-30": "", "2009-03-31": "", "2008-12-31": "", "2008-09-30": "", "2008-06-30": "", "2008-03-31": "", "2007-12-31": "", "2007-09-30": "", "2007-06-30": "", "2007-03-31": "", "2006-12-31": "", "2006-09-30": "", "2006-06-30": "", "2006-03-31": "", "2005-12-31": "", "2005-09-30": "", "2005-06-30": "", "2005-03-31": ""}, "Total Current Assets": {"2020-09-30": "6394.00000", "2020-06-30": "5869.00000", "2020-03-31": "1212.00000", "2019-12-31": "1722.00000", "2019-09-30": "1918.00000", "2019-06-30": "1966.00000", "2019-03-31": "1519.00000", "2018-12-31": "1567.00000", "2018-09-30": "1736.00000", "2018-06-30": "1658.00000", "2018-03-31": "1273.00000", "2017-12-31": "1427.00000", "2017-09-30": "1577.00000", "2017-06-30": "1988.00000", "2017-03-31": "1819.00000", "2016-12-31": "1371.00000", "2016-09-30": "1608.00000", "2016-06-30": "1667.00000", "2016-03-31": "1570.00000", "2015-12-31": "1280.00000", "2015-09-30": "1580.00000", "2015-06-30": "1957.00000", "2015-03-31": "1259.00000", "2014-12-31": "1263.00000", "2014-09-30": "1944.00000", "2014-06-30": "1868.00000", "2014-03-31": "1291.00000", "2013-12-31": "2481.00000", "2013-09-30": "1786.00000", "2013-06-30": "1775.00000", "2013-03-31": "1415.00000", "2012-12-31": "1611.00000", "2012-09-30": "1552.50000", "2012-06-30": "1276.70000", "2012-03-31": "1058.30000", "2011-12-31": "993.00000", "2011-09-30": "873.00000", "2011-06-30": "833.60000", "2011-03-31": "778.10000", "2010-12-31": "867.20000", "2010-09-30": "731.80000", "2010-06-30": "882.40000", "2010-03-31": "461.50000", "2009-12-31": "512.70000", "2009-09-30": "566.01200", "2009-06-30": "745.35800", "2009-03-31": "653.91500", "2008-12-31": "721.40000", "2008-09-30": "882.54400", "2008-06-30": "792.24100", "2008-03-31": "880.04200", "2007-12-31": "864.65600", "2007-09-30": "808.76400", "2007-06-30": "1028.83700", "2007-03-31": "845.24400", "2006-12-31": "953.94800", "2006-09-30": "848.55200", "2006-06-30": "880.05800", "2006-03-31": "754.67200", "2005-12-31": "1151.20200", "2005-09-30": "777.08100", "2005-06-30": "", "2005-03-31": ""}, "Property, Plant, And Equipment": {"2020-09-30": "178.00000", "2020-06-30": "173.00000", "2020-03-31": "175.00000", "2019-12-31": "176.00000", "2019-09-30": "171.00000", "2019-06-30": "168.00000", "2019-03-31": "164.00000", "2018-12-31": "164.00000", "2018-09-30": "164.00000", "2018-06-30": "177.00000", "2018-03-31": "177.00000", "2017-12-31": "193.00000", "2017-09-30": "428.00000", "2017-06-30": "594.00000", "2017-03-31": "606.00000", "2016-12-31": "192.00000", "2016-09-30": "610.00000", "2016-06-30": "607.00000", "2016-03-31": "541.00000", "2015-12-31": "510.00000", "2015-09-30": "487.00000", "2015-06-30": "555.00000", "2015-03-31": "568.00000", "2014-12-31": "635.00000", "2014-09-30": "775.00000", "2014-06-30": "773.00000", "2014-03-31": "776.00000", "2013-12-31": "645.00000", "2013-09-30": "652.00000", "2013-06-30": "633.00000", "2013-03-31": "624.00000", "2012-12-31": "628.00000", "2012-09-30": "621.30000", "2012-06-30": "440.70000", "2012-03-31": "165.50000", "2011-12-31": "166.10000", "2011-09-30": "170.70000", "2011-06-30": "176.30000", "2011-03-31": "178.70000", "2010-12-31": "179.90000", "2010-09-30": "177.70000", "2010-06-30": "179.30000", "2010-03-31": "175.70000", "2009-12-31": "189.80000", "2009-09-30": "199.33800", "2009-06-30": "287.55700", "2009-03-31": "295.74500", "2008-12-31": "307.20000", "2008-09-30": "260.18400", "2008-06-30": "247.80400", "2008-03-31": "250.57900", "2007-12-31": "266.15600", "2007-09-30": "275.38200", "2007-06-30": "270.02100", "2007-03-31": "268.24400", "2006-12-31": "254.35000", "2006-09-30": "140.77100", "2006-06-30": "147.79500", "2006-03-31": "152.05800", "2005-12-31": "375.15200", "2005-09-30": "158.25400", "2005-06-30": "", "2005-03-31": ""}, "Long-Term Investments": {"2020-09-30": "32227.00000", "2020-06-30": "30968.00000", "2020-03-31": "4488.00000", "2019-12-31": "4384.00000", "2019-09-30": "3902.00000", "2019-06-30": "3629.00000", "2019-03-31": "3493.00000", "2018-12-31": "3549.00000", "2018-09-30": "3423.00000", "2018-06-30": "3277.00000", "2018-03-31": "3411.00000", "2017-12-31": "3371.00000", "2017-09-30": "4130.00000", "2017-06-30": "4114.00000", "2017-03-31": "4020.00000", "2016-12-31": "3782.00000", "2016-09-30": "4475.00000", "2016-06-30": "4696.00000", "2016-03-31": "4575.00000", "2015-12-31": "4853.00000", "2015-09-30": "4687.00000", "2015-06-30": "4522.00000", "2015-03-31": "4541.00000", "2014-12-31": "4669.00000", "2014-09-30": "3863.00000", "2014-06-30": "3970.00000", "2014-03-31": "4205.00000", "2013-12-31": "3791.00000", "2013-09-30": "3959.00000", "2013-06-30": "3981.00000", "2013-03-31": "4041.00000", "2012-12-31": "4053.00000", "2012-09-30": "4038.90000", "2012-06-30": "4120.00000", "2012-03-31": "4099.60000", "2011-12-31": "4051.70000", "2011-09-30": "4423.70000", "2011-06-30": "4413.40000", "2011-03-31": "4346.60000", "2010-12-31": "4358.50000", "2010-09-30": "4456.50000", "2010-06-30": "4310.70000", "2010-03-31": "4619.20000", "2009-12-31": "4685.40000", "2009-09-30": "4690.35900", "2009-06-30": "4422.09600", "2009-03-31": "4321.90300", "2008-12-31": "4376.50000", "2008-09-30": "3716.61900", "2008-06-30": "3767.37400", "2008-03-31": "3938.94100", "2007-12-31": "4101.82100", "2007-09-30": "3780.44400", "2007-06-30": "4047.48200", "2007-03-31": "3895.00500", "2006-12-31": "4121.75100", "2006-09-30": "3382.42500", "2006-06-30": "3420.41200", "2006-03-31": "3234.92800", "2005-12-31": "4564.18900", "2005-09-30": "3344.81100", "2005-06-30": "", "2005-03-31": ""}, "Goodwill And Intangible Assets": {"2020-09-30": "7167.00000", "2020-06-30": "7291.00000", "2020-03-31": "3526.00000", "2019-12-31": "3553.00000", "2019-09-30": "3577.00000", "2019-06-30": "3602.00000", "2019-03-31": "3626.00000", "2018-12-31": "3644.00000", "2018-09-30": "3639.00000", "2018-06-30": "3726.00000", "2018-03-31": "3745.00000", "2017-12-31": "3762.00000", "2017-09-30": "3773.00000", "2017-06-30": "6261.00000", "2017-03-31": "6490.00000", "2016-12-31": "3535.00000", "2016-09-30": "6462.00000", "2016-06-30": "6236.00000", "2016-03-31": "6091.00000", "2015-12-31": "6120.00000", "2015-09-30": "6135.00000", "2015-06-30": "6205.00000", "2015-03-31": "6252.00000", "2014-12-31": "6224.00000", "2014-09-30": "6847.00000", "2014-06-30": "6829.00000", "2014-03-31": "6819.00000", "2013-12-31": "2890.00000", "2013-09-30": "2911.00000", "2013-06-30": "2900.00000", "2013-03-31": "2904.00000", "2012-12-31": "2933.00000", "2012-09-30": "2809.90000", "2012-06-30": "2184.80000", "2012-03-31": "1975.70000", "2011-12-31": "1969.60000", "2011-09-30": "2008.40000", "2011-06-30": "2006.70000", "2011-03-31": "2010.70000", "2010-12-31": "2016.70000", "2010-09-30": "2034.50000", "2010-06-30": "2009.70000", "2010-03-31": "2015.40000", "2009-12-31": "2029.60000", "2009-09-30": "2121.56100", "2009-06-30": "2100.35100", "2009-03-31": "2096.84000", "2008-12-31": "2105.80000", "2008-09-30": "1791.81600", "2008-06-30": "1780.12400", "2008-03-31": "1784.87300", "2007-12-31": "1793.97600", "2007-09-30": "1804.00700", "2007-06-30": "1617.68900", "2007-03-31": "1621.05600", "2006-12-31": "1574.24000", "2006-09-30": "1422.30900", "2006-06-30": "1366.35500", "2006-03-31": "1364.00500", "2005-12-31": "3828.08200", "2005-09-30": "1378.90200", "2005-06-30": "", "2005-03-31": ""}, "Other Long-Term Assets": {"2020-09-30": "910.00000", "2020-06-30": "805.00000", "2020-03-31": "397.00000", "2019-12-31": "432.00000", "2019-09-30": "455.00000", "2019-06-30": "422.00000", "2019-03-31": "446.00000", "2018-12-31": "377.00000", "2018-09-30": "409.00000", "2018-06-30": "416.00000", "2018-03-31": "412.00000", "2017-12-31": "398.00000", "2017-09-30": "593.00000", "2017-06-30": "1245.00000", "2017-03-31": "1243.00000", "2016-12-31": "422.00000", "2016-09-30": "1231.00000", "2016-06-30": "1232.00000", "2016-03-31": "1166.00000", "2015-12-31": "1168.00000", "2015-09-30": "1147.00000", "2015-06-30": "1158.00000", "2015-03-31": "1101.00000", "2014-12-31": "1054.00000", "2014-09-30": "1346.00000", "2014-06-30": "1403.00000", "2014-03-31": "1596.00000", "2013-12-31": "721.00000", "2013-09-30": "769.00000", "2013-06-30": "726.00000", "2013-03-31": "698.00000", "2012-12-31": "678.00000", "2012-09-30": "713.30000", "2012-06-30": "490.80000", "2012-03-31": "703.00000", "2011-12-31": "681.70000", "2011-09-30": "401.90000", "2011-06-30": "405.30000", "2011-03-31": "452.10000", "2010-12-31": "433.10000", "2010-09-30": "412.20000", "2010-06-30": "416.30000", "2010-03-31": "398.20000", "2009-12-31": "388.00000", "2009-09-30": "393.29700", "2009-06-30": "688.65800", "2009-03-31": "676.28900", "2008-12-31": "718.10000", "2008-09-30": "662.70100", "2008-06-30": "660.59300", "2008-03-31": "620.91300", "2007-12-31": "561.24400", "2007-09-30": "557.87400", "2007-06-30": "401.89100", "2007-03-31": "386.02700", "2006-12-31": "355.27000", "2006-09-30": "362.48700", "2006-06-30": "385.04600", "2006-03-31": "391.81300", "2005-12-31": "1185.99200", "2005-09-30": "349.90300", "2005-06-30": "", "2005-03-31": ""}, "Total Long-Term Assets": {"2020-09-30": "43100.00000", "2020-06-30": "41739.00000", "2020-03-31": "8586.00000", "2019-12-31": "8545.00000", "2019-09-30": "8105.00000", "2019-06-30": "7821.00000", "2019-03-31": "7729.00000", "2018-12-31": "7734.00000", "2018-09-30": "7635.00000", "2018-06-30": "7596.00000", "2018-03-31": "7745.00000", "2017-12-31": "7724.00000", "2017-09-30": "8924.00000", "2017-06-30": "12214.00000", "2017-03-31": "12359.00000", "2016-12-31": "13150.00000", "2016-09-30": "12778.00000", "2016-06-30": "12771.00000", "2016-03-31": "12373.00000", "2015-12-31": "12651.00000", "2015-09-30": "12456.00000", "2015-06-30": "12440.00000", "2015-03-31": "12462.00000", "2014-12-31": "12582.00000", "2014-09-30": "12831.00000", "2014-06-30": "12975.00000", "2014-03-31": "13396.00000", "2013-12-31": "8047.00000", "2013-09-30": "8291.00000", "2013-06-30": "8240.00000", "2013-03-31": "8267.00000", "2012-12-31": "8292.00000", "2012-09-30": "8183.39900", "2012-06-30": "7236.30000", "2012-03-31": "6943.80000", "2011-12-31": "6869.10000", "2011-09-30": "7004.70000", "2011-06-30": "7001.69900", "2011-03-31": "7022.70000", "2010-12-31": "7020.30000", "2010-09-30": "7147.20000", "2010-06-30": "7032.90000", "2010-03-31": "7331.90000", "2009-12-31": "7421.70000", "2009-09-30": "7517.96300", "2009-06-30": "7588.82400", "2009-03-31": "7512.32800", "2008-12-31": "7646.80000", "2008-09-30": "6431.32000", "2008-06-30": "6455.89500", "2008-03-31": "6595.30600", "2007-12-31": "6723.19700", "2007-09-30": "6417.70700", "2007-06-30": "6337.08300", "2007-03-31": "6170.33200", "2006-12-31": "6305.61100", "2006-09-30": "5307.99200", "2006-06-30": "5319.60800", "2006-03-31": "5142.80400", "2005-12-31": "9953.41500", "2005-09-30": "5231.87000", "2005-06-30": "", "2005-03-31": ""}, "Total Assets": {"2020-09-30": "49885.00000", "2020-06-30": "48001.00000", "2020-03-31": "10204.00000", "2019-12-31": "10677.00000", "2019-09-30": "10419.00000", "2019-06-30": "10189.00000", "2019-03-31": "9647.00000", "2018-12-31": "9301.00000", "2018-09-30": "9371.00000", "2018-06-30": "9254.00000", "2018-03-31": "9018.00000", "2017-12-31": "9151.00000", "2017-09-30": "10501.00000", "2017-06-30": "14202.00000", "2017-03-31": "14178.00000", "2016-12-31": "14521.00000", "2016-09-30": "14386.00000", "2016-06-30": "14438.00000", "2016-03-31": "13943.00000", "2015-12-31": "13931.00000", "2015-09-30": "14036.00000", "2015-06-30": "14397.00000", "2015-03-31": "13721.00000", "2014-12-31": "13845.00000", "2014-09-30": "14775.00000", "2014-06-30": "14843.00000", "2014-03-31": "14687.00000", "2013-12-31": "10528.00000", "2013-09-30": "10077.00000", "2013-06-30": "10015.00000", "2013-03-31": "9682.00000", "2012-12-31": "9903.00000", "2012-09-30": "9735.90000", "2012-06-30": "8513.00000", "2012-03-31": "8002.10000", "2011-12-31": "7862.10000", "2011-09-30": "7877.70000", "2011-06-30": "7835.30000", "2011-03-31": "7800.80000", "2010-12-31": "7887.50000", "2010-09-30": "7879.00000", "2010-06-30": "7915.30000", "2010-03-31": "7793.40000", "2009-12-31": "7934.40000", "2009-09-30": "8083.97500", "2009-06-30": "8334.18100", "2009-03-31": "8166.24300", "2008-12-31": "8368.20000", "2008-09-30": "7313.86400", "2008-06-30": "7248.13600", "2008-03-31": "7475.34800", "2007-12-31": "7587.85300", "2007-09-30": "7226.47100", "2007-06-30": "7365.92000", "2007-03-31": "7015.57600", "2006-12-31": "7259.55900", "2006-09-30": "6156.54400", "2006-06-30": "6199.66600", "2006-03-31": "5897.47600", "2005-12-31": "11104.62000", "2005-09-30": "6008.95100", "2005-06-30": "0.00000", "2005-03-31": "0.00000"}, "Total Current Liabilities": {"2020-09-30": "36075.00000", "2020-06-30": "35200.00000", "2020-03-31": "2382.00000", "2019-12-31": "2603.00000", "2019-09-30": "2505.00000", "2019-06-30": "2405.00000", "2019-03-31": "2282.00000", "2018-12-31": "2444.00000", "2018-09-30": "2384.00000", "2018-06-30": "2399.00000", "2018-03-31": "2282.00000", "2017-12-31": "2445.00000", "2017-09-30": "2546.00000", "2017-06-30": "2786.00000", "2017-03-31": "2702.00000", "2016-12-31": "2420.00000", "2016-09-30": "2908.00000", "2016-06-30": "2848.00000", "2016-03-31": "2775.00000", "2015-12-31": "2866.00000", "2015-09-30": "2913.00000", "2015-06-30": "2925.00000", "2015-03-31": "2818.00000", "2014-12-31": "2929.00000", "2014-09-30": "3208.00000", "2014-06-30": "3184.00000", "2014-03-31": "3154.00000", "2013-12-31": "2938.00000", "2013-09-30": "2992.00000", "2013-06-30": "3004.00000", "2013-03-31": "2935.00000", "2012-12-31": "3056.00000", "2012-09-30": "3063.50000", "2012-06-30": "2730.50000", "2012-03-31": "2613.80000", "2011-12-31": "2775.50000", "2011-09-30": "2699.50000", "2011-06-30": "2763.40000", "2011-03-31": "2862.30000", "2010-12-31": "2981.30000", "2010-09-30": "3032.10000", "2010-06-30": "3063.60000", "2010-03-31": "3087.10000", "2009-12-31": "3244.30000", "2009-09-30": "3386.55600", "2009-06-30": "3530.19900", "2009-03-31": "3524.30700", "2008-12-31": "3577.50000", "2008-09-30": "2335.05900", "2008-06-30": "2079.88200", "2008-03-31": "2131.17600", "2007-12-31": "2256.90900", "2007-09-30": "2172.01600", "2007-06-30": "2149.85900", "2007-03-31": "2024.23200", "2006-12-31": "2158.32300", "2006-09-30": "1987.39700", "2006-06-30": "1949.75700", "2006-03-31": "1828.04700", "2005-12-31": "2355.36600", "2005-09-30": "1859.00700", "2005-06-30": "", "2005-03-31": ""}, "Long Term Debt": {"2020-09-30": "2664.00000", "2020-06-30": "2430.00000", "2020-03-31": "839.00000", "2019-12-31": "838.00000", "2019-09-30": "838.00000", "2019-06-30": "838.00000", "2019-03-31": "837.00000", "2018-12-31": "836.00000", "2018-09-30": "836.00000", "2018-06-30": "734.00000", "2018-03-31": "748.00000", "2017-12-31": "759.00000", "2017-09-30": "890.00000", "2017-06-30": "2438.00000", "2017-03-31": "2722.00000", "2016-12-31": "987.00000", "2016-09-30": "2754.00000", "2016-06-30": "2785.00000", "2016-03-31": "2742.00000", "2015-12-31": "2793.00000", "2015-09-30": "2811.00000", "2015-06-30": "2829.00000", "2015-03-31": "2906.00000", "2014-12-31": "2803.00000", "2014-09-30": "3240.00000", "2014-06-30": "3343.00000", "2014-03-31": "3344.00000", "2013-12-31": "1323.00000", "2013-09-30": "1348.00000", "2013-06-30": "1345.00000", "2013-03-31": "1354.00000", "2012-12-31": "1344.00000", "2012-09-30": "1350.70000", "2012-06-30": "952.40000", "2012-03-31": "1066.50000", "2011-12-31": "915.80000", "2011-09-30": "1015.10000", "2011-06-30": "951.80000", "2011-03-31": "952.00000", "2010-12-31": "952.00000", "2010-09-30": "802.00000", "2010-06-30": "752.60000", "2010-03-31": "861.70000", "2009-12-31": "861.90000", "2009-09-30": "867.97100", "2009-06-30": "1088.11500", "2009-03-31": "1304.49600", "2008-12-31": "1350.80000", "2008-09-30": "1356.02300", "2008-06-30": "1196.90700", "2008-03-31": "1182.29900", "2007-12-31": "1167.73900", "2007-09-30": "643.83700", "2007-06-30": "505.23000", "2007-03-31": "502.13200", "2006-12-31": "491.16700", "2006-09-30": "572.95800", "2006-06-30": "573.19700", "2006-03-31": "599.09400", "2005-12-31": "3217.01900", "2005-09-30": "657.07600", "2005-06-30": "", "2005-03-31": ""}, "Other Non-Current Liabilities": {"2020-09-30": "829.00000", "2020-06-30": "735.00000", "2020-03-31": "826.00000", "2019-12-31": "791.00000", "2019-09-30": "890.00000", "2019-06-30": "912.00000", "2019-03-31": "709.00000", "2018-12-31": "822.00000", "2018-09-30": "835.00000", "2018-06-30": "897.00000", "2018-03-31": "825.00000", "2017-12-31": "830.00000", "2017-09-30": "923.00000", "2017-06-30": "892.00000", "2017-03-31": "748.00000", "2016-12-31": "860.00000", "2016-09-30": "922.00000", "2016-06-30": "1102.00000", "2016-03-31": "840.00000", "2015-12-31": "701.00000", "2015-09-30": "684.00000", "2015-06-30": "784.00000", "2015-03-31": "667.00000", "2014-12-31": "622.00000", "2014-09-30": "722.00000", "2014-06-30": "701.00000", "2014-03-31": "507.00000", "2013-12-31": "588.00000", "2013-09-30": "644.00000", "2013-06-30": "653.00000", "2013-03-31": "468.00000", "2012-12-31": "528.00000", "2012-09-30": "528.00000", "2012-06-30": "561.70000", "2012-03-31": "433.00000", "2011-12-31": "419.90000", "2011-09-30": "604.50000", "2011-06-30": "571.90000", "2011-03-31": "520.70000", "2010-12-31": "509.80000", "2010-09-30": "566.20000", "2010-06-30": "630.20000", "2010-03-31": "522.80000", "2009-12-31": "483.30000", "2009-09-30": "549.86500", "2009-06-30": "582.67700", "2009-03-31": "582.95400", "2008-12-31": "583.10000", "2008-09-30": "709.65800", "2008-06-30": "757.19300", "2008-03-31": "811.31300", "2007-12-31": "804.64000", "2007-09-30": "837.97300", "2007-06-30": "1003.14700", "2007-03-31": "884.14900", "2006-12-31": "1036.00400", "2006-09-30": "903.05600", "2006-06-30": "1059.16400", "2006-03-31": "867.89400", "2005-12-31": "1377.49000", "2005-09-30": "1013.86200", "2005-06-30": "", "2005-03-31": ""}, "Total Long Term Liabilities": {"2020-09-30": "6198.00000", "2020-06-30": "6022.00000", "2020-03-31": "2267.00000", "2019-12-31": "2267.00000", "2019-09-30": "2371.00000", "2019-06-30": "2404.00000", "2019-03-31": "2181.00000", "2018-12-31": "2229.00000", "2018-09-30": "2299.00000", "2018-06-30": "2226.00000", "2018-03-31": "2257.00000", "2017-12-31": "2239.00000", "2017-09-30": "2586.00000", "2017-06-30": "4497.00000", "2017-03-31": "4586.00000", "2016-12-31": "5203.00000", "2016-09-30": "4714.00000", "2016-06-30": "4921.00000", "2016-03-31": "4593.00000", "2015-12-31": "4477.00000", "2015-09-30": "4518.00000", "2015-06-30": "4705.00000", "2015-03-31": "4996.00000", "2014-12-31": "4843.00000", "2014-09-30": "5224.00000", "2014-06-30": "5290.00000", "2014-03-31": "5257.00000", "2013-12-31": "2055.00000", "2013-09-30": "2145.00000", "2013-06-30": "2177.00000", "2013-03-31": "1974.00000", "2012-12-31": "2098.00000", "2012-09-30": "2056.20000", "2012-06-30": "1729.70000", "2012-03-31": "1630.00000", "2011-12-31": "1430.70000", "2011-09-30": "1664.50000", "2011-06-30": "1539.70000", "2011-03-31": "1486.80000", "2010-12-31": "1461.80000", "2010-09-30": "1368.90000", "2010-06-30": "1434.00000", "2010-03-31": "1384.50000", "2009-12-31": "1345.20000", "2009-09-30": "1448.47600", "2009-06-30": "1670.79200", "2009-03-31": "1887.45000", "2008-12-31": "1933.90000", "2008-09-30": "2158.05700", "2008-06-30": "2058.59300", "2008-03-31": "2113.09800", "2007-12-31": "2086.85600", "2007-09-30": "1630.39600", "2007-06-30": "1661.63500", "2007-03-31": "1497.57100", "2006-12-31": "1626.86800", "2006-09-30": "1533.17800", "2006-06-30": "1698.73100", "2006-03-31": "1563.70100", "2005-12-31": "5469.47600", "2005-09-30": "1753.27500", "2005-06-30": "", "2005-03-31": ""}, "Total Liabilities": {"2020-09-30": "42703.00000", "2020-06-30": "41652.00000", "2020-03-31": "5088.00000", "2019-12-31": "5312.00000", "2019-09-30": "5298.00000", "2019-06-30": "5237.00000", "2019-03-31": "4882.00000", "2018-12-31": "4673.00000", "2018-09-30": "4683.00000", "2018-06-30": "4625.00000", "2018-03-31": "4539.00000", "2017-12-31": "4684.00000", "2017-09-30": "5132.00000", "2017-06-30": "7283.00000", "2017-03-31": "7288.00000", "2016-12-31": "7623.00000", "2016-09-30": "7622.00000", "2016-06-30": "7769.00000", "2016-03-31": "7368.00000", "2015-12-31": "7343.00000", "2015-09-30": "7431.00000", "2015-06-30": "7630.00000", "2015-03-31": "7814.00000", "2014-12-31": "7772.00000", "2014-09-30": "8432.00000", "2014-06-30": "8474.00000", "2014-03-31": "8411.00000", "2013-12-31": "4993.00000", "2013-09-30": "5137.00000", "2013-06-30": "5181.00000", "2013-03-31": "4909.00000", "2012-12-31": "5154.00000", "2012-09-30": "5119.70000", "2012-06-30": "4460.20000", "2012-03-31": "4243.80000", "2011-12-31": "4206.20000", "2011-09-30": "4364.00000", "2011-06-30": "4303.10000", "2011-03-31": "4349.10000", "2010-12-31": "4443.10000", "2010-09-30": "4401.00000", "2010-06-30": "4497.60000", "2010-03-31": "4471.60000", "2009-12-31": "4589.50000", "2009-09-30": "4835.03200", "2009-06-30": "5200.99100", "2009-03-31": "5411.75700", "2008-12-31": "5511.40000", "2008-09-30": "4493.11600", "2008-06-30": "4138.47500", "2008-03-31": "4244.27400", "2007-12-31": "4343.76500", "2007-09-30": "3802.41200", "2007-06-30": "3811.49400", "2007-03-31": "3521.80300", "2006-12-31": "3785.19100", "2006-09-30": "3520.57500", "2006-06-30": "3648.48800", "2006-03-31": "3391.74800", "2005-12-31": "7824.84200", "2005-09-30": "3612.28200", "2005-06-30": "", "2005-03-31": ""}, "Common Stock Net": {"2020-09-30": "", "2020-06-30": "", "2020-03-31": "", "2019-12-31": "", "2019-09-30": "", "2019-06-30": "", "2019-03-31": "", "2018-12-31": "", "2018-09-30": "", "2018-06-30": "", "2018-03-31": "", "2017-12-31": "", "2017-09-30": "", "2017-06-30": "", "2017-03-31": "", "2016-12-31": "", "2016-09-30": "", "2016-06-30": "", "2016-03-31": "", "2015-12-31": "", "2015-09-30": "", "2015-06-30": "", "2015-03-31": "", "2014-12-31": "", "2014-09-30": "", "2014-06-30": "", "2014-03-31": "", "2013-12-31": "", "2013-09-30": "", "2013-06-30": "", "2013-03-31": "", "2012-12-31": "", "2012-09-30": "", "2012-06-30": "", "2012-03-31": "", "2011-12-31": "", "2011-09-30": "", "2011-06-30": "", "2011-03-31": "", "2010-12-31": "", "2010-09-30": "", "2010-06-30": "", "2010-03-31": "", "2009-12-31": "", "2009-09-30": "0.02500", "2009-06-30": "0.02500", "2009-03-31": "0.02300", "2008-12-31": "", "2008-09-30": "0.02200", "2008-06-30": "0.02200", "2008-03-31": "0.02200", "2007-12-31": "0.02200", "2007-09-30": "0.02200", "2007-06-30": "0.02200", "2007-03-31": "0.02200", "2006-12-31": "0.02200", "2006-09-30": "0.01700", "2006-06-30": "0.01700", "2006-03-31": "0.01700", "2005-12-31": "0.01700", "2005-09-30": "", "2005-06-30": "", "2005-03-31": ""}, "Retained Earnings (Accumulated Deficit)": {"2020-09-30": "1698.00000", "2020-06-30": "1417.00000", "2020-03-31": "1204.00000", "2019-12-31": "1356.00000", "2019-09-30": "1107.00000", "2019-06-30": "942.00000", "2019-03-31": "762.00000", "2018-12-31": "641.00000", "2018-09-30": "681.00000", "2018-06-30": "529.00000", "2018-03-31": "360.00000", "2017-12-31": "217.00000", "2017-09-30": "1289.00000", "2017-06-30": "2016.00000", "2017-03-31": "1788.00000", "2016-12-31": "1784.00000", "2016-09-30": "1629.00000", "2016-06-30": "1530.00000", "2016-03-31": "1390.00000", "2015-12-31": "1374.00000", "2015-09-30": "1294.00000", "2015-06-30": "1300.00000", "2015-03-31": "1183.00000", "2014-12-31": "1150.00000", "2014-09-30": "1130.00000", "2014-06-30": "1089.00000", "2014-03-31": "1024.00000", "2013-12-31": "1089.00000", "2013-09-30": "1065.00000", "2013-06-30": "1005.00000", "2013-03-31": "902.00000", "2012-12-31": "849.00000", "2012-09-30": "734.20000", "2012-06-30": "532.30000", "2012-03-31": "416.70000", "2011-12-31": "373.40000", "2011-09-30": "226.80000", "2011-06-30": "179.00000", "2011-03-31": "125.90000", "2010-12-31": "110.30000", "2010-09-30": "20.10000", "2010-06-30": "-22.10000", "2010-03-31": "-120.40000", "2009-12-31": "-102.40000", "2009-09-30": "-138.06300", "2009-06-30": "-176.86600", "2009-03-31": "-233.70400", "2008-12-31": "-188.90000", "2008-09-30": "-142.30300", "2008-06-30": "119.34400", "2008-03-31": "176.19300", "2007-12-31": "213.10300", "2007-09-30": "322.21600", "2007-06-30": "381.74000", "2007-03-31": "363.16000", "2006-12-31": "345.51600", "2006-09-30": "230.35400", "2006-06-30": "177.27500", "2006-03-31": "111.54900", "2005-12-31": "103.66500", "2005-09-30": "", "2005-06-30": "", "2005-03-31": ""}, "Comprehensive Income": {"2020-09-30": "720.00000", "2020-06-30": "429.00000", "2020-03-31": "28.00000", "2019-12-31": "43.00000", "2019-09-30": "46.00000", "2019-06-30": "36.00000", "2019-03-31": "14.00000", "2018-12-31": "-13.00000", "2018-09-30": "-12.00000", "2018-06-30": "-13.00000", "2018-03-31": "-7.00000", "2017-12-31": "111.00000", "2017-09-30": "46.00000", "2017-06-30": "31.00000", "2017-03-31": "11.00000", "2016-12-31": "-13.00000", "2016-09-30": "2.00000", "2016-06-30": "-1.00000", "2016-03-31": "-31.00000", "2015-12-31": "-69.00000", "2015-09-30": "-65.00000", "2015-06-30": "-21.00000", "2015-03-31": "-5.00000", "2014-12-31": "2.00000", "2014-09-30": "32.00000", "2014-06-30": "59.00000", "2014-03-31": "37.00000", "2013-12-31": "37.00000", "2013-09-30": "11.00000", "2013-06-30": "10.00000", "2013-03-31": "60.00000", "2012-12-31": "59.00000", "2012-09-30": "55.30000", "2012-06-30": "8.00000", "2012-03-31": "20.50000", "2011-12-31": "-7.10000", "2011-09-30": "6.40000", "2011-06-30": "22.80000", "2011-03-31": "5.90000", "2010-12-31": "12.60000", "2010-09-30": "59.60000", "2010-06-30": "43.30000", "2010-03-31": "30.90000", "2009-12-31": "35.60000", "2009-09-30": "-39.86600", "2009-06-30": "-119.23500", "2009-03-31": "-149.12200", "2008-12-31": "-91.80000", "2008-09-30": "-70.12000", "2008-06-30": "-46.86300", "2008-03-31": "-2.53900", "2007-12-31": "-16.63000", "2007-09-30": "11.03100", "2007-06-30": "-11.83300", "2007-03-31": "-71.69500", "2006-12-31": "-63.04600", "2006-09-30": "-80.62200", "2006-06-30": "-108.80300", "2006-03-31": "-85.23400", "2005-12-31": "-78.86700", "2005-09-30": "-72.10700", "2005-06-30": "", "2005-03-31": ""}, "Other Share Holders Equity": {"2020-09-30": "", "2020-06-30": "", "2020-03-31": "", "2019-12-31": "", "2019-09-30": "", "2019-06-30": "", "2019-03-31": "", "2018-12-31": "", "2018-09-30": "", "2018-06-30": "", "2018-03-31": "", "2017-12-31": "", "2017-09-30": "", "2017-06-30": "", "2017-03-31": "", "2016-12-31": "", "2016-09-30": "", "2016-06-30": "", "2016-03-31": "", "2015-12-31": "", "2015-09-30": "", "2015-06-30": "", "2015-03-31": "", "2014-12-31": "", "2014-09-30": "", "2014-06-30": "", "2014-03-31": "", "2013-12-31": "", "2013-09-30": "", "2013-06-30": "", "2013-03-31": "", "2012-12-31": "", "2012-09-30": "", "2012-06-30": "", "2012-03-31": "", "2011-12-31": "", "2011-09-30": "", "2011-06-30": "", "2011-03-31": "", "2010-12-31": "", "2010-09-30": "", "2010-06-30": "", "2010-03-31": "", "2009-12-31": "", "2009-09-30": "", "2009-06-30": "", "2009-03-31": "", "2008-12-31": "", "2008-09-30": "", "2008-06-30": "", "2008-03-31": "", "2007-12-31": "", "2007-09-30": "", "2007-06-30": "", "2007-03-31": "", "2006-12-31": "", "2006-09-30": "", "2006-06-30": "", "2006-03-31": "", "2005-12-31": "", "2005-09-30": "2468.77600", "2005-06-30": "", "2005-03-31": ""}, "Share Holder Equity": {"2020-09-30": "7182.00000", "2020-06-30": "6349.00000", "2020-03-31": "5116.00000", "2019-12-31": "5365.00000", "2019-09-30": "5121.00000", "2019-06-30": "4952.00000", "2019-03-31": "4765.00000", "2018-12-31": "4628.00000", "2018-09-30": "4688.00000", "2018-06-30": "4629.00000", "2018-03-31": "4479.00000", "2017-12-31": "4467.00000", "2017-09-30": "5369.00000", "2017-06-30": "6919.00000", "2017-03-31": "6890.00000", "2016-12-31": "6898.00000", "2016-09-30": "6764.00000", "2016-06-30": "6669.00000", "2016-03-31": "6575.00000", "2015-12-31": "6588.00000", "2015-09-30": "6605.00000", "2015-06-30": "6767.00000", "2015-03-31": "5907.00000", "2014-12-31": "6073.00000", "2014-09-30": "6343.00000", "2014-06-30": "6369.00000", "2014-03-31": "6276.00000", "2013-12-31": "5535.00000", "2013-09-30": "4940.00000", "2013-06-30": "4834.00000", "2013-03-31": "4773.00000", "2012-12-31": "4749.00000", "2012-09-30": "4616.20000", "2012-06-30": "4052.80000", "2012-03-31": "3758.30000", "2011-12-31": "3655.90000", "2011-09-30": "3513.70000", "2011-06-30": "3532.20000", "2011-03-31": "3451.70000", "2010-12-31": "3444.40000", "2010-09-30": "3478.00000", "2010-06-30": "3417.70000", "2010-03-31": "3321.80000", "2009-12-31": "3344.90000", "2009-09-30": "3248.94300", "2009-06-30": "3133.19000", "2009-03-31": "2754.48600", "2008-12-31": "2856.80000", "2008-09-30": "2820.74800", "2008-06-30": "3109.66100", "2008-03-31": "3231.07400", "2007-12-31": "3244.08800", "2007-09-30": "3424.05900", "2007-06-30": "3554.42600", "2007-03-31": "3493.77300", "2006-12-31": "3474.36800", "2006-09-30": "2635.96900", "2006-06-30": "2551.17800", "2006-03-31": "2505.72800", "2005-12-31": "3279.77500", "2005-09-30": "2396.66900", "2005-06-30": "", "2005-03-31": ""}, "Total Liabilities And Share Holders Equity": {"2020-09-30": "49885.00000", "2020-06-30": "48001.00000", "2020-03-31": "10204.00000", "2019-12-31": "10677.00000", "2019-09-30": "10419.00000", "2019-06-30": "10189.00000", "2019-03-31": "9647.00000", "2018-12-31": "9301.00000", "2018-09-30": "9371.00000", "2018-06-30": "9254.00000", "2018-03-31": "9018.00000", "2017-12-31": "9151.00000", "2017-09-30": "10501.00000", "2017-06-30": "14202.00000", "2017-03-31": "14178.00000", "2016-12-31": "14521.00000", "2016-09-30": "14386.00000", "2016-06-30": "14438.00000", "2016-03-31": "13943.00000", "2015-12-31": "13931.00000", "2015-09-30": "14036.00000", "2015-06-30": "14397.00000", "2015-03-31": "13721.00000", "2014-12-31": "13845.00000", "2014-09-30": "14775.00000", "2014-06-30": "14843.00000", "2014-03-31": "14687.00000", "2013-12-31": "10528.00000", "2013-09-30": "10077.00000", "2013-06-30": "10015.00000", "2013-03-31": "9682.00000", "2012-12-31": "9903.00000", "2012-09-30": "9735.90000", "2012-06-30": "8513.00000", "2012-03-31": "8002.10000", "2011-12-31": "7862.10000", "2011-09-30": "7877.70000", "2011-06-30": "7835.30000", "2011-03-31": "7800.80000", "2010-12-31": "7887.50000", "2010-09-30": "7879.00000", "2010-06-30": "7915.30000", "2010-03-31": "7793.40000", "2009-12-31": "7934.40000", "2009-09-30": "8083.97500", "2009-06-30": "8334.18100", "2009-03-31": "8166.24300", "2008-12-31": "8368.20000", "2008-09-30": "7313.86400", "2008-06-30": "7248.13600", "2008-03-31": "7475.34800", "2007-12-31": "7587.85300", "2007-09-30": "7226.47100", "2007-06-30": "7365.92000", "2007-03-31": "7015.57600", "2006-12-31": "7259.55900", "2006-09-30": "6156.54400", "2006-06-30": "6199.66600", "2006-03-31": "5897.47600", "2005-12-31": "11104.62000", "2005-09-30": "6008.95100", "2005-06-30": "", "2005-03-31": ""}}, "cash flow statement": {"Net Income/Loss": {"2019-12-31": "1076.00000", "2018-12-31": "635.00000", "2017-12-31": "794.00000", "2016-12-31": "692.00000", "2015-12-31": "561.00000", "2014-12-31": "519.00000", "2013-12-31": "411.00000", "2012-12-31": "612.00000", "2011-12-31": "379.00000", "2010-12-31": "375.60000", "2009-12-31": "224.50000", "2008-12-31": "-183.20000", "2007-12-31": "129.80000", "2006-12-31": "437.76100", "2005-12-31": "964.10600"}, "Total Depreciation And Amortization - Cash Flow": {"2019-12-31": "178.00000", "2018-12-31": "182.00000", "2017-12-31": "389.00000", "2016-12-31": "431.00000", "2015-12-31": "410.00000", "2014-12-31": "476.00000", "2013-12-31": "209.00000", "2012-12-31": "132.00000", "2011-12-31": "76.00000", "2010-12-31": "90.40000", "2009-12-31": "127.60000", "2008-12-31": "142.80000", "2007-12-31": "130.10000", "2006-12-31": "460.75000", "2005-12-31": "406.25900"}, "Other Non-Cash Items": {"2019-12-31": "-292.00000", "2018-12-31": "141.00000", "2017-12-31": "-214.00000", "2016-12-31": "68.00000", "2015-12-31": "73.00000", "2014-12-31": "-368.00000", "2013-12-31": "32.00000", "2012-12-31": "-211.00000", "2011-12-31": "-139.00000", "2010-12-31": "-213.40000", "2009-12-31": "-116.00000", "2008-12-31": "68.00000", "2007-12-31": "-6.40000", "2006-12-31": "117.51400", "2005-12-31": "-232.69000"}, "Total Non-Cash Items": {"2019-12-31": "-114.00000", "2018-12-31": "323.00000", "2017-12-31": "175.00000", "2016-12-31": "499.00000", "2015-12-31": "483.00000", "2014-12-31": "108.00000", "2013-12-31": "241.00000", "2012-12-31": "-79.00000", "2011-12-31": "-63.00000", "2010-12-31": "-123.00000", "2009-12-31": "11.60000", "2008-12-31": "210.80000", "2007-12-31": "123.70000", "2006-12-31": "578.26400", "2005-12-31": "173.56900"}, "Change In Accounts Receivable": {"2019-12-31": "-36.00000", "2018-12-31": "15.00000", "2017-12-31": "-11.00000", "2016-12-31": "-14.00000", "2015-12-31": "7.00000", "2014-12-31": "-22.00000", "2013-12-31": "", "2012-12-31": "-12.00000", "2011-12-31": "16.00000", "2010-12-31": "-28.20000", "2009-12-31": "48.60000", "2008-12-31": "27.60000", "2007-12-31": "22.30000", "2006-12-31": "98.54000", "2005-12-31": "-65.10300"}, "Change In Inventories": {"2019-12-31": "", "2018-12-31": "", "2017-12-31": "", "2016-12-31": "", "2015-12-31": "", "2014-12-31": "", "2013-12-31": "", "2012-12-31": "", "2011-12-31": "", "2010-12-31": "", "2009-12-31": "", "2008-12-31": "", "2007-12-31": "", "2006-12-31": "", "2005-12-31": ""}, "Change In Accounts Payable": {"2019-12-31": "175.00000", "2018-12-31": "38.00000", "2017-12-31": "-31.00000", "2016-12-31": "87.00000", "2015-12-31": "-2.00000", "2014-12-31": "-119.00000", "2013-12-31": "7.00000", "2012-12-31": "63.00000", "2011-12-31": "-66.00000", "2010-12-31": "36.90000", "2009-12-31": "-80.90000", "2008-12-31": "-115.60000", "2007-12-31": "-87.80000", "2006-12-31": "-173.77100", "2005-12-31": "149.23600"}, "Change In Assets/Liabilities": {"2019-12-31": "-33.00000", "2018-12-31": "15.00000", "2017-12-31": "-57.00000", "2016-12-31": "-100.00000", "2015-12-31": "-135.00000", "2014-12-31": "-90.00000", "2013-12-31": "-113.00000", "2012-12-31": "-110.00000", "2011-12-31": "-306.00000", "2010-12-31": "-233.00000", "2009-12-31": "38.20000", "2008-12-31": "137.00000", "2007-12-31": "181.50000", "2006-12-31": "-123.86800", "2005-12-31": "-72.20200"}, "Total Change In Assets/Liabilities": {"2019-12-31": "159.00000", "2018-12-31": "-15.00000", "2017-12-31": "-232.00000", "2016-12-31": "-29.00000", "2015-12-31": "-93.00000", "2014-12-31": "-33.00000", "2013-12-31": "-168.00000", "2012-12-31": "87.00000", "2011-12-31": "-206.00000", "2010-12-31": "-64.10000", "2009-12-31": "144.20000", "2008-12-31": "-23.00000", "2007-12-31": "83.50000", "2006-12-31": "-296.57900", "2005-12-31": "178.85700"}, "Cash Flow From Operating Activities": {"2019-12-31": "1121.00000", "2018-12-31": "943.00000", "2017-12-31": "737.00000", "2016-12-31": "1162.00000", "2015-12-31": "951.00000", "2014-12-31": "594.00000", "2013-12-31": "484.00000", "2012-12-31": "620.00000", "2011-12-31": "110.00000", "2010-12-31": "188.50000", "2009-12-31": "380.30000", "2008-12-31": "4.60000", "2007-12-31": "337.00000", "2006-12-31": "719.44600", "2005-12-31": "1316.53200"}, "Net Change In Property, Plant, And Equipment": {"2019-12-31": "-92.00000", "2018-12-31": "-62.00000", "2017-12-31": "-145.00000", "2016-12-31": "-284.00000", "2015-12-31": "-239.00000", "2014-12-31": "-205.00000", "2013-12-31": "-144.00000", "2012-12-31": "-77.00000", "2011-12-31": "-30.00000", "2010-12-31": "-33.80000", "2009-12-31": "-4.10000", "2008-12-31": "-97.60000", "2007-12-31": "-116.60000", "2006-12-31": "-340.09900", "2005-12-31": "-304.55200"}, "Net Change In Intangible Assets": {"2019-12-31": "", "2018-12-31": "", "2017-12-31": "", "2016-12-31": "", "2015-12-31": "", "2014-12-31": "", "2013-12-31": "", "2012-12-31": "", "2011-12-31": "", "2010-12-31": "", "2009-12-31": "", "2008-12-31": "", "2007-12-31": "", "2006-12-31": "", "2005-12-31": ""}, "Net Acquisitions/Divestitures": {"2019-12-31": "-1.00000", "2018-12-31": "3.00000", "2017-12-31": "-157.00000", "2016-12-31": "-557.00000", "2015-12-31": "-55.00000", "2014-12-31": "-2362.00000", "2013-12-31": "-25.00000", "2012-12-31": "-134.00000", "2011-12-31": "", "2010-12-31": "-10.40000", "2009-12-31": "1.30000", "2008-12-31": "-143.20000", "2007-12-31": "-245.80000", "2006-12-31": "-172.95500", "2005-12-31": "261.27600"}, "Net Change In Short-term Investments": {"2019-12-31": "-395.00000", "2018-12-31": "-185.00000", "2017-12-31": "26.00000", "2016-12-31": "547.00000", "2015-12-31": "-565.00000", "2014-12-31": "-161.00000", "2013-12-31": "36.00000", "2012-12-31": "-12.00000", "2011-12-31": "78.00000", "2010-12-31": "219.40000", "2009-12-31": "369.80000", "2008-12-31": "-185.60000", "2007-12-31": "428.60000", "2006-12-31": "213.21900", "2005-12-31": "-313.39900"}, "Net Change In Long-Term Investments": {"2019-12-31": "-36.00000", "2018-12-31": "-120.00000", "2017-12-31": "336.00000", "2016-12-31": "137.00000", "2015-12-31": "43.00000", "2014-12-31": "-31.00000", "2013-12-31": "72.00000", "2012-12-31": "-67.00000", "2011-12-31": "141.00000", "2010-12-31": "198.39990", "2009-12-31": "-723.40000", "2008-12-31": "407.90000", "2007-12-31": "-68.69970", "2006-12-31": "325.43900", "2005-12-31": "-668.90800"}, "Net Change In Investments - Total": {"2019-12-31": "-431.00000", "2018-12-31": "-305.00000", "2017-12-31": "362.00000", "2016-12-31": "684.00000", "2015-12-31": "-522.00000", "2014-12-31": "-192.00000", "2013-12-31": "108.00000", "2012-12-31": "-79.00000", "2011-12-31": "219.00000", "2010-12-31": "417.79990", "2009-12-31": "-353.60000", "2008-12-31": "222.30000", "2007-12-31": "359.90030", "2006-12-31": "538.65800", "2005-12-31": "-982.30700"}, "Investing Activities - Other": {"2019-12-31": "4.00000", "2018-12-31": "10.00000", "2017-12-31": "19.00000", "2016-12-31": "-34.00000", "2015-12-31": "245.00000", "2014-12-31": "39.00000", "2013-12-31": "1.00000", "2012-12-31": "-20.00000", "2011-12-31": "-25.00000", "2010-12-31": "-46.90000", "2009-12-31": "-12.20000", "2008-12-31": "-6.40000", "2007-12-31": "-512.30000", "2006-12-31": "-139.62000", "2005-12-31": "4.82200"}, "Cash Flow From Investing Activities": {"2019-12-31": "-520.00000", "2018-12-31": "-354.00000", "2017-12-31": "79.00000", "2016-12-31": "-191.00000", "2015-12-31": "-571.00000", "2014-12-31": "-2720.00000", "2013-12-31": "-60.00000", "2012-12-31": "-310.00000", "2011-12-31": "164.00000", "2010-12-31": "326.70000", "2009-12-31": "-368.60000", "2008-12-31": "-24.90000", "2007-12-31": "-514.80000", "2006-12-31": "-114.01600", "2005-12-31": "-1020.76100"}, "Net Long-Term Debt": {"2019-12-31": "", "2018-12-31": "-70.00000", "2017-12-31": "-528.00000", "2016-12-31": "-70.00000", "2015-12-31": "1.00000", "2014-12-31": "691.00000", "2013-12-31": "-18.00000", "2012-12-31": "122.00000", "2011-12-31": "-16.00000", "2010-12-31": "90.20000", "2009-12-31": "-251.40000", "2008-12-31": "116.90000", "2007-12-31": "541.10000", "2006-12-31": "-230.90600", "2005-12-31": "1841.46400"}, "Net Current Debt": {"2019-12-31": "", "2018-12-31": "", "2017-12-31": "", "2016-12-31": "", "2015-12-31": "", "2014-12-31": "", "2013-12-31": "", "2012-12-31": "", "2011-12-31": "", "2010-12-31": "", "2009-12-31": "", "2008-12-31": "", "2007-12-31": "", "2006-12-31": "", "2005-12-31": ""}, "Debt Issuance/Retirement Net - Total": {"2019-12-31": "", "2018-12-31": "-70.00000", "2017-12-31": "-528.00000", "2016-12-31": "-70.00000", "2015-12-31": "1.00000", "2014-12-31": "691.00000", "2013-12-31": "-18.00000", "2012-12-31": "122.00000", "2011-12-31": "-16.00000", "2010-12-31": "90.20000", "2009-12-31": "-251.40000", "2008-12-31": "116.90000", "2007-12-31": "541.10000", "2006-12-31": "-230.90600", "2005-12-31": "1841.46400"}, "Net Common Equity Issued/Repurchased": {"2019-12-31": "-47.00000", "2018-12-31": "-1.00000", "2017-12-31": "-39.00000", "2016-12-31": "-257.00000", "2015-12-31": "-472.00000", "2014-12-31": "38.00000", "2013-12-31": "538.00000", "2012-12-31": "53.00000", "2011-12-31": "-78.00000", "2010-12-31": "-112.80000", "2009-12-31": "275.90000", "2008-12-31": "-40.60000", "2007-12-31": "-174.80000", "2006-12-31": "-49.18900", "2005-12-31": "-19.02800"}, "Net Total Equity Issued/Repurchased": {"2019-12-31": "-47.00000", "2018-12-31": "-1.00000", "2017-12-31": "-39.00000", "2016-12-31": "-257.00000", "2015-12-31": "-472.00000", "2014-12-31": "38.00000", "2013-12-31": "538.00000", "2012-12-31": "53.00000", "2011-12-31": "-78.00000", "2010-12-31": "-112.80000", "2009-12-31": "275.90000", "2008-12-31": "-40.60000", "2007-12-31": "-174.80000", "2006-12-31": "-49.18900", "2005-12-31": "-19.02800"}, "Total Common And Preferred Stock Dividends Paid": {"2019-12-31": "-355.00000", "2018-12-31": "-338.00000", "2017-12-31": "-287.00000", "2016-12-31": "-248.00000", "2015-12-31": "-243.00000", "2014-12-31": "-253.00000", "2013-12-31": "-170.00000", "2012-12-31": "-140.00000", "2011-12-31": "-109.00000", "2010-12-31": "-164.00000", "2009-12-31": "-139.00000", "2008-12-31": "-226.70000", "2007-12-31": "-264.20000", "2006-12-31": "-236.80600", "2005-12-31": "-1940.38800"}, "Financial Activities - Other": {"2019-12-31": "-80.00000", "2018-12-31": "-33.00000", "2017-12-31": "-175.00000", "2016-12-31": "147.00000", "2015-12-31": "442.00000", "2014-12-31": "584.00000", "2013-12-31": "-10.00000", "2012-12-31": "17.00000", "2011-12-31": "-2.00000", "2010-12-31": "0.70000", "2009-12-31": "2.40000", "2008-12-31": "0.30000", "2007-12-31": "3.80000", "2006-12-31": "80.77200", "2005-12-31": "-35.15600"}, "Cash Flow From Financial Activities": {"2019-12-31": "-482.00000", "2018-12-31": "-442.00000", "2017-12-31": "-1029.00000", "2016-12-31": "-428.00000", "2015-12-31": "-272.00000", "2014-12-31": "1060.00000", "2013-12-31": "340.00000", "2012-12-31": "52.00000", "2011-12-31": "-205.00000", "2010-12-31": "-185.90000", "2009-12-31": "-112.10000", "2008-12-31": "-150.10000", "2007-12-31": "105.90000", "2006-12-31": "-436.12900", "2005-12-31": "-153.10800"}, "Net Cash Flow": {"2019-12-31": "119.00000", "2018-12-31": "147.00000", "2017-12-31": "-213.00000", "2016-12-31": "543.00000", "2015-12-31": "108.00000", "2014-12-31": "-1066.00000", "2013-12-31": "764.00000", "2012-12-31": "362.00000", "2011-12-31": "69.00000", "2010-12-31": "329.30000", "2009-12-31": "-100.40000", "2008-12-31": "-170.40000", "2007-12-31": "-71.90000", "2006-12-31": "169.30100", "2005-12-31": "142.66300"}, "Stock-Based Compensation": {"2019-12-31": "38.00000", "2018-12-31": "31.00000", "2017-12-31": "44.00000", "2016-12-31": "58.00000", "2015-12-31": "56.00000", "2014-12-31": "51.00000", "2013-12-31": "35.00000", "2012-12-31": "27.00000", "2011-12-31": "27.00000", "2010-12-31": "25.10000", "2009-12-31": "33.70000", "2008-12-31": "32.70000", "2007-12-31": "29.90000", "2006-12-31": "64.98400", "2005-12-31": "34.10800"}, "Common Stock Dividends Paid": {"2019-12-31": "-355.00000", "2018-12-31": "-338.00000", "2017-12-31": "-287.00000", "2016-12-31": "-248.00000", "2015-12-31": "-243.00000", "2014-12-31": "-253.00000", "2013-12-31": "-170.00000", "2012-12-31": "-140.00000", "2011-12-31": "-109.00000", "2010-12-31": "-164.00000", "2009-12-31": "-139.00000", "2008-12-31": "-226.70000", "2007-12-31": "-264.20000", "2006-12-31": "-236.80600", "2005-12-31": "-1940.38800"}}, "cash flow statement, quarterly": {"Net Income/Loss": {"2020-09-30": 385, "2020-06-30": 318, "2020-03-31": "-57.00000", "2019-12-31": 344, "2019-09-30": 256, "2019-06-30": 270, "2019-03-31": "206.00000", "2018-12-31": 46, "2018-09-30": 237, "2018-06-30": 254, "2018-03-31": "98.00000", "2017-12-31": 236, "2017-09-30": 175, "2017-06-30": 302, "2017-03-31": "81.00000", "2016-12-31": 233, "2016-09-30": 169, "2016-06-30": 206, "2016-03-31": "84.00000", "2015-12-31": 153, "2015-09-30": 138, "2015-06-30": 170, "2015-03-31": "100.00000", "2014-12-31": 403, "2014-09-30": 86, "2014-06-30": 103, "2014-03-31": "-73.00000", "2013-12-31": 81, "2013-09-30": 96, "2013-06-30": 145, "2013-03-31": "89.00000", "2012-12-31": 153, "2012-09-30": 235, "2012-06-30": 147, "2012-03-31": "77.00000", "2011-12-31": 175, "2011-09-30": 76.9, "2011-06-30": 83, "2011-03-31": "44.10000", "2010-12-31": 132.5, "2010-09-30": 83.8, "2010-06-30": 140.4, "2010-03-31": "18.90000", "2009-12-31": 69.5, "2009-09-30": 74.9, "2009-06-30": 92.5, "2009-03-31": "-12.40000", "2008-12-31": -14.981, "2008-09-30": -200.103, "2008-06-30": 6.011, "2008-03-31": "25.87300", "2007-12-31": -44.906, "2007-09-30": 6.472, "2007-06-30": 84.835, "2007-03-31": "83.39900", "2006-12-31": 71.198, "2006-09-30": 127.571, "2006-06-30": 132.621, "2006-03-31": "106.37100", "2005-12-31": 551.475, "2005-09-30": 169.734, "2005-06-30": 160.578, "2005-03-31": "82.31900"}, "Total Depreciation And Amortization - Cash Flow": {"2020-09-30": 100, "2020-06-30": 46, "2020-03-31": "43.00000", "2019-12-31": 46, "2019-09-30": 44, "2019-06-30": 44, "2019-03-31": "44.00000", "2018-12-31": 44, "2018-09-30": 46, "2018-06-30": 45, "2018-03-31": "47.00000", "2017-12-31": 58, "2017-09-30": 109, "2017-06-30": 110, "2017-03-31": "112.00000", "2016-12-31": 116, "2016-09-30": 113, "2016-06-30": 102, "2016-03-31": "100.00000", "2015-12-31": 104, "2015-09-30": 102, "2015-06-30": 104, "2015-03-31": "100.00000", "2014-12-31": 120, "2014-09-30": 121, "2014-06-30": 103, "2014-03-31": "132.00000", "2013-12-31": 50, "2013-09-30": 55, "2013-06-30": 52, "2013-03-31": "52.00000", "2012-12-31": 55, "2012-09-30": 34, "2012-06-30": 26, "2012-03-31": "17.00000", "2011-12-31": 17.7, "2011-09-30": 18.5, "2011-06-30": 19.3, "2011-03-31": "20.50000", "2010-12-31": 22.6, "2010-09-30": 22.3, "2010-06-30": 22.5, "2010-03-31": "23.00000", "2009-12-31": 24.6, "2009-09-30": 29.6, "2009-06-30": 36.6, "2009-03-31": "36.80000", "2008-12-31": 36.121, "2008-09-30": 35.068, "2008-06-30": 34.716, "2008-03-31": "36.89500", "2007-12-31": 37.206, "2007-09-30": 32.348, "2007-06-30": 31.192, "2007-03-31": "29.35400", "2006-12-31": 55.98, "2006-09-30": 142.17, "2006-06-30": 137.969, "2006-03-31": "124.63100", "2005-12-31": 333.052, "2005-09-30": 23.818, "2005-06-30": 24.523, "2005-03-31": "24.86600"}, "Other Non-Cash Items": {"2020-09-30": 1, "2020-06-30": -72, "2020-03-31": "327.00000", "2019-12-31": -123, "2019-09-30": 3, "2019-06-30": -35, "2019-03-31": "-137.00000", "2018-12-31": 154, "2018-09-30": -44, "2018-06-30": 26, "2018-03-31": "5.00000", "2017-12-31": 1, "2017-09-30": 12, "2017-06-30": -240, "2017-03-31": "13.00000", "2016-12-31": 23, "2016-09-30": 26, "2016-06-30": 1, "2016-03-31": "18.00000", "2015-12-31": 6, "2015-09-30": 59, "2015-06-30": 6, "2015-03-31": "2.00000", "2014-12-31": -451, "2014-09-30": 25, "2014-06-30": 29, "2014-03-31": "29.00000", "2013-12-31": 79, "2013-09-30": -8, "2013-06-30": -28, "2013-03-31": "-11.00000", "2012-12-31": 58, "2012-09-30": -151, "2012-06-30": -56, "2012-03-31": "-62.00000", "2011-12-31": 58.8, "2011-09-30": -185.2, "2011-06-30": 27.1, "2011-03-31": "-39.70000", "2010-12-31": 126.2, "2010-09-30": -103.5, "2010-06-30": -180.4, "2010-03-31": "-55.70000", "2009-12-31": -139.1, "2009-09-30": -1.3, "2009-06-30": -2.3, "2009-03-31": "26.70000", "2008-12-31": 24.193, "2008-09-30": 52.623, "2008-06-30": -4.742, "2008-03-31": "-4.07400", "2007-12-31": -82.894, "2007-09-30": 79.092, "2007-06-30": -17.226, "2007-03-31": "14.62800", "2006-12-31": -52.499, "2006-09-30": -16.322, "2006-06-30": 103.458, "2006-03-31": "82.87700", "2005-12-31": -262.044, "2005-09-30": 40.773, "2005-06-30": -9.288, "2005-03-31": "-2.13100"}, "Total Non-Cash Items": {"2020-09-30": 101, "2020-06-30": -26, "2020-03-31": "370.00000", "2019-12-31": -77, "2019-09-30": 47, "2019-06-30": 9, "2019-03-31": "-93.00000", "2018-12-31": 198, "2018-09-30": 2, "2018-06-30": 71, "2018-03-31": "52.00000", "2017-12-31": 59, "2017-09-30": 121, "2017-06-30": -130, "2017-03-31": "125.00000", "2016-12-31": 139, "2016-09-30": 139, "2016-06-30": 103, "2016-03-31": "118.00000", "2015-12-31": 110, "2015-09-30": 161, "2015-06-30": 110, "2015-03-31": "102.00000", "2014-12-31": -331, "2014-09-30": 146, "2014-06-30": 132, "2014-03-31": "161.00000", "2013-12-31": 129, "2013-09-30": 47, "2013-06-30": 24, "2013-03-31": "41.00000", "2012-12-31": 113, "2012-09-30": -117, "2012-06-30": -30, "2012-03-31": "-45.00000", "2011-12-31": 76.5, "2011-09-30": -166.7, "2011-06-30": 46.4, "2011-03-31": "-19.20000", "2010-12-31": 148.8, "2010-09-30": -81.2, "2010-06-30": -157.9, "2010-03-31": "-32.70000", "2009-12-31": -114.5, "2009-09-30": 28.3, "2009-06-30": 34.3, "2009-03-31": "63.50000", "2008-12-31": 60.314, "2008-09-30": 87.691, "2008-06-30": 29.974, "2008-03-31": "32.82100", "2007-12-31": -45.688, "2007-09-30": 111.44, "2007-06-30": 13.966, "2007-03-31": "43.98200", "2006-12-31": 3.481, "2006-09-30": 125.848, "2006-06-30": 241.427, "2006-03-31": "207.50800", "2005-12-31": 71.008, "2005-09-30": 64.591, "2005-06-30": 15.235, "2005-03-31": "22.73500"}, "Change In Accounts Receivable": {"2020-09-30": -21, "2020-06-30": 44, "2020-03-31": "20.00000", "2019-12-31": 40, "2019-09-30": -25, "2019-06-30": -63, "2019-03-31": "12.00000", "2018-12-31": 7, "2018-09-30": 29, "2018-06-30": -27, "2018-03-31": "6.00000", "2017-12-31": -5, "2017-09-30": 24, "2017-06-30": -45, "2017-03-31": "15.00000", "2016-12-31": 29, "2016-09-30": -12, "2016-06-30": -41, "2016-03-31": "10.00000", "2015-12-31": 64, "2015-09-30": 8, "2015-06-30": -47, "2015-03-31": "-18.00000", "2014-12-31": 31, "2014-09-30": -10, "2014-06-30": -6, "2014-03-31": "-37.00000", "2013-12-31": 14, "2013-09-30": -2, "2013-06-30": -28, "2013-03-31": "16.00000", "2012-12-31": 0, "2012-09-30": 25, "2012-06-30": -30, "2012-03-31": "-7.00000", "2011-12-31": 6.4, "2011-09-30": -1.9, "2011-06-30": -12.9, "2011-03-31": "24.40000", "2010-12-31": -11.6, "2010-09-30": -6.3, "2010-06-30": -17.4, "2010-03-31": "7.10000", "2009-12-31": 13.5, "2009-09-30": 34.8, "2009-06-30": 0, "2009-03-31": "0.30000", "2008-12-31": 8.231, "2008-09-30": 22.831, "2008-06-30": -5.273, "2008-03-31": "1.81100", "2007-12-31": 6.181, "2007-09-30": 9.861, "2007-06-30": 4.376, "2007-03-31": "1.88200", "2006-12-31": -0.424, "2006-09-30": 82.616, "2006-06-30": -43.737, "2006-03-31": "60.08500", "2005-12-31": -1.791, "2005-09-30": -23.008, "2005-06-30": -48.204, "2005-03-31": "7.90000"}, "Change In Inventories": {"2020-09-30": 0, "2020-06-30": 0, "2020-03-31": "", "2019-12-31": 0, "2019-09-30": 0, "2019-06-30": 0, "2019-03-31": "", "2018-12-31": 0, "2018-09-30": 0, "2018-06-30": 0, "2018-03-31": "", "2017-12-31": 0, "2017-09-30": 0, "2017-06-30": 0, "2017-03-31": "", "2016-12-31": 0, "2016-09-30": 0, "2016-06-30": 0, "2016-03-31": "", "2015-12-31": 0, "2015-09-30": 0, "2015-06-30": 0, "2015-03-31": "", "2014-12-31": 0, "2014-09-30": 0, "2014-06-30": 0, "2014-03-31": "", "2013-12-31": 0, "2013-09-30": 0, "2013-06-30": 0, "2013-03-31": "", "2012-12-31": 0, "2012-09-30": 0, "2012-06-30": 0, "2012-03-31": "", "2011-12-31": 0, "2011-09-30": 0, "2011-06-30": 0, "2011-03-31": "", "2010-12-31": 0, "2010-09-30": 0, "2010-06-30": 0, "2010-03-31": "", "2009-12-31": 0, "2009-09-30": 0, "2009-06-30": 0, "2009-03-31": "", "2008-12-31": 0, "2008-09-30": 0, "2008-06-30": 0, "2008-03-31": "", "2007-12-31": 0, "2007-09-30": 0, "2007-06-30": 0, "2007-03-31": "", "2006-12-31": 0, "2006-09-30": 0, "2006-06-30": 0, "2006-03-31": "", "2005-12-31": 0, "2005-09-30": 0, "2005-06-30": 0, "2005-03-31": ""}, "Change In Accounts Payable": {"2020-09-30": 51, "2020-06-30": 177, "2020-03-31": "-228.00000", "2019-12-31": 175, "2019-09-30": -16, "2019-06-30": 122, "2019-03-31": "-106.00000", "2018-12-31": 54, "2018-09-30": 9, "2018-06-30": 125, "2018-03-31": "-150.00000", "2017-12-31": 62, "2017-09-30": 5, "2017-06-30": 138, "2017-03-31": "-236.00000", "2016-12-31": 120, "2016-09-30": 48, "2016-06-30": 52, "2016-03-31": "-133.00000", "2015-12-31": 32, "2015-09-30": 42, "2015-06-30": 61, "2015-03-31": "-137.00000", "2014-12-31": 63, "2014-09-30": 64, "2014-06-30": 5, "2014-03-31": "-251.00000", "2013-12-31": 30, "2013-09-30": 22, "2013-06-30": 59, "2013-03-31": "-104.00000", "2012-12-31": 76, "2012-09-30": 4, "2012-06-30": 84, "2012-03-31": "-101.00000", "2011-12-31": 45.5, "2011-09-30": 8.5, "2011-06-30": 11.1, "2011-03-31": "-131.10000", "2010-12-31": 51.7, "2010-09-30": 24, "2010-06-30": 49.8, "2010-03-31": "-88.60000", "2009-12-31": -42.5, "2009-09-30": -12.1, "2009-06-30": 1.7, "2009-03-31": "-28.00000", "2008-12-31": -37.273, "2008-09-30": -17.219, "2008-06-30": 16.3, "2008-03-31": "-77.40800", "2007-12-31": -31.327, "2007-09-30": -4.71, "2007-06-30": 29.302, "2007-03-31": "-81.06500", "2006-12-31": -10.704, "2006-09-30": -57.8, "2006-06-30": 128.066, "2006-03-31": "-233.33300", "2005-12-31": 140.502, "2005-09-30": -23.507, "2005-06-30": 131.665, "2005-03-31": "-99.42400"}, "Change In Assets/Liabilities": {"2020-09-30": -61, "2020-06-30": -145, "2020-03-31": "32.00000", "2019-12-31": -57, "2019-09-30": 80, "2019-06-30": 25, "2019-03-31": "-81.00000", "2018-12-31": 28, "2018-09-30": 9, "2018-06-30": -3, "2018-03-31": "-19.00000", "2017-12-31": -15, "2017-09-30": 18, "2017-06-30": -16, "2017-03-31": "-44.00000", "2016-12-31": -96, "2016-09-30": 29, "2016-06-30": -43, "2016-03-31": "10.00000", "2015-12-31": -51, "2015-09-30": -26, "2015-06-30": -9, "2015-03-31": "-49.00000", "2014-12-31": 16, "2014-09-30": -2, "2014-06-30": -51, "2014-03-31": "-53.00000", "2013-12-31": -77, "2013-09-30": -18, "2013-06-30": -1, "2013-03-31": "-17.00000", "2012-12-31": -105, "2012-09-30": 15, "2012-06-30": -21, "2012-03-31": "1.00000", "2011-12-31": -311.3, "2011-09-30": 122.9, "2011-06-30": -100.8, "2011-03-31": "-16.80000", "2010-12-31": -248.5, "2010-09-30": 11.9, "2010-06-30": 9.7, "2010-03-31": "-6.10000", "2009-12-31": 61.9, "2009-09-30": -34.9, "2009-06-30": -25.5, "2009-03-31": "36.70000", "2008-12-31": 9.764, "2008-09-30": 234.606, "2008-06-30": -33.319, "2008-03-31": "-74.05100", "2007-12-31": 206.207, "2007-09-30": -15.628, "2007-06-30": 0.059, "2007-03-31": "-9.13800", "2006-12-31": -10.261, "2006-09-30": -3.635, "2006-06-30": -20.609, "2006-03-31": "-89.36300", "2005-12-31": -70.025, "2005-09-30": -17.214, "2005-06-30": -0.912, "2005-03-31": "15.94900"}, "Total Change In Assets/Liabilities": {"2020-09-30": -74, "2020-06-30": 156, "2020-03-31": "-208.00000", "2019-12-31": 154, "2019-09-30": 25, "2019-06-30": 97, "2019-03-31": "-117.00000", "2018-12-31": 28, "2018-09-30": 82, "2018-06-30": 7, "2018-03-31": "-132.00000", "2017-12-31": -121, "2017-09-30": -24, "2017-06-30": 115, "2017-03-31": "-202.00000", "2016-12-31": 45, "2016-09-30": 63, "2016-06-30": -27, "2016-03-31": "-110.00000", "2015-12-31": 15, "2015-09-30": -15, "2015-06-30": 68, "2015-03-31": "-161.00000", "2014-12-31": 233, "2014-09-30": 68, "2014-06-30": -4, "2014-03-31": "-330.00000", "2013-12-31": -70, "2013-09-30": -13, "2013-06-30": 81, "2013-03-31": "-166.00000", "2012-12-31": -23, "2012-09-30": 66, "2012-06-30": 121, "2012-03-31": "-77.00000", "2011-12-31": -196.8, "2011-09-30": 158.2, "2011-06-30": -76, "2011-03-31": "-91.40000", "2010-12-31": -161.9, "2010-09-30": 18.6, "2010-06-30": 153.5, "2010-03-31": "-74.30000", "2009-12-31": 57.6, "2009-09-30": -18.7, "2009-06-30": 28.1, "2009-03-31": "77.20000", "2008-12-31": 15.144, "2008-09-30": 118.573, "2008-06-30": -23.147, "2008-03-31": "-133.57000", "2007-12-31": 127.681, "2007-09-30": -45.848, "2007-06-30": 44.927, "2007-03-31": "-43.26000", "2006-12-31": 46.226, "2006-09-30": 12.316, "2006-06-30": -49.254, "2006-03-31": "-305.86700", "2005-12-31": 90.277, "2005-09-30": -27.395, "2005-06-30": 161.86, "2005-03-31": "-45.88500"}, "Cash Flow From Operating Activities": {"2020-09-30": 412, "2020-06-30": 448, "2020-03-31": "105.00000", "2019-12-31": 421, "2019-09-30": 328, "2019-06-30": 376, "2019-03-31": "-4.00000", "2018-12-31": 272, "2018-09-30": 321, "2018-06-30": 332, "2018-03-31": "18.00000", "2017-12-31": 174, "2017-09-30": 272, "2017-06-30": 287, "2017-03-31": "4.00000", "2016-12-31": 417, "2016-09-30": 371, "2016-06-30": 282, "2016-03-31": "92.00000", "2015-12-31": 278, "2015-09-30": 284, "2015-06-30": 348, "2015-03-31": "41.00000", "2014-12-31": 305, "2014-09-30": 300, "2014-06-30": 231, "2014-03-31": "-242.00000", "2013-12-31": 140, "2013-09-30": 130, "2013-06-30": 250, "2013-03-31": "-36.00000", "2012-12-31": 243, "2012-09-30": 184, "2012-06-30": 238, "2012-03-31": "-45.00000", "2011-12-31": 54.7, "2011-09-30": 68.4, "2011-06-30": 53.4, "2011-03-31": "-66.50000", "2010-12-31": 119.4, "2010-09-30": 21.2, "2010-06-30": 136, "2010-03-31": "-88.10000", "2009-12-31": 12.6, "2009-09-30": 84.5, "2009-06-30": 154.9, "2009-03-31": "128.30000", "2008-12-31": 60.477, "2008-09-30": 6.161, "2008-06-30": 12.838, "2008-03-31": "-74.87600", "2007-12-31": 37.087, "2007-09-30": 72.064, "2007-06-30": 143.728, "2007-03-31": "84.12100", "2006-12-31": 120.905, "2006-09-30": 265.735, "2006-06-30": 324.794, "2006-03-31": "8.01200", "2005-12-31": 712.76, "2005-09-30": 206.93, "2005-06-30": 337.673, "2005-03-31": "59.16900"}, "Net Change In Property, Plant, And Equipment": {"2020-09-30": -27, "2020-06-30": -20, "2020-03-31": "-19.00000", "2019-12-31": -24, "2019-09-30": -21, "2019-06-30": -25, "2019-03-31": "-22.00000", "2018-12-31": -27, "2018-09-30": -17, "2018-06-30": -19, "2018-03-31": "1.00000", "2017-12-31": -15, "2017-09-30": -42, "2017-06-30": -42, "2017-03-31": "-46.00000", "2016-12-31": -54, "2016-09-30": -50, "2016-06-30": -130, "2016-03-31": "-50.00000", "2015-12-31": -81, "2015-09-30": -69, "2015-06-30": -60, "2015-03-31": "-29.00000", "2014-12-31": -63, "2014-09-30": -61, "2014-06-30": -47, "2014-03-31": "-34.00000", "2013-12-31": -28, "2013-09-30": -39, "2013-06-30": -47, "2013-03-31": "-30.00000", "2012-12-31": -36, "2012-09-30": -16, "2012-06-30": -16, "2012-03-31": "-9.00000", "2011-12-31": -18.2, "2011-09-30": 5.9, "2011-06-30": -7.2, "2011-03-31": "-10.50000", "2010-12-31": -15.9, "2010-09-30": -10.4, "2010-06-30": -11.2, "2010-03-31": "3.70000", "2009-12-31": 42.2, "2009-09-30": -19.1, "2009-06-30": -14.7, "2009-03-31": "-12.50000", "2008-12-31": -21.279, "2008-09-30": -29.288, "2008-06-30": -27.928, "2008-03-31": "-19.10500", "2007-12-31": -19.668, "2007-09-30": -24.226, "2007-06-30": -33.614, "2007-03-31": "-39.09200", "2006-12-31": -40.452, "2006-09-30": -108.675, "2006-06-30": -94.034, "2006-03-31": "-96.93800", "2005-12-31": -267.077, "2005-09-30": -31.73, "2005-06-30": 8.272, "2005-03-31": "-14.01700"}, "Net Change In Intangible Assets": {"2020-09-30": 0, "2020-06-30": 0, "2020-03-31": "", "2019-12-31": 0, "2019-09-30": 0, "2019-06-30": 0, "2019-03-31": "", "2018-12-31": 0, "2018-09-30": 0, "2018-06-30": 0, "2018-03-31": "", "2017-12-31": 0, "2017-09-30": 0, "2017-06-30": 0, "2017-03-31": "", "2016-12-31": 0, "2016-09-30": 0, "2016-06-30": 0, "2016-03-31": "", "2015-12-31": 0, "2015-09-30": 0, "2015-06-30": 0, "2015-03-31": "", "2014-12-31": 0, "2014-09-30": 0, "2014-06-30": 0, "2014-03-31": "", "2013-12-31": 0, "2013-09-30": 0, "2013-06-30": 0, "2013-03-31": "", "2012-12-31": 0, "2012-09-30": 0, "2012-06-30": 0, "2012-03-31": "", "2011-12-31": 0, "2011-09-30": 0, "2011-06-30": 0, "2011-03-31": "", "2010-12-31": 0, "2010-09-30": 0, "2010-06-30": 0, "2010-03-31": "", "2009-12-31": 0, "2009-09-30": 0, "2009-06-30": 0, "2009-03-31": "", "2008-12-31": 0, "2008-09-30": 0, "2008-06-30": 0, "2008-03-31": "", "2007-12-31": 0, "2007-09-30": 0, "2007-06-30": 0, "2007-03-31": "", "2006-12-31": 0, "2006-09-30": 0, "2006-06-30": 0, "2006-03-31": "", "2005-12-31": 0, "2005-09-30": 0, "2005-06-30": 0, "2005-03-31": ""}, "Net Acquisitions/Divestitures": {"2020-09-30": -100, "2020-06-30": -976, "2020-03-31": "", "2019-12-31": -1, "2019-09-30": 0, "2019-06-30": 0, "2019-03-31": "", "2018-12-31": -27, "2018-09-30": 36, "2018-06-30": -1, "2018-03-31": "-5.00000", "2017-12-31": -252, "2017-09-30": -148, "2017-06-30": 275, "2017-03-31": "-32.00000", "2016-12-31": -67, "2016-09-30": -271, "2016-06-30": -188, "2016-03-31": "-31.00000", "2015-12-31": -13, "2015-09-30": -23, "2015-06-30": -21, "2015-03-31": "2.00000", "2014-12-31": -24, "2014-09-30": -52, "2014-06-30": 2, "2014-03-31": "-2288.00000", "2013-12-31": -6, "2013-09-30": -19, "2013-06-30": 0, "2013-03-31": "", "2012-12-31": -98, "2012-09-30": -19, "2012-06-30": -6, "2012-03-31": "-11.00000", "2011-12-31": 0.3, "2011-09-30": 0, "2011-06-30": 0, "2011-03-31": "-0.30000", "2010-12-31": 0, "2010-09-30": -10.8, "2010-06-30": 0, "2010-03-31": "0.40000", "2009-12-31": -43.7, "2009-09-30": 43.4, "2009-06-30": -7.5, "2009-03-31": "9.10000", "2008-12-31": -135.907, "2008-09-30": -6.211, "2008-06-30": -0.592, "2008-03-31": "-0.49000", "2007-12-31": -0.336, "2007-09-30": -193.789, "2007-06-30": 0, "2007-03-31": "-51.67500", "2006-12-31": 0, "2006-09-30": -59.635, "2006-06-30": -92.038, "2006-03-31": "-21.28200", "2005-12-31": 396.714, "2005-09-30": -130.42, "2005-06-30": -0.268, "2005-03-31": "-4.75000"}, "Net Change In Short-term Investments": {"2020-09-30": 84, "2020-06-30": 1089, "2020-03-31": "-382.00000", "2019-12-31": -322, "2019-09-30": -239, "2019-06-30": -102, "2019-03-31": "268.00000", "2018-12-31": -200, "2018-09-30": -25, "2018-06-30": 91, "2018-03-31": "-51.00000", "2017-12-31": 182, "2017-09-30": -111, "2017-06-30": -185, "2017-03-31": "140.00000", "2016-12-31": 109, "2016-09-30": 87, "2016-06-30": -20, "2016-03-31": "371.00000", "2015-12-31": -256, "2015-09-30": -262, "2015-06-30": -184, "2015-03-31": "137.00000", "2014-12-31": -161, "2014-09-30": -4, "2014-06-30": 237, "2014-03-31": "-233.00000", "2013-12-31": 20, "2013-09-30": -24, "2013-06-30": -3, "2013-03-31": "43.00000", "2012-12-31": -84, "2012-09-30": 85, "2012-06-30": -12, "2012-03-31": "-1.00000", "2011-12-31": -0.7, "2011-09-30": 12.3, "2011-06-30": -4.9, "2011-03-31": "71.30000", "2010-12-31": -53.4, "2010-09-30": 181.5, "2010-06-30": 96.9, "2010-03-31": "-5.60000", "2009-12-31": 161, "2009-09-30": -113, "2009-06-30": 241, "2009-03-31": "80.80000", "2008-12-31": 21.964, "2008-09-30": -44.89, "2008-06-30": -97.221, "2008-03-31": "-65.45300", "2007-12-31": -52.513, "2007-09-30": 70.409, "2007-06-30": -38.548, "2007-03-31": "449.25200", "2006-12-31": -213.982, "2006-09-30": 117.979, "2006-06-30": -124.595, "2006-03-31": "433.81700", "2005-12-31": -82.431, "2005-09-30": -7.661, "2005-06-30": -419.467, "2005-03-31": "196.16000"}, "Net Change In Long-Term Investments": {"2020-09-30": -696, "2020-06-30": -35, "2020-03-31": "-35.00000", "2019-12-31": 12, "2019-09-30": -27, "2019-06-30": 45, "2019-03-31": "-66.00000", "2018-12-31": -10, "2018-09-30": -144, "2018-06-30": 8, "2018-03-31": "26.00000", "2017-12-31": -14, "2017-09-30": 54, "2017-06-30": 121, "2017-03-31": "175.00000", "2016-12-31": 69, "2016-09-30": 40, "2016-06-30": 96, "2016-03-31": "-68.00000", "2015-12-31": 44, "2015-09-30": 62, "2015-06-30": 35, "2015-03-31": "-98.00000", "2014-12-31": -35, "2014-09-30": 36, "2014-06-30": -57, "2014-03-31": "25.00000", "2013-12-31": 109, "2013-09-30": -17, "2013-06-30": 7, "2013-03-31": "-27.00000", "2012-12-31": 80, "2012-09-30": -91, "2012-06-30": -35, "2012-03-31": "-21.00000", "2011-12-31": 201.2, "2011-09-30": -53.9, "2011-06-30": -22.4, "2011-03-31": "16.10000", "2010-12-31": 89.4, "2010-09-30": -247.1001, "2010-06-30": 209.3, "2010-03-31": "146.80000", "2009-12-31": -134.3999, "2009-09-30": -45.7002, "2009-06-30": -396.2999, "2009-03-31": "-147.00000", "2008-12-31": 112.67, "2008-09-30": -1.121, "2008-06-30": 106.749, "2008-03-31": "189.60200", "2007-12-31": 100.3174, "2007-09-30": 169.0286, "2007-06-30": 167.1564, "2007-03-31": "-505.20210", "2006-12-31": 269.4422, "2006-09-30": -52.3521, "2006-06-30": 120.4309, "2006-03-31": "-12.08200", "2005-12-31": -659.0999, "2005-09-30": 98.9539, "2005-06-30": 108.359, "2005-03-31": "-217.12100"}, "Net Change In Investments - Total": {"2020-09-30": -612, "2020-06-30": 1054, "2020-03-31": "-417.00000", "2019-12-31": -310, "2019-09-30": -266, "2019-06-30": -57, "2019-03-31": "202.00000", "2018-12-31": -210, "2018-09-30": -169, "2018-06-30": 99, "2018-03-31": "-25.00000", "2017-12-31": 168, "2017-09-30": -57, "2017-06-30": -64, "2017-03-31": "315.00000", "2016-12-31": 178, "2016-09-30": 127, "2016-06-30": 76, "2016-03-31": "303.00000", "2015-12-31": -212, "2015-09-30": -200, "2015-06-30": -149, "2015-03-31": "39.00000", "2014-12-31": -196, "2014-09-30": 32, "2014-06-30": 180, "2014-03-31": "-208.00000", "2013-12-31": 129, "2013-09-30": -41, "2013-06-30": 4, "2013-03-31": "16.00000", "2012-12-31": -4, "2012-09-30": -6, "2012-06-30": -47, "2012-03-31": "-22.00000", "2011-12-31": 200.4999, "2011-09-30": -41.5999, "2011-06-30": -27.3, "2011-03-31": "87.40000", "2010-12-31": 36, "2010-09-30": -65.6001, "2010-06-30": 306.2, "2010-03-31": "141.20000", "2009-12-31": 26.6001, "2009-09-30": -158.7002, "2009-06-30": -155.2999, "2009-03-31": "-66.20000", "2008-12-31": 134.634, "2008-09-30": -46.011, "2008-06-30": 9.528, "2008-03-31": "124.14900", "2007-12-31": 47.8044, "2007-09-30": 239.4375, "2007-06-30": 128.6085, "2007-03-31": "-55.95010", "2006-12-31": 55.4602, "2006-09-30": 65.6269, "2006-06-30": -4.1641, "2006-03-31": "421.73500", "2005-12-31": -741.5309, "2005-09-30": 91.2929, "2005-06-30": -311.108, "2005-03-31": "-20.96100"}, "Investing Activities - Other": {"2020-09-30": 52, "2020-06-30": 28, "2020-03-31": "-3.00000", "2019-12-31": -24, "2019-09-30": 6, "2019-06-30": 108, "2019-03-31": "-86.00000", "2018-12-31": -48, "2018-09-30": 54, "2018-06-30": 7, "2018-03-31": "-3.00000", "2017-12-31": 0, "2017-09-30": 26, "2017-06-30": 6, "2017-03-31": "-13.00000", "2016-12-31": 44, "2016-09-30": 2, "2016-06-30": -29, "2016-03-31": "-51.00000", "2015-12-31": 157, "2015-09-30": -24, "2015-06-30": 123, "2015-03-31": "-11.00000", "2014-12-31": 9, "2014-09-30": 13, "2014-06-30": 11, "2014-03-31": "6.00000", "2013-12-31": 3, "2013-09-30": 2, "2013-06-30": 5, "2013-03-31": "-9.00000", "2012-12-31": -20, "2012-09-30": -1, "2012-06-30": 1, "2012-03-31": "", "2011-12-31": 5.1, "2011-09-30": -0.7, "2011-06-30": -2.7, "2011-03-31": "-26.70000", "2010-12-31": -6, "2010-09-30": -20.3, "2010-06-30": -4.2, "2010-03-31": "-16.40000", "2009-12-31": -12.9, "2009-09-30": -0.7, "2009-06-30": 1.8, "2009-03-31": "-0.40000", "2008-12-31": -6.078, "2008-09-30": 1.533, "2008-06-30": -2.389, "2008-03-31": "0.53400", "2007-12-31": -509.336, "2007-09-30": -3.39, "2007-06-30": 3.588, "2007-03-31": "-3.16200", "2006-12-31": -150.695, "2006-09-30": 9.056, "2006-06-30": -1.478, "2006-03-31": "3.49700", "2005-12-31": 1.796, "2005-09-30": 0.075, "2005-06-30": 2.951, "2005-03-31": ""}, "Cash Flow From Investing Activities": {"2020-09-30": -687, "2020-06-30": 86, "2020-03-31": "-439.00000", "2019-12-31": -359, "2019-09-30": -281, "2019-06-30": 26, "2019-03-31": "94.00000", "2018-12-31": -312, "2018-09-30": -96, "2018-06-30": 86, "2018-03-31": "-32.00000", "2017-12-31": -99, "2017-09-30": -221, "2017-06-30": 175, "2017-03-31": "224.00000", "2016-12-31": 101, "2016-09-30": -192, "2016-06-30": -271, "2016-03-31": "171.00000", "2015-12-31": -149, "2015-09-30": -316, "2015-06-30": -107, "2015-03-31": "1.00000", "2014-12-31": -274, "2014-09-30": -68, "2014-06-30": 146, "2014-03-31": "-2524.00000", "2013-12-31": 98, "2013-09-30": -97, "2013-06-30": -38, "2013-03-31": "-23.00000", "2012-12-31": -158, "2012-09-30": -42, "2012-06-30": -68, "2012-03-31": "-42.00000", "2011-12-31": 187.7, "2011-09-30": -36.4, "2011-06-30": -37.2, "2011-03-31": "49.90000", "2010-12-31": 14.1, "2010-09-30": -107.1, "2010-06-30": 290.8, "2010-03-31": "128.90000", "2009-12-31": 12.2, "2009-09-30": -135.1, "2009-06-30": -175.7, "2009-03-31": "-70.00000", "2008-12-31": -28.63, "2008-09-30": -79.977, "2008-06-30": -21.381, "2008-03-31": "105.08800", "2007-12-31": -481.536, "2007-09-30": 18.033, "2007-06-30": 98.582, "2007-03-31": "-149.87900", "2006-12-31": -135.687, "2006-09-30": -93.627, "2006-06-30": -191.714, "2006-03-31": "307.01200", "2005-12-31": -610.098, "2005-09-30": -70.782, "2005-06-30": -300.153, "2005-03-31": "-39.72800"}, "Net Long-Term Debt": {"2020-09-30": 238, "2020-06-30": 1008, "2020-03-31": "", "2019-12-31": 0, "2019-09-30": 0, "2019-06-30": 0, "2019-03-31": "", "2018-12-31": 0, "2018-09-30": 18, "2018-06-30": -42, "2018-03-31": "-46.00000", "2017-12-31": 7, "2017-09-30": -129, "2017-06-30": -343, "2017-03-31": "-63.00000", "2016-12-31": -12, "2016-09-30": -34, "2016-06-30": 31, "2016-03-31": "-55.00000", "2015-12-31": -26, "2015-09-30": 2, "2015-06-30": -54, "2015-03-31": "79.00000", "2014-12-31": -132, "2014-09-30": -102, "2014-06-30": -3, "2014-03-31": "928.00000", "2013-12-31": -22, "2013-09-30": 5, "2013-06-30": -10, "2013-03-31": "9.00000", "2012-12-31": -17, "2012-09-30": 104, "2012-06-30": -115, "2012-03-31": "150.00000", "2011-12-31": -100.1, "2011-09-30": 84.4, "2011-06-30": -0.3, "2011-03-31": "", "2010-12-31": 150.1, "2010-09-30": 49.3, "2010-06-30": -108.9, "2010-03-31": "-0.30000", "2009-12-31": -6.1, "2009-09-30": 7.7, "2009-06-30": -206.5, "2009-03-31": "-46.50000", "2008-12-31": -71.107, "2008-09-30": 158.981, "2008-06-30": 14.537, "2008-03-31": "14.48900", "2007-12-31": 523.894, "2007-09-30": 3.285, "2007-06-30": 2.964, "2007-03-31": "10.95700", "2006-12-31": -70.403, "2006-09-30": -1.174, "2006-06-30": -58.567, "2006-03-31": "-100.76200", "2005-12-31": 1209.405, "2005-09-30": 646.647, "2005-06-30": -8.746, "2005-03-31": "-5.84200"}, "Net Current Debt": {"2020-09-30": 0, "2020-06-30": 0, "2020-03-31": "", "2019-12-31": 0, "2019-09-30": 0, "2019-06-30": 0, "2019-03-31": "", "2018-12-31": 0, "2018-09-30": 0, "2018-06-30": 0, "2018-03-31": "", "2017-12-31": 0, "2017-09-30": 0, "2017-06-30": 0, "2017-03-31": "", "2016-12-31": 0, "2016-09-30": 0, "2016-06-30": 0, "2016-03-31": "", "2015-12-31": 0, "2015-09-30": 0, "2015-06-30": 0, "2015-03-31": "", "2014-12-31": 0, "2014-09-30": 0, "2014-06-30": 0, "2014-03-31": "", "2013-12-31": 0, "2013-09-30": 0, "2013-06-30": 0, "2013-03-31": "", "2012-12-31": 0, "2012-09-30": 0, "2012-06-30": 0, "2012-03-31": "", "2011-12-31": 0, "2011-09-30": 0, "2011-06-30": 0, "2011-03-31": "", "2010-12-31": 0, "2010-09-30": 0, "2010-06-30": 0, "2010-03-31": "", "2009-12-31": 0, "2009-09-30": 0, "2009-06-30": 0, "2009-03-31": "", "2008-12-31": 0, "2008-09-30": 0, "2008-06-30": 0, "2008-03-31": "", "2007-12-31": 0, "2007-09-30": 0, "2007-06-30": 0, "2007-03-31": "", "2006-12-31": 0, "2006-09-30": 0, "2006-06-30": 0, "2006-03-31": "", "2005-12-31": 0, "2005-09-30": 0, "2005-06-30": 0, "2005-03-31": ""}, "Debt Issuance/Retirement Net - Total": {"2020-09-30": 238, "2020-06-30": 1008, "2020-03-31": "", "2019-12-31": 0, "2019-09-30": 0, "2019-06-30": 0, "2019-03-31": "", "2018-12-31": 0, "2018-09-30": 18, "2018-06-30": -42, "2018-03-31": "-46.00000", "2017-12-31": 7, "2017-09-30": -129, "2017-06-30": -343, "2017-03-31": "-63.00000", "2016-12-31": -12, "2016-09-30": -34, "2016-06-30": 31, "2016-03-31": "-55.00000", "2015-12-31": -26, "2015-09-30": 2, "2015-06-30": -54, "2015-03-31": "79.00000", "2014-12-31": -132, "2014-09-30": -102, "2014-06-30": -3, "2014-03-31": "928.00000", "2013-12-31": -22, "2013-09-30": 5, "2013-06-30": -10, "2013-03-31": "9.00000", "2012-12-31": -17, "2012-09-30": 104, "2012-06-30": -115, "2012-03-31": "150.00000", "2011-12-31": -100.1, "2011-09-30": 84.4, "2011-06-30": -0.3, "2011-03-31": "", "2010-12-31": 150.1, "2010-09-30": 49.3, "2010-06-30": -108.9, "2010-03-31": "-0.30000", "2009-12-31": -6.1, "2009-09-30": 7.7, "2009-06-30": -206.5, "2009-03-31": "-46.50000", "2008-12-31": -71.107, "2008-09-30": 158.981, "2008-06-30": 14.537, "2008-03-31": "14.48900", "2007-12-31": 523.894, "2007-09-30": 3.285, "2007-06-30": 2.964, "2007-03-31": "10.95700", "2006-12-31": -70.403, "2006-09-30": -1.174, "2006-06-30": -58.567, "2006-03-31": "-100.76200", "2005-12-31": 1209.405, "2005-09-30": 646.647, "2005-06-30": -8.746, "2005-03-31": "-5.84200"}, "Net Common Equity Issued/Repurchased": {"2020-09-30": -80, "2020-06-30": 20, "2020-03-31": "-87.00000", "2019-12-31": 6, "2019-09-30": -10, "2019-06-30": -26, "2019-03-31": "-17.00000", "2018-12-31": -15, "2018-09-30": 9, "2018-06-30": 2, "2018-03-31": "3.00000", "2017-12-31": 7, "2017-09-30": 1, "2017-06-30": -49, "2017-03-31": "2.00000", "2016-12-31": -22, "2016-09-30": -46, "2016-06-30": -98, "2016-03-31": "-91.00000", "2015-12-31": -117, "2015-09-30": -117, "2015-06-30": -58, "2015-03-31": "-180.00000", "2014-12-31": 16, "2014-09-30": 6, "2014-06-30": 7, "2014-03-31": "9.00000", "2013-12-31": 523, "2013-09-30": 31, "2013-06-30": 14, "2013-03-31": "-30.00000", "2012-12-31": 7, "2012-09-30": -2, "2012-06-30": 28, "2012-03-31": "20.00000", "2011-12-31": 2.5, "2011-09-30": -72.6, "2011-06-30": 1.3, "2011-03-31": "-9.20000", "2010-12-31": -78.6, "2010-09-30": -4.4, "2010-06-30": -20.7, "2010-03-31": "-9.10000", "2009-12-31": -17.5, "2009-09-30": -6.2, "2009-06-30": 284.2, "2009-03-31": "15.40000", "2008-12-31": 0.66, "2008-09-30": -12.679, "2008-06-30": -30.606, "2008-03-31": "2.02500", "2007-12-31": -44.273, "2007-09-30": -102.105, "2007-06-30": -30.56, "2007-03-31": "2.13800", "2006-12-31": -24.69, "2006-09-30": -31.888, "2006-06-30": 1.812, "2006-03-31": "5.57700", "2005-12-31": -19.028, "2005-09-30": 0, "2005-06-30": 0, "2005-03-31": ""}, "Net Total Equity Issued/Repurchased": {"2020-09-30": -80, "2020-06-30": 20, "2020-03-31": "-87.00000", "2019-12-31": 6, "2019-09-30": -10, "2019-06-30": -26, "2019-03-31": "-17.00000", "2018-12-31": -15, "2018-09-30": 9, "2018-06-30": 2, "2018-03-31": "3.00000", "2017-12-31": 7, "2017-09-30": 1, "2017-06-30": -49, "2017-03-31": "2.00000", "2016-12-31": -22, "2016-09-30": -46, "2016-06-30": -98, "2016-03-31": "-91.00000", "2015-12-31": -117, "2015-09-30": -117, "2015-06-30": -58, "2015-03-31": "-180.00000", "2014-12-31": 16, "2014-09-30": 6, "2014-06-30": 7, "2014-03-31": "9.00000", "2013-12-31": 523, "2013-09-30": 31, "2013-06-30": 14, "2013-03-31": "-30.00000", "2012-12-31": 7, "2012-09-30": -2, "2012-06-30": 28, "2012-03-31": "20.00000", "2011-12-31": 2.5, "2011-09-30": -72.6, "2011-06-30": 1.3, "2011-03-31": "-9.20000", "2010-12-31": -78.6, "2010-09-30": -4.4, "2010-06-30": -20.7, "2010-03-31": "-9.10000", "2009-12-31": -17.5, "2009-09-30": -6.2, "2009-06-30": 284.2, "2009-03-31": "15.40000", "2008-12-31": 0.66, "2008-09-30": -12.679, "2008-06-30": -30.606, "2008-03-31": "2.02500", "2007-12-31": -44.273, "2007-09-30": -102.105, "2007-06-30": -30.56, "2007-03-31": "2.13800", "2006-12-31": -24.69, "2006-09-30": -31.888, "2006-06-30": 1.812, "2006-03-31": "5.57700", "2005-12-31": -19.028, "2005-09-30": 0, "2005-06-30": 0, "2005-03-31": ""}, "Total Common And Preferred Stock Dividends Paid": {"2020-09-30": -100, "2020-06-30": -98, "2020-03-31": "-93.00000", "2019-12-31": -93, "2019-09-30": -88, "2019-06-30": -86, "2019-03-31": "-88.00000", "2018-12-31": -85, "2018-09-30": -85, "2018-06-30": -84, "2018-03-31": "-84.00000", "2017-12-31": -76, "2017-09-30": -71, "2017-06-30": -70, "2017-03-31": "-70.00000", "2016-12-31": -71, "2016-09-30": -59, "2016-06-30": -58, "2016-03-31": "-60.00000", "2015-12-31": -75, "2015-09-30": -60, "2015-06-30": -54, "2015-03-31": "-54.00000", "2014-12-31": -56, "2014-09-30": -89, "2014-06-30": -56, "2014-03-31": "-52.00000", "2013-12-31": -46, "2013-09-30": -42, "2013-06-30": -42, "2013-03-31": "-40.00000", "2012-12-31": -40, "2012-09-30": -33, "2012-06-30": -35, "2012-03-31": "-32.00000", "2011-12-31": -27.8, "2011-09-30": -27.2, "2011-06-30": -27, "2011-03-31": "-27.00000", "2010-12-31": -46, "2010-09-30": -41.3, "2010-06-30": -41.7, "2010-03-31": "-35.00000", "2009-12-31": -34.5, "2009-09-30": -36.3, "2009-06-30": -35.9, "2009-03-31": "-32.30000", "2008-12-31": -32.257, "2008-09-30": -64.305, "2008-06-30": -65.733, "2008-03-31": "-64.40500", "2007-12-31": -64.899, "2007-09-30": -67.291, "2007-06-30": -66.255, "2007-03-31": "-65.75500", "2006-12-31": -66.174, "2006-09-30": -57.487, "2006-06-30": -71.603, "2006-03-31": "-41.54200", "2005-12-31": -1132.813, "2005-09-30": -796.335, "2005-06-30": -11.24, "2005-03-31": ""}, "Financial Activities - Other": {"2020-09-30": 735, "2020-06-30": -1, "2020-03-31": "28.00000", "2019-12-31": -129, "2019-09-30": -24, "2019-06-30": 192, "2019-03-31": "-119.00000", "2018-12-31": -25, "2018-09-30": -65, "2018-06-30": 66, "2018-03-31": "-9.00000", "2017-12-31": -135, "2017-09-30": -61, "2017-06-30": 139, "2017-03-31": "-118.00000", "2016-12-31": 153, "2016-09-30": -5, "2016-06-30": 0, "2016-03-31": "-1.00000", "2015-12-31": -9, "2015-09-30": 0, "2015-06-30": 457, "2015-03-31": "-6.00000", "2014-12-31": -105, "2014-09-30": 2, "2014-06-30": -2, "2014-03-31": "689.00000", "2013-12-31": 12, "2013-09-30": -3, "2013-06-30": -16, "2013-03-31": "-3.00000", "2012-12-31": 23, "2012-09-30": -6, "2012-06-30": -5, "2012-03-31": "5.00000", "2011-12-31": 4.3, "2011-09-30": -6.3, "2011-06-30": 0, "2011-03-31": "", "2010-12-31": 0.9, "2010-09-30": 1.1, "2010-06-30": -2.3, "2010-03-31": "1.00000", "2009-12-31": -0.4, "2009-09-30": 0.1, "2009-06-30": -0.1, "2009-03-31": "2.80000", "2008-12-31": -2.778, "2008-09-30": 0.397, "2008-06-30": 1.833, "2008-03-31": "0.84800", "2007-12-31": -1.943, "2007-09-30": 0.365, "2007-06-30": 4.594, "2007-03-31": "0.78400", "2006-12-31": 57.299, "2006-09-30": 0.978, "2006-06-30": 14.064, "2006-03-31": "8.43100", "2005-12-31": -170.878, "2005-09-30": -3.715, "2005-06-30": 165.258, "2005-03-31": "-25.82100"}, "Cash Flow From Financial Activities": {"2020-09-30": 793, "2020-06-30": 929, "2020-03-31": "-152.00000", "2019-12-31": -216, "2019-09-30": -122, "2019-06-30": 80, "2019-03-31": "-224.00000", "2018-12-31": -125, "2018-09-30": -123, "2018-06-30": -58, "2018-03-31": "-136.00000", "2017-12-31": -197, "2017-09-30": -260, "2017-06-30": -323, "2017-03-31": "-249.00000", "2016-12-31": 48, "2016-09-30": -144, "2016-06-30": -125, "2016-03-31": "-207.00000", "2015-12-31": -227, "2015-09-30": -175, "2015-06-30": 291, "2015-03-31": "-161.00000", "2014-12-31": -277, "2014-09-30": -183, "2014-06-30": -54, "2014-03-31": "1574.00000", "2013-12-31": 467, "2013-09-30": -9, "2013-06-30": -54, "2013-03-31": "-64.00000", "2012-12-31": -27, "2012-09-30": 63, "2012-06-30": -127, "2012-03-31": "143.00000", "2011-12-31": -121.1, "2011-09-30": -21.7, "2011-06-30": -26, "2011-03-31": "-36.20000", "2010-12-31": 26.4, "2010-09-30": 4.7, "2010-06-30": -173.6, "2010-03-31": "-43.40000", "2009-12-31": -58.5, "2009-09-30": -34.7, "2009-06-30": 41.7, "2009-03-31": "-60.60000", "2008-12-31": -105.482, "2008-09-30": 82.394, "2008-06-30": -79.969, "2008-03-31": "-47.04300", "2007-12-31": 412.779, "2007-09-30": -165.746, "2007-06-30": -89.257, "2007-03-31": "-51.87600", "2006-12-31": -103.968, "2006-09-30": -89.571, "2006-06-30": -114.294, "2006-03-31": "-128.29600", "2005-12-31": -113.314, "2005-09-30": -153.403, "2005-06-30": 145.272, "2005-03-31": "-31.66300"}, "Net Cash Flow": {"2020-09-30": 518, "2020-06-30": 1463, "2020-03-31": "-486.00000", "2019-12-31": -154, "2019-09-30": -75, "2019-06-30": 482, "2019-03-31": "-134.00000", "2018-12-31": -165, "2018-09-30": 102, "2018-06-30": 360, "2018-03-31": "-150.00000", "2017-12-31": -122, "2017-09-30": -209, "2017-06-30": 139, "2017-03-31": "-21.00000", "2016-12-31": 566, "2016-09-30": 35, "2016-06-30": -114, "2016-03-31": "56.00000", "2015-12-31": -98, "2015-09-30": -207, "2015-06-30": 532, "2015-03-31": "-119.00000", "2014-12-31": -246, "2014-09-30": 49, "2014-06-30": 323, "2014-03-31": "-1192.00000", "2013-12-31": 705, "2013-09-30": 24, "2013-06-30": 158, "2013-03-31": "-123.00000", "2012-12-31": 58, "2012-09-30": 205, "2012-06-30": 43, "2012-03-31": "56.00000", "2011-12-31": 121.3, "2011-09-30": 10.3, "2011-06-30": -9.8, "2011-03-31": "-52.80000", "2010-12-31": 159.9, "2010-09-30": -81.2, "2010-06-30": 253.2, "2010-03-31": "-2.60000", "2009-12-31": -33.7, "2009-09-30": -85.3, "2009-06-30": 20.9, "2009-03-31": "-2.30000", "2008-12-31": -73.635, "2008-09-30": 8.578, "2008-06-30": -88.512, "2008-03-31": "-16.83100", "2007-12-31": -31.67, "2007-09-30": -75.649, "2007-06-30": 153.053, "2007-03-31": "-117.63400", "2006-12-31": -118.75, "2006-09-30": 82.537, "2006-06-30": 18.786, "2006-03-31": "186.72800", "2005-12-31": -10.652, "2005-09-30": -17.255, "2005-06-30": 182.792, "2005-03-31": "-12.22200"}, "Stock-Based Compensation": {"2020-09-30": 10, "2020-06-30": 10, "2020-03-31": "9.00000", "2019-12-31": 11, "2019-09-30": 9, "2019-06-30": 9, "2019-03-31": "9.00000", "2018-12-31": 9, "2018-09-30": 7, "2018-06-30": 8, "2018-03-31": "7.00000", "2017-12-31": 7, "2017-09-30": 13, "2017-06-30": 14, "2017-03-31": "10.00000", "2016-12-31": 14, "2016-09-30": 15, "2016-06-30": 15, "2016-03-31": "14.00000", "2015-12-31": 12, "2015-09-30": 12, "2015-06-30": 19, "2015-03-31": "13.00000", "2014-12-31": 12, "2014-09-30": 14, "2014-06-30": 13, "2014-03-31": "12.00000", "2013-12-31": 11, "2013-09-30": 8, "2013-06-30": 9, "2013-03-31": "7.00000", "2012-12-31": 10, "2012-09-30": 6, "2012-06-30": 5, "2012-03-31": "6.00000", "2011-12-31": 6.9, "2011-09-30": 6.9, "2011-06-30": 6.7, "2011-03-31": "6.50000", "2010-12-31": 8, "2010-09-30": 5.8, "2010-06-30": 5.7, "2010-03-31": "5.60000", "2009-12-31": 6.1, "2009-09-30": 7.7, "2009-06-30": 9.2, "2009-03-31": "10.70000", "2008-12-31": 8.962, "2008-09-30": 8.273, "2008-06-30": 8.533, "2008-03-31": "6.93200", "2007-12-31": 6.202, "2007-09-30": 8.033, "2007-06-30": 8.177, "2007-03-31": "7.48800", "2006-12-31": 8.23, "2006-09-30": 11.107, "2006-06-30": 11.3, "2006-03-31": "34.34700", "2005-12-31": 25.166, "2005-09-30": 3.275, "2005-06-30": 2.688, "2005-03-31": "2.97900"}, "Common Stock Dividends Paid": {"2020-09-30": -100, "2020-06-30": -98, "2020-03-31": "-93.00000", "2019-12-31": -93, "2019-09-30": -88, "2019-06-30": -86, "2019-03-31": "-88.00000", "2018-12-31": -85, "2018-09-30": -85, "2018-06-30": -84, "2018-03-31": "-84.00000", "2017-12-31": -76, "2017-09-30": -71, "2017-06-30": -70, "2017-03-31": "-70.00000", "2016-12-31": -71, "2016-09-30": -59, "2016-06-30": -58, "2016-03-31": "-60.00000", "2015-12-31": -75, "2015-09-30": -60, "2015-06-30": -54, "2015-03-31": "-54.00000", "2014-12-31": -56, "2014-09-30": -89, "2014-06-30": -56, "2014-03-31": "-52.00000", "2013-12-31": -46, "2013-09-30": -42, "2013-06-30": -42, "2013-03-31": "-40.00000", "2012-12-31": -40, "2012-09-30": -33, "2012-06-30": -35, "2012-03-31": "-32.00000", "2011-12-31": -27.8, "2011-09-30": -27.2, "2011-06-30": -27, "2011-03-31": "-27.00000", "2010-12-31": -46, "2010-09-30": -41.3, "2010-06-30": -41.7, "2010-03-31": "-35.00000", "2009-12-31": -34.5, "2009-09-30": -36.3, "2009-06-30": -35.9, "2009-03-31": "-32.30000", "2008-12-31": -32.257, "2008-09-30": -64.305, "2008-06-30": -65.733, "2008-03-31": "-64.40500", "2007-12-31": -64.899, "2007-09-30": -67.291, "2007-06-30": -66.255, "2007-03-31": "-65.75500", "2006-12-31": -66.174, "2006-09-30": -57.487, "2006-06-30": -71.603, "2006-03-31": "-41.54200", "2005-12-31": -1132.813, "2005-09-30": -796.335, "2005-06-30": -11.24, "2005-03-31": ""}}, "financial ratios": {"Current Ratio": {"2019-12-31": "", "2018-12-31": "", "2017-12-31": "", "2016-12-31": "", "2015-12-31": "", "2014-12-31": "", "2013-12-31": "", "2012-12-31": "", "2011-12-31": "", "2010-12-31": "", "2009-12-31": "", "2008-12-31": "", "2007-12-31": "", "2006-12-31": "", "2005-12-31": ""}, "Long-term Debt / Capital": {"2019-12-31": "0.13510", "2018-12-31": "0.15300", "2017-12-31": "0.14520", "2016-12-31": "0.12520", "2015-12-31": "0.29770", "2014-12-31": "0.31580", "2013-12-31": "0.19290", "2012-12-31": "0.22060", "2011-12-31": "0.20030", "2010-12-31": "0.21650", "2009-12-31": "0.20490", "2008-12-31": "0.32100", "2007-12-31": "0.26470", "2006-12-31": "0.12390", "2005-12-31": "0.49520"}, "Debt/Equity Ratio": {"2019-12-31": "0.15620", "2018-12-31": "0.18060", "2017-12-31": "0.16990", "2016-12-31": "0.14310", "2015-12-31": "0.42400", "2014-12-31": "0.46160", "2013-12-31": "0.23900", "2012-12-31": "0.28300", "2011-12-31": "0.25050", "2010-12-31": "0.27640", "2009-12-31": "0.25770", "2008-12-31": "0.47280", "2007-12-31": "0.36000", "2006-12-31": "0.14140", "2005-12-31": "0.98090"}, "Gross Margin": {"2019-12-31": "", "2018-12-31": "", "2017-12-31": "", "2016-12-31": "", "2015-12-31": "", "2014-12-31": "", "2013-12-31": "", "2012-12-31": "", "2011-12-31": "", "2010-12-31": "", "2009-12-31": "", "2008-12-31": "", "2007-12-31": "", "2006-12-31": "", "2005-12-31": ""}, "Operating Margin": {"2019-12-31": "16.16480", "2018-12-31": "9.87620", "2017-12-31": "11.27500", "2016-12-31": "13.15970", "2015-12-31": "11.55460", "2014-12-31": "4.88530", "2013-12-31": "8.27960", "2012-12-31": "11.18780", "2011-12-31": "8.43750", "2010-12-31": "10.13620", "2009-12-31": "5.70700", "2008-12-31": "-6.57930", "2007-12-31": "3.39030", "2006-12-31": "9.97940", "2005-12-31": "16.65470"}, "EBIT Margin": {"2019-12-31": "16.71980", "2018-12-31": "10.44250", "2017-12-31": "11.90130", "2016-12-31": "14.04160", "2015-12-31": "12.65010", "2014-12-31": "6.46810", "2013-12-31": "9.26080", "2012-12-31": "12.14760", "2011-12-31": "9.62500", "2010-12-31": "10.98960", "2009-12-31": "6.37170", "2008-12-31": "-5.20090", "2007-12-31": "4.35820", "2006-12-31": "12.20510", "2005-12-31": "18.43960"}, "EBITDA Margin": {"2019-12-31": "18.82160", "2018-12-31": "12.83910", "2017-12-31": "16.97770", "2016-12-31": "19.98070", "2015-12-31": "18.80250", "2014-12-31": "12.40030", "2013-12-31": "12.06990", "2012-12-31": "14.12720", "2011-12-31": "11.20830", "2010-12-31": "12.65960", "2009-12-31": "8.68270", "2008-12-31": "-1.84180", "2007-12-31": "6.73850", "2006-12-31": "17.08880", "2005-12-31": "22.64760"}, "Pre-Tax Profit Margin": {"2019-12-31": "16.16480", "2018-12-31": "9.87620", "2017-12-31": "11.27500", "2016-12-31": "13.15970", "2015-12-31": "11.55460", "2014-12-31": "4.88530", "2013-12-31": "8.27960", "2012-12-31": "11.18780", "2011-12-31": "8.43750", "2010-12-31": "10.13620", "2009-12-31": "5.70700", "2008-12-31": "-6.57930", "2007-12-31": "3.39030", "2006-12-31": "9.97940", "2005-12-31": "16.65470"}, "Net Profit Margin": {"2019-12-31": "12.53990", "2018-12-31": "8.26970", "2017-12-31": "10.06130", "2016-12-31": "8.95690", "2015-12-31": "7.90820", "2014-12-31": "7.26570", "2013-12-31": "5.29570", "2012-12-31": "9.10320", "2011-12-31": "7.68750", "2010-12-31": "6.83690", "2009-12-31": "4.02620", "2008-12-31": "-4.21060", "2007-12-31": "2.37490", "2006-12-31": "4.64010", "2005-12-31": "9.98600"}, "Asset Turnover": {"2019-12-31": "0.79320", "2018-12-31": "0.81650", "2017-12-31": "0.83740", "2016-12-31": "0.49980", "2015-12-31": "0.47840", "2014-12-31": "0.57960", "2013-12-31": "0.70670", "2012-12-31": "0.67330", "2011-12-31": "0.61050", "2010-12-31": "0.68630", "2009-12-31": "0.69590", "2008-12-31": "0.50800", "2007-12-31": "0.72030", "2006-12-31": "1.29960", "2005-12-31": "0.86940"}, "Inventory Turnover Ratio": {"2019-12-31": "", "2018-12-31": "", "2017-12-31": "", "2016-12-31": "", "2015-12-31": "", "2014-12-31": "", "2013-12-31": "", "2012-12-31": "", "2011-12-31": "", "2010-12-31": "", "2009-12-31": "", "2008-12-31": "", "2007-12-31": "", "2006-12-31": "", "2005-12-31": ""}, "Receiveable Turnover": {"2019-12-31": "", "2018-12-31": "", "2017-12-31": "", "2016-12-31": "", "2015-12-31": "", "2014-12-31": "", "2013-12-31": "", "2012-12-31": "", "2011-12-31": "", "2010-12-31": "", "2009-12-31": "", "2008-12-31": "", "2007-12-31": "", "2006-12-31": "", "2005-12-31": ""}, "Days Sales In Receivables": {"2019-12-31": "", "2018-12-31": "", "2017-12-31": "", "2016-12-31": "", "2015-12-31": "", "2014-12-31": "", "2013-12-31": "", "2012-12-31": "", "2011-12-31": "", "2010-12-31": "", "2009-12-31": "", "2008-12-31": "", "2007-12-31": "", "2006-12-31": "", "2005-12-31": ""}, "ROE - Return On Equity": {"2019-12-31": "20.05590", "2018-12-31": "13.72080", "2017-12-31": "14.30490", "2016-12-31": "9.01710", "2015-12-31": "7.60470", "2014-12-31": "8.43080", "2013-12-31": "7.13640", "2012-12-31": "10.82330", "2011-12-31": "7.76830", "2010-12-31": "10.38500", "2009-12-31": "6.17660", "2008-12-31": "-6.06270", "2007-12-31": "4.18610", "2006-12-31": "12.59970", "2005-12-31": "29.39550"}, "Return On Tangible Equity": {"2019-12-31": "59.38190", "2018-12-31": "64.53250", "2017-12-31": "90.63830", "2016-12-31": "18.49540", "2015-12-31": "107.05130", "2014-12-31": "-339.07280", "2013-12-31": "14.93380", "2012-12-31": "28.30400", "2011-12-31": "16.84160", "2010-12-31": "25.05430", "2009-12-31": "15.70750", "2008-12-31": "-23.06260", "2007-12-31": "9.36480", "2006-12-31": "23.03850", "2005-12-31": "-175.83340"}, "ROA - Return On Assets": {"2019-12-31": "10.07770", "2018-12-31": "6.82720", "2017-12-31": "6.98280", "2016-12-31": "4.28350", "2015-12-31": "3.59630", "2014-12-31": "3.69810", "2013-12-31": "3.75190", "2012-12-31": "5.19030", "2011-12-31": "3.61230", "2010-12-31": "4.53500", "2009-12-31": "2.60390", "2008-12-31": "-2.06970", "2007-12-31": "1.78970", "2006-12-31": "6.03010", "2005-12-31": "8.68200"}, "ROI - Return On Investment": {"2019-12-31": "17.34650", "2018-12-31": "11.62150", "2017-12-31": "12.22730", "2016-12-31": "7.88840", "2015-12-31": "5.34060", "2014-12-31": "5.76840", "2013-12-31": "5.75970", "2012-12-31": "8.43590", "2011-12-31": "6.21210", "2010-12-31": "8.13620", "2009-12-31": "4.91110", "2008-12-31": "-4.11640", "2007-12-31": "3.07810", "2006-12-31": "11.03910", "2005-12-31": "14.83970"}, "Book Value Per Share": {"2019-12-31": "19.46920", "2018-12-31": "16.80620", "2017-12-31": "16.27730", "2016-12-31": "19.55290", "2015-12-31": "18.93110", "2014-12-31": "16.31340", "2013-12-31": "22.10980", "2012-12-31": "20.77920", "2011-12-31": "16.56680", "2010-12-31": "15.39410", "2009-12-31": "14.52930", "2008-12-31": "13.29340", "2007-12-31": "15.22780", "2006-12-31": "15.69180", "2005-12-31": "18.81480"}, "Operating Cash Flow Per Share": {"2019-12-31": 1.3136, "2018-12-31": 0.5971, "2017-12-31": -1.1838, "2016-12-31": 0.7358, "2015-12-31": -0.5587, "2014-12-31": 1.0833, "2013-12-31": -0.6838, "2012-12-31": 2.2501, "2011-12-31": -0.3288, "2010-12-31": -0.8422, "2009-12-31": 1.6424, "2008-12-31": -1.5099, "2007-12-31": -2.4026, "2006-12-31": -3.6504, "2005-12-31": 7.5848}, "Free Cash Flow Per Share": {"2019-12-31": 1.1612, "2018-12-31": 0.8377, "2017-12-31": -0.7927, "2016-12-31": 0.5738, "2015-12-31": -0.1234, "2014-12-31": 0.6114, "2013-12-31": -0.9559, "2012-12-31": 2.044, "2011-12-31": -0.316, "2010-12-31": -0.9717, "2009-12-31": 2.0893, "2008-12-31": -1.4447, "2007-12-31": -1.0727, "2006-12-31": -3.7557, "2005-12-31": 5.8302}}, "financial ratios, quarterly": {"Current Ratio": {"2020-09-30": "", "2020-06-30": "", "2020-03-31": "", "2019-12-31": "", "2019-09-30": "", "2019-06-30": "", "2019-03-31": "", "2018-12-31": "", "2018-09-30": "", "2018-06-30": "", "2018-03-31": "", "2017-12-31": "", "2017-09-30": "", "2017-06-30": "", "2017-03-31": "", "2016-12-31": "", "2016-09-30": "", "2016-06-30": "", "2016-03-31": "", "2015-12-31": "", "2015-09-30": "", "2015-06-30": "", "2015-03-31": "", "2014-12-31": "", "2014-09-30": "", "2014-06-30": "", "2014-03-31": "", "2013-12-31": "", "2013-09-30": "", "2013-06-30": "", "2013-03-31": "", "2012-12-31": "", "2012-09-30": "", "2012-06-30": "", "2012-03-31": "", "2011-12-31": "", "2011-09-30": "", "2011-06-30": "", "2011-03-31": "", "2010-12-31": "", "2010-09-30": "", "2010-06-30": "", "2010-03-31": "", "2009-12-31": "", "2009-09-30": "", "2009-06-30": "", "2009-03-31": "", "2008-12-31": "", "2008-09-30": "", "2008-06-30": "", "2008-03-31": "", "2007-12-31": "", "2007-09-30": "", "2007-06-30": "", "2007-03-31": "", "2006-12-31": "", "2006-09-30": "", "2006-06-30": "", "2006-03-31": "", "2005-12-31": "", "2005-09-30": "", "2005-06-30": "", "2005-03-31": ""}, "Long-term Debt / Capital": {"2020-09-30": "0.27060", "2020-06-30": "0.27680", "2020-03-31": "0.14090", "2019-12-31": "0.13510", "2019-09-30": "0.14060", "2019-06-30": "0.14470", "2019-03-31": "0.14940", "2018-12-31": "0.15300", "2018-09-30": "0.15130", "2018-06-30": "0.13690", "2018-03-31": "0.14310", "2017-12-31": "0.14520", "2017-09-30": "0.14220", "2017-06-30": "0.26060", "2017-03-31": "0.28320", "2016-12-31": "0.12520", "2016-09-30": "0.28930", "2016-06-30": "0.29460", "2016-03-31": "0.29430", "2015-12-31": "0.29770", "2015-09-30": "0.29850", "2015-06-30": "0.29480", "2015-03-31": "0.32970", "2014-12-31": "0.31580", "2014-09-30": "0.33810", "2014-06-30": "0.34420", "2014-03-31": "0.34760", "2013-12-31": "0.19290", "2013-09-30": "0.21440", "2013-06-30": "0.21770", "2013-03-31": "0.22100", "2012-12-31": "0.22060", "2012-09-30": "0.22640", "2012-06-30": "0.19030", "2012-03-31": "0.22100", "2011-12-31": "0.20030", "2011-09-30": "0.22410", "2011-06-30": "0.21230", "2011-03-31": "0.21620", "2010-12-31": "0.21650", "2010-09-30": "0.18740", "2010-06-30": "0.18050", "2010-03-31": "0.20600", "2009-12-31": "0.20490", "2009-09-30": "0.21080", "2009-06-30": "0.25780", "2009-03-31": "0.32140", "2008-12-31": "0.32100", "2008-09-30": "0.32470", "2008-06-30": "0.27790", "2008-03-31": "0.26790", "2007-12-31": "0.26470", "2007-09-30": "0.15830", "2007-06-30": "0.12450", "2007-03-31": "0.12570", "2006-12-31": "0.12390", "2006-09-30": "0.17860", "2006-06-30": "0.18350", "2006-03-31": "0.19300", "2005-12-31": "0.49520", "2005-09-30": "0.21520", "2005-06-30": "", "2005-03-31": ""}, "Debt/Equity Ratio": {"2020-09-30": "0.37090", "2020-06-30": "0.38270", "2020-03-31": "0.16400", "2019-12-31": "0.15620", "2019-09-30": "0.16360", "2019-06-30": "0.16920", "2019-03-31": "0.17570", "2018-12-31": "0.18060", "2018-09-30": "0.17830", "2018-06-30": "0.15860", "2018-03-31": "0.16700", "2017-12-31": "0.16990", "2017-09-30": "0.16580", "2017-06-30": "0.35240", "2017-03-31": "0.39510", "2016-12-31": "0.14310", "2016-09-30": "0.40720", "2016-06-30": "0.41760", "2016-03-31": "0.41700", "2015-12-31": "0.42400", "2015-09-30": "0.42560", "2015-06-30": "0.41810", "2015-03-31": "0.49200", "2014-12-31": "0.46160", "2014-09-30": "0.51080", "2014-06-30": "0.52490", "2014-03-31": "0.53280", "2013-12-31": "0.23900", "2013-09-30": "0.27290", "2013-06-30": "0.27820", "2013-03-31": "0.28370", "2012-12-31": "0.28300", "2012-09-30": "0.29260", "2012-06-30": "0.23500", "2012-03-31": "0.28380", "2011-12-31": "0.25050", "2011-09-30": "0.28890", "2011-06-30": "0.26950", "2011-03-31": "0.27580", "2010-12-31": "0.27640", "2010-09-30": "0.23060", "2010-06-30": "0.22020", "2010-03-31": "0.25940", "2009-12-31": "0.25770", "2009-09-30": "0.26720", "2009-06-30": "0.34730", "2009-03-31": "0.47360", "2008-12-31": "0.47280", "2008-09-30": "0.48070", "2008-06-30": "0.38490", "2008-03-31": "0.36590", "2007-12-31": "0.36000", "2007-09-30": "0.18800", "2007-06-30": "0.14210", "2007-03-31": "0.14370", "2006-12-31": "0.14140", "2006-09-30": "0.21740", "2006-06-30": "0.22470", "2006-03-31": "0.23910", "2005-12-31": "0.98090", "2005-09-30": "0.27420", "2005-06-30": "", "2005-03-31": ""}, "Gross Margin": {"2020-09-30": "", "2020-06-30": "", "2020-03-31": "", "2019-12-31": "", "2019-09-30": "", "2019-06-30": "", "2019-03-31": "", "2018-12-31": "", "2018-09-30": "", "2018-06-30": "", "2018-03-31": "", "2017-12-31": "", "2017-09-30": "", "2017-06-30": "", "2017-03-31": "", "2016-12-31": "", "2016-09-30": "", "2016-06-30": "", "2016-03-31": "", "2015-12-31": "", "2015-09-30": "", "2015-06-30": "", "2015-03-31": "", "2014-12-31": "", "2014-09-30": "", "2014-06-30": "", "2014-03-31": "", "2013-12-31": "", "2013-09-30": "", "2013-06-30": "", "2013-03-31": "", "2012-12-31": "", "2012-09-30": "", "2012-06-30": "", "2012-03-31": "", "2011-12-31": "", "2011-09-30": "", "2011-06-30": "", "2011-03-31": "", "2010-12-31": "", "2010-09-30": "", "2010-06-30": "", "2010-03-31": "", "2009-12-31": "", "2009-09-30": "", "2009-06-30": "", "2009-03-31": "", "2008-12-31": "", "2008-09-30": "", "2008-06-30": "", "2008-03-31": "", "2007-12-31": "", "2007-09-30": "", "2007-06-30": "", "2007-03-31": "", "2006-12-31": "", "2006-09-30": "", "2006-06-30": "", "2006-03-31": "", "2005-12-31": "", "2005-09-30": "", "2005-06-30": "", "2005-03-31": ""}, "Operating Margin": {"2020-09-30": "18.11160", "2020-06-30": "16.57030", "2020-03-31": "-5.33500", "2019-12-31": "18.58600", "2019-09-30": "13.96700", "2019-06-30": "16.46460", "2019-03-31": "15.33100", "2018-12-31": "3.60310", "2018-09-30": "13.76500", "2018-06-30": "12.95340", "2018-03-31": "7.50150", "2017-12-31": "11.13920", "2017-09-30": "12.18530", "2017-06-30": "13.30740", "2017-03-31": "7.79060", "2016-12-31": "58.47830", "2016-09-30": "10.89550", "2016-06-30": "12.40940", "2016-03-31": "6.39650", "2015-12-31": "-69.02170", "2015-09-30": "9.94980", "2015-06-30": "10.60540", "2015-03-31": "7.32650", "2014-12-31": "7.28670", "2014-09-30": "8.21790", "2014-06-30": "7.62510", "2014-03-31": "-4.98320", "2013-12-31": "9.93660", "2013-09-30": "7.45170", "2013-06-30": "9.78500", "2013-03-31": "6.71240", "2012-12-31": "7.04310", "2012-09-30": "14.80570", "2012-06-30": "12.68100", "2012-03-31": "8.82350", "2011-12-31": "8.68400", "2011-09-30": "9.29150", "2011-06-30": "8.85140", "2011-03-31": "6.81160", "2010-12-31": "13.17710", "2010-09-30": "8.54150", "2010-06-30": "14.24940", "2010-03-31": "3.53550", "2009-12-31": "6.62840", "2009-09-30": "7.38820", "2009-06-30": "8.44500", "2009-03-31": "-0.08170", "2008-12-31": "-2.12830", "2008-09-30": "-32.71350", "2008-06-30": "1.41040", "2008-03-31": "3.74230", "2007-12-31": "-5.39550", "2007-09-30": "-0.00490", "2007-06-30": "8.45760", "2007-03-31": "9.20200", "2006-12-31": "7.19250", "2006-09-30": "11.21450", "2006-06-30": "11.22140", "2006-03-31": "9.33320", "2005-12-31": "19.15800", "2005-09-30": "15.36270", "2005-06-30": "15.39000", "2005-03-31": "10.39580"}, "EBIT Margin": {"2020-09-30": "19.08600", "2020-06-30": "17.43800", "2020-03-31": "-4.59060", "2019-12-31": "19.05170", "2019-09-30": "14.50250", "2019-06-30": "17.02430", "2019-03-31": "16.02790", "2018-12-31": "4.31190", "2018-09-30": "14.19660", "2018-06-30": "13.47150", "2018-03-31": "8.15120", "2017-12-31": "11.59490", "2017-09-30": "12.68880", "2017-06-30": "13.93880", "2017-03-31": "8.76450", "2016-12-31": "53.91300", "2016-09-30": "11.68950", "2016-06-30": "13.73890", "2016-03-31": "8.05660", "2015-12-31": "-55.97830", "2015-09-30": "11.37120", "2015-06-30": "11.94150", "2015-03-31": "8.83070", "2014-12-31": "8.77280", "2014-09-30": "9.74680", "2014-06-30": "9.22780", "2014-03-31": "-3.24750", "2013-12-31": "10.14800", "2013-09-30": "8.69370", "2013-06-30": "10.70650", "2013-03-31": "7.83930", "2012-12-31": "7.85800", "2012-09-30": "15.74030", "2012-06-30": "13.60740", "2012-03-31": "10.08400", "2011-12-31": "9.89220", "2011-09-30": "10.45710", "2011-06-30": "9.97000", "2011-03-31": "8.07490", "2010-12-31": "14.20630", "2010-09-30": "9.48080", "2010-06-30": "15.08530", "2010-03-31": "4.12070", "2009-12-31": "7.35130", "2009-09-30": "7.93350", "2009-06-30": "8.99650", "2009-03-31": "0.79470", "2008-12-31": "-1.08410", "2008-09-30": "-31.32650", "2008-06-30": "2.79800", "2008-03-31": "5.39750", "2007-12-31": "-4.13000", "2007-09-30": "0.93400", "2007-06-30": "9.28940", "2007-03-31": "10.07750", "2006-12-31": "8.66100", "2006-09-30": "13.71680", "2006-06-30": "13.60200", "2006-03-31": "11.65400", "2005-12-31": "22.54390", "2005-09-30": "15.62580", "2005-06-30": "15.41500", "2005-03-31": "10.41970"}, "EBITDA Margin": {"2020-09-30": "", "2020-06-30": "", "2020-03-31": "", "2019-12-31": "", "2019-09-30": "", "2019-06-30": "", "2019-03-31": "", "2018-12-31": "", "2018-09-30": "", "2018-06-30": "", "2018-03-31": "", "2017-12-31": "", "2017-09-30": "", "2017-06-30": "", "2017-03-31": "", "2016-12-31": "", "2016-09-30": "", "2016-06-30": "", "2016-03-31": "", "2015-12-31": "", "2015-09-30": "", "2015-06-30": "", "2015-03-31": "", "2014-12-31": "", "2014-09-30": "", "2014-06-30": "", "2014-03-31": "", "2013-12-31": "", "2013-09-30": "", "2013-06-30": "", "2013-03-31": "", "2012-12-31": "", "2012-09-30": "", "2012-06-30": "", "2012-03-31": "", "2011-12-31": "", "2011-09-30": "", "2011-06-30": "", "2011-03-31": "", "2010-12-31": "", "2010-09-30": "", "2010-06-30": "", "2010-03-31": "", "2009-12-31": "", "2009-09-30": "", "2009-06-30": "", "2009-03-31": "", "2008-12-31": "", "2008-09-30": "", "2008-06-30": "", "2008-03-31": "", "2007-12-31": "", "2007-09-30": "", "2007-06-30": "", "2007-03-31": "", "2006-12-31": "", "2006-09-30": "", "2006-06-30": "", "2006-03-31": "", "2005-12-31": "", "2005-09-30": "", "2005-06-30": "", "2005-03-31": ""}, "Pre-Tax Profit Margin": {"2020-09-30": "18.11160", "2020-06-30": "16.57030", "2020-03-31": "-5.33500", "2019-12-31": "18.58600", "2019-09-30": "13.96700", "2019-06-30": "16.46460", "2019-03-31": "15.33100", "2018-12-31": "3.60310", "2018-09-30": "13.76500", "2018-06-30": "12.95340", "2018-03-31": "7.50150", "2017-12-31": "11.13920", "2017-09-30": "12.18530", "2017-06-30": "13.30740", "2017-03-31": "7.79060", "2016-12-31": "58.47830", "2016-09-30": "10.89550", "2016-06-30": "12.40940", "2016-03-31": "6.39650", "2015-12-31": "-69.02170", "2015-09-30": "9.94980", "2015-06-30": "10.60540", "2015-03-31": "7.32650", "2014-12-31": "7.28670", "2014-09-30": "8.21790", "2014-06-30": "7.62510", "2014-03-31": "-4.98320", "2013-12-31": "9.93660", "2013-09-30": "7.45170", "2013-06-30": "9.78500", "2013-03-31": "6.71240", "2012-12-31": "7.04310", "2012-09-30": "14.80570", "2012-06-30": "12.68100", "2012-03-31": "8.82350", "2011-12-31": "8.68400", "2011-09-30": "9.29150", "2011-06-30": "8.85140", "2011-03-31": "6.81160", "2010-12-31": "13.17710", "2010-09-30": "8.54150", "2010-06-30": "14.24940", "2010-03-31": "3.53550", "2009-12-31": "6.62830", "2009-09-30": "7.38820", "2009-06-30": "8.44500", "2009-03-31": "-0.08170", "2008-12-31": "-2.12830", "2008-09-30": "-32.71350", "2008-06-30": "1.41040", "2008-03-31": "3.74230", "2007-12-31": "-5.47580", "2007-09-30": "-0.00480", "2007-06-30": "8.45760", "2007-03-31": "9.27490", "2006-12-31": "7.19250", "2006-09-30": "11.21450", "2006-06-30": "11.22140", "2006-03-31": "9.33320", "2005-12-31": "19.15800", "2005-09-30": "15.36270", "2005-06-30": "15.39000", "2005-03-31": "10.39570"}, "Net Profit Margin": {"2020-09-30": "12.70160", "2020-06-30": "12.76860", "2020-03-31": "-3.78410", "2019-12-31": "14.39460", "2019-09-30": "11.15570", "2019-06-30": "12.40670", "2019-03-31": "11.96280", "2018-12-31": "2.59890", "2018-09-30": "11.31890", "2018-06-30": "11.82290", "2018-03-31": "5.72950", "2017-12-31": "12.05060", "2017-09-30": "8.30820", "2017-06-30": "14.37590", "2017-03-31": "4.38220", "2016-12-31": "48.47830", "2016-09-30": "6.88130", "2016-06-30": "7.93710", "2016-03-31": "3.61330", "2015-12-31": "-75.54350", "2015-09-30": "5.51840", "2015-06-30": "7.09810", "2015-03-31": "4.17270", "2014-12-31": "18.74400", "2014-09-30": "4.87340", "2014-06-30": "5.43950", "2014-03-31": "-1.23180", "2013-12-31": "7.61100", "2013-09-30": "4.32380", "2013-06-30": "6.05530", "2013-03-31": "4.40960", "2012-12-31": "8.84750", "2012-09-30": "11.51010", "2012-06-30": "8.51190", "2012-03-31": "6.21850", "2011-12-31": "13.96250", "2011-09-30": "6.18600", "2011-06-30": "6.48460", "2011-03-31": "3.75470", "2010-12-31": "9.82650", "2010-09-30": "6.05840", "2010-06-30": "9.33470", "2010-03-31": "1.35980", "2009-12-31": "6.03610", "2009-09-30": "5.00270", "2009-06-30": "5.89930", "2009-03-31": "-0.92090", "2008-12-31": "-1.50450", "2008-09-30": "-20.44830", "2008-06-30": "0.59290", "2008-03-31": "2.42150", "2007-12-31": "-3.61820", "2007-09-30": "0.47540", "2007-06-30": "5.67460", "2007-03-31": "6.09610", "2006-12-31": "3.95480", "2006-09-30": "4.84170", "2006-06-30": "5.01450", "2006-03-31": "4.51780", "2005-12-31": "11.18550", "2005-09-30": "9.56660", "2005-06-30": "9.53080", "2005-03-31": "6.50630"}, "Asset Turnover": {"2020-09-30": "0.05970", "2020-06-30": "0.05040", "2020-03-31": "0.15800", "2019-12-31": "0.22120", "2019-09-30": "0.21510", "2019-06-30": "0.21040", "2019-03-31": "0.17850", "2018-12-31": "0.18200", "2018-09-30": "0.22250", "2018-06-30": "0.22940", "2018-03-31": "0.18770", "2017-12-31": "0.21580", "2017-09-30": "0.18910", "2017-06-30": "0.14500", "2017-03-31": "0.11590", "2016-12-31": "0.03170", "2016-09-30": "0.15760", "2016-06-30": "0.17190", "2016-03-31": "0.14690", "2015-12-31": "-0.01320", "2015-09-30": "0.17040", "2015-06-30": "0.16640", "2015-03-31": "0.15020", "2014-12-31": "0.15070", "2014-09-30": "0.14170", "2014-06-30": "0.13870", "2014-03-31": "0.12160", "2013-12-31": "0.08990", "2013-09-30": "0.21570", "2013-06-30": "0.22760", "2013-03-31": "0.21080", "2012-12-31": "0.17350", "2012-09-30": "0.20880", "2012-06-30": "0.20290", "2012-03-31": "0.14870", "2011-12-31": "0.15690", "2011-09-30": "0.15250", "2011-06-30": "0.15750", "2011-03-31": "0.14510", "2010-12-31": "0.16880", "2010-09-30": "0.17430", "2010-06-30": "0.18890", "2010-03-31": "0.15570", "2009-12-31": "0.14470", "2009-09-30": "0.18150", "2009-06-30": "0.18710", "2009-03-31": "0.16490", "2008-12-31": "0.11810", "2008-09-30": "0.13260", "2008-06-30": "0.16120", "2008-03-31": "0.15050", "2007-12-31": "0.16360", "2007-09-30": "0.18840", "2007-06-30": "0.20300", "2007-03-31": "0.19500", "2006-12-31": "0.24800", "2006-09-30": "0.42800", "2006-06-30": "0.42660", "2006-03-31": "0.39920", "2005-12-31": "0.44400", "2005-09-30": "0.29530", "2005-06-30": "", "2005-03-31": ""}, "Inventory Turnover Ratio": {"2020-09-30": "", "2020-06-30": "", "2020-03-31": "", "2019-12-31": "", "2019-09-30": "", "2019-06-30": "", "2019-03-31": "", "2018-12-31": "", "2018-09-30": "", "2018-06-30": "", "2018-03-31": "", "2017-12-31": "", "2017-09-30": "", "2017-06-30": "", "2017-03-31": "", "2016-12-31": "", "2016-09-30": "", "2016-06-30": "", "2016-03-31": "", "2015-12-31": "", "2015-09-30": "", "2015-06-30": "", "2015-03-31": "", "2014-12-31": "", "2014-09-30": "", "2014-06-30": "", "2014-03-31": "", "2013-12-31": "", "2013-09-30": "", "2013-06-30": "", "2013-03-31": "", "2012-12-31": "", "2012-09-30": "", "2012-06-30": "", "2012-03-31": "", "2011-12-31": "", "2011-09-30": "", "2011-06-30": "", "2011-03-31": "", "2010-12-31": "", "2010-09-30": "", "2010-06-30": "", "2010-03-31": "", "2009-12-31": "", "2009-09-30": "", "2009-06-30": "", "2009-03-31": "", "2008-12-31": "", "2008-09-30": "", "2008-06-30": "", "2008-03-31": "", "2007-12-31": "", "2007-09-30": "", "2007-06-30": "", "2007-03-31": "", "2006-12-31": "", "2006-09-30": "", "2006-06-30": "", "2006-03-31": "", "2005-12-31": "", "2005-09-30": "", "2005-06-30": "", "2005-03-31": ""}, "Receiveable Turnover": {"2020-09-30": "", "2020-06-30": "", "2020-03-31": "", "2019-12-31": "", "2019-09-30": "", "2019-06-30": "", "2019-03-31": "", "2018-12-31": "", "2018-09-30": "", "2018-06-30": "", "2018-03-31": "", "2017-12-31": "", "2017-09-30": "", "2017-06-30": "", "2017-03-31": "", "2016-12-31": "", "2016-09-30": "", "2016-06-30": "", "2016-03-31": "", "2015-12-31": "", "2015-09-30": "", "2015-06-30": "", "2015-03-31": "", "2014-12-31": "", "2014-09-30": "", "2014-06-30": "", "2014-03-31": "", "2013-12-31": "", "2013-09-30": "", "2013-06-30": "", "2013-03-31": "", "2012-12-31": "", "2012-09-30": "", "2012-06-30": "", "2012-03-31": "", "2011-12-31": "", "2011-09-30": "", "2011-06-30": "", "2011-03-31": "", "2010-12-31": "", "2010-09-30": "", "2010-06-30": "", "2010-03-31": "", "2009-12-31": "", "2009-09-30": "", "2009-06-30": "", "2009-03-31": "", "2008-12-31": "", "2008-09-30": "", "2008-06-30": "", "2008-03-31": "", "2007-12-31": "", "2007-09-30": "", "2007-06-30": "", "2007-03-31": "", "2006-12-31": "", "2006-09-30": "", "2006-06-30": "", "2006-03-31": "", "2005-12-31": "", "2005-09-30": "", "2005-06-30": "", "2005-03-31": ""}, "Days Sales In Receivables": {"2020-09-30": "", "2020-06-30": "", "2020-03-31": "", "2019-12-31": "", "2019-09-30": "", "2019-06-30": "", "2019-03-31": "", "2018-12-31": "", "2018-09-30": "", "2018-06-30": "", "2018-03-31": "", "2017-12-31": "", "2017-09-30": "", "2017-06-30": "", "2017-03-31": "", "2016-12-31": "", "2016-09-30": "", "2016-06-30": "", "2016-03-31": "", "2015-12-31": "", "2015-09-30": "", "2015-06-30": "", "2015-03-31": "", "2014-12-31": "", "2014-09-30": "", "2014-06-30": "", "2014-03-31": "", "2013-12-31": "", "2013-09-30": "", "2013-06-30": "", "2013-03-31": "", "2012-12-31": "", "2012-09-30": "", "2012-06-30": "", "2012-03-31": "", "2011-12-31": "", "2011-09-30": "", "2011-06-30": "", "2011-03-31": "", "2010-12-31": "", "2010-09-30": "", "2010-06-30": "", "2010-03-31": "", "2009-12-31": "", "2009-09-30": "", "2009-06-30": "", "2009-03-31": "", "2008-12-31": "", "2008-09-30": "", "2008-06-30": "", "2008-03-31": "", "2007-12-31": "", "2007-09-30": "", "2007-06-30": "", "2007-03-31": "", "2006-12-31": "", "2006-09-30": "", "2006-06-30": "", "2006-03-31": "", "2005-12-31": "", "2005-09-30": "", "2005-06-30": "", "2005-03-31": ""}, "ROE - Return On Equity": {"2020-09-30": "5.75050", "2020-06-30": "4.92990", "2020-03-31": "-1.11420", "2019-12-31": "6.41190", "2019-09-30": "4.99900", "2019-06-30": "5.45230", "2019-03-31": "4.32320", "2018-12-31": "0.99390", "2018-09-30": "5.05550", "2018-06-30": "5.48710", "2018-03-31": "2.18800", "2017-12-31": "5.50710", "2017-09-30": "2.92420", "2017-06-30": "2.54370", "2017-03-31": "0.87080", "2016-12-31": "2.60950", "2016-09-30": "2.24720", "2016-06-30": "3.08890", "2016-03-31": "1.27760", "2015-12-31": "1.41170", "2015-09-30": "2.08930", "2015-06-30": "2.51220", "2015-03-31": "1.69290", "2014-12-31": "6.48770", "2014-09-30": "1.57650", "2014-06-30": "1.53870", "2014-03-31": "-1.27470", "2013-12-31": "1.13820", "2013-09-30": "1.94330", "2013-06-30": "3.06160", "2013-03-31": "1.84370", "2012-12-31": "1.34770", "2012-09-30": "5.11240", "2012-06-30": "3.45440", "2012-03-31": "1.96900", "2011-12-31": "2.34420", "2011-09-30": "2.17430", "2011-06-30": "2.30450", "2011-03-31": "1.17330", "2010-12-31": "3.51000", "2010-09-30": "2.22830", "2010-06-30": "4.10800", "2010-03-31": "0.56900", "2009-12-31": "1.48580", "2009-09-30": "2.36080", "2009-06-30": "2.96500", "2009-03-31": "-0.46110", "2008-12-31": "-0.49320", "2008-09-30": "-6.96710", "2008-06-30": "0.25350", "2008-03-31": "0.91390", "2007-12-31": "-1.19930", "2007-09-30": "0.18900", "2007-06-30": "2.38670", "2007-03-31": "2.38710", "2006-12-31": "2.04920", "2006-09-30": "4.83960", "2006-06-30": "5.19840", "2006-03-31": "4.24510", "2005-12-31": "16.81440", "2005-09-30": "7.08210", "2005-06-30": "", "2005-03-31": ""}, "Return On Tangible Equity": {"2020-09-30": "2753.33300", "2020-06-30": "-33.22720", "2020-03-31": "-3.58490", "2019-12-31": "18.98460", "2019-09-30": "16.58030", "2019-06-30": "20.00000", "2019-03-31": "18.08600", "2018-12-31": "4.67480", "2018-09-30": "22.59300", "2018-06-30": "28.12850", "2018-03-31": "13.35150", "2017-12-31": "34.89360", "2017-09-30": "9.83710", "2017-06-30": "26.74770", "2017-03-31": "15.00000", "2016-12-31": "5.35240", "2016-09-30": "50.33110", "2016-06-30": "47.57510", "2016-03-31": "17.35540", "2015-12-31": "19.87180", "2015-09-30": "29.36170", "2015-06-30": "30.24910", "2015-03-31": "-28.98550", "2014-12-31": "-260.92720", "2014-09-30": "-19.84130", "2014-06-30": "-21.30440", "2014-03-31": "14.73300", "2013-12-31": "2.38190", "2013-09-30": "4.73140", "2013-06-30": "7.65250", "2013-03-31": "4.70840", "2012-12-31": "3.52420", "2012-09-30": "13.06540", "2012-06-30": "7.49460", "2012-03-31": "4.15120", "2011-12-31": "5.08210", "2011-09-30": "5.07540", "2011-06-30": "5.33600", "2011-03-31": "2.81050", "2010-12-31": "8.46820", "2010-09-30": "5.36890", "2010-06-30": "9.97160", "2010-03-31": "1.44670", "2009-12-31": "3.77860", "2009-09-30": "6.80340", "2009-06-30": "8.99460", "2009-03-31": "-1.93110", "2008-12-31": "-1.87600", "2008-09-30": "-19.09980", "2008-06-30": "0.59290", "2008-03-31": "2.04190", "2007-12-31": "-2.68300", "2007-09-30": "0.39950", "2007-06-30": "4.38030", "2007-03-31": "4.45340", "2006-12-31": "3.74700", "2006-09-30": "10.51130", "2006-06-30": "11.19330", "2006-03-31": "9.31670", "2005-12-31": "-100.57780", "2005-09-30": "16.67710", "2005-06-30": "", "2005-03-31": ""}, "ROA - Return On Assets": {"2020-09-30": "0.82790", "2020-06-30": "0.65210", "2020-03-31": "-0.55860", "2019-12-31": "3.22190", "2019-09-30": "2.45710", "2019-06-30": "2.64990", "2019-03-31": "2.13540", "2018-12-31": "0.49460", "2018-09-30": "2.52910", "2018-06-30": "2.74480", "2018-03-31": "1.08670", "2017-12-31": "2.68820", "2017-09-30": "1.49510", "2017-06-30": "1.23930", "2017-03-31": "0.42320", "2016-12-31": "1.23960", "2016-09-30": "1.05660", "2016-06-30": "1.42680", "2016-03-31": "0.60250", "2015-12-31": "0.66760", "2015-09-30": "0.98320", "2015-06-30": "1.18080", "2015-03-31": "0.72880", "2014-12-31": "2.84580", "2014-09-30": "0.67680", "2014-06-30": "0.66020", "2014-03-31": "-0.54470", "2013-12-31": "0.59840", "2013-09-30": "0.95270", "2013-06-30": "1.47780", "2013-03-31": "0.90890", "2012-12-31": "0.64630", "2012-09-30": "2.42400", "2012-06-30": "1.64450", "2012-03-31": "0.92480", "2011-12-31": "1.09000", "2011-09-30": "0.96980", "2011-06-30": "1.03890", "2011-03-31": "0.51920", "2010-12-31": "1.53280", "2010-09-30": "0.98360", "2010-06-30": "1.77380", "2010-03-31": "0.24250", "2009-12-31": "0.62640", "2009-09-30": "0.94880", "2009-06-30": "1.11470", "2009-03-31": "-0.15550", "2008-12-31": "-0.16840", "2008-09-30": "-2.68700", "2008-06-30": "0.10880", "2008-03-31": "0.39500", "2007-12-31": "-0.51270", "2007-09-30": "0.08960", "2007-06-30": "1.15170", "2007-03-31": "1.18880", "2006-12-31": "0.98070", "2006-09-30": "2.07210", "2006-06-30": "2.13920", "2006-03-31": "1.80370", "2005-12-31": "4.96620", "2005-09-30": "2.82470", "2005-06-30": "", "2005-03-31": ""}, "ROI - Return On Investment": {"2020-09-30": "4.19460", "2020-06-30": "3.56530", "2020-03-31": "-0.95720", "2019-12-31": "5.54570", "2019-09-30": "4.29600", "2019-06-30": "4.66320", "2019-03-31": "3.67730", "2018-12-31": "0.84190", "2018-09-30": "4.29040", "2018-06-30": "4.73620", "2018-03-31": "1.87490", "2017-12-31": "4.70720", "2017-09-30": "2.50840", "2017-06-30": "1.88090", "2017-03-31": "0.62420", "2016-12-31": "2.28280", "2016-09-30": "1.59700", "2016-06-30": "2.17900", "2016-03-31": "0.90160", "2015-12-31": "0.99140", "2015-09-30": "1.46560", "2015-06-30": "1.77160", "2015-03-31": "1.13470", "2014-12-31": "4.43890", "2014-09-30": "1.04350", "2014-06-30": "1.00910", "2014-03-31": "-0.83160", "2013-12-31": "0.91860", "2013-09-30": "1.52670", "2013-06-30": "2.39520", "2013-03-31": "1.43630", "2012-12-31": "1.05040", "2012-09-30": "3.95520", "2012-06-30": "2.79710", "2012-03-31": "1.53370", "2011-12-31": "1.87460", "2011-09-30": "1.68700", "2011-06-30": "1.81530", "2011-03-31": "0.91970", "2010-12-31": "2.75000", "2010-09-30": "1.81070", "2010-06-30": "3.36670", "2010-03-31": "0.45180", "2009-12-31": "1.18140", "2009-09-30": "1.86300", "2009-06-30": "2.20070", "2009-03-31": "-0.31290", "2008-12-31": "-0.33480", "2008-09-30": "-4.70520", "2008-06-30": "0.18300", "2008-03-31": "0.66910", "2007-12-31": "-0.88190", "2007-09-30": "0.15910", "2007-06-30": "2.08970", "2007-03-31": "2.08710", "2006-12-31": "1.79540", "2006-09-30": "3.97550", "2006-06-30": "4.24470", "2006-03-31": "3.42600", "2005-12-31": "8.48840", "2005-09-30": "5.55820", "2005-06-30": "", "2005-03-31": ""}, "Book Value Per Share": {"2020-09-30": "24.45770", "2020-06-30": "21.76310", "2020-03-31": "18.78000", "2019-12-31": "19.46920", "2019-09-30": "18.61650", "2019-06-30": "18.04550", "2019-03-31": "17.33310", "2018-12-31": "16.80620", "2018-09-30": "17.03330", "2018-06-30": "16.85060", "2018-03-31": "16.31240", "2017-12-31": "16.27730", "2017-09-30": "15.88370", "2017-06-30": "20.47320", "2017-03-31": "20.34450", "2016-12-31": "19.55290", "2016-09-30": "19.98030", "2016-06-30": "19.61790", "2016-03-31": "19.14930", "2015-12-31": "18.93110", "2015-09-30": "18.69400", "2015-06-30": "18.91610", "2015-03-31": "16.43170", "2014-12-31": "16.31340", "2014-09-30": "17.10550", "2014-06-30": "17.25230", "2014-03-31": "22.67470", "2013-12-31": "22.10980", "2013-09-30": "21.50300", "2013-06-30": "21.18260", "2013-03-31": "20.99210", "2012-12-31": "20.77920", "2012-09-30": "20.49800", "2012-06-30": "18.07360", "2012-03-31": "16.86830", "2011-12-31": "16.56680", "2011-09-30": "16.03160", "2011-06-30": "15.80450", "2011-03-31": "15.46140", "2010-12-31": "15.39410", "2010-09-30": "15.25000", "2010-06-30": "14.97800", "2010-03-31": "14.46280", "2009-12-31": "14.52930", "2009-09-30": "14.08670", "2009-06-30": "13.38430", "2009-03-31": "12.72300", "2008-12-31": "13.29340", "2008-09-30": "13.35920", "2008-06-30": "14.66180", "2008-03-31": "15.10540", "2007-12-31": "15.22780", "2007-09-30": "15.87500", "2007-06-30": "16.08990", "2007-03-31": "15.76690", "2006-12-31": "15.69180", "2006-09-30": "15.12120", "2006-06-30": "14.63480", "2006-03-31": "14.37410", "2005-12-31": "18.81480", "2005-09-30": "13.81210", "2005-06-30": "", "2005-03-31": ""}, "Operating Cash Flow Per Share": {"2020-09-30": 1.3114, "2020-06-30": 1.5989, "2020-03-31": "0.38320", "2019-12-31": 1.5198, "2019-09-30": 1.1841, "2019-06-30": 1.3574, "2019-03-31": "-0.01440", "2018-12-31": 0.3196, "2018-09-30": 1.1547, "2018-06-30": 1.1947, "2018-03-31": "0.06430", "2017-12-31": 0.4852, "2017-09-30": 0.8051, "2017-06-30": 0.8344, "2017-03-31": "0.01150", "2016-12-31": 1.1792, "2016-09-30": 1.0753, "2016-06-30": 0.8049, "2016-03-31": "0.26060", "2015-12-31": 0.7302, "2015-09-30": 0.7941, "2015-06-30": 0.952, "2015-03-31": "0.10790", "2014-12-31": 2.3763, "2014-09-30": 0.8055, "2014-06-30": 0.8193, "2014-03-31": "-0.85820", "2013-12-31": 0.5639, "2013-09-30": 0.5612, "2013-06-30": 1.0903, "2013-03-31": "-0.15580", "2012-12-31": 1.0753, "2012-09-30": 0.8103, "2012-06-30": 1.0596, "2012-03-31": "-0.20180", "2011-12-31": 0.2442, "2011-09-30": 0.3075, "2011-06-30": 0.239, "2011-03-31": "-0.29740", "2010-12-31": 0.5206, "2010-09-30": 0.0937, "2010-06-30": 0.5903, "2010-03-31": "-0.38250", "2009-12-31": 0.0801, "2009-09-30": 0.364, "2009-06-30": 0.6184, "2009-03-31": "0.60180", "2008-12-31": 0.2896, "2008-09-30": 0.0234, "2008-06-30": 0.0596, "2008-03-31": "-0.35070", "2007-12-31": 0.1658, "2007-09-30": 0.3441, "2007-06-30": 0.6445, "2007-03-31": "0.37740", "2006-12-31": 0.4874, "2006-09-30": 1.5304, "2006-06-30": 1.8705, "2006-03-31": "0.04610", "2005-12-31": 4.1052, "2005-09-30": 1.1851, "2005-06-30": 1.9524, "2005-03-31": "0.34210"}, "Free Cash Flow Per Share": {"2020-09-30": 1.226, "2020-06-30": 1.5284, "2020-03-31": "0.31390", "2019-12-31": 1.4332, "2019-09-30": 1.1083, "2019-06-30": 1.2672, "2019-03-31": "-0.09390", "2018-12-31": 0.2658, "2018-09-30": 1.0936, "2018-06-30": 1.1263, "2018-03-31": "0.06790", "2017-12-31": 0.4461, "2017-09-30": 0.6797, "2017-06-30": 0.7111, "2017-03-31": "-0.12100", "2016-12-31": 1.0287, "2016-09-30": 0.9272, "2016-06-30": 0.4337, "2016-03-31": "0.11900", "2015-12-31": 0.5161, "2015-09-30": 0.6013, "2015-06-30": 0.7858, "2015-03-31": "0.03160", "2014-12-31": 1.6683, "2014-09-30": 0.715, "2014-06-30": 0.6536, "2014-03-31": "-0.97870", "2013-12-31": 0.4555, "2013-09-30": 0.393, "2013-06-30": 0.884, "2013-03-31": "-0.28570", "2012-12-31": 0.916, "2012-09-30": 0.74, "2012-06-30": 0.9889, "2012-03-31": "-0.24220", "2011-12-31": 0.1628, "2011-09-30": 0.3331, "2011-06-30": 0.2072, "2011-03-31": "-0.34440", "2010-12-31": 0.4513, "2010-09-30": 0.0481, "2010-06-30": 0.5418, "2010-03-31": "-0.36650", "2009-12-31": 0.2617, "2009-09-30": 0.2817, "2009-06-30": 0.5598, "2009-03-31": "0.54320", "2008-12-31": 0.1905, "2008-09-30": -0.1216, "2008-06-30": -0.0717, "2008-03-31": "-0.44010", "2007-12-31": 0.0773, "2007-09-30": 0.2287, "2007-06-30": 0.4938, "2007-03-31": "0.20200", "2006-12-31": 0.3532, "2006-09-30": 0.9045, "2006-06-30": 1.3289, "2006-03-31": "-0.51210", "2005-12-31": 2.5666, "2005-09-30": 1.0023, "2005-06-30": 2.0002, "2005-03-31": "0.26110"}}, "revenue": {"Fidelity National Financial Annual Revenue (Millions of US $)": {"2019": "$8,469", "2018": "$7,594", "2017": "$7,663", "2016": "$7,257", "2015": "$6,664", "2014": "$8,024", "2013": "$7,440", "2012": "$6,668", "2011": "$4,800", "2010": "$5,413", "2009": "$5,521", "2008": "$4,251", "2007": "$5,466", "2006": "$9,434", "2005": "$9,655"}, "Fidelity National Financial Quarterly Revenue (Millions of US $)": {"2020-09-30": "$2,976", "2020-06-30": "$2,420", "2020-03-31": "$1,612", "2019-12-31": "$2,362", "2019-09-30": "$2,241", "2019-06-30": "$2,144", "2019-03-31": "$1,722", "2018-12-31": "$1,693", "2018-09-30": "$2,085", "2018-06-30": "$2,123", "2018-03-31": "$1,693", "2017-12-31": "$1,975", "2017-09-30": "$1,986", "2017-06-30": "$2,059", "2017-03-31": "$1,643", "2016-12-31": "$460", "2016-09-30": "$2,267", "2016-06-30": "$2,482", "2016-03-31": "$2,048", "2015-12-31": "$-184", "2015-09-30": "$2,392", "2015-06-30": "$2,395", "2015-03-31": "$2,061", "2014-12-31": "$2,086", "2014-09-30": "$2,093", "2014-06-30": "$2,059", "2014-03-31": "$1,786", "2013-12-31": "$946", "2013-09-30": "$2,174", "2013-06-30": "$2,279", "2013-03-31": "$2,041", "2012-12-31": "$1,718", "2012-09-30": "$2,033", "2012-06-30": "$1,727", "2012-03-31": "$1,190", "2011-12-31": "$1,233", "2011-09-30": "$1,201", "2011-06-30": "$1,234", "2011-03-31": "$1,132", "2010-12-31": "$1,331", "2010-09-30": "$1,373", "2010-06-30": "$1,496", "2010-03-31": "$1,213", "2009-12-31": "$1,148", "2009-09-30": "$1,467", "2009-06-30": "$1,560", "2009-03-31": "$1,347", "2008-12-31": "$988", "2008-09-30": "$970", "2008-06-30": "$1,168", "2008-03-31": "$1,125", "2007-12-31": "$1,241", "2007-09-30": "$1,361", "2007-06-30": "$1,495", "2007-03-31": "$1,368", "2006-12-31": "$1,800", "2006-09-30": "$2,635", "2006-06-30": "$2,645", "2006-03-31": "$2,354", "2005-12-31": "$4,930", "2005-09-30": "$1,774", "2005-06-30": "$1,685", "2005-03-31": "$1,265"}}, "gross-profit": {"Fidelity National Financial Annual Gross Profit (Millions of US $)": {"2019": "$6,211", "2018": "$5,535", "2017": "$5,574", "2016": "$5,259", "2015": "$4,933", "2014": "$6,553", "2013": "$5,651", "2012": "$5,068", "2011": "$3,389", "2010": "$3,655", "2009": "$3,570", "2008": "$3,033", "2007": "$3,767", "2006": "$7,399", "2005": "$7,594"}, "Fidelity National Financial Quarterly Gross Profit (Millions of US $)": {"2020-09-30": "$1,976", "2020-06-30": "$1,667", "2020-03-31": "$1,052", "2019-12-31": "$1,734", "2019-09-30": "$1,611", "2019-06-30": "$1,565", "2019-03-31": "$1,301", "2018-12-31": "$1,180", "2018-09-30": "$1,531", "2018-06-30": "$1,562", "2018-03-31": "$1,262", "2017-12-31": "$1,443", "2017-09-30": "$1,433", "2017-06-30": "$1,501", "2017-03-31": "$1,197", "2016-12-31": "$-65", "2016-09-30": "$1,722", "2016-06-30": "$1,956", "2016-03-31": "$1,646", "2015-12-31": "$-636", "2015-09-30": "$1,897", "2015-06-30": "$1,944", "2015-03-31": "$1,728", "2014-12-31": "$1,713", "2014-09-30": "$1,697", "2014-06-30": "$1,664", "2014-03-31": "$1,479", "2013-12-31": "$509", "2013-09-30": "$1,692", "2013-06-30": "$1,806", "2013-03-31": "$1,644", "2012-12-31": "$1,262", "2012-09-30": "$1,601", "2012-06-30": "$1,331", "2012-03-31": "$874", "2011-12-31": "$855", "2011-09-30": "$875", "2011-06-30": "$855", "2011-03-31": "$804", "2010-12-31": "$820", "2010-09-30": "$946", "2010-06-30": "$1,060", "2010-03-31": "$829", "2009-12-31": "$643", "2009-09-30": "$986", "2009-06-30": "$1,055", "2009-03-31": "$885", "2008-12-31": "$682", "2008-09-30": "$715", "2008-06-30": "$839", "2008-03-31": "$797", "2007-12-31": "$841", "2007-09-30": "$946", "2007-06-30": "$1,032", "2007-03-31": "$948", "2006-12-31": "$1,302", "2006-09-30": "$2,096", "2006-06-30": "$2,116", "2006-03-31": "$1,885", "2005-12-31": "$4,487", "2005-09-30": "$1,162", "2005-06-30": "$1,090", "2005-03-31": "$855"}}, "operating-income": {"Fidelity National Financial Annual Operating Income (Millions of US $)": {"2019": "$1,369", "2018": "$750", "2017": "$864", "2016": "$955", "2015": "$770", "2014": "$392", "2013": "$616", "2012": "$746", "2011": "$405", "2010": "$549", "2009": "$315", "2008": "$-280", "2007": "$185", "2006": "$942", "2005": "$1,608"}, "Fidelity National Financial Quarterly Operating Income (Millions of US $)": {"2020-09-30": "$539", "2020-06-30": "$401", "2020-03-31": "$-86", "2019-12-31": "$439", "2019-09-30": "$313", "2019-06-30": "$353", "2019-03-31": "$264", "2018-12-31": "$61", "2018-09-30": "$287", "2018-06-30": "$275", "2018-03-31": "$127", "2017-12-31": "$220", "2017-09-30": "$242", "2017-06-30": "$274", "2017-03-31": "$128", "2016-12-31": "$269", "2016-09-30": "$247", "2016-06-30": "$308", "2016-03-31": "$131", "2015-12-31": "$127", "2015-09-30": "$238", "2015-06-30": "$254", "2015-03-31": "$151", "2014-12-31": "$152", "2014-09-30": "$172", "2014-06-30": "$157", "2014-03-31": "$-89", "2013-12-31": "$94", "2013-09-30": "$162", "2013-06-30": "$223", "2013-03-31": "$137", "2012-12-31": "$121", "2012-09-30": "$301", "2012-06-30": "$219", "2012-03-31": "$105", "2011-12-31": "$107", "2011-09-30": "$112", "2011-06-30": "$109", "2011-03-31": "$77", "2010-12-31": "$175", "2010-09-30": "$117", "2010-06-30": "$213", "2010-03-31": "$43", "2009-12-31": "$76", "2009-09-30": "$108", "2009-06-30": "$132", "2009-03-31": "$-1", "2008-12-31": "$-21", "2008-09-30": "$-317", "2008-06-30": "$16", "2008-03-31": "$42", "2007-12-31": "$-67", "2007-09-30": "$-0", "2007-06-30": "$126", "2007-03-31": "$126", "2006-12-31": "$129", "2006-09-30": "$295", "2006-06-30": "$297", "2006-03-31": "$220", "2005-12-31": "$945", "2005-09-30": "$273", "2005-06-30": "$259", "2005-03-31": "$132"}}, "ebitda": {"Fidelity National Financial Annual EBITDA (Millions of US $)": {"2019": "$1,594", "2018": "$975", "2017": "$1,301", "2016": "$1,450", "2015": "$1,253", "2014": "$995", "2013": "$898", "2012": "$942", "2011": "$538", "2010": "$685", "2009": "$479", "2008": "$-78", "2007": "$368", "2006": "$1,612", "2005": "$2,187"}, "Fidelity National Financial Quarterly EBITDA (Millions of US $)": {"2020-09-30": "$668", "2020-06-30": "$468", "2020-03-31": "$-31", "2019-12-31": "$496", "2019-09-30": "$369", "2019-06-30": "$409", "2019-03-31": "$320", "2018-12-31": "$117", "2018-09-30": "$342", "2018-06-30": "$331", "2018-03-31": "$185", "2017-12-31": "$287", "2017-09-30": "$361", "2017-06-30": "$397", "2017-03-31": "$256", "2016-12-31": "$364", "2016-09-30": "$378", "2016-06-30": "$443", "2016-03-31": "$265", "2015-12-31": "$207", "2015-09-30": "$374", "2015-06-30": "$390", "2015-03-31": "$282", "2014-12-31": "$303", "2014-09-30": "$325", "2014-06-30": "$293", "2014-03-31": "$74", "2013-12-31": "$146", "2013-09-30": "$244", "2013-06-30": "$296", "2013-03-31": "$212", "2012-12-31": "$190", "2012-09-30": "$354", "2012-06-30": "$261", "2012-03-31": "$137", "2011-12-31": "$140", "2011-09-30": "$144", "2011-06-30": "$142", "2011-03-31": "$112", "2010-12-31": "$212", "2010-09-30": "$153", "2010-06-30": "$248", "2010-03-31": "$73", "2009-12-31": "$109", "2009-09-30": "$146", "2009-06-30": "$177", "2009-03-31": "$48", "2008-12-31": "$25", "2008-09-30": "$-269", "2008-06-30": "$67", "2008-03-31": "$98", "2007-12-31": "$-14", "2007-09-30": "$45", "2007-06-30": "$170", "2007-03-31": "$167", "2006-12-31": "$212", "2006-09-30": "$504", "2006-06-30": "$498", "2006-03-31": "$399", "2005-12-31": "$1,445", "2005-09-30": "$301", "2005-06-30": "$284", "2005-03-31": "$157"}}, "net-income": {"Fidelity National Financial Annual Net Income (Millions of US $)": {"2019": "$1,062", "2018": "$628", "2017": "$771", "2016": "$650", "2015": "$527", "2014": "$583", "2013": "$394", "2012": "$607", "2011": "$369", "2010": "$370", "2009": "$222", "2008": "$-179", "2007": "$130", "2006": "$438", "2005": "$964"}, "Fidelity National Financial Quarterly Net Income (Millions of US $)": {"2020-09-30": "$378", "2020-06-30": "$309", "2020-03-31": "$-61", "2019-12-31": "$340", "2019-09-30": "$250", "2019-06-30": "$266", "2019-03-31": "$206", "2018-12-31": "$44", "2018-09-30": "$236", "2018-06-30": "$251", "2018-03-31": "$97", "2017-12-31": "$238", "2017-09-30": "$165", "2017-06-30": "$296", "2017-03-31": "$72", "2016-12-31": "$223", "2016-09-30": "$156", "2016-06-30": "$197", "2016-03-31": "$74", "2015-12-31": "$139", "2015-09-30": "$132", "2015-06-30": "$170", "2015-03-31": "$86", "2014-12-31": "$391", "2014-09-30": "$102", "2014-06-30": "$112", "2014-03-31": "$-22", "2013-12-31": "$72", "2013-09-30": "$94", "2013-06-30": "$138", "2013-03-31": "$90", "2012-12-31": "$152", "2012-09-30": "$234", "2012-06-30": "$147", "2012-03-31": "$74", "2011-12-31": "$172", "2011-09-30": "$74", "2011-06-30": "$80", "2011-03-31": "$43", "2010-12-31": "$131", "2010-09-30": "$83", "2010-06-30": "$140", "2010-03-31": "$17", "2009-12-31": "$69", "2009-09-30": "$73", "2009-06-30": "$92", "2009-03-31": "$-12", "2008-12-31": "$-15", "2008-09-30": "$-198", "2008-06-30": "$7", "2008-03-31": "$27", "2007-12-31": "$-45", "2007-09-30": "$6", "2007-06-30": "$85", "2007-03-31": "$83", "2006-12-31": "$71", "2006-09-30": "$128", "2006-06-30": "$133", "2006-03-31": "$106", "2005-12-31": "$551", "2005-09-30": "$170", "2005-06-30": "$161", "2005-03-31": "$82"}}, "eps-earnings-per-share-diluted": {"Fidelity National Financial Annual EPS": {"2019": "$3.83", "2018": "$2.26", "2017": "$2.38", "2016": "$1.86", "2015": "$1.43", "2014": "$3.08", "2013": "$1.68", "2012": "$2.69", "2011": "$1.65", "2010": "$1.61", "2009": "$0.97", "2008": "$-0.85", "2007": "$0.59", "2006": "$2.39", "2005": "$5.55"}, "Fidelity National Financial Quarterly EPS": {"2020-09-30": "$1.29", "2020-06-30": "$1.11", "2020-03-31": "$-0.22", "2019-12-31": "$1.23", "2019-09-30": "$0.90", "2019-06-30": "$0.96", "2019-03-31": "$0.74", "2018-12-31": "$0.16", "2018-09-30": "$0.85", "2018-06-30": "$0.90", "2018-03-31": "$0.35", "2017-12-31": "$0.83", "2017-09-30": "$0.48", "2017-06-30": "$0.86", "2017-03-31": "$0.21", "2016-12-31": "$0.64", "2016-09-30": "$0.45", "2016-06-30": "$0.56", "2016-03-31": "$0.21", "2015-12-31": "$0.39", "2015-09-30": "$0.36", "2015-06-30": "$0.46", "2015-03-31": "$0.22", "2014-12-31": "$2.49", "2014-09-30": "$0.27", "2014-06-30": "$0.40", "2014-03-31": "$-0.08", "2013-12-31": "$0.28", "2013-09-30": "$0.41", "2013-06-30": "$0.60", "2013-03-31": "$0.39", "2012-12-31": "$0.67", "2012-09-30": "$1.04", "2012-06-30": "$0.65", "2012-03-31": "$0.33", "2011-12-31": "$0.77", "2011-09-30": "$0.33", "2011-06-30": "$0.36", "2011-03-31": "$0.19", "2010-12-31": "$0.57", "2010-09-30": "$0.36", "2010-06-30": "$0.61", "2010-03-31": "$0.07", "2009-12-31": "$0.31", "2009-09-30": "$0.32", "2009-06-30": "$0.40", "2009-03-31": "$-0.06", "2008-12-31": "$-0.06", "2008-09-30": "$-0.95", "2008-06-30": "$0.03", "2008-03-31": "$0.13", "2007-12-31": "$-0.19", "2007-09-30": "$0.03", "2007-06-30": "$0.38", "2007-03-31": "$0.37", "2006-12-31": "$0.29", "2006-09-30": "$0.73", "2006-06-30": "$0.76", "2006-03-31": "$0.61", "2005-12-31": "$3.16", "2005-09-30": "$0.98", "2005-06-30": "$0.93", "2005-03-31": "$0.48"}}, "shares-outstanding": {"Fidelity National Financial Annual Shares Outstanding (Millions of Shares)": {"2019": "277", "2018": "345", "2017": "345", "2016": "350", "2015": "368", "2014": "189", "2013": "235", "2012": "226", "2011": "223", "2010": "229", "2009": "229", "2008": "210", "2007": "220", "2006": "183", "2005": "174"}, "Fidelity National Financial Quarterly Shares Outstanding (Millions of Shares)": {"2020-09-30": "293", "2020-06-30": "279", "2020-03-31": "274", "2019-12-31": "277", "2019-09-30": "277", "2019-06-30": "277", "2019-03-31": "277", "2018-12-31": "345", "2018-09-30": "278", "2018-06-30": "278", "2018-03-31": "280", "2017-12-31": "345", "2017-09-30": "341", "2017-06-30": "344", "2017-03-31": "347", "2016-12-31": "350", "2016-09-30": "348", "2016-06-30": "351", "2016-03-31": "353", "2015-12-31": "368", "2015-09-30": "363", "2015-06-30": "367", "2015-03-31": "380", "2014-12-31": "189", "2014-09-30": "377", "2014-06-30": "283", "2014-03-31": "282", "2013-12-31": "235", "2013-09-30": "230", "2013-06-30": "229", "2013-03-31": "231", "2012-12-31": "226", "2012-09-30": "226", "2012-06-30": "225", "2012-03-31": "223", "2011-12-31": "223", "2011-09-30": "222", "2011-06-30": "225", "2011-03-31": "224", "2010-12-31": "229", "2010-09-30": "229", "2010-06-30": "231", "2010-03-31": "230", "2009-12-31": "229", "2009-09-30": "232", "2009-06-30": "232", "2009-03-31": "213", "2008-12-31": "210", "2008-09-30": "209", "2008-06-30": "213", "2008-03-31": "214", "2007-12-31": "220", "2007-09-30": "220", "2007-06-30": "223", "2007-03-31": "223", "2006-12-31": "183", "2006-09-30": "174", "2006-06-30": "174", "2006-03-31": "174", "2005-12-31": "174", "2005-09-30": "174", "2005-06-30": "173", "2005-03-31": "173"}}, "total-assets": {"Fidelity National Financial Annual Total Assets (Millions of US $)": {"2019": "$10,677", "2018": "$9,301", "2017": "$9,151", "2016": "$14,521", "2015": "$13,931", "2014": "$13,845", "2013": "$10,528", "2012": "$9,903", "2011": "$7,862", "2010": "$7,888", "2009": "$7,934", "2008": "$8,368", "2007": "$7,588", "2006": "$7,260", "2005": "$11,105"}, "Fidelity National Financial Quarterly Total Assets (Millions of US $)": {"2020-09-30": "$49,885", "2020-06-30": "$48,001", "2020-03-31": "$10,204", "2019-12-31": "$10,677", "2019-09-30": "$10,419", "2019-06-30": "$10,189", "2019-03-31": "$9,647", "2018-12-31": "$9,301", "2018-09-30": "$9,371", "2018-06-30": "$9,254", "2018-03-31": "$9,018", "2017-12-31": "$9,151", "2017-09-30": "$10,501", "2017-06-30": "$14,202", "2017-03-31": "$14,178", "2016-12-31": "$14,521", "2016-09-30": "$14,386", "2016-06-30": "$14,438", "2016-03-31": "$13,943", "2015-12-31": "$13,931", "2015-09-30": "$14,036", "2015-06-30": "$14,397", "2015-03-31": "$13,721", "2014-12-31": "$13,845", "2014-09-30": "$14,775", "2014-06-30": "$14,843", "2014-03-31": "$14,687", "2013-12-31": "$10,528", "2013-09-30": "$10,077", "2013-06-30": "$10,015", "2013-03-31": "$9,682", "2012-12-31": "$9,903", "2012-09-30": "$9,736", "2012-06-30": "$8,513", "2012-03-31": "$8,002", "2011-12-31": "$7,862", "2011-09-30": "$7,878", "2011-06-30": "$7,835", "2011-03-31": "$7,801", "2010-12-31": "$7,888", "2010-09-30": "$7,879", "2010-06-30": "$7,915", "2010-03-31": "$7,793", "2009-12-31": "$7,934", "2009-09-30": "$8,084", "2009-06-30": "$8,334", "2009-03-31": "$8,166", "2008-12-31": "$8,368", "2008-09-30": "$7,314", "2008-06-30": "$7,248", "2008-03-31": "$7,475", "2007-12-31": "$7,588", "2007-09-30": "$7,226", "2007-06-30": "$7,366", "2007-03-31": "$7,016", "2006-12-31": "$7,260", "2006-09-30": "$6,157", "2006-06-30": "$6,200", "2006-03-31": "$5,897", "2005-12-31": "$11,105", "2005-09-30": "$6,009", "2005-06-30": "$0", "2005-03-31": "$0"}}, "cash-on-hand": {"Fidelity National Financial Annual Cash on Hand (Millions of US $)": {"2019": "$1,376", "2018": "$1,257", "2017": "$1,110", "2016": "$1,049", "2015": "$780", "2014": "$700", "2013": "$1,969", "2012": "$1,132", "2011": "$666", "2010": "$581", "2009": "$202", "2008": "$315", "2007": "$570", "2006": "$676", "2005": "$513"}, "Fidelity National Financial Quarterly Cash on Hand (Millions of US $)": {"2020-09-30": "$2,871", "2020-06-30": "$2,353", "2020-03-31": "$890", "2019-12-31": "$1,376", "2019-09-30": "$1,530", "2019-06-30": "$1,605", "2019-03-31": "$1,123", "2018-12-31": "$1,257", "2018-09-30": "$1,422", "2018-06-30": "$1,320", "2018-03-31": "$960", "2017-12-31": "$1,110", "2017-09-30": "$1,232", "2017-06-30": "$1,441", "2017-03-31": "$1,302", "2016-12-31": "$1,049", "2016-09-30": "$1,061", "2016-06-30": "$1,134", "2016-03-31": "$1,083", "2015-12-31": "$780", "2015-09-30": "$1,018", "2015-06-30": "$1,383", "2015-03-31": "$710", "2014-12-31": "$700", "2014-09-30": "$1,195", "2014-06-30": "$1,126", "2014-03-31": "$539", "2013-12-31": "$1,969", "2013-09-30": "$1,293", "2013-06-30": "$1,285", "2013-03-31": "$948", "2012-12-31": "$1,132", "2012-09-30": "$1,078", "2012-06-30": "$909", "2012-03-31": "$728", "2011-12-31": "$666", "2011-09-30": "$601", "2011-06-30": "$567", "2011-03-31": "$531", "2010-12-31": "$581", "2010-09-30": "$458", "2010-06-30": "$618", "2010-03-31": "$159", "2009-12-31": "$202", "2009-09-30": "$299", "2009-06-30": "$444", "2009-03-31": "$322", "2008-12-31": "$315", "2008-09-30": "$480", "2008-06-30": "$495", "2008-03-31": "$593", "2007-12-31": "$570", "2007-09-30": "$554", "2007-06-30": "$783", "2007-03-31": "$595", "2006-12-31": "$676", "2006-09-30": "$641", "2006-06-30": "$678", "2006-03-31": "$550", "2005-12-31": "$513", "2005-09-30": "$528", "2005-06-30": "", "2005-03-31": ""}}, "long-term-debt": {"Fidelity National Financial Annual Long Term Debt (Millions of US $)": {"2019": "$838", "2018": "$836", "2017": "$759", "2016": "$987", "2015": "$2,793", "2014": "$2,803", "2013": "$1,323", "2012": "$1,344", "2011": "$916", "2010": "$952", "2009": "$862", "2008": "$1,351", "2007": "$1,168", "2006": "$491", "2005": "$3,217"}, "Fidelity National Financial Quarterly Long Term Debt (Millions of US $)": {"2020-09-30": "$2,664", "2020-06-30": "$2,430", "2020-03-31": "$839", "2019-12-31": "$838", "2019-09-30": "$838", "2019-06-30": "$838", "2019-03-31": "$837", "2018-12-31": "$836", "2018-09-30": "$836", "2018-06-30": "$734", "2018-03-31": "$748", "2017-12-31": "$759", "2017-09-30": "$890", "2017-06-30": "$2,438", "2017-03-31": "$2,722", "2016-12-31": "$987", "2016-09-30": "$2,754", "2016-06-30": "$2,785", "2016-03-31": "$2,742", "2015-12-31": "$2,793", "2015-09-30": "$2,811", "2015-06-30": "$2,829", "2015-03-31": "$2,906", "2014-12-31": "$2,803", "2014-09-30": "$3,240", "2014-06-30": "$3,343", "2014-03-31": "$3,344", "2013-12-31": "$1,323", "2013-09-30": "$1,348", "2013-06-30": "$1,345", "2013-03-31": "$1,354", "2012-12-31": "$1,344", "2012-09-30": "$1,351", "2012-06-30": "$952", "2012-03-31": "$1,067", "2011-12-31": "$916", "2011-09-30": "$1,015", "2011-06-30": "$952", "2011-03-31": "$952", "2010-12-31": "$952", "2010-09-30": "$802", "2010-06-30": "$753", "2010-03-31": "$862", "2009-12-31": "$862", "2009-09-30": "$868", "2009-06-30": "$1,088", "2009-03-31": "$1,304", "2008-12-31": "$1,351", "2008-09-30": "$1,356", "2008-06-30": "$1,197", "2008-03-31": "$1,182", "2007-12-31": "$1,168", "2007-09-30": "$644", "2007-06-30": "$505", "2007-03-31": "$502", "2006-12-31": "$491", "2006-09-30": "$573", "2006-06-30": "$573", "2006-03-31": "$599", "2005-12-31": "$3,217", "2005-09-30": "$657", "2005-06-30": "", "2005-03-31": ""}}, "total-liabilities": {"Fidelity National Financial Annual Total Liabilities (Millions of US $)": {"2019": "$5,312", "2018": "$4,673", "2017": "$4,684", "2016": "$7,623", "2015": "$7,343", "2014": "$7,772", "2013": "$4,993", "2012": "$5,154", "2011": "$4,206", "2010": "$4,443", "2009": "$4,590", "2008": "$5,511", "2007": "$4,344", "2006": "$3,785", "2005": "$7,825"}, "Fidelity National Financial Quarterly Total Liabilities (Millions of US $)": {"2020-09-30": "$42,703", "2020-06-30": "$41,652", "2020-03-31": "$5,088", "2019-12-31": "$5,312", "2019-09-30": "$5,298", "2019-06-30": "$5,237", "2019-03-31": "$4,882", "2018-12-31": "$4,673", "2018-09-30": "$4,683", "2018-06-30": "$4,625", "2018-03-31": "$4,539", "2017-12-31": "$4,684", "2017-09-30": "$5,132", "2017-06-30": "$7,283", "2017-03-31": "$7,288", "2016-12-31": "$7,623", "2016-09-30": "$7,622", "2016-06-30": "$7,769", "2016-03-31": "$7,368", "2015-12-31": "$7,343", "2015-09-30": "$7,431", "2015-06-30": "$7,630", "2015-03-31": "$7,814", "2014-12-31": "$7,772", "2014-09-30": "$8,432", "2014-06-30": "$8,474", "2014-03-31": "$8,411", "2013-12-31": "$4,993", "2013-09-30": "$5,137", "2013-06-30": "$5,181", "2013-03-31": "$4,909", "2012-12-31": "$5,154", "2012-09-30": "$5,120", "2012-06-30": "$4,460", "2012-03-31": "$4,244", "2011-12-31": "$4,206", "2011-09-30": "$4,364", "2011-06-30": "$4,303", "2011-03-31": "$4,349", "2010-12-31": "$4,443", "2010-09-30": "$4,401", "2010-06-30": "$4,498", "2010-03-31": "$4,472", "2009-12-31": "$4,590", "2009-09-30": "$4,835", "2009-06-30": "$5,201", "2009-03-31": "$5,412", "2008-12-31": "$5,511", "2008-09-30": "$4,493", "2008-06-30": "$4,138", "2008-03-31": "$4,244", "2007-12-31": "$4,344", "2007-09-30": "$3,802", "2007-06-30": "$3,811", "2007-03-31": "$3,522", "2006-12-31": "$3,785", "2006-09-30": "$3,521", "2006-06-30": "$3,648", "2006-03-31": "$3,392", "2005-12-31": "$7,825", "2005-09-30": "$3,612", "2005-06-30": "", "2005-03-31": ""}}, "total-share-holder-equity": {"Fidelity National Financial Annual Share Holder Equity (Millions of US $)": {"2019": "$5,365", "2018": "$4,628", "2017": "$4,467", "2016": "$6,898", "2015": "$6,588", "2014": "$6,073", "2013": "$5,535", "2012": "$4,749", "2011": "$3,656", "2010": "$3,444", "2009": "$3,345", "2008": "$2,857", "2007": "$3,244", "2006": "$3,474", "2005": "$3,280"}, "Fidelity National Financial Quarterly Share Holder Equity (Millions of US $)": {"2020-09-30": "$7,182", "2020-06-30": "$6,349", "2020-03-31": "$5,116", "2019-12-31": "$5,365", "2019-09-30": "$5,121", "2019-06-30": "$4,952", "2019-03-31": "$4,765", "2018-12-31": "$4,628", "2018-09-30": "$4,688", "2018-06-30": "$4,629", "2018-03-31": "$4,479", "2017-12-31": "$4,467", "2017-09-30": "$5,369", "2017-06-30": "$6,919", "2017-03-31": "$6,890", "2016-12-31": "$6,898", "2016-09-30": "$6,764", "2016-06-30": "$6,669", "2016-03-31": "$6,575", "2015-12-31": "$6,588", "2015-09-30": "$6,605", "2015-06-30": "$6,767", "2015-03-31": "$5,907", "2014-12-31": "$6,073", "2014-09-30": "$6,343", "2014-06-30": "$6,369", "2014-03-31": "$6,276", "2013-12-31": "$5,535", "2013-09-30": "$4,940", "2013-06-30": "$4,834", "2013-03-31": "$4,773", "2012-12-31": "$4,749", "2012-09-30": "$4,616", "2012-06-30": "$4,053", "2012-03-31": "$3,758", "2011-12-31": "$3,656", "2011-09-30": "$3,514", "2011-06-30": "$3,532", "2011-03-31": "$3,452", "2010-12-31": "$3,444", "2010-09-30": "$3,478", "2010-06-30": "$3,418", "2010-03-31": "$3,322", "2009-12-31": "$3,345", "2009-09-30": "$3,249", "2009-06-30": "$3,133", "2009-03-31": "$2,754", "2008-12-31": "$2,857", "2008-09-30": "$2,821", "2008-06-30": "$3,110", "2008-03-31": "$3,231", "2007-12-31": "$3,244", "2007-09-30": "$3,424", "2007-06-30": "$3,554", "2007-03-31": "$3,494", "2006-12-31": "$3,474", "2006-09-30": "$2,636", "2006-06-30": "$2,551", "2006-03-31": "$2,506", "2005-12-31": "$3,280", "2005-09-30": "$2,397", "2005-06-30": "", "2005-03-31": ""}}, "profit-margins": {"current": "10.31%"}, "gross margin": {"2020-09-30": "68.61%", "2020-06-30": "70.23%", "2020-03-31": "71.32%", "2019-12-31": "73.34%", "2019-09-30": "72.53%", "2019-06-30": "72.96%", "2019-03-31": "73.12%", "2018-12-31": "72.89%", "2018-09-30": "73.62%", "2018-06-30": "73.29%", "2018-03-31": "73.11%", "2017-12-31": "72.74%", "2017-09-30": "66.14%", "2017-06-30": "67.74%", "2017-03-31": "70.20%", "2016-12-31": "72.47%", "2016-09-30": "70.89%", "2016-06-30": "72.17%", "2016-03-31": "72.94%", "2015-12-31": "74.02%", "2015-09-30": "81.51%", "2015-06-30": "82.02%", "2015-03-31": "81.96%", "2014-12-31": "81.67%", "2014-09-30": "77.70%", "2014-06-30": "76.73%", "2014-03-31": "76.35%", "2013-12-31": "75.95%", "2013-09-30": "77.98%", "2013-06-30": "78.22%", "2013-03-31": "77.64%", "2012-12-31": "76.00%", "2012-09-30": "75.38%", "2012-06-30": "73.54%", "2012-03-31": "71.20%", "2011-12-31": "70.60%", "2011-09-30": "68.48%", "2011-06-30": "67.55%", "2011-03-31": "68.08%", "2010-12-31": "67.52%", "2010-09-30": "66.50%", "2010-06-30": "66.08%", "2010-03-31": "65.20%", "2009-12-31": "64.63%", "2009-09-30": "67.29%", "2009-06-30": "68.59%", "2009-03-31": "69.77%", "2008-12-31": "71.35%", "2008-09-30": "70.87%", "2008-06-30": "69.93%", "2008-03-31": "69.25%", "2007-12-31": "68.93%", "2007-09-30": "70.19%", "2007-06-30": "73.69%", "2007-03-31": "76.49%", "2006-12-31": "78.43%", "2006-09-30": "84.24%", "2006-06-30": "82.46%", "2006-03-31": "80.28%", "2005-12-31": "78.66%"}, "operating margin": {"2020-09-30": "13.80%", "2020-06-30": "12.36%", "2020-03-31": "12.19%", "2019-12-31": "16.16%", "2019-09-30": "12.71%", "2019-06-30": "12.62%", "2019-03-31": "11.64%", "2018-12-31": "9.88%", "2018-09-30": "11.54%", "2018-06-30": "11.11%", "2018-03-31": "11.19%", "2017-12-31": "11.27%", "2017-09-30": "14.85%", "2017-06-30": "14.28%", "2017-03-31": "13.89%", "2016-12-31": "13.16%", "2016-09-30": "12.29%", "2016-06-30": "11.93%", "2016-03-31": "11.28%", "2015-12-31": "11.55%", "2015-09-30": "8.90%", "2015-06-30": "8.44%", "2015-03-31": "7.62%", "2014-12-31": "4.89%", "2014-09-30": "4.85%", "2014-06-30": "4.65%", "2014-03-31": "5.43%", "2013-12-31": "8.28%", "2013-09-30": "7.83%", "2013-06-30": "9.69%", "2013-03-31": "10.35%", "2012-12-31": "11.19%", "2012-09-30": "11.84%", "2012-06-30": "10.15%", "2012-03-31": "8.91%", "2011-12-31": "8.44%", "2011-09-30": "9.66%", "2011-06-30": "9.43%", "2011-03-31": "10.92%", "2010-12-31": "10.12%", "2010-09-30": "8.59%", "2010-06-30": "8.26%", "2010-03-31": "6.66%", "2009-12-31": "5.70%", "2009-09-30": "4.07%", "2009-06-30": "-4.25%", "2009-03-31": "-7.22%", "2008-12-31": "-6.59%", "2008-09-30": "-7.24%", "2008-06-30": "-0.18%", "2008-03-31": "1.93%", "2007-12-31": "3.39%", "2007-09-30": "6.32%", "2007-06-30": "9.26%", "2007-03-31": "10.03%", "2006-12-31": "9.97%", "2006-09-30": "13.98%", "2006-06-30": "14.83%", "2006-03-31": "15.80%", "2005-12-31": "16.67%"}, "ebitda margin": {"2020-09-30": "17.09%", "2020-06-30": "15.08%", "2020-03-31": "14.87%", "2019-12-31": "18.82%", "2019-09-30": "15.58%", "2019-06-30": "15.54%", "2019-03-31": "14.56%", "2018-12-31": "12.84%", "2018-09-30": "14.54%", "2018-06-30": "14.97%", "2018-03-31": "15.95%", "2017-12-31": "16.98%", "2017-09-30": "22.41%", "2017-06-30": "21.70%", "2017-03-31": "21.03%", "2016-12-31": "19.98%", "2016-09-30": "19.55%", "2016-06-30": "19.13%", "2016-03-31": "18.58%", "2015-12-31": "18.80%", "2015-09-30": "15.10%", "2015-06-30": "15.06%", "2015-03-31": "14.50%", "2014-12-31": "12.40%", "2014-09-30": "12.17%", "2014-06-30": "10.87%", "2014-03-31": "10.58%", "2013-12-31": "12.07%", "2013-09-30": "11.47%", "2013-06-30": "13.03%", "2013-03-31": "13.53%", "2012-12-31": "14.13%", "2012-09-30": "14.43%", "2012-06-30": "12.75%", "2012-03-31": "11.59%", "2011-12-31": "11.21%", "2011-09-30": "12.45%", "2011-06-30": "12.21%", "2011-03-31": "13.60%", "2010-12-31": "12.67%", "2010-09-30": "11.15%", "2010-06-30": "10.82%", "2010-03-31": "9.37%", "2009-12-31": "8.69%", "2009-09-30": "7.39%", "2009-06-30": "-0.39%", "2009-03-31": "-2.88%", "2008-12-31": "-1.86%", "2008-09-30": "-2.62%", "2008-06-30": "4.00%", "2008-03-31": "5.73%", "2007-12-31": "6.73%", "2007-09-30": "9.86%", "2007-06-30": "14.43%", "2007-03-31": "16.35%", "2006-12-31": "17.10%", "2006-09-30": "22.65%", "2006-06-30": "22.58%", "2006-03-31": "22.61%", "2005-12-31": "22.65%"}, "pre tax profit margin": {"2020-09-30": "13.80%", "2020-06-30": "12.36%", "2020-03-31": "12.19%", "2019-12-31": "16.16%", "2019-09-30": "12.71%", "2019-06-30": "12.62%", "2019-03-31": "11.64%", "2018-12-31": "9.88%", "2018-09-30": "11.54%", "2018-06-30": "11.11%", "2018-03-31": "11.19%", "2017-12-31": "11.27%", "2017-09-30": "14.85%", "2017-06-30": "14.28%", "2017-03-31": "13.89%", "2016-12-31": "13.16%", "2016-09-30": "12.29%", "2016-06-30": "11.93%", "2016-03-31": "11.28%", "2015-12-31": "11.55%", "2015-09-30": "8.90%", "2015-06-30": "8.44%", "2015-03-31": "7.62%", "2014-12-31": "4.89%", "2014-09-30": "4.85%", "2014-06-30": "4.65%", "2014-03-31": "5.43%", "2013-12-31": "8.28%", "2013-09-30": "7.83%", "2013-06-30": "9.69%", "2013-03-31": "10.35%", "2012-12-31": "11.19%", "2012-09-30": "11.84%", "2012-06-30": "10.15%", "2012-03-31": "8.91%", "2011-12-31": "8.44%", "2011-09-30": "9.66%", "2011-06-30": "9.43%", "2011-03-31": "10.92%", "2010-12-31": "10.12%", "2010-09-30": "8.59%", "2010-06-30": "8.26%", "2010-03-31": "6.66%", "2009-12-31": "5.70%", "2009-09-30": "4.07%", "2009-06-30": "-4.25%", "2009-03-31": "-7.22%", "2008-12-31": "-6.59%", "2008-09-30": "-7.26%", "2008-06-30": "-0.20%", "2008-03-31": "1.91%", "2007-12-31": "3.39%", "2007-09-30": "6.34%", "2007-06-30": "9.28%", "2007-03-31": "10.04%", "2006-12-31": "9.97%", "2006-09-30": "13.98%", "2006-06-30": "14.83%", "2006-03-31": "15.80%", "2005-12-31": "16.67%"}, "net profit margin": {"2020-09-30": "10.31%", "2020-06-30": "9.70%", "2020-03-31": "9.51%", "2019-12-31": "12.54%", "2019-09-30": "9.82%", "2019-06-30": "9.84%", "2019-03-31": "9.67%", "2018-12-31": "8.27%", "2018-09-30": "10.44%", "2018-06-30": "9.66%", "2018-03-31": "10.32%", "2017-12-31": "10.06%", "2017-09-30": "12.30%", "2017-06-30": "11.62%", "2017-03-31": "9.46%", "2016-12-31": "8.96%", "2016-09-30": "8.56%", "2016-06-30": "8.04%", "2016-03-31": "7.74%", "2015-12-31": "7.91%", "2015-09-30": "8.72%", "2015-06-30": "8.67%", "2015-03-31": "8.33%", "2014-12-31": "7.27%", "2014-09-30": "3.83%", "2014-06-30": "3.68%", "2014-03-31": "3.92%", "2013-12-31": "5.30%", "2013-09-30": "5.77%", "2013-06-30": "7.61%", "2013-03-31": "8.29%", "2012-12-31": "9.10%", "2012-09-30": "10.14%", "2012-06-30": "8.73%", "2012-03-31": "8.23%", "2011-12-31": "7.69%", "2011-09-30": "6.70%", "2011-06-30": "6.65%", "2011-03-31": "7.45%", "2010-12-31": "6.85%", "2010-09-30": "5.91%", "2010-06-30": "5.62%", "2010-03-31": "4.66%", "2009-12-31": "4.02%", "2009-09-30": "2.57%", "2009-06-30": "-2.73%", "2009-03-31": "-4.87%", "2008-12-31": "-4.21%", "2008-09-30": "-4.64%", "2008-06-30": "-0.10%", "2008-03-31": "1.40%", "2007-12-31": "2.36%", "2007-09-30": "4.07%", "2007-06-30": "5.03%", "2007-03-31": "4.91%", "2006-12-31": "4.64%", "2006-09-30": "7.31%", "2006-06-30": "8.20%", "2006-03-31": "9.20%", "2005-12-31": "9.99%"}, "pe ratio": {"current": "9.12", "2021-02-05": "11.40", "2020-09-30": "9.12", "2020-06-30": "9.99", "2020-03-31": "8.45", "2019-12-31": "11.39", "2019-09-30": "15.33", "2019-06-30": "14.07", "2019-03-31": "12.95", "2018-12-31": "12.95", "2018-09-30": "12.17", "2018-06-30": "12.52", "2018-03-31": "14.65", "2017-12-31": "14.85", "2017-09-30": "13.33", "2017-06-30": "12.75", "2017-03-31": "10.82", "2016-12-31": "9.33", "2016-09-30": "11.66", "2016-06-30": "12.08", "2016-03-31": "11.50", "2015-12-31": "11.44", "2015-09-30": "12.69", "2015-06-30": "14.23", "2015-03-31": "15.51", "2014-12-31": "19.55", "2014-09-30": "16.41", "2014-06-30": "18.71", "2014-03-31": "15.10", "2013-12-31": "11.35", "2013-09-30": "7.66", "2013-06-30": "5.29", "2013-03-31": "5.49", "2012-12-31": "5.20", "2012-09-30": "4.49", "2012-06-30": "5.36", "2012-03-31": "5.78", "2011-12-31": "5.50", "2011-09-30": "5.91", "2011-06-30": "5.96", "2011-03-31": "4.55", "2010-12-31": "4.69", "2010-09-30": "6.42", "2010-06-30": "5.41", "2010-03-31": "7.27", "2009-12-31": "7.41", "2009-09-30": "12.13", "2009-06-30": "0.00", "2009-03-31": "0.00", "2008-12-31": "0.00", "2008-09-30": "0.00", "2008-06-30": "0.00", "2008-03-31": "26.80", "2007-12-31": "12.14", "2007-09-30": "7.26", "2007-06-30": "6.45", "2007-03-31": "5.51", "2006-12-31": "5.17"}, "price sales": {"2021-02-05": "1.17", "2020-09-30": "0.93", "2020-06-30": "0.96", "2020-03-31": "0.80", "2019-12-31": "1.42", "2019-09-30": "1.57", "2019-06-30": "1.45", "2019-03-31": "1.31", "2018-12-31": "1.12", "2018-09-30": "1.35", "2018-06-30": "1.36", "2018-03-31": "1.54", "2017-12-31": "1.59", "2017-09-30": "1.74", "2017-06-30": "1.57", "2017-03-31": "1.28", "2016-12-31": "1.05", "2016-09-30": "1.25", "2016-06-30": "1.26", "2016-03-31": "1.16", "2015-12-31": "1.20", "2015-09-30": "0.75", "2015-06-30": "0.80", "2015-03-31": "0.77", "2014-12-31": "0.70", "2014-09-30": "0.73", "2014-06-30": "0.73", "2014-03-31": "0.64", "2013-12-31": "0.61", "2013-09-30": "0.45", "2013-06-30": "0.40", "2013-03-31": "0.45", "2012-12-31": "0.47", "2012-09-30": "0.46", "2012-06-30": "0.47", "2012-03-31": "0.48", "2011-12-31": "0.42", "2011-09-30": "0.40", "2011-06-30": "0.40", "2011-03-31": "0.34", "2010-12-31": "0.32", "2010-09-30": "0.38", "2010-06-30": "0.30", "2010-03-31": "0.34", "2009-12-31": "0.29", "2009-09-30": "0.33", "2009-06-30": "0.31", "2009-03-31": "0.47", "2008-12-31": "0.45", "2008-09-30": "0.35", "2008-06-30": "0.27", "2008-03-31": "0.37", "2007-12-31": "0.28", "2007-09-30": "0.28", "2007-06-30": "0.29", "2007-03-31": "0.23", "2006-12-31": "0.20"}, "price book": {"current": "1.58", "2021-02-05": "1.58", "2020-09-30": "1.27", "2020-06-30": "1.38", "2020-03-31": "1.29", "2019-12-31": "2.24", "2019-09-30": "2.27", "2019-06-30": "2.11", "2019-03-31": "1.98", "2018-12-31": "1.74", "2018-09-30": "2.13", "2018-06-30": "2.04", "2018-03-31": "2.23", "2017-12-31": "2.17", "2017-09-30": "1.96", "2017-06-30": "1.43", "2017-03-31": "1.24", "2016-12-31": "1.12", "2016-09-30": "1.18", "2016-06-30": "1.21", "2016-03-31": "1.12", "2015-12-31": "1.15", "2015-09-30": "1.18", "2015-06-30": "1.21", "2015-03-31": "1.38", "2014-12-31": "1.29", "2014-09-30": "0.99", "2014-06-30": "1.15", "2014-03-31": "0.84", "2013-12-31": "0.89", "2013-09-30": "0.74", "2013-06-30": "0.67", "2013-03-31": "0.71", "2012-12-31": "0.67", "2012-09-30": "0.61", "2012-06-30": "0.62", "2012-03-31": "0.62", "2011-12-31": "0.55", "2011-09-30": "0.54", "2011-06-30": "0.56", "2011-03-31": "0.51", "2010-12-31": "0.49", "2010-09-30": "0.56", "2010-06-30": "0.47", "2010-03-31": "0.55", "2009-12-31": "0.49", "2009-09-30": "0.56", "2009-06-30": "0.52", "2009-03-31": "0.79", "2008-12-31": "0.68", "2008-09-30": "0.55", "2008-06-30": "0.42", "2008-03-31": "0.59", "2007-12-31": "0.45", "2007-09-30": "0.51", "2007-06-30": "0.67", "2007-03-31": "0.69", "2006-12-31": "0.68", "2006-09-30": "0.61", "2006-06-30": "0.58", "2006-03-31": "0.68"}, "price fcf": {"2021-02-05": "", "2020-09-30": "$4.50", "2020-06-30": "$4.38", "2020-03-31": "$4.12", "2019-12-31": "$3.71", "2019-09-30": "$2.55", "2019-06-30": "$2.53", "2019-03-31": "$2.39", "2018-12-31": "$2.55", "2018-09-30": "$2.73", "2018-06-30": "$2.32", "2018-03-31": "$1.90", "2017-12-31": "$1.72", "2017-09-30": "$2.30", "2017-06-30": "$2.55", "2017-03-31": "$2.27", "2016-12-31": "$2.51", "2016-09-30": "$2.00", "2016-06-30": "$1.67", "2016-03-31": "$2.02", "2015-12-31": "$1.93", "2015-09-30": "$3.09", "2015-06-30": "$3.20", "2015-03-31": "$3.07", "2014-12-31": "$2.06", "2014-09-30": "$0.85", "2014-06-30": "$0.52", "2014-03-31": "$0.75", "2013-12-31": "$1.45", "2013-09-30": "$1.91", "2013-06-30": "$2.25", "2013-03-31": "$2.36", "2012-12-31": "$2.40", "2012-09-30": "$1.65", "2012-06-30": "$1.24", "2012-03-31": "$0.46", "2011-12-31": "$0.36", "2011-09-30": "$0.65", "2011-06-30": "$0.36", "2011-03-31": "$0.70", "2010-12-31": "$0.67", "2010-09-30": "$0.49", "2010-06-30": "$0.72", "2010-03-31": "$0.74", "2009-12-31": "$1.65", "2009-09-30": "$1.58", "2009-06-30": "$1.17", "2009-03-31": "$0.54", "2008-12-31": "$-0.44", "2008-09-30": "$-0.56", "2008-06-30": "$-0.21", "2008-03-31": "$0.36", "2007-12-31": "$1.00", "2007-09-30": "$1.28", "2007-06-30": "$1.95", "2007-03-31": "$2.79", "2006-12-31": "$2.07"}, "net worth": {"value": "$11.38B"}, "current ratio": {"2020-09-30": "0.18", "2020-06-30": "0.17", "2020-03-31": "0.51", "2019-12-31": "0.66", "2019-09-30": "0.77", "2019-06-30": "0.82", "2019-03-31": "0.67", "2018-12-31": "0.64", "2018-09-30": "0.73", "2018-06-30": "0.69", "2018-03-31": "0.56", "2017-12-31": "0.58", "2017-09-30": "0.62", "2017-06-30": "0.71", "2017-03-31": "0.67", "2016-12-31": "0.57", "2016-09-30": "0.55", "2016-06-30": "0.59", "2016-03-31": "0.57", "2015-12-31": "0.45", "2015-09-30": "0.54", "2015-06-30": "0.67", "2015-03-31": "0.45", "2014-12-31": "0.43", "2014-09-30": "0.61", "2014-06-30": "0.59", "2014-03-31": "0.41", "2013-12-31": "0.84", "2013-09-30": "0.60", "2013-06-30": "0.59", "2013-03-31": "0.48", "2012-12-31": "0.53", "2012-09-30": "0.51", "2012-06-30": "0.47", "2012-03-31": "0.41", "2011-12-31": "0.36", "2011-09-30": "0.32", "2011-06-30": "0.30", "2011-03-31": "0.27", "2010-12-31": "0.29", "2010-09-30": "0.24", "2010-06-30": "0.29", "2010-03-31": "0.15", "2009-12-31": "0.16", "2009-09-30": "0.17", "2009-06-30": "0.21", "2009-03-31": "0.19", "2008-12-31": "0.20", "2008-09-30": "0.38", "2008-06-30": "0.38", "2008-03-31": "0.41", "2007-12-31": "0.38", "2007-09-30": "0.37", "2007-06-30": "0.48", "2007-03-31": "0.42", "2006-12-31": "0.44", "2006-09-30": "0.43", "2006-06-30": "0.45", "2006-03-31": "0.41", "2005-12-31": "0.49", "2005-09-30": "0.42", "2005-06-30": "0.00", "2005-03-31": "0.00"}, "quick ratio": {"2020-09-30": "0.00", "2020-06-30": "0.00", "2020-03-31": "0.00", "2019-12-31": "0.00", "2019-09-30": "0.00", "2019-06-30": "0.00", "2019-03-31": "0.00", "2018-12-31": "0.00", "2018-09-30": "0.00", "2018-06-30": "0.00", "2018-03-31": "0.00", "2017-12-31": "0.00", "2017-09-30": "0.00", "2017-06-30": "0.00", "2017-03-31": "0.00", "2016-12-31": "0.00", "2016-09-30": "0.00", "2016-06-30": "0.00", "2016-03-31": "0.00", "2015-12-31": "0.00", "2015-09-30": "0.00", "2015-06-30": "0.00", "2015-03-31": "0.00", "2014-12-31": "0.00", "2014-09-30": "0.00", "2014-06-30": "0.00", "2014-03-31": "0.00", "2013-12-31": "0.00", "2013-09-30": "0.00", "2013-06-30": "0.00", "2013-03-31": "0.00", "2012-12-31": "0.00", "2012-09-30": "0.00", "2012-06-30": "0.00", "2012-03-31": "0.00", "2011-12-31": "0.00", "2011-09-30": "0.00", "2011-06-30": "0.00", "2011-03-31": "0.00", "2010-12-31": "0.00", "2010-09-30": "0.00", "2010-06-30": "0.00", "2010-03-31": "0.00", "2009-12-31": "0.00", "2009-09-30": "0.00", "2009-06-30": "0.00", "2009-03-31": "0.00", "2008-12-31": "0.00", "2008-09-30": "0.00", "2008-06-30": "0.00", "2008-03-31": "0.00", "2007-12-31": "0.00", "2007-09-30": "0.00", "2007-06-30": "0.00", "2007-03-31": "0.00", "2006-12-31": "0.00", "2006-09-30": "0.00", "2006-06-30": "0.00", "2006-03-31": "0.00", "2005-12-31": "0.00", "2005-09-30": "0.00", "2005-06-30": "0.00", "2005-03-31": "0.00"}, "debt equity ratio": {"current": "0.37", "2020-09-30": "5.95", "2020-06-30": "6.56", "2020-03-31": "1.00", "2019-12-31": "0.99", "2019-09-30": "1.04", "2019-06-30": "1.06", "2019-03-31": "1.03", "2018-12-31": "1.01", "2018-09-30": "1.00", "2018-06-30": "1.00", "2018-03-31": "1.01", "2017-12-31": "1.05", "2017-09-30": "0.96", "2017-06-30": "1.05", "2017-03-31": "1.06", "2016-12-31": "1.11", "2016-09-30": "1.13", "2016-06-30": "1.17", "2016-03-31": "1.12", "2015-12-31": "1.12", "2015-09-30": "1.13", "2015-06-30": "1.13", "2015-03-31": "1.32", "2014-12-31": "1.28", "2014-09-30": "1.33", "2014-06-30": "1.33", "2014-03-31": "1.34", "2013-12-31": "0.90", "2013-09-30": "1.04", "2013-06-30": "1.07", "2013-03-31": "1.03", "2012-12-31": "1.09", "2012-09-30": "1.11", "2012-06-30": "1.10", "2012-03-31": "1.13", "2011-12-31": "1.15", "2011-09-30": "1.24", "2011-06-30": "1.22", "2011-03-31": "1.26", "2010-12-31": "1.29", "2010-09-30": "1.27", "2010-06-30": "1.32", "2010-03-31": "1.35", "2009-12-31": "1.37", "2009-09-30": "1.49", "2009-06-30": "1.66", "2009-03-31": "1.97", "2008-12-31": "1.93", "2008-09-30": "1.59", "2008-06-30": "1.33", "2008-03-31": "1.31", "2007-12-31": "1.34", "2007-09-30": "1.11", "2007-06-30": "1.07", "2007-03-31": "1.01", "2006-12-31": "1.09", "2006-09-30": "1.34", "2006-06-30": "1.43", "2006-03-31": "1.35", "2005-12-31": "2.39", "2005-09-30": "1.51", "2005-06-30": "0.00", "2005-03-31": "0.00"}, "return on equity": {"2020-09-30": "16.09%", "2020-06-30": "15.27%", "2020-03-31": "15.47%", "2019-12-31": "21.03%", "2019-09-30": "15.74%", "2019-06-30": "15.80%", "2019-03-31": "15.76%", "2018-12-31": "13.63%", "2018-09-30": "18.00%", "2018-06-30": "15.86%", "2018-03-31": "14.99%", "2017-12-31": "13.04%", "2017-09-30": "11.60%", "2017-06-30": "10.88%", "2017-03-31": "9.52%", "2016-12-31": "9.66%", "2016-09-30": "8.51%", "2016-06-30": "8.20%", "2016-03-31": "7.76%", "2015-12-31": "8.15%", "2015-09-30": "12.29%", "2015-06-30": "11.94%", "2015-03-31": "11.19%", "2014-12-31": "9.31%", "2014-09-30": "4.31%", "2014-06-30": "4.43%", "2014-03-31": "5.23%", "2013-12-31": "7.85%", "2013-09-30": "9.83%", "2013-06-30": "12.95%", "2013-03-31": "13.70%", "2012-12-31": "14.14%", "2012-09-30": "15.59%", "2012-06-30": "12.47%", "2012-03-31": "11.07%", "2011-12-31": "10.43%", "2011-09-30": "9.41%", "2011-06-30": "9.69%", "2011-03-31": "11.51%", "2010-12-31": "10.86%", "2010-09-30": "9.11%", "2010-06-30": "8.97%", "2010-03-31": "7.69%", "2009-12-31": "7.11%", "2009-09-30": "4.60%", "2009-06-30": "-4.60%", "2009-03-31": "-7.56%", "2008-12-31": "-5.96%", "2008-09-30": "-6.74%", "2008-06-30": "-0.15%", "2008-03-31": "2.17%", "2007-12-31": "3.76%", "2007-09-30": "7.03%", "2007-06-30": "11.16%", "2007-03-31": "13.66%", "2006-12-31": "15.69%", "2006-09-30": "33.46%", "2006-06-30": "35.77%", "2006-03-31": "48.30%", "2005-12-31": "67.92%"}, "return on assets": {"2020-09-30": "3.25%", "2020-06-30": "4.23%", "2020-03-31": "7.66%", "2019-12-31": "10.38%", "2019-09-30": "7.75%", "2019-06-30": "7.81%", "2019-03-31": "7.85%", "2018-12-31": "6.80%", "2018-09-30": "8.94%", "2018-06-30": "7.92%", "2018-03-31": "7.43%", "2017-12-31": "6.42%", "2017-09-30": "5.66%", "2017-06-30": "5.22%", "2017-03-31": "4.51%", "2016-12-31": "4.54%", "2016-09-30": "3.99%", "2016-06-30": "3.85%", "2016-03-31": "3.66%", "2015-12-31": "3.76%", "2015-09-30": "5.56%", "2015-06-30": "5.28%", "2015-03-31": "4.83%", "2014-12-31": "4.01%", "2014-09-30": "1.93%", "2014-06-30": "2.04%", "2014-03-31": "2.49%", "2013-12-31": "3.91%", "2013-09-30": "4.78%", "2013-06-30": "6.24%", "2013-03-31": "6.59%", "2012-12-31": "6.72%", "2012-09-30": "7.35%", "2012-06-30": "5.79%", "2012-03-31": "5.07%", "2011-12-31": "4.70%", "2011-09-30": "4.18%", "2011-06-30": "4.29%", "2011-03-31": "5.04%", "2010-12-31": "4.71%", "2010-09-30": "3.92%", "2010-06-30": "3.77%", "2010-03-31": "3.12%", "2009-12-31": "2.73%", "2009-09-30": "1.68%", "2009-06-30": "-1.65%", "2009-03-31": "-2.80%", "2008-12-31": "-2.35%", "2008-09-30": "-2.82%", "2008-06-30": "-0.07%", "2008-03-31": "0.98%", "2007-12-31": "1.77%", "2007-09-30": "3.39%", "2007-06-30": "5.28%", "2007-03-31": "6.23%", "2006-12-31": "6.87%", "2006-09-30": "12.51%", "2006-06-30": "13.15%", "2006-03-31": "17.17%", "2005-12-31": "22.53%"}, "return on investments": {"2020-09-30": "16.80%", "2020-06-30": "15.87%", "2020-03-31": "17.05%", "2019-12-31": "23.25%", "2019-09-30": "17.37%", "2019-06-30": "17.25%", "2019-03-31": "16.16%", "2018-12-31": "13.90%", "2018-09-30": "17.04%", "2018-06-30": "15.66%", "2018-03-31": "13.24%", "2017-12-31": "11.35%", "2017-09-30": "11.03%", "2017-06-30": "10.10%", "2017-03-31": "10.44%", "2016-12-31": "10.56%", "2016-09-30": "8.63%", "2016-06-30": "8.56%", "2016-03-31": "7.96%", "2015-12-31": "8.28%", "2015-09-30": "8.66%", "2015-06-30": "7.91%", "2015-03-31": "6.84%", "2014-12-31": "4.15%", "2014-09-30": "3.73%", "2014-06-30": "3.99%", "2014-03-31": "5.39%", "2013-12-31": "9.68%", "2013-09-30": "10.42%", "2013-06-30": "12.84%", "2013-03-31": "13.42%", "2012-12-31": "13.63%", "2012-09-30": "14.37%", "2012-06-30": "11.47%", "2012-03-31": "9.41%", "2011-12-31": "9.01%", "2011-09-30": "10.62%", "2011-06-30": "10.89%", "2011-03-31": "13.50%", "2010-12-31": "12.87%", "2010-09-30": "10.66%", "2010-06-30": "10.55%", "2010-03-31": "8.58%", "2009-12-31": "7.59%", "2009-09-30": "5.25%", "2009-06-30": "-4.97%", "2009-03-31": "-7.71%", "2008-12-31": "-6.55%", "2008-09-30": "-7.53%", "2008-06-30": "-0.21%", "2008-03-31": "2.38%", "2007-12-31": "4.48%", "2007-09-30": "9.47%", "2007-06-30": "17.75%", "2007-03-31": "23.70%", "2006-12-31": "28.08%", "2006-09-30": "44.10%", "2006-06-30": "43.98%", "2006-03-31": "53.63%", "2005-12-31": "67.39%"}, "return on tangible equity": {"2020-09-30": "156.12%", "2020-06-30": "83.72%", "2020-03-31": "50.51%", "2019-12-31": "72.68%", "2019-09-30": "61.07%", "2019-06-30": "66.52%", "2019-03-31": "72.34%", "2018-12-31": "68.45%", "2018-09-30": "96.96%", "2018-06-30": "76.28%", "2018-03-31": "86.22%", "2017-12-31": "91.81%", "2017-09-30": "50.26%", "2017-06-30": "63.26%", "2017-03-31": "57.63%", "2016-12-31": "56.74%", "2016-09-30": "134.20%", "2016-06-30": "116.87%", "2016-03-31": "103.83%", "2015-12-31": "182.51%", "2015-09-30": "581.34%", "2015-06-30": "-684.02%", "2015-03-31": "-189.32%", "2014-12-31": "-140.65%", "2014-09-30": "92.79%", "2014-06-30": "27.89%", "2014-03-31": "18.60%", "2013-12-31": "18.59%", "2013-09-30": "24.79%", "2013-06-30": "33.08%", "2013-03-31": "33.86%", "2012-12-31": "33.38%", "2012-09-30": "35.11%", "2012-06-30": "27.30%", "2012-03-31": "24.62%", "2011-12-31": "23.97%", "2011-09-30": "22.24%", "2011-06-30": "23.09%", "2011-03-31": "27.76%", "2010-12-31": "26.57%", "2010-09-30": "22.58%", "2010-06-30": "23.20%", "2010-03-31": "21.00%", "2009-12-31": "21.49%", "2009-09-30": "15.47%", "2009-06-30": "-15.33%", "2009-03-31": "-23.14%", "2008-12-31": "-15.72%", "2008-09-30": "-15.91%", "2008-06-30": "-0.34%", "2008-03-31": "4.53%", "2007-12-31": "7.50%", "2007-09-30": "13.37%", "2007-06-30": "21.20%", "2007-03-31": "26.90%", "2006-12-31": "32.20%", "2006-09-30": "122.69%", "2006-06-30": "137.29%", "2006-03-31": "245.16%", "2005-12-31": "820.43%"}, "dividend yield history": {"last payout": "$1.44", "last yield": "3.72%"}}