{"ticker": "FITB", "price": {"title": "Fifth Third Bancorp Historical Annual Stock Price Data", "value": 32.09, "historical": {"2021": {"Average Stock Price": "30.5896", "Year Open": "27.2300", "Year High": "32.5400", "Year Low": "27.2300", "Year Close": "32.0950", "Annual % Change": "16.41%"}, "2020": {"Average Stock Price": "22.2022", "Year Open": "31.0200", "Year High": "31.0200", "Year Low": "11.6700", "Year Close": "27.5700", "Annual % Change": "-10.31%"}, "2019": {"Average Stock Price": "27.7088", "Year Open": "24.2000", "Year High": "31.4900", "Year Low": "24.1800", "Year Close": "30.7400", "Annual % Change": "30.64%"}, "2018": {"Average Stock Price": "30.0016", "Year Open": "30.4300", "Year High": "34.3500", "Year Low": "22.3600", "Year Close": "23.5300", "Annual % Change": "-22.45%"}, "2017": {"Average Stock Price": "26.7692", "Year Open": "27.0500", "Year High": "31.3600", "Year Low": "23.6200", "Year Close": "30.3400", "Annual % Change": "12.50%"}, "2016": {"Average Stock Price": "19.4349", "Year Open": "19.5500", "Year High": "27.7900", "Year Low": "13.9400", "Year Close": "26.9700", "Annual % Change": "34.18%"}, "2015": {"Average Stock Price": "19.8177", "Year Open": "20.2100", "Year High": "21.7100", "Year Low": "17.2200", "Year Close": "20.1000", "Annual % Change": "-1.35%"}, "2014": {"Average Stock Price": "20.8217", "Year Open": "20.8700", "Year High": "23.3900", "Year Low": "17.7400", "Year Close": "20.3750", "Annual % Change": "-3.11%"}, "2013": {"Average Stock Price": "18.0148", "Year Open": "15.7700", "Year High": "21.0400", "Year Low": "15.3500", "Year Close": "21.0300", "Annual % Change": "38.36%"}, "2012": {"Average Stock Price": "14.1374", "Year Open": "13.0800", "Year High": "15.9900", "Year Low": "12.0900", "Year Close": "15.2000", "Annual % Change": "19.50%"}, "2011": {"Average Stock Price": "12.5257", "Year Open": "14.7800", "Year High": "15.5200", "Year Low": "9.2500", "Year Close": "12.7200", "Annual % Change": "-13.35%"}, "2010": {"Average Stock Price": "12.8411", "Year Open": "10.1200", "Year High": "15.3600", "Year Low": "10.1200", "Year Close": "14.6800", "Annual % Change": "50.56%"}, "2009": {"Average Stock Price": "7.0725", "Year Open": "8.5900", "Year High": "10.9400", "Year Low": "1.0300", "Year Close": "9.7500", "Annual % Change": "18.04%"}, "2008": {"Average Stock Price": "16.5017", "Year Open": "24.4100", "Year High": "28.0600", "Year Low": "7.3100", "Year Close": "8.2600", "Annual % Change": "-67.13%"}, "2007": {"Average Stock Price": "36.8701", "Year Open": "40.9800", "Year High": "43.0600", "Year Low": "25.1300", "Year Close": "25.1300", "Annual % Change": "-38.60%"}, "2006": {"Average Stock Price": "38.8674", "Year Open": "37.8700", "Year High": "41.4400", "Year Low": "36.2500", "Year Close": "40.9300", "Annual % Change": "8.51%"}, "2005": {"Average Stock Price": "42.1194", "Year Open": "47.5500", "Year High": "48.0900", "Year Low": "35.2300", "Year Close": "37.7200", "Annual % Change": "-20.25%"}, "2004": {"Average Stock Price": "52.5229", "Year Open": "58.4800", "Year High": "59.9000", "Year Low": "45.7800", "Year Close": "47.3000", "Annual % Change": "-19.97%"}, "2003": {"Average Stock Price": "55.6456", "Year Open": "60.4500", "Year High": "61.8100", "Year Low": "47.7300", "Year Close": "59.1000", "Annual % Change": "0.94%"}, "2002": {"Average Stock Price": "63.8093", "Year Open": "61.3200", "Year High": "69.4000", "Year Low": "55.8600", "Year Close": "58.5500", "Annual % Change": "-4.53%"}, "2001": {"Average Stock Price": "57.8358", "Year Open": "57.2300", "Year High": "64.4300", "Year Low": "47.1900", "Year Close": "61.3300", "Annual % Change": "2.64%"}, "2000": {"Average Stock Price": "45.3929", "Year Open": "46.5800", "Year High": "60.5000", "Year Low": "30.0000", "Year Close": "59.7500", "Annual % Change": "22.14%"}, "1999": {"Average Stock Price": "45.0392", "Year Open": "47.5867", "Year High": "50.2933", "Year Low": "39.4200", "Year Close": "48.9200", "Annual % Change": "2.80%"}, "1998": {"Average Stock Price": "38.9760", "Year Open": "36.2222", "Year High": "48.9200", "Year Low": "32.3333", "Year Close": "47.5867", "Annual % Change": "30.97%"}, "1997": {"Average Stock Price": "26.2716", "Year Open": "18.3704", "Year High": "36.7244", "Year Low": "18.3704", "Year Close": "36.3333", "Annual % Change": "95.23%"}, "1996": {"Average Stock Price": "16.4088", "Year Open": "14.2973", "Year High": "21.8519", "Year Low": "8.7901", "Year Close": "18.6104", "Annual % Change": "92.95%"}, "1995": {"Average Stock Price": "10.6378", "Year Open": "9.3452", "Year High": "13.7778", "Year Low": "9.0963", "Year Close": "9.6454", "Annual % Change": "1.73%"}, "1994": {"Average Stock Price": "10.0335", "Year Open": "10.0741", "Year High": "10.8642", "Year Low": "8.9126", "Year Close": "9.4815", "Annual % Change": "-7.25%"}, "1993": {"Average Stock Price": "10.4541", "Year Open": "10.5442", "Year High": "11.5556", "Year Low": "9.8509", "Year Close": "10.2222", "Annual % Change": "-4.17%"}, "1992": {"Average Stock Price": "9.3039", "Year Open": "8.9547", "Year High": "10.6667", "Year Low": "7.9269", "Year Close": "10.6667", "Annual % Change": "19.12%"}, "1991": {"Average Stock Price": "6.5801", "Year Open": "4.3128", "Year High": "8.9547", "Year Low": "3.9677", "Year Close": "8.9547", "Annual % Change": "106.06%"}}}, "market cap": {"value": "$22.87B"}, "income statement": {"Revenue": {"2020-12-31": "8402.00000", "2019-12-31": "9790.00000", "2018-12-31": "7973.00000", "2017-12-31": "7713.00000", "2016-12-31": "6889.00000", "2015-12-31": "7031.00000", "2014-12-31": "6503.00000", "2013-12-31": "7200.00000", "2012-12-31": "7106.00000", "2011-12-31": "6673.00000", "2010-12-31": "7218.00000", "2009-12-31": "9450.00000", "2008-12-31": "8554.00000", "2007-12-31": "8494.00000", "2006-12-31": "7967.00000", "2005-12-31": "7369.00000"}, "Cost Of Goods Sold": {"2020-12-31": "790.00000", "2019-12-31": "1457.00000", "2018-12-31": "1043.00000", "2017-12-31": "691.00000", "2016-12-31": "578.00000", "2015-12-31": "495.00000", "2014-12-31": "451.00000", "2013-12-31": "412.00000", "2012-12-31": "512.00000", "2011-12-31": "661.00000", "2010-12-31": "885.00000", "2009-12-31": "1314.00000", "2008-12-31": "2094.00000", "2007-12-31": "3018.00000", "2006-12-31": "3082.00000", "2005-12-31": "2030.00000"}, "Gross Profit": {"2020-12-31": "7612.00000", "2019-12-31": "8333.00000", "2018-12-31": "6930.00000", "2017-12-31": "7022.00000", "2016-12-31": "6311.00000", "2015-12-31": "6536.00000", "2014-12-31": "6052.00000", "2013-12-31": "6788.00000", "2012-12-31": "6594.00000", "2011-12-31": "6012.00000", "2010-12-31": "6333.00000", "2009-12-31": "8136.00000", "2008-12-31": "6460.00000", "2007-12-31": "5476.00000", "2006-12-31": "4885.00000", "2005-12-31": "5339.00000"}, "Research And Development Expenses": {"2020-12-31": "", "2019-12-31": "", "2018-12-31": "", "2017-12-31": "", "2016-12-31": "", "2015-12-31": "", "2014-12-31": "", "2013-12-31": "", "2012-12-31": "", "2011-12-31": "", "2010-12-31": "", "2009-12-31": "", "2008-12-31": "", "2007-12-31": "", "2006-12-31": "", "2005-12-31": ""}, "SG&A Expenses": {"2020-12-31": "5815.00000", "2019-12-31": "5131.00000", "2018-12-31": "4165.00000", "2017-12-31": "4043.00000", "2016-12-31": "4103.00000", "2015-12-31": "4171.00000", "2014-12-31": "4024.00000", "2013-12-31": "4190.00000", "2012-12-31": "4384.00000", "2011-12-31": "4181.00000", "2010-12-31": "5393.00000", "2009-12-31": "7369.00000", "2008-12-31": "8159.00000", "2007-12-31": "3939.00000", "2006-12-31": "3258.00000", "2005-12-31": "3131.00000"}, "Other Operating Income Or Expenses": {"2020-12-31": "", "2019-12-31": "", "2018-12-31": "", "2017-12-31": "", "2016-12-31": "", "2015-12-31": "", "2014-12-31": "", "2013-12-31": "", "2012-12-31": "", "2011-12-31": "", "2010-12-31": "", "2009-12-31": "", "2008-12-31": "", "2007-12-31": "", "2006-12-31": "", "2005-12-31": ""}, "Operating Expenses": {"2020-12-31": "6605.00000", "2019-12-31": "6588.00000", "2018-12-31": "5208.00000", "2017-12-31": "4734.00000", "2016-12-31": "4681.00000", "2015-12-31": "4666.00000", "2014-12-31": "4475.00000", "2013-12-31": "4602.00000", "2012-12-31": "4896.00000", "2011-12-31": "4842.00000", "2010-12-31": "6278.00000", "2009-12-31": "8683.00000", "2008-12-31": "11218.00000", "2007-12-31": "6957.00000", "2006-12-31": "6340.00000", "2005-12-31": "5161.00000"}, "Operating Income": {"2020-12-31": "1797.00000", "2019-12-31": "3202.00000", "2018-12-31": "2765.00000", "2017-12-31": "2979.00000", "2016-12-31": "2208.00000", "2015-12-31": "2365.00000", "2014-12-31": "2028.00000", "2013-12-31": "2598.00000", "2012-12-31": "2210.00000", "2011-12-31": "1831.00000", "2010-12-31": "940.00000", "2009-12-31": "767.00000", "2008-12-31": "-2664.00000", "2007-12-31": "1537.00000", "2006-12-31": "1627.00000", "2005-12-31": "2208.00000"}, "Total Non-Operating Income/Expense": {"2020-12-31": "", "2019-12-31": "", "2018-12-31": "", "2017-12-31": "", "2016-12-31": "", "2015-12-31": "", "2014-12-31": "", "2013-12-31": "", "2012-12-31": "", "2011-12-31": "", "2010-12-31": "", "2009-12-31": "", "2008-12-31": "", "2007-12-31": "", "2006-12-31": "", "2005-12-31": ""}, "Pre-Tax Income": {"2020-12-31": "1797.00000", "2019-12-31": "3202.00000", "2018-12-31": "2765.00000", "2017-12-31": "2979.00000", "2016-12-31": "2208.00000", "2015-12-31": "2365.00000", "2014-12-31": "2028.00000", "2013-12-31": "2598.00000", "2012-12-31": "2210.00000", "2011-12-31": "1831.00000", "2010-12-31": "940.00000", "2009-12-31": "767.00000", "2008-12-31": "-2664.00000", "2007-12-31": "1537.00000", "2006-12-31": "1627.00000", "2005-12-31": "2208.00000"}, "Income Taxes": {"2020-12-31": "370.00000", "2019-12-31": "690.00000", "2018-12-31": "572.00000", "2017-12-31": "799.00000", "2016-12-31": "665.00000", "2015-12-31": "659.00000", "2014-12-31": "545.00000", "2013-12-31": "772.00000", "2012-12-31": "636.00000", "2011-12-31": "533.00000", "2010-12-31": "187.00000", "2009-12-31": "30.00000", "2008-12-31": "-551.00000", "2007-12-31": "461.00000", "2006-12-31": "443.00000", "2005-12-31": "659.00000"}, "Income After Taxes": {"2020-12-31": "1427.00000", "2019-12-31": "2512.00000", "2018-12-31": "2193.00000", "2017-12-31": "2180.00000", "2016-12-31": "1543.00000", "2015-12-31": "1706.00000", "2014-12-31": "1483.00000", "2013-12-31": "1826.00000", "2012-12-31": "1574.00000", "2011-12-31": "1298.00000", "2010-12-31": "753.00000", "2009-12-31": "737.00000", "2008-12-31": "-2113.00000", "2007-12-31": "1076.00000", "2006-12-31": "1184.00000", "2005-12-31": "1549.00000"}, "Other Income": {"2020-12-31": "", "2019-12-31": "", "2018-12-31": "", "2017-12-31": "", "2016-12-31": "", "2015-12-31": "", "2014-12-31": "", "2013-12-31": "", "2012-12-31": "", "2011-12-31": "", "2010-12-31": "", "2009-12-31": "", "2008-12-31": "", "2007-12-31": "", "2006-12-31": "", "2005-12-31": ""}, "Income From Continuous Operations": {"2020-12-31": "1427.00000", "2019-12-31": "2512.00000", "2018-12-31": "2193.00000", "2017-12-31": "2180.00000", "2016-12-31": "1543.00000", "2015-12-31": "1706.00000", "2014-12-31": "1483.00000", "2013-12-31": "1826.00000", "2012-12-31": "1574.00000", "2011-12-31": "1298.00000", "2010-12-31": "753.00000", "2009-12-31": "737.00000", "2008-12-31": "-2113.00000", "2007-12-31": "1076.00000", "2006-12-31": "1184.00000", "2005-12-31": "1549.00000"}, "Income From Discontinued Operations": {"2020-12-31": "", "2019-12-31": "", "2018-12-31": "", "2017-12-31": "", "2016-12-31": "", "2015-12-31": "", "2014-12-31": "", "2013-12-31": "", "2012-12-31": "", "2011-12-31": "", "2010-12-31": "", "2009-12-31": "", "2008-12-31": "", "2007-12-31": "", "2006-12-31": "", "2005-12-31": ""}, "Net Income": {"2020-12-31": "1323.00000", "2019-12-31": "2419.00000", "2018-12-31": "2118.00000", "2017-12-31": "2105.00000", "2016-12-31": "1472.00000", "2015-12-31": "1622.00000", "2014-12-31": "1402.00000", "2013-12-31": "1799.00000", "2012-12-31": "1541.00000", "2011-12-31": "1094.00000", "2010-12-31": "500.00000", "2009-12-31": "511.00000", "2008-12-31": "-2180.00000", "2007-12-31": "1075.00000", "2006-12-31": "1188.00000", "2005-12-31": "1548.00000"}, "EBITDA": {"2020-12-31": "", "2019-12-31": "", "2018-12-31": "", "2017-12-31": "", "2016-12-31": "", "2015-12-31": "", "2014-12-31": "", "2013-12-31": "", "2012-12-31": "", "2011-12-31": "", "2010-12-31": "", "2009-12-31": "", "2008-12-31": "", "2007-12-31": "", "2006-12-31": "", "2005-12-31": ""}, "EBIT": {"2020-12-31": "", "2019-12-31": "", "2018-12-31": "", "2017-12-31": "", "2016-12-31": "", "2015-12-31": "", "2014-12-31": "", "2013-12-31": "", "2012-12-31": "", "2011-12-31": "", "2010-12-31": "", "2009-12-31": "", "2008-12-31": "", "2007-12-31": "", "2006-12-31": "", "2005-12-31": ""}, "Basic Shares Outstanding": {"2020-12-31": "714.73000", "2019-12-31": "710.43360", "2018-12-31": "673.34620", "2017-12-31": "728.28920", "2016-12-31": "757.43230", "2015-12-31": "798.62820", "2014-12-31": "833.11630", "2013-12-31": "869.46300", "2012-12-31": "904.42500", "2011-12-31": "906.46060", "2010-12-31": "791.00000", "2009-12-31": "696.00000", "2008-12-31": "553.00000", "2007-12-31": "538.00000", "2006-12-31": "555.00000", "2005-12-31": "554.00000"}, "Shares Outstanding": {"2020-12-31": "719.73500", "2019-12-31": "720.06550", "2018-12-31": "685.48850", "2017-12-31": "740.69140", "2016-12-31": "764.49540", "2015-12-31": "807.65870", "2014-12-31": "842.96730", "2013-12-31": "894.73600", "2012-12-31": "945.55400", "2011-12-31": "949.54540", "2010-12-31": "799.00000", "2009-12-31": "726.00000", "2008-12-31": "553.00000", "2007-12-31": "540.00000", "2006-12-31": "557.00000", "2005-12-31": "558.00000"}, "Basic EPS": {"2020-12-31": "1.84000", "2019-12-31": "3.38000", "2018-12-31": "3.11000", "2017-12-31": "2.86000", "2016-12-31": "1.92000", "2015-12-31": "2.03000", "2014-12-31": "1.68000", "2013-12-31": "2.05000", "2012-12-31": "1.69000", "2011-12-31": "1.20000", "2010-12-31": "0.63000", "2009-12-31": "0.73000", "2008-12-31": "-3.91000", "2007-12-31": "1.99000", "2006-12-31": "2.14000", "2005-12-31": "2.79000"}, "EPS - Earnings Per Share": {"2020-12-31": "1.83000", "2019-12-31": "3.33000", "2018-12-31": "3.06000", "2017-12-31": "2.81000", "2016-12-31": "1.91000", "2015-12-31": "2.01000", "2014-12-31": "1.66000", "2013-12-31": "2.02000", "2012-12-31": "1.66000", "2011-12-31": "1.18000", "2010-12-31": "0.63000", "2009-12-31": "0.67000", "2008-12-31": "-3.91000", "2007-12-31": "1.98000", "2006-12-31": "2.13000", "2005-12-31": "2.77000"}}, "income statement, quarterly": {"Revenue": {"2020-12-31": "2102.00000", "2020-09-30": "2051.00000", "2020-06-30": "2053.00000", "2020-03-31": "2196.00000", "2019-12-31": "2595.00000", "2019-09-30": "2365.00000", "2019-06-30": "2296.00000", "2019-03-31": "2534.00000", "2018-12-31": "1968.00000", "2018-09-30": "1878.00000", "2018-06-30": "2012.00000", "2018-03-31": "2115.00000", "2017-12-31": "1721.00000", "2017-09-30": "2713.00000", "2017-06-30": "1670.00000", "2017-03-31": "1609.00000", "2016-12-31": "1672.00000", "2016-09-30": "1897.00000", "2016-06-30": "1645.00000", "2016-03-31": "1675.00000", "2015-12-31": "2133.00000", "2015-09-30": "1739.00000", "2015-06-30": "1559.00000", "2015-03-31": "1600.00000", "2014-12-31": "1664.00000", "2014-09-30": "1538.00000", "2014-06-30": "1744.00000", "2014-03-31": "1557.00000", "2013-12-31": "1705.00000", "2013-09-30": "1713.00000", "2013-06-30": "2044.00000", "2013-03-31": "1738.00000", "2012-12-31": "1898.00000", "2012-09-30": "1694.00000", "2012-06-30": "1705.00000", "2012-03-31": "1809.00000", "2011-12-31": "1608.00000", "2011-09-30": "1720.00000", "2011-06-30": "1701.00000", "2011-03-31": "1644.00000", "2010-12-31": "1759.00000", "2010-09-30": "1953.00000", "2010-06-30": "1736.00000", "2010-03-31": "1770.00000", "2009-12-31": "1793.00000", "2009-09-30": "2020.00000", "2009-06-30": "3762.00000", "2009-03-31": "1875.00000", "2008-12-31": "2049.00000", "2008-09-30": "2265.00000", "2008-06-30": "1929.00000", "2008-03-31": "2311.00000", "2007-12-31": "2058.00000", "2007-09-30": "2210.00000", "2007-06-30": "2158.00000", "2007-03-31": "2068.00000", "2006-12-31": "1624.00000", "2006-09-30": "2196.00000", "2006-06-30": "2132.00000", "2006-03-31": "2015.00000", "2005-12-31": "1862.00000", "2005-09-30": "1905.00000", "2005-06-30": "1850.00000", "2005-03-31": "1752.00000"}, "Cost Of Goods Sold": {"2020-12-31": "133.00000", "2020-09-30": "159.00000", "2020-06-30": "203.00000", "2020-03-31": "296.00000", "2019-12-31": "332.00000", "2019-09-30": "383.00000", "2019-06-30": "391.00000", "2019-03-31": "351.00000", "2018-12-31": "312.00000", "2018-09-30": "272.00000", "2018-06-30": "249.00000", "2018-03-31": "210.00000", "2017-12-31": "189.00000", "2017-09-30": "182.00000", "2017-06-30": "167.00000", "2017-03-31": "153.00000", "2016-12-31": "149.00000", "2016-09-30": "150.00000", "2016-06-30": "144.00000", "2016-03-31": "135.00000", "2015-12-31": "131.00000", "2015-09-30": "125.00000", "2015-06-30": "116.00000", "2015-03-31": "123.00000", "2014-12-31": "128.00000", "2014-09-30": "115.00000", "2014-06-30": "108.00000", "2014-03-31": "100.00000", "2013-12-31": "102.00000", "2013-09-30": "99.00000", "2013-06-30": "104.00000", "2013-03-31": "107.00000", "2012-12-31": "118.00000", "2012-09-30": "120.00000", "2012-06-30": "132.00000", "2012-03-31": "142.00000", "2011-12-31": "142.00000", "2011-09-30": "157.00000", "2011-06-30": "181.00000", "2011-03-31": "181.00000", "2010-12-31": "191.00000", "2010-09-30": "214.00000", "2010-06-30": "234.00000", "2010-03-31": "246.00000", "2009-12-31": "264.00000", "2009-09-30": "300.00000", "2009-06-30": "348.00000", "2009-03-31": "402.00000", "2008-12-31": "513.00000", "2008-09-30": "485.00000", "2008-06-30": "469.00000", "2008-03-31": "627.00000", "2007-12-31": "769.00000", "2007-09-30": "775.00000", "2007-06-30": "750.00000", "2007-03-31": "724.00000", "2006-12-31": "807.00000", "2006-09-30": "821.00000", "2006-06-30": "767.00000", "2006-03-31": "687.00000", "2005-12-31": "625.00000", "2005-09-30": "546.00000", "2005-06-30": "465.00000", "2005-03-31": "394.00000"}, "Gross Profit": {"2020-12-31": "1969.00000", "2020-09-30": "1892.00000", "2020-06-30": "1850.00000", "2020-03-31": "1900.00000", "2019-12-31": "2263.00000", "2019-09-30": "1982.00000", "2019-06-30": "1905.00000", "2019-03-31": "2183.00000", "2018-12-31": "1656.00000", "2018-09-30": "1606.00000", "2018-06-30": "1763.00000", "2018-03-31": "1905.00000", "2017-12-31": "1532.00000", "2017-09-30": "2531.00000", "2017-06-30": "1503.00000", "2017-03-31": "1456.00000", "2016-12-31": "1523.00000", "2016-09-30": "1747.00000", "2016-06-30": "1501.00000", "2016-03-31": "1540.00000", "2015-12-31": "2002.00000", "2015-09-30": "1614.00000", "2015-06-30": "1443.00000", "2015-03-31": "1477.00000", "2014-12-31": "1536.00000", "2014-09-30": "1423.00000", "2014-06-30": "1636.00000", "2014-03-31": "1457.00000", "2013-12-31": "1603.00000", "2013-09-30": "1614.00000", "2013-06-30": "1940.00000", "2013-03-31": "1631.00000", "2012-12-31": "1780.00000", "2012-09-30": "1574.00000", "2012-06-30": "1573.00000", "2012-03-31": "1667.00000", "2011-12-31": "1466.00000", "2011-09-30": "1563.00000", "2011-06-30": "1520.00000", "2011-03-31": "1463.00000", "2010-12-31": "1568.00000", "2010-09-30": "1739.00000", "2010-06-30": "1502.00000", "2010-03-31": "1524.00000", "2009-12-31": "1529.00000", "2009-09-30": "1720.00000", "2009-06-30": "3414.00000", "2009-03-31": "1473.00000", "2008-12-31": "1536.00000", "2008-09-30": "1780.00000", "2008-06-30": "1460.00000", "2008-03-31": "1684.00000", "2007-12-31": "1289.00000", "2007-09-30": "1435.00000", "2007-06-30": "1408.00000", "2007-03-31": "1344.00000", "2006-12-31": "817.00000", "2006-09-30": "1375.00000", "2006-06-30": "1365.00000", "2006-03-31": "1328.00000", "2005-12-31": "1237.00000", "2005-09-30": "1359.00000", "2005-06-30": "1385.00000", "2005-03-31": "1358.00000"}, "Research And Development Expenses": {"2020-12-31": "", "2020-09-30": "", "2020-06-30": "", "2020-03-31": "", "2019-12-31": "", "2019-09-30": "", "2019-06-30": "", "2019-03-31": "", "2018-12-31": "", "2018-09-30": "", "2018-06-30": "", "2018-03-31": "", "2017-12-31": "", "2017-09-30": "", "2017-06-30": "", "2017-03-31": "", "2016-12-31": "", "2016-09-30": "", "2016-06-30": "", "2016-03-31": "", "2015-12-31": "", "2015-09-30": "", "2015-06-30": "", "2015-03-31": "", "2014-12-31": "", "2014-09-30": "", "2014-06-30": "", "2014-03-31": "", "2013-12-31": "", "2013-09-30": "", "2013-06-30": "", "2013-03-31": "", "2012-12-31": "", "2012-09-30": "", "2012-06-30": "", "2012-03-31": "", "2011-12-31": "", "2011-09-30": "", "2011-06-30": "", "2011-03-31": "", "2010-12-31": "", "2010-09-30": "", "2010-06-30": "", "2010-03-31": "", "2009-12-31": "", "2009-09-30": "", "2009-06-30": "", "2009-03-31": "", "2008-12-31": "", "2008-09-30": "", "2008-06-30": "", "2008-03-31": "", "2007-12-31": "", "2007-09-30": "", "2007-06-30": "", "2007-03-31": "", "2006-12-31": "", "2006-09-30": "", "2006-06-30": "", "2006-03-31": "", "2005-12-31": "", "2005-09-30": "", "2005-06-30": "", "2005-03-31": ""}, "SG&A Expenses": {"2020-12-31": "1223.00000", "2020-09-30": "1146.00000", "2020-06-30": "1606.00000", "2020-03-31": "1840.00000", "2019-12-31": "1323.00000", "2019-09-30": "1293.00000", "2019-06-30": "1328.00000", "2019-03-31": "1187.00000", "2018-12-31": "1071.00000", "2018-09-30": "1056.00000", "2018-06-30": "1015.00000", "2018-03-31": "1023.00000", "2017-12-31": "932.00000", "2017-09-30": "1042.00000", "2017-06-30": "1009.00000", "2017-03-31": "1060.00000", "2016-12-31": "871.00000", "2016-09-30": "1053.00000", "2016-06-30": "1074.00000", "2016-03-31": "1105.00000", "2015-12-31": "1054.00000", "2015-09-30": "1099.00000", "2015-06-30": "1026.00000", "2015-03-31": "992.00000", "2014-12-31": "1016.00000", "2014-09-30": "959.00000", "2014-06-30": "1030.00000", "2014-03-31": "1019.00000", "2013-12-31": "1041.00000", "2013-09-30": "1010.00000", "2013-06-30": "1099.00000", "2013-03-31": "1040.00000", "2012-12-31": "1241.00000", "2012-09-30": "1071.00000", "2012-06-30": "1008.00000", "2012-03-31": "1064.00000", "2011-12-31": "1048.00000", "2011-09-30": "1033.00000", "2011-06-30": "1014.00000", "2011-03-31": "1086.00000", "2010-12-31": "1151.00000", "2010-09-30": "1436.00000", "2010-06-30": "1260.00000", "2010-03-31": "1546.00000", "2009-12-31": "1744.00000", "2009-09-30": "1828.00000", "2009-06-30": "2062.00000", "2009-03-31": "1735.00000", "2008-12-31": "3415.00000", "2008-09-30": "1908.00000", "2008-06-30": "1577.00000", "2008-03-31": "1259.00000", "2007-12-31": "1224.00000", "2007-09-30": "992.00000", "2007-06-30": "886.00000", "2007-03-31": "837.00000", "2006-12-31": "765.00000", "2006-09-30": "854.00000", "2006-06-30": "830.00000", "2006-03-31": "809.00000", "2005-12-31": "770.00000", "2005-09-30": "801.00000", "2005-06-30": "788.00000", "2005-03-31": "772.00000"}, "Other Operating Income Or Expenses": {"2020-12-31": "", "2020-09-30": "", "2020-06-30": "", "2020-03-31": "", "2019-12-31": "", "2019-09-30": "", "2019-06-30": "", "2019-03-31": "", "2018-12-31": "", "2018-09-30": "", "2018-06-30": "", "2018-03-31": "", "2017-12-31": "", "2017-09-30": "", "2017-06-30": "", "2017-03-31": "", "2016-12-31": "", "2016-09-30": "", "2016-06-30": "", "2016-03-31": "", "2015-12-31": "", "2015-09-30": "", "2015-06-30": "", "2015-03-31": "", "2014-12-31": "", "2014-09-30": "", "2014-06-30": "", "2014-03-31": "", "2013-12-31": "", "2013-09-30": "", "2013-06-30": "", "2013-03-31": "", "2012-12-31": "", "2012-09-30": "", "2012-06-30": "", "2012-03-31": "", "2011-12-31": "", "2011-09-30": "", "2011-06-30": "", "2011-03-31": "", "2010-12-31": "", "2010-09-30": "", "2010-06-30": "", "2010-03-31": "", "2009-12-31": "", "2009-09-30": "", "2009-06-30": "", "2009-03-31": "", "2008-12-31": "", "2008-09-30": "", "2008-06-30": "", "2008-03-31": "", "2007-12-31": "", "2007-09-30": "", "2007-06-30": "", "2007-03-31": "", "2006-12-31": "", "2006-09-30": "", "2006-06-30": "", "2006-03-31": "", "2005-12-31": "", "2005-09-30": "", "2005-06-30": "", "2005-03-31": ""}, "Operating Expenses": {"2020-12-31": "1356.00000", "2020-09-30": "1305.00000", "2020-06-30": "1809.00000", "2020-03-31": "2136.00000", "2019-12-31": "1655.00000", "2019-09-30": "1676.00000", "2019-06-30": "1719.00000", "2019-03-31": "1538.00000", "2018-12-31": "1383.00000", "2018-09-30": "1328.00000", "2018-06-30": "1264.00000", "2018-03-31": "1233.00000", "2017-12-31": "1121.00000", "2017-09-30": "1224.00000", "2017-06-30": "1176.00000", "2017-03-31": "1213.00000", "2016-12-31": "1020.00000", "2016-09-30": "1203.00000", "2016-06-30": "1218.00000", "2016-03-31": "1240.00000", "2015-12-31": "1185.00000", "2015-09-30": "1224.00000", "2015-06-30": "1142.00000", "2015-03-31": "1115.00000", "2014-12-31": "1144.00000", "2014-09-30": "1074.00000", "2014-06-30": "1138.00000", "2014-03-31": "1119.00000", "2013-12-31": "1143.00000", "2013-09-30": "1109.00000", "2013-06-30": "1203.00000", "2013-03-31": "1147.00000", "2012-12-31": "1359.00000", "2012-09-30": "1191.00000", "2012-06-30": "1140.00000", "2012-03-31": "1206.00000", "2011-12-31": "1190.00000", "2011-09-30": "1190.00000", "2011-06-30": "1195.00000", "2011-03-31": "1267.00000", "2010-12-31": "1342.00000", "2010-09-30": "1650.00000", "2010-06-30": "1494.00000", "2010-03-31": "1792.00000", "2009-12-31": "2008.00000", "2009-09-30": "2128.00000", "2009-06-30": "2410.00000", "2009-03-31": "2137.00000", "2008-12-31": "3928.00000", "2008-09-30": "2393.00000", "2008-06-30": "2046.00000", "2008-03-31": "1886.00000", "2007-12-31": "1993.00000", "2007-09-30": "1767.00000", "2007-06-30": "1636.00000", "2007-03-31": "1561.00000", "2006-12-31": "1572.00000", "2006-09-30": "1675.00000", "2006-06-30": "1597.00000", "2006-03-31": "1496.00000", "2005-12-31": "1395.00000", "2005-09-30": "1347.00000", "2005-06-30": "1253.00000", "2005-03-31": "1166.00000"}, "Operating Income": {"2020-12-31": "746.00000", "2020-09-30": "746.00000", "2020-06-30": "244.00000", "2020-03-31": "60.00000", "2019-12-31": "940.00000", "2019-09-30": "689.00000", "2019-06-30": "577.00000", "2019-03-31": "996.00000", "2018-12-31": "585.00000", "2018-09-30": "550.00000", "2018-06-30": "748.00000", "2018-03-31": "882.00000", "2017-12-31": "600.00000", "2017-09-30": "1489.00000", "2017-06-30": "494.00000", "2017-03-31": "396.00000", "2016-12-31": "652.00000", "2016-09-30": "694.00000", "2016-06-30": "427.00000", "2016-03-31": "435.00000", "2015-12-31": "948.00000", "2015-09-30": "515.00000", "2015-06-30": "417.00000", "2015-03-31": "485.00000", "2014-12-31": "520.00000", "2014-09-30": "464.00000", "2014-06-30": "606.00000", "2014-03-31": "438.00000", "2013-12-31": "562.00000", "2013-09-30": "604.00000", "2013-06-30": "841.00000", "2013-03-31": "591.00000", "2012-12-31": "539.00000", "2012-09-30": "503.00000", "2012-06-30": "565.00000", "2012-03-31": "603.00000", "2011-12-31": "418.00000", "2011-09-30": "530.00000", "2011-06-30": "506.00000", "2011-03-31": "377.00000", "2010-12-31": "417.00000", "2010-09-30": "303.00000", "2010-06-30": "242.00000", "2010-03-31": "-22.00000", "2009-12-31": "-215.00000", "2009-09-30": "-108.00000", "2009-06-30": "1352.00000", "2009-03-31": "-262.00000", "2008-12-31": "-1879.00000", "2008-09-30": "-128.00000", "2008-06-30": "-117.00000", "2008-03-31": "425.00000", "2007-12-31": "65.00000", "2007-09-30": "443.00000", "2007-06-30": "522.00000", "2007-03-31": "507.00000", "2006-12-31": "52.00000", "2006-09-30": "521.00000", "2006-06-30": "535.00000", "2006-03-31": "519.00000", "2005-12-31": "467.00000", "2005-09-30": "558.00000", "2005-06-30": "597.00000", "2005-03-31": "586.00000"}, "Total Non-Operating Income/Expense": {"2020-12-31": "", "2020-09-30": "", "2020-06-30": "", "2020-03-31": "", "2019-12-31": "", "2019-09-30": "", "2019-06-30": "", "2019-03-31": "", "2018-12-31": "", "2018-09-30": "", "2018-06-30": "", "2018-03-31": "", "2017-12-31": "", "2017-09-30": "", "2017-06-30": "", "2017-03-31": "", "2016-12-31": "", "2016-09-30": "", "2016-06-30": "", "2016-03-31": "", "2015-12-31": "", "2015-09-30": "", "2015-06-30": "", "2015-03-31": "", "2014-12-31": "", "2014-09-30": "", "2014-06-30": "", "2014-03-31": "", "2013-12-31": "", "2013-09-30": "", "2013-06-30": "", "2013-03-31": "", "2012-12-31": "", "2012-09-30": "", "2012-06-30": "", "2012-03-31": "", "2011-12-31": "", "2011-09-30": "", "2011-06-30": "", "2011-03-31": "", "2010-12-31": "", "2010-09-30": "", "2010-06-30": "", "2010-03-31": "", "2009-12-31": "", "2009-09-30": "", "2009-06-30": "", "2009-03-31": "", "2008-12-31": "", "2008-09-30": "", "2008-06-30": "", "2008-03-31": "", "2007-12-31": "", "2007-09-30": "", "2007-06-30": "", "2007-03-31": "", "2006-12-31": "", "2006-09-30": "", "2006-06-30": "", "2006-03-31": "", "2005-12-31": "", "2005-09-30": "", "2005-06-30": "", "2005-03-31": ""}, "Pre-Tax Income": {"2020-12-31": "746.00000", "2020-09-30": "746.00000", "2020-06-30": "244.00000", "2020-03-31": "60.00000", "2019-12-31": "940.00000", "2019-09-30": "689.00000", "2019-06-30": "577.00000", "2019-03-31": "996.00000", "2018-12-31": "585.00000", "2018-09-30": "550.00000", "2018-06-30": "748.00000", "2018-03-31": "882.00000", "2017-12-31": "600.00000", "2017-09-30": "1489.00000", "2017-06-30": "494.00000", "2017-03-31": "396.00000", "2016-12-31": "652.00000", "2016-09-30": "694.00000", "2016-06-30": "427.00000", "2016-03-31": "435.00000", "2015-12-31": "948.00000", "2015-09-30": "515.00000", "2015-06-30": "417.00000", "2015-03-31": "485.00000", "2014-12-31": "520.00000", "2014-09-30": "464.00000", "2014-06-30": "606.00000", "2014-03-31": "438.00000", "2013-12-31": "562.00000", "2013-09-30": "604.00000", "2013-06-30": "841.00000", "2013-03-31": "591.00000", "2012-12-31": "539.00000", "2012-09-30": "503.00000", "2012-06-30": "565.00000", "2012-03-31": "603.00000", "2011-12-31": "418.00000", "2011-09-30": "530.00000", "2011-06-30": "506.00000", "2011-03-31": "377.00000", "2010-12-31": "417.00000", "2010-09-30": "303.00000", "2010-06-30": "242.00000", "2010-03-31": "-22.00000", "2009-12-31": "-215.00000", "2009-09-30": "-108.00000", "2009-06-30": "1352.00000", "2009-03-31": "-262.00000", "2008-12-31": "-2844.00000", "2008-09-30": "-128.00000", "2008-06-30": "-117.00000", "2008-03-31": "425.00000", "2007-12-31": "65.00000", "2007-09-30": "443.00000", "2007-06-30": "522.00000", "2007-03-31": "507.00000", "2006-12-31": "52.00000", "2006-09-30": "521.00000", "2006-06-30": "535.00000", "2006-03-31": "519.00000", "2005-12-31": "467.00000", "2005-09-30": "558.00000", "2005-06-30": "597.00000", "2005-03-31": "586.00000"}, "Income Taxes": {"2020-12-31": "142.00000", "2020-09-30": "165.00000", "2020-06-30": "49.00000", "2020-03-31": "14.00000", "2019-12-31": "205.00000", "2019-09-30": "140.00000", "2019-06-30": "124.00000", "2019-03-31": "221.00000", "2018-12-31": "131.00000", "2018-09-30": "114.00000", "2018-06-30": "146.00000", "2018-03-31": "181.00000", "2017-12-31": "106.00000", "2017-09-30": "475.00000", "2017-06-30": "127.00000", "2017-03-31": "91.00000", "2016-12-31": "275.00000", "2016-09-30": "178.00000", "2016-06-30": "103.00000", "2016-03-31": "109.00000", "2015-12-31": "293.00000", "2015-09-30": "134.00000", "2015-06-30": "108.00000", "2015-03-31": "124.00000", "2014-12-31": "135.00000", "2014-09-30": "124.00000", "2014-06-30": "167.00000", "2014-03-31": "119.00000", "2013-12-31": "160.00000", "2013-09-30": "183.00000", "2013-06-30": "250.00000", "2013-03-31": "179.00000", "2012-12-31": "144.00000", "2012-09-30": "139.00000", "2012-06-30": "180.00000", "2012-03-31": "173.00000", "2011-12-31": "103.00000", "2011-09-30": "149.00000", "2011-06-30": "169.00000", "2011-03-31": "112.00000", "2010-12-31": "84.00000", "2010-09-30": "65.00000", "2010-06-30": "50.00000", "2010-03-31": "-12.00000", "2009-12-31": "-117.00000", "2009-09-30": "-11.00000", "2009-06-30": "470.00000", "2009-03-31": "-312.00000", "2008-12-31": "-703.00000", "2008-09-30": "-72.00000", "2008-06-30": "85.00000", "2008-03-31": "139.00000", "2007-12-31": "49.00000", "2007-09-30": "118.00000", "2007-06-30": "146.00000", "2007-03-31": "148.00000", "2006-12-31": "-14.00000", "2006-09-30": "144.00000", "2006-06-30": "153.00000", "2006-03-31": "160.00000", "2005-12-31": "135.00000", "2005-09-30": "163.00000", "2005-06-30": "180.00000", "2005-03-31": "181.00000"}, "Income After Taxes": {"2020-12-31": "604.00000", "2020-09-30": "581.00000", "2020-06-30": "195.00000", "2020-03-31": "46.00000", "2019-12-31": "735.00000", "2019-09-30": "549.00000", "2019-06-30": "453.00000", "2019-03-31": "775.00000", "2018-12-31": "454.00000", "2018-09-30": "436.00000", "2018-06-30": "602.00000", "2018-03-31": "701.00000", "2017-12-31": "494.00000", "2017-09-30": "1014.00000", "2017-06-30": "367.00000", "2017-03-31": "305.00000", "2016-12-31": "377.00000", "2016-09-30": "516.00000", "2016-06-30": "324.00000", "2016-03-31": "326.00000", "2015-12-31": "655.00000", "2015-09-30": "381.00000", "2015-06-30": "309.00000", "2015-03-31": "361.00000", "2014-12-31": "385.00000", "2014-09-30": "340.00000", "2014-06-30": "439.00000", "2014-03-31": "319.00000", "2013-12-31": "402.00000", "2013-09-30": "421.00000", "2013-06-30": "591.00000", "2013-03-31": "412.00000", "2012-12-31": "395.00000", "2012-09-30": "364.00000", "2012-06-30": "385.00000", "2012-03-31": "430.00000", "2011-12-31": "315.00000", "2011-09-30": "381.00000", "2011-06-30": "337.00000", "2011-03-31": "265.00000", "2010-12-31": "333.00000", "2010-09-30": "238.00000", "2010-06-30": "192.00000", "2010-03-31": "-10.00000", "2009-12-31": "-98.00000", "2009-09-30": "-97.00000", "2009-06-30": "882.00000", "2009-03-31": "50.00000", "2008-12-31": "-2141.00000", "2008-09-30": "-56.00000", "2008-06-30": "-202.00000", "2008-03-31": "286.00000", "2007-12-31": "16.00000", "2007-09-30": "325.00000", "2007-06-30": "376.00000", "2007-03-31": "359.00000", "2006-12-31": "66.00000", "2006-09-30": "377.00000", "2006-06-30": "382.00000", "2006-03-31": "359.00000", "2005-12-31": "332.00000", "2005-09-30": "395.00000", "2005-06-30": "417.00000", "2005-03-31": "405.00000"}, "Other Income": {"2020-12-31": "", "2020-09-30": "", "2020-06-30": "", "2020-03-31": "", "2019-12-31": "", "2019-09-30": "", "2019-06-30": "", "2019-03-31": "", "2018-12-31": "", "2018-09-30": "", "2018-06-30": "", "2018-03-31": "", "2017-12-31": "", "2017-09-30": "", "2017-06-30": "", "2017-03-31": "", "2016-12-31": "", "2016-09-30": "", "2016-06-30": "", "2016-03-31": "", "2015-12-31": "", "2015-09-30": "", "2015-06-30": "", "2015-03-31": "", "2014-12-31": "", "2014-09-30": "", "2014-06-30": "", "2014-03-31": "", "2013-12-31": "", "2013-09-30": "", "2013-06-30": "", "2013-03-31": "", "2012-12-31": "", "2012-09-30": "", "2012-06-30": "", "2012-03-31": "", "2011-12-31": "", "2011-09-30": "", "2011-06-30": "", "2011-03-31": "", "2010-12-31": "", "2010-09-30": "", "2010-06-30": "", "2010-03-31": "", "2009-12-31": "", "2009-09-30": "", "2009-06-30": "", "2009-03-31": "", "2008-12-31": "", "2008-09-30": "", "2008-06-30": "", "2008-03-31": "", "2007-12-31": "", "2007-09-30": "", "2007-06-30": "", "2007-03-31": "", "2006-12-31": "", "2006-09-30": "", "2006-06-30": "", "2006-03-31": "", "2005-12-31": "", "2005-09-30": "", "2005-06-30": "", "2005-03-31": ""}, "Income From Continuous Operations": {"2020-12-31": "604.00000", "2020-09-30": "581.00000", "2020-06-30": "195.00000", "2020-03-31": "46.00000", "2019-12-31": "735.00000", "2019-09-30": "549.00000", "2019-06-30": "453.00000", "2019-03-31": "775.00000", "2018-12-31": "454.00000", "2018-09-30": "436.00000", "2018-06-30": "602.00000", "2018-03-31": "701.00000", "2017-12-31": "494.00000", "2017-09-30": "1014.00000", "2017-06-30": "367.00000", "2017-03-31": "305.00000", "2016-12-31": "377.00000", "2016-09-30": "516.00000", "2016-06-30": "324.00000", "2016-03-31": "326.00000", "2015-12-31": "655.00000", "2015-09-30": "381.00000", "2015-06-30": "309.00000", "2015-03-31": "361.00000", "2014-12-31": "385.00000", "2014-09-30": "340.00000", "2014-06-30": "439.00000", "2014-03-31": "319.00000", "2013-12-31": "402.00000", "2013-09-30": "421.00000", "2013-06-30": "591.00000", "2013-03-31": "412.00000", "2012-12-31": "395.00000", "2012-09-30": "364.00000", "2012-06-30": "385.00000", "2012-03-31": "430.00000", "2011-12-31": "315.00000", "2011-09-30": "381.00000", "2011-06-30": "337.00000", "2011-03-31": "265.00000", "2010-12-31": "333.00000", "2010-09-30": "238.00000", "2010-06-30": "192.00000", "2010-03-31": "-10.00000", "2009-12-31": "-98.00000", "2009-09-30": "-97.00000", "2009-06-30": "882.00000", "2009-03-31": "50.00000", "2008-12-31": "-2141.00000", "2008-09-30": "-56.00000", "2008-06-30": "-202.00000", "2008-03-31": "286.00000", "2007-12-31": "16.00000", "2007-09-30": "325.00000", "2007-06-30": "376.00000", "2007-03-31": "359.00000", "2006-12-31": "66.00000", "2006-09-30": "377.00000", "2006-06-30": "382.00000", "2006-03-31": "359.00000", "2005-12-31": "332.00000", "2005-09-30": "395.00000", "2005-06-30": "417.00000", "2005-03-31": "405.00000"}, "Income From Discontinued Operations": {"2020-12-31": "", "2020-09-30": "", "2020-06-30": "", "2020-03-31": "", "2019-12-31": "", "2019-09-30": "", "2019-06-30": "", "2019-03-31": "", "2018-12-31": "", "2018-09-30": "", "2018-06-30": "", "2018-03-31": "", "2017-12-31": "", "2017-09-30": "", "2017-06-30": "", "2017-03-31": "", "2016-12-31": "", "2016-09-30": "", "2016-06-30": "", "2016-03-31": "", "2015-12-31": "", "2015-09-30": "", "2015-06-30": "", "2015-03-31": "", "2014-12-31": "", "2014-09-30": "", "2014-06-30": "", "2014-03-31": "", "2013-12-31": "", "2013-09-30": "", "2013-06-30": "", "2013-03-31": "", "2012-12-31": "", "2012-09-30": "", "2012-06-30": "", "2012-03-31": "", "2011-12-31": "", "2011-09-30": "", "2011-06-30": "", "2011-03-31": "", "2010-12-31": "", "2010-09-30": "", "2010-06-30": "", "2010-03-31": "", "2009-12-31": "", "2009-09-30": "", "2009-06-30": "", "2009-03-31": "", "2008-12-31": "", "2008-09-30": "", "2008-06-30": "", "2008-03-31": "", "2007-12-31": "", "2007-09-30": "", "2007-06-30": "", "2007-03-31": "", "2006-12-31": "", "2006-09-30": "", "2006-06-30": "", "2006-03-31": "", "2005-12-31": "", "2005-09-30": "", "2005-06-30": "", "2005-03-31": ""}, "Net Income": {"2020-12-31": "569.00000", "2020-09-30": "562.00000", "2020-06-30": "163.00000", "2020-03-31": "29.00000", "2019-12-31": "702.00000", "2019-09-30": "530.00000", "2019-06-30": "427.00000", "2019-03-31": "760.00000", "2018-12-31": "432.00000", "2018-09-30": "421.00000", "2018-06-30": "579.00000", "2018-03-31": "686.00000", "2017-12-31": "476.00000", "2017-09-30": "999.00000", "2017-06-30": "340.00000", "2017-03-31": "290.00000", "2016-12-31": "358.00000", "2016-09-30": "501.00000", "2016-06-30": "305.00000", "2016-03-31": "308.00000", "2015-12-31": "628.00000", "2015-09-30": "362.00000", "2015-06-30": "289.00000", "2015-03-31": "343.00000", "2014-12-31": "353.00000", "2014-09-30": "328.00000", "2014-06-30": "412.00000", "2014-03-31": "309.00000", "2013-12-31": "383.00000", "2013-09-30": "421.00000", "2013-06-30": "582.00000", "2013-03-31": "413.00000", "2012-12-31": "395.00000", "2012-09-30": "354.00000", "2012-06-30": "373.00000", "2012-03-31": "419.00000", "2011-12-31": "309.00000", "2011-09-30": "371.00000", "2011-06-30": "326.00000", "2011-03-31": "88.00000", "2010-12-31": "267.00000", "2010-09-30": "175.00000", "2010-06-30": "130.00000", "2010-03-31": "-72.00000", "2009-12-31": "-160.00000", "2009-09-30": "-159.00000", "2009-06-30": "856.00000", "2009-03-31": "-26.00000", "2008-12-31": "-2183.00000", "2008-09-30": "-81.00000", "2008-06-30": "-202.00000", "2008-03-31": "286.00000", "2007-12-31": "16.00000", "2007-09-30": "325.00000", "2007-06-30": "375.00000", "2007-03-31": "359.00000", "2006-12-31": "66.00000", "2006-09-30": "377.00000", "2006-06-30": "382.00000", "2006-03-31": "363.00000", "2005-12-31": "332.00000", "2005-09-30": "395.00000", "2005-06-30": "417.00000", "2005-03-31": "404.00000"}, "EBITDA": {"2020-12-31": "", "2020-09-30": "", "2020-06-30": "", "2020-03-31": "", "2019-12-31": "", "2019-09-30": "", "2019-06-30": "", "2019-03-31": "", "2018-12-31": "", "2018-09-30": "", "2018-06-30": "", "2018-03-31": "", "2017-12-31": "", "2017-09-30": "", "2017-06-30": "", "2017-03-31": "", "2016-12-31": "", "2016-09-30": "", "2016-06-30": "", "2016-03-31": "", "2015-12-31": "", "2015-09-30": "", "2015-06-30": "", "2015-03-31": "", "2014-12-31": "", "2014-09-30": "", "2014-06-30": "", "2014-03-31": "", "2013-12-31": "", "2013-09-30": "", "2013-06-30": "", "2013-03-31": "", "2012-12-31": "", "2012-09-30": "", "2012-06-30": "", "2012-03-31": "", "2011-12-31": "", "2011-09-30": "", "2011-06-30": "", "2011-03-31": "", "2010-12-31": "", "2010-09-30": "", "2010-06-30": "", "2010-03-31": "", "2009-12-31": "", "2009-09-30": "", "2009-06-30": "", "2009-03-31": "", "2008-12-31": "", "2008-09-30": "", "2008-06-30": "", "2008-03-31": "", "2007-12-31": "", "2007-09-30": "", "2007-06-30": "", "2007-03-31": "", "2006-12-31": "", "2006-09-30": "", "2006-06-30": "", "2006-03-31": "", "2005-12-31": "", "2005-09-30": "", "2005-06-30": "", "2005-03-31": ""}, "EBIT": {"2020-12-31": "", "2020-09-30": "", "2020-06-30": "", "2020-03-31": "", "2019-12-31": "", "2019-09-30": "", "2019-06-30": "", "2019-03-31": "", "2018-12-31": "", "2018-09-30": "", "2018-06-30": "", "2018-03-31": "", "2017-12-31": "", "2017-09-30": "", "2017-06-30": "", "2017-03-31": "", "2016-12-31": "", "2016-09-30": "", "2016-06-30": "", "2016-03-31": "", "2015-12-31": "", "2015-09-30": "", "2015-06-30": "", "2015-03-31": "", "2014-12-31": "", "2014-09-30": "", "2014-06-30": "", "2014-03-31": "", "2013-12-31": "", "2013-09-30": "", "2013-06-30": "", "2013-03-31": "", "2012-12-31": "", "2012-09-30": "", "2012-06-30": "", "2012-03-31": "", "2011-12-31": "", "2011-09-30": "", "2011-06-30": "", "2011-03-31": "", "2010-12-31": "", "2010-09-30": "", "2010-06-30": "", "2010-03-31": "", "2009-12-31": "", "2009-09-30": "", "2009-06-30": "", "2009-03-31": "", "2008-12-31": "", "2008-09-30": "", "2008-06-30": "", "2008-03-31": "", "2007-12-31": "", "2007-09-30": "", "2007-06-30": "", "2007-03-31": "", "2006-12-31": "", "2006-09-30": "", "2006-06-30": "", "2006-03-31": "", "2005-12-31": "", "2005-09-30": "", "2005-06-30": "", "2005-03-31": ""}, "Basic Shares Outstanding": {"2020-12-31": "715.48200", "2020-09-30": "715.10210", "2020-06-30": "714.76650", "2020-03-31": "713.55570", "2019-12-31": "710.43360", "2019-09-30": "726.71550", "2019-06-30": "738.05140", "2019-03-31": "661.05710", "2018-12-31": "673.34620", "2018-09-30": "667.62410", "2018-06-30": "683.34480", "2018-03-31": "689.82030", "2017-12-31": "728.28920", "2017-09-30": "721.28000", "2017-06-30": "741.40070", "2017-03-31": "747.66800", "2016-12-31": "757.43230", "2016-09-30": "750.88600", "2016-06-30": "759.10540", "2016-03-31": "773.56410", "2015-12-31": "798.62820", "2015-09-30": "795.79280", "2015-06-30": "803.96500", "2015-03-31": "810.20960", "2014-12-31": "833.11630", "2014-09-30": "829.39200", "2014-06-30": "838.49200", "2014-03-31": "845.86000", "2013-12-31": "869.46300", "2013-09-30": "880.18300", "2013-06-30": "858.58270", "2013-03-31": "870.92310", "2012-12-31": "904.42500", "2012-09-30": "904.47490", "2012-06-30": "913.54050", "2012-03-31": "915.22580", "2011-12-31": "906.46060", "2011-09-30": "914.94650", "2011-06-30": "914.60060", "2011-03-31": "880.82980", "2010-12-31": "791.00000", "2010-09-30": "791.00000", "2010-06-30": "791.00000", "2010-03-31": "790.00000", "2009-12-31": "696.00000", "2009-09-30": "790.00000", "2009-06-30": "630.00000", "2009-03-31": "572.00000", "2008-12-31": "553.00000", "2008-09-30": "572.00000", "2008-06-30": "540.00000", "2008-03-31": "528.00000", "2007-12-31": "538.00000", "2007-09-30": "530.00000", "2007-06-30": "540.00000", "2007-03-31": "551.00000", "2006-12-31": "555.00000", "2006-09-30": "556.00000", "2006-06-30": "555.00000", "2006-03-31": "554.00000", "2005-12-31": "554.00000", "2005-09-30": "554.00000", "2005-06-30": "554.00000", "2005-03-31": "556.00000"}, "Shares Outstanding": {"2020-12-31": "722.09600", "2020-09-30": "718.89390", "2020-06-30": "717.57190", "2020-03-31": "720.36270", "2019-12-31": "720.06550", "2019-09-30": "736.08640", "2019-06-30": "747.74960", "2019-03-31": "670.68500", "2018-12-31": "685.48850", "2018-09-30": "679.19870", "2018-06-30": "696.21000", "2018-03-31": "704.10100", "2017-12-31": "740.69140", "2017-09-30": "733.28500", "2017-06-30": "752.32830", "2017-03-31": "760.80900", "2016-12-31": "764.49540", "2016-09-30": "757.85600", "2016-06-30": "764.81100", "2016-03-31": "777.75790", "2015-12-31": "807.65870", "2015-09-30": "805.02260", "2015-06-30": "812.84300", "2015-03-31": "818.67230", "2014-12-31": "842.96730", "2014-09-30": "838.32400", "2014-06-30": "848.24500", "2014-03-31": "857.92360", "2013-12-31": "894.73600", "2013-09-30": "888.11100", "2013-06-30": "900.62550", "2013-03-31": "913.16330", "2012-12-31": "945.55400", "2012-09-30": "944.82060", "2012-06-30": "954.62250", "2012-03-31": "957.41550", "2011-12-31": "949.54540", "2011-09-30": "955.49040", "2011-06-30": "955.47760", "2011-03-31": "894.84130", "2010-12-31": "799.00000", "2010-09-30": "797.00000", "2010-06-30": "802.00000", "2010-03-31": "790.00000", "2009-12-31": "726.00000", "2009-09-30": "790.00000", "2009-06-30": "718.00000", "2009-03-31": "572.00000", "2008-12-31": "553.00000", "2008-09-30": "572.00000", "2008-06-30": "540.00000", "2008-03-31": "530.00000", "2007-12-31": "540.00000", "2007-09-30": "532.00000", "2007-06-30": "543.00000", "2007-03-31": "554.00000", "2006-12-31": "557.00000", "2006-09-30": "558.00000", "2006-06-30": "557.00000", "2006-03-31": "557.00000", "2005-12-31": "558.00000", "2005-09-30": "558.00000", "2005-06-30": "558.00000", "2005-03-31": "562.00000"}, "Basic EPS": {"2020-12-31": "0.79000", "2020-09-30": "0.78000", "2020-06-30": "0.23000", "2020-03-31": "0.04000", "2019-12-31": "0.95000", "2019-09-30": "0.72000", "2019-06-30": "0.57000", "2019-03-31": "1.14000", "2018-12-31": "0.67000", "2018-09-30": "0.62000", "2018-06-30": "0.84000", "2018-03-31": "0.98000", "2017-12-31": "0.65000", "2017-09-30": "1.37000", "2017-06-30": "0.46000", "2017-03-31": "0.38000", "2016-12-31": "0.46000", "2016-09-30": "0.66000", "2016-06-30": "0.40000", "2016-03-31": "0.40000", "2015-12-31": "0.79000", "2015-09-30": "0.46000", "2015-06-30": "0.36000", "2015-03-31": "0.42000", "2014-12-31": "0.44000", "2014-09-30": "0.39000", "2014-06-30": "0.49000", "2014-03-31": "0.36000", "2013-12-31": "0.44000", "2013-09-30": "0.47000", "2013-06-30": "0.67000", "2013-03-31": "0.47000", "2012-12-31": "0.43000", "2012-09-30": "0.39000", "2012-06-30": "0.41000", "2012-03-31": "0.46000", "2011-12-31": "0.33000", "2011-09-30": "0.41000", "2011-06-30": "0.36000", "2011-03-31": "0.10000", "2010-12-31": "0.34000", "2010-09-30": "0.22000", "2010-06-30": "0.16000", "2010-03-31": "-0.09000", "2009-12-31": "-0.38000", "2009-09-30": "-0.20000", "2009-06-30": "1.35000", "2009-03-31": "-0.04000", "2008-12-31": "-3.94000", "2008-09-30": "-0.14000", "2008-06-30": "-0.37000", "2008-03-31": "0.54000", "2007-12-31": "0.04000", "2007-09-30": "0.61000", "2007-06-30": "0.69000", "2007-03-31": "0.65000", "2006-12-31": "0.11000", "2006-09-30": "0.68000", "2006-06-30": "0.69000", "2006-03-31": "0.66000", "2005-12-31": "0.60000", "2005-09-30": "0.71000", "2005-06-30": "0.75000", "2005-03-31": "0.73000"}, "EPS - Earnings Per Share": {"2020-12-31": "0.78000", "2020-09-30": "0.78000", "2020-06-30": "0.23000", "2020-03-31": "0.04000", "2019-12-31": "0.93000", "2019-09-30": "0.71000", "2019-06-30": "0.57000", "2019-03-31": "1.12000", "2018-12-31": "0.67000", "2018-09-30": "0.61000", "2018-06-30": "0.82000", "2018-03-31": "0.96000", "2017-12-31": "0.63000", "2017-09-30": "1.35000", "2017-06-30": "0.45000", "2017-03-31": "0.38000", "2016-12-31": "0.47000", "2016-09-30": "0.65000", "2016-06-30": "0.39000", "2016-03-31": "0.40000", "2015-12-31": "0.78000", "2015-09-30": "0.45000", "2015-06-30": "0.36000", "2015-03-31": "0.42000", "2014-12-31": "0.42000", "2014-09-30": "0.39000", "2014-06-30": "0.49000", "2014-03-31": "0.36000", "2013-12-31": "0.44000", "2013-09-30": "0.47000", "2013-06-30": "0.65000", "2013-03-31": "0.46000", "2012-12-31": "0.43000", "2012-09-30": "0.38000", "2012-06-30": "0.40000", "2012-03-31": "0.45000", "2011-12-31": "0.33000", "2011-09-30": "0.40000", "2011-06-30": "0.35000", "2011-03-31": "0.10000", "2010-12-31": "0.34000", "2010-09-30": "0.22000", "2010-06-30": "0.16000", "2010-03-31": "-0.09000", "2009-12-31": "-0.24000", "2009-09-30": "-0.20000", "2009-06-30": "1.15000", "2009-03-31": "-0.04000", "2008-12-31": "-3.94000", "2008-09-30": "-0.14000", "2008-06-30": "-0.37000", "2008-03-31": "0.54000", "2007-12-31": "0.03000", "2007-09-30": "0.61000", "2007-06-30": "0.69000", "2007-03-31": "0.65000", "2006-12-31": "0.11000", "2006-09-30": "0.68000", "2006-06-30": "0.69000", "2006-03-31": "0.65000", "2005-12-31": "0.59000", "2005-09-30": "0.71000", "2005-06-30": "0.75000", "2005-03-31": "0.72000"}}, "balance sheet": {"Cash On Hand": {"2020-12-31": "37106.00000", "2019-12-31": "5525.00000", "2018-12-31": "4793.00000", "2017-12-31": "5759.00000", "2016-12-31": "5556.00000", "2015-12-31": "5597.00000", "2014-12-31": "11365.00000", "2013-12-31": "8637.00000", "2012-12-31": "5069.00000", "2011-12-31": "4621.00000", "2010-12-31": "3968.00000", "2009-12-31": "6042.00000", "2008-12-31": "7508.00000", "2007-12-31": "3451.00000", "2006-12-31": "3733.00000", "2005-12-31": "3353.00000"}, "Receivables": {"2020-12-31": "", "2019-12-31": "", "2018-12-31": "", "2017-12-31": "", "2016-12-31": "", "2015-12-31": "", "2014-12-31": "", "2013-12-31": "", "2012-12-31": "", "2011-12-31": "", "2010-12-31": "", "2009-12-31": "", "2008-12-31": "", "2007-12-31": "", "2006-12-31": "", "2005-12-31": ""}, "Inventory": {"2020-12-31": "", "2019-12-31": "", "2018-12-31": "", "2017-12-31": "", "2016-12-31": "", "2015-12-31": "", "2014-12-31": "", "2013-12-31": "", "2012-12-31": "", "2011-12-31": "", "2010-12-31": "", "2009-12-31": "", "2008-12-31": "", "2007-12-31": "", "2006-12-31": "", "2005-12-31": ""}, "Pre-Paid Expenses": {"2020-12-31": "", "2019-12-31": "", "2018-12-31": "", "2017-12-31": "", "2016-12-31": "", "2015-12-31": "", "2014-12-31": "", "2013-12-31": "", "2012-12-31": "", "2011-12-31": "", "2010-12-31": "", "2009-12-31": "", "2008-12-31": "", "2007-12-31": "", "2006-12-31": "", "2005-12-31": ""}, "Other Current Assets": {"2020-12-31": "", "2019-12-31": "", "2018-12-31": "", "2017-12-31": "", "2016-12-31": "", "2015-12-31": "", "2014-12-31": "", "2013-12-31": "", "2012-12-31": "", "2011-12-31": "", "2010-12-31": "", "2009-12-31": "", "2008-12-31": "", "2007-12-31": "", "2006-12-31": "", "2005-12-31": ""}, "Total Current Assets": {"2020-12-31": "148176.00000", "2019-12-31": "115281.00000", "2018-12-31": "99562.00000", "2017-12-31": "97025.00000", "2016-12-31": "97152.00000", "2015-12-31": "97810.00000", "2014-12-31": "101388.00000", "2013-12-31": "96613.00000", "2012-12-31": "91936.00000", "2011-12-31": "86338.00000", "2010-12-31": "80671.00000", "2009-12-31": "81139.00000", "2008-12-31": "90316.00000", "2007-12-31": "87096.00000", "2006-12-31": "78465.00000", "2005-12-31": "73838.00000"}, "Property, Plant, And Equipment": {"2020-12-31": "2088.00000", "2019-12-31": "1995.00000", "2018-12-31": "1861.00000", "2017-12-31": "2003.00000", "2016-12-31": "2065.00000", "2015-12-31": "2239.00000", "2014-12-31": "2465.00000", "2013-12-31": "2531.00000", "2012-12-31": "2542.00000", "2011-12-31": "2447.00000", "2010-12-31": "2389.00000", "2009-12-31": "2400.00000", "2008-12-31": "2494.00000", "2007-12-31": "2223.00000", "2006-12-31": "1940.00000", "2005-12-31": "1726.00000"}, "Long-Term Investments": {"2020-12-31": "37837.00000", "2019-12-31": "36609.00000", "2018-12-31": "33300.00000", "2017-12-31": "32214.00000", "2016-12-31": "31209.00000", "2015-12-31": "29114.00000", "2014-12-31": "22595.00000", "2013-12-31": "18805.00000", "2012-12-31": "15491.00000", "2011-12-31": "15684.00000", "2010-12-31": "15767.00000", "2009-12-31": "18568.00000", "2008-12-31": "13088.00000", "2007-12-31": "11032.00000", "2006-12-31": "11409.00000", "2005-12-31": "22313.00000"}, "Goodwill And Intangible Assets": {"2020-12-31": "5053.00000", "2019-12-31": "5446.00000", "2018-12-31": "3456.00000", "2017-12-31": "3330.00000", "2016-12-31": "3169.00000", "2015-12-31": "3213.00000", "2014-12-31": "3289.00000", "2013-12-31": "3406.00000", "2012-12-31": "3140.00000", "2011-12-31": "3138.00000", "2010-12-31": "3301.00000", "2009-12-31": "3223.00000", "2008-12-31": "3291.00000", "2007-12-31": "3235.00000", "2006-12-31": "2883.00000", "2005-12-31": "2818.00000"}, "Other Long-Term Assets": {"2020-12-31": "11526.00000", "2019-12-31": "10038.00000", "2018-12-31": "7890.00000", "2017-12-31": "7509.00000", "2016-12-31": "8582.00000", "2015-12-31": "8672.00000", "2014-12-31": "8969.00000", "2013-12-31": "9088.00000", "2012-12-31": "8785.00000", "2011-12-31": "9360.00000", "2010-12-31": "8879.00000", "2009-12-31": "8050.00000", "2008-12-31": "10575.00000", "2007-12-31": "7376.00000", "2006-12-31": "5972.00000", "2005-12-31": "4530.00000"}, "Total Long-Term Assets": {"2020-12-31": "56504.00000", "2019-12-31": "54088.00000", "2018-12-31": "46507.00000", "2017-12-31": "45056.00000", "2016-12-31": "45025.00000", "2015-12-31": "43238.00000", "2014-12-31": "37318.00000", "2013-12-31": "33830.00000", "2012-12-31": "29958.00000", "2011-12-31": "30629.00000", "2010-12-31": "30336.00000", "2009-12-31": "32241.00000", "2008-12-31": "29448.00000", "2007-12-31": "23866.00000", "2006-12-31": "22204.00000", "2005-12-31": "31387.00000"}, "Total Assets": {"2020-12-31": "204680.00000", "2019-12-31": "169369.00000", "2018-12-31": "146069.00000", "2017-12-31": "142081.00000", "2016-12-31": "142177.00000", "2015-12-31": "141048.00000", "2014-12-31": "138706.00000", "2013-12-31": "130443.00000", "2012-12-31": "121894.00000", "2011-12-31": "116967.00000", "2010-12-31": "111007.00000", "2009-12-31": "113380.00000", "2008-12-31": "119764.00000", "2007-12-31": "110962.00000", "2006-12-31": "100669.00000", "2005-12-31": "105225.00000"}, "Total Current Liabilities": {"2020-12-31": "163187.00000", "2019-12-31": "130774.00000", "2018-12-31": "112895.00000", "2017-12-31": "108813.00000", "2016-12-31": "109288.00000", "2015-12-31": "107027.00000", "2014-12-31": "105432.00000", "2013-12-31": "102697.00000", "2012-12-31": "98406.00000", "2011-12-31": "90764.00000", "2010-12-31": "84390.00000", "2009-12-31": "86675.00000", "2008-12-31": "90888.00000", "2007-12-31": "87046.00000", "2006-12-31": "75880.00000", "2005-12-31": "79145.00000"}, "Long Term Debt": {"2020-12-31": "14973.00000", "2019-12-31": "14970.00000", "2018-12-31": "14426.00000", "2017-12-31": "14904.00000", "2016-12-31": "14388.00000", "2015-12-31": "15810.00000", "2014-12-31": "14967.00000", "2013-12-31": "9633.00000", "2012-12-31": "7085.00000", "2011-12-31": "9682.00000", "2010-12-31": "9558.00000", "2009-12-31": "10507.00000", "2008-12-31": "13585.00000", "2007-12-31": "12857.00000", "2006-12-31": "12558.00000", "2005-12-31": "15227.00000"}, "Other Non-Current Liabilities": {"2020-12-31": "3409.00000", "2019-12-31": "2422.00000", "2018-12-31": "2498.00000", "2017-12-31": "2144.00000", "2016-12-31": "2269.00000", "2015-12-31": "2341.00000", "2014-12-31": "2642.00000", "2013-12-31": "3487.00000", "2012-12-31": "2639.00000", "2011-12-31": "3270.00000", "2010-12-31": "2979.00000", "2009-12-31": "2701.00000", "2008-12-31": "3214.00000", "2007-12-31": "1898.00000", "2006-12-31": "2209.00000", "2005-12-31": "1407.00000"}, "Total Long Term Liabilities": {"2020-12-31": "18382.00000", "2019-12-31": "17392.00000", "2018-12-31": "16924.00000", "2017-12-31": "17048.00000", "2016-12-31": "16657.00000", "2015-12-31": "18151.00000", "2014-12-31": "17609.00000", "2013-12-31": "13120.00000", "2012-12-31": "9724.00000", "2011-12-31": "12952.00000", "2010-12-31": "12537.00000", "2009-12-31": "13208.00000", "2008-12-31": "16799.00000", "2007-12-31": "14755.00000", "2006-12-31": "14767.00000", "2005-12-31": "16634.00000"}, "Total Liabilities": {"2020-12-31": "181569.00000", "2019-12-31": "148166.00000", "2018-12-31": "129819.00000", "2017-12-31": "125861.00000", "2016-12-31": "125945.00000", "2015-12-31": "125178.00000", "2014-12-31": "123041.00000", "2013-12-31": "115817.00000", "2012-12-31": "108130.00000", "2011-12-31": "103716.00000", "2010-12-31": "96927.00000", "2009-12-31": "99883.00000", "2008-12-31": "107687.00000", "2007-12-31": "101801.00000", "2006-12-31": "90647.00000", "2005-12-31": "95779.00000"}, "Common Stock Net": {"2020-12-31": "2051.00000", "2019-12-31": "2051.00000", "2018-12-31": "2051.00000", "2017-12-31": "2051.00000", "2016-12-31": "2051.00000", "2015-12-31": "2051.00000", "2014-12-31": "2051.00000", "2013-12-31": "2051.00000", "2012-12-31": "2051.00000", "2011-12-31": "2051.00000", "2010-12-31": "1779.00000", "2009-12-31": "1779.00000", "2008-12-31": "1295.00000", "2007-12-31": "1295.00000", "2006-12-31": "1295.00000", "2005-12-31": "1295.00000"}, "Retained Earnings (Accumulated Deficit)": {"2020-12-31": "18384.00000", "2019-12-31": "18315.00000", "2018-12-31": "16578.00000", "2017-12-31": "14957.00000", "2016-12-31": "13441.00000", "2015-12-31": "12358.00000", "2014-12-31": "11141.00000", "2013-12-31": "10156.00000", "2012-12-31": "8768.00000", "2011-12-31": "7554.00000", "2010-12-31": "6719.00000", "2009-12-31": "6326.00000", "2008-12-31": "5824.00000", "2007-12-31": "8413.00000", "2006-12-31": "8317.00000", "2005-12-31": "8007.00000"}, "Comprehensive Income": {"2020-12-31": "2601.00000", "2019-12-31": "1192.00000", "2018-12-31": "-112.00000", "2017-12-31": "73.00000", "2016-12-31": "59.00000", "2015-12-31": "197.00000", "2014-12-31": "429.00000", "2013-12-31": "82.00000", "2012-12-31": "375.00000", "2011-12-31": "470.00000", "2010-12-31": "314.00000", "2009-12-31": "241.00000", "2008-12-31": "98.00000", "2007-12-31": "-126.00000", "2006-12-31": "-179.00000", "2005-12-31": "-413.00000"}, "Other Share Holders Equity": {"2020-12-31": "", "2019-12-31": "", "2018-12-31": "", "2017-12-31": "", "2016-12-31": "", "2015-12-31": "", "2014-12-31": "", "2013-12-31": "", "2012-12-31": "", "2011-12-31": "", "2010-12-31": "", "2009-12-31": "", "2008-12-31": "", "2007-12-31": "", "2006-12-31": "", "2005-12-31": ""}, "Share Holder Equity": {"2020-12-31": "23111.00000", "2019-12-31": "21203.00000", "2018-12-31": "16250.00000", "2017-12-31": "16220.00000", "2016-12-31": "16232.00000", "2015-12-31": "15870.00000", "2014-12-31": "15665.00000", "2013-12-31": "14626.00000", "2012-12-31": "13764.00000", "2011-12-31": "13251.00000", "2010-12-31": "14080.00000", "2009-12-31": "13497.00000", "2008-12-31": "12077.00000", "2007-12-31": "9161.00000", "2006-12-31": "10022.00000", "2005-12-31": "9446.00000"}, "Total Liabilities And Share Holders Equity": {"2020-12-31": "204680.00000", "2019-12-31": "169369.00000", "2018-12-31": "146069.00000", "2017-12-31": "142081.00000", "2016-12-31": "142177.00000", "2015-12-31": "141048.00000", "2014-12-31": "138706.00000", "2013-12-31": "130443.00000", "2012-12-31": "121894.00000", "2011-12-31": "116967.00000", "2010-12-31": "111007.00000", "2009-12-31": "113380.00000", "2008-12-31": "119764.00000", "2007-12-31": "110962.00000", "2006-12-31": "100669.00000", "2005-12-31": "105225.00000"}}, "balance sheet, quarterly": {"Cash On Hand": {"2020-12-31": "37106.00000", "2020-09-30": "34985.00000", "2020-06-30": "31990.00000", "2020-03-31": "10034.00000", "2019-12-31": "5525.00000", "2019-09-30": "6793.00000", "2019-06-30": "6443.00000", "2019-03-31": "6630.00000", "2018-12-31": "4793.00000", "2018-09-30": "3798.00000", "2018-06-30": "3968.00000", "2018-03-31": "4356.00000", "2017-12-31": "5759.00000", "2017-09-30": "6353.00000", "2017-06-30": "5208.00000", "2017-03-31": "4538.00000", "2016-12-31": "5556.00000", "2016-09-30": "5590.00000", "2016-06-30": "4578.00000", "2016-03-31": "4481.00000", "2015-12-31": "5597.00000", "2015-09-30": "4823.00000", "2015-06-30": "6606.00000", "2015-03-31": "8231.00000", "2014-12-31": "11365.00000", "2014-09-30": "7151.00000", "2014-06-30": "6059.00000", "2014-03-31": "5702.00000", "2013-12-31": "8637.00000", "2013-09-30": "5755.00000", "2013-06-30": "3718.00000", "2013-03-31": "4690.00000", "2012-12-31": "5069.00000", "2012-09-30": "3981.00000", "2012-06-30": "4557.00000", "2012-03-31": "4058.00000", "2011-12-31": "4621.00000", "2011-09-30": "4565.00000", "2011-06-30": "3967.00000", "2011-03-31": "4818.00000", "2010-12-31": "3968.00000", "2010-09-30": "5806.00000", "2010-06-30": "6808.00000", "2010-03-31": "6342.00000", "2009-12-31": "6042.00000", "2009-09-30": "4335.00000", "2009-06-30": "4766.00000", "2009-03-31": "5485.00000", "2008-12-31": "7508.00000", "2008-09-30": "3918.00000", "2008-06-30": "3380.00000", "2008-03-31": "3793.00000", "2007-12-31": "3451.00000", "2007-09-30": "3414.00000", "2007-06-30": "2879.00000", "2007-03-31": "2627.00000", "2006-12-31": "3733.00000", "2006-09-30": "2688.00000", "2006-06-30": "3050.00000", "2006-03-31": "2809.00000", "2005-12-31": "3353.00000", "2005-09-30": "3590.00000", "2005-06-30": "2978.00000", "2005-03-31": "3761.00000"}, "Receivables": {"2020-12-31": "", "2020-09-30": "", "2020-06-30": "", "2020-03-31": "", "2019-12-31": "", "2019-09-30": "", "2019-06-30": "", "2019-03-31": "", "2018-12-31": "", "2018-09-30": "", "2018-06-30": "", "2018-03-31": "", "2017-12-31": "", "2017-09-30": "", "2017-06-30": "", "2017-03-31": "", "2016-12-31": "", "2016-09-30": "", "2016-06-30": "", "2016-03-31": "", "2015-12-31": "", "2015-09-30": "", "2015-06-30": "", "2015-03-31": "", "2014-12-31": "", "2014-09-30": "", "2014-06-30": "", "2014-03-31": "", "2013-12-31": "", "2013-09-30": "", "2013-06-30": "", "2013-03-31": "", "2012-12-31": "", "2012-09-30": "", "2012-06-30": "", "2012-03-31": "", "2011-12-31": "", "2011-09-30": "", "2011-06-30": "", "2011-03-31": "", "2010-12-31": "", "2010-09-30": "", "2010-06-30": "", "2010-03-31": "", "2009-12-31": "", "2009-09-30": "", "2009-06-30": "", "2009-03-31": "", "2008-12-31": "", "2008-09-30": "", "2008-06-30": "", "2008-03-31": "", "2007-12-31": "", "2007-09-30": "", "2007-06-30": "", "2007-03-31": "", "2006-12-31": "", "2006-09-30": "", "2006-06-30": "", "2006-03-31": "", "2005-12-31": "", "2005-09-30": "", "2005-06-30": "", "2005-03-31": ""}, "Inventory": {"2020-12-31": "", "2020-09-30": "", "2020-06-30": "", "2020-03-31": "", "2019-12-31": "", "2019-09-30": "", "2019-06-30": "", "2019-03-31": "", "2018-12-31": "", "2018-09-30": "", "2018-06-30": "", "2018-03-31": "", "2017-12-31": "", "2017-09-30": "", "2017-06-30": "", "2017-03-31": "", "2016-12-31": "", "2016-09-30": "", "2016-06-30": "", "2016-03-31": "", "2015-12-31": "", "2015-09-30": "", "2015-06-30": "", "2015-03-31": "", "2014-12-31": "", "2014-09-30": "", "2014-06-30": "", "2014-03-31": "", "2013-12-31": "", "2013-09-30": "", "2013-06-30": "", "2013-03-31": "", "2012-12-31": "", "2012-09-30": "", "2012-06-30": "", "2012-03-31": "", "2011-12-31": "", "2011-09-30": "", "2011-06-30": "", "2011-03-31": "", "2010-12-31": "", "2010-09-30": "", "2010-06-30": "", "2010-03-31": "", "2009-12-31": "", "2009-09-30": "", "2009-06-30": "", "2009-03-31": "", "2008-12-31": "", "2008-09-30": "", "2008-06-30": "", "2008-03-31": "", "2007-12-31": "", "2007-09-30": "", "2007-06-30": "", "2007-03-31": "", "2006-12-31": "", "2006-09-30": "", "2006-06-30": "", "2006-03-31": "", "2005-12-31": "", "2005-09-30": "", "2005-06-30": "", "2005-03-31": ""}, "Pre-Paid Expenses": {"2020-12-31": "", "2020-09-30": "", "2020-06-30": "", "2020-03-31": "", "2019-12-31": "", "2019-09-30": "", "2019-06-30": "", "2019-03-31": "", "2018-12-31": "", "2018-09-30": "", "2018-06-30": "", "2018-03-31": "", "2017-12-31": "", "2017-09-30": "", "2017-06-30": "", "2017-03-31": "", "2016-12-31": "", "2016-09-30": "", "2016-06-30": "", "2016-03-31": "", "2015-12-31": "", "2015-09-30": "", "2015-06-30": "", "2015-03-31": "", "2014-12-31": "", "2014-09-30": "", "2014-06-30": "", "2014-03-31": "", "2013-12-31": "", "2013-09-30": "", "2013-06-30": "", "2013-03-31": "", "2012-12-31": "", "2012-09-30": "", "2012-06-30": "", "2012-03-31": "", "2011-12-31": "", "2011-09-30": "", "2011-06-30": "", "2011-03-31": "", "2010-12-31": "", "2010-09-30": "", "2010-06-30": "", "2010-03-31": "", "2009-12-31": "", "2009-09-30": "", "2009-06-30": "", "2009-03-31": "", "2008-12-31": "", "2008-09-30": "", "2008-06-30": "", "2008-03-31": "", "2007-12-31": "", "2007-09-30": "", "2007-06-30": "", "2007-03-31": "", "2006-12-31": "", "2006-09-30": "", "2006-06-30": "", "2006-03-31": "", "2005-12-31": "", "2005-09-30": "", "2005-06-30": "", "2005-03-31": ""}, "Other Current Assets": {"2020-12-31": "", "2020-09-30": "", "2020-06-30": "", "2020-03-31": "", "2019-12-31": "", "2019-09-30": "", "2019-06-30": "", "2019-03-31": "", "2018-12-31": "", "2018-09-30": "", "2018-06-30": "", "2018-03-31": "", "2017-12-31": "", "2017-09-30": "", "2017-06-30": "", "2017-03-31": "", "2016-12-31": "", "2016-09-30": "", "2016-06-30": "", "2016-03-31": "", "2015-12-31": "", "2015-09-30": "", "2015-06-30": "", "2015-03-31": "", "2014-12-31": "", "2014-09-30": "", "2014-06-30": "", "2014-03-31": "", "2013-12-31": "", "2013-09-30": "", "2013-06-30": "", "2013-03-31": "", "2012-12-31": "", "2012-09-30": "", "2012-06-30": "", "2012-03-31": "", "2011-12-31": "", "2011-09-30": "", "2011-06-30": "", "2011-03-31": "", "2010-12-31": "", "2010-09-30": "", "2010-06-30": "", "2010-03-31": "", "2009-12-31": "", "2009-09-30": "", "2009-06-30": "", "2009-03-31": "", "2008-12-31": "", "2008-09-30": "", "2008-06-30": "", "2008-03-31": "", "2007-12-31": "", "2007-09-30": "", "2007-06-30": "", "2007-03-31": "", "2006-12-31": "", "2006-09-30": "", "2006-06-30": "", "2006-03-31": "", "2005-12-31": "", "2005-09-30": "", "2005-06-30": "", "2005-03-31": ""}, "Total Current Assets": {"2020-12-31": "148176.00000", "2020-09-30": "145465.00000", "2020-06-30": "145259.00000", "2020-03-31": "127353.00000", "2019-12-31": "115281.00000", "2019-09-30": "116282.00000", "2019-06-30": "115816.00000", "2019-03-31": "116049.00000", "2018-12-31": "99562.00000", "2018-09-30": "96813.00000", "2018-06-30": "95606.00000", "2018-03-31": "95905.00000", "2017-12-31": "97025.00000", "2017-09-30": "97742.00000", "2017-06-30": "96194.00000", "2017-03-31": "95544.00000", "2016-12-31": "97152.00000", "2016-09-30": "98529.00000", "2016-06-30": "98065.00000", "2016-03-31": "97594.00000", "2015-12-31": "97810.00000", "2015-09-30": "98130.00000", "2015-06-30": "99011.00000", "2015-03-31": "98899.00000", "2014-12-31": "101388.00000", "2014-09-30": "97002.00000", "2014-06-30": "95767.00000", "2014-03-31": "94704.00000", "2013-12-31": "96613.00000", "2013-09-30": "92639.00000", "2013-06-30": "91163.00000", "2013-03-31": "91274.00000", "2012-12-31": "91936.00000", "2012-09-30": "86917.00000", "2012-06-30": "86763.00000", "2012-03-31": "85629.00000", "2011-12-31": "86338.00000", "2011-09-30": "83182.00000", "2011-06-30": "80505.00000", "2011-03-31": "80769.00000", "2010-12-31": "80671.00000", "2010-09-30": "81354.00000", "2010-06-30": "81497.00000", "2010-03-31": "81570.00000", "2009-12-31": "81139.00000", "2009-09-30": "81136.00000", "2009-06-30": "86051.00000", "2009-03-31": "87586.00000", "2008-12-31": "90316.00000", "2008-09-30": "88358.00000", "2008-06-30": "88213.00000", "2008-03-31": "86047.00000", "2007-12-31": "87096.00000", "2007-09-30": "81602.00000", "2007-06-30": "79493.00000", "2007-03-31": "78046.00000", "2006-12-31": "78465.00000", "2006-09-30": "76279.00000", "2006-06-30": "75805.00000", "2006-03-31": "74226.00000", "2005-12-31": "73838.00000", "2005-09-30": "72854.00000", "2005-06-30": "69335.00000", "2005-03-31": "68755.00000"}, "Property, Plant, And Equipment": {"2020-12-31": "2088.00000", "2020-09-30": "2090.00000", "2020-06-30": "2053.00000", "2020-03-31": "2009.00000", "2019-12-31": "1995.00000", "2019-09-30": "2053.00000", "2019-06-30": "2074.00000", "2019-03-31": "2092.00000", "2018-12-31": "1861.00000", "2018-09-30": "1896.00000", "2018-06-30": "1915.00000", "2018-03-31": "1966.00000", "2017-12-31": "2003.00000", "2017-09-30": "2018.00000", "2017-06-30": "2041.00000", "2017-03-31": "2052.00000", "2016-12-31": "2065.00000", "2016-09-30": "2084.00000", "2016-06-30": "2144.00000", "2016-03-31": "2185.00000", "2015-12-31": "2239.00000", "2015-09-30": "2264.00000", "2015-06-30": "2298.00000", "2015-03-31": "2433.00000", "2014-12-31": "2465.00000", "2014-09-30": "2467.00000", "2014-06-30": "2491.00000", "2014-03-31": "2528.00000", "2013-12-31": "2531.00000", "2013-09-30": "2528.00000", "2013-06-30": "2540.00000", "2013-03-31": "2540.00000", "2012-12-31": "2542.00000", "2012-09-30": "2520.00000", "2012-06-30": "2506.00000", "2012-03-31": "2485.00000", "2011-12-31": "2447.00000", "2011-09-30": "2410.00000", "2011-06-30": "2395.00000", "2011-03-31": "2389.00000", "2010-12-31": "2389.00000", "2010-09-30": "2377.00000", "2010-06-30": "2374.00000", "2010-03-31": "2384.00000", "2009-12-31": "2400.00000", "2009-09-30": "2426.00000", "2009-06-30": "2440.00000", "2009-03-31": "2490.00000", "2008-12-31": "2494.00000", "2008-09-30": "2470.00000", "2008-06-30": "2444.00000", "2008-03-31": "2265.00000", "2007-12-31": "2223.00000", "2007-09-30": "2127.00000", "2007-06-30": "2063.00000", "2007-03-31": "2001.00000", "2006-12-31": "1940.00000", "2006-09-30": "1902.00000", "2006-06-30": "1853.00000", "2006-03-31": "1798.00000", "2005-12-31": "1726.00000", "2005-09-30": "1643.00000", "2005-06-30": "1581.00000", "2005-03-31": "1529.00000"}, "Long-Term Investments": {"2020-12-31": "37837.00000", "2020-09-30": "37717.00000", "2020-06-30": "38888.00000", "2020-03-31": "39121.00000", "2019-12-31": "36609.00000", "2019-09-30": "37655.00000", "2019-06-30": "36259.00000", "2019-03-31": "35495.00000", "2018-12-31": "33300.00000", "2018-09-30": "32326.00000", "2018-06-30": "32455.00000", "2018-03-31": "32260.00000", "2017-12-31": "32214.00000", "2017-09-30": "31505.00000", "2017-06-30": "31849.00000", "2017-03-31": "31557.00000", "2016-12-31": "31209.00000", "2016-09-30": "30745.00000", "2016-06-30": "31517.00000", "2016-03-31": "29955.00000", "2015-12-31": "29114.00000", "2015-09-30": "28956.00000", "2015-06-30": "28144.00000", "2015-03-31": "26586.00000", "2014-12-31": "22595.00000", "2014-09-30": "23103.00000", "2014-06-30": "23008.00000", "2014-03-31": "20944.00000", "2013-12-31": "18805.00000", "2013-09-30": "18345.00000", "2013-06-30": "16461.00000", "2013-03-31": "15546.00000", "2012-12-31": "15491.00000", "2012-09-30": "15689.00000", "2012-06-30": "15857.00000", "2012-03-31": "16414.00000", "2011-12-31": "15684.00000", "2011-09-30": "16564.00000", "2011-06-30": "15846.00000", "2011-03-31": "15481.00000", "2010-12-31": "15767.00000", "2010-09-30": "16329.00000", "2010-06-30": "16375.00000", "2010-03-31": "17290.00000", "2009-12-31": "18568.00000", "2009-09-30": "16038.00000", "2009-06-30": "16418.00000", "2009-03-31": "17274.00000", "2008-12-31": "13088.00000", "2008-09-30": "13537.00000", "2008-06-30": "13079.00000", "2008-03-31": "12774.00000", "2007-12-31": "11032.00000", "2007-09-30": "11123.00000", "2007-06-30": "11361.00000", "2007-03-31": "10939.00000", "2006-12-31": "11409.00000", "2006-09-30": "19873.00000", "2006-06-30": "20703.00000", "2006-03-31": "21641.00000", "2005-12-31": "22313.00000", "2005-09-30": "22869.00000", "2005-06-30": "24954.00000", "2005-03-31": "25404.00000"}, "Goodwill And Intangible Assets": {"2020-12-31": "5053.00000", "2020-09-30": "5078.00000", "2020-06-30": "5108.00000", "2020-03-31": "5130.00000", "2019-12-31": "5446.00000", "2019-09-30": "5401.00000", "2019-06-30": "5538.00000", "2019-03-31": "5680.00000", "2018-12-31": "3456.00000", "2018-09-30": "3500.00000", "2018-06-30": "3451.00000", "2018-03-31": "3418.00000", "2017-12-31": "3330.00000", "2017-09-30": "3289.00000", "2017-06-30": "3290.00000", "2017-03-31": "3206.00000", "2016-12-31": "3169.00000", "2016-09-30": "3045.00000", "2016-06-30": "3047.00000", "2016-03-31": "3112.00000", "2015-12-31": "3213.00000", "2015-09-30": "3186.00000", "2015-06-30": "3283.00000", "2015-03-31": "3219.00000", "2014-12-31": "3289.00000", "2014-09-30": "3367.00000", "2014-06-30": "3364.00000", "2014-03-31": "3409.00000", "2013-12-31": "3406.00000", "2013-09-30": "3356.00000", "2013-06-30": "3338.00000", "2013-03-31": "3213.00000", "2012-12-31": "3140.00000", "2012-09-30": "3126.00000", "2012-06-30": "3186.00000", "2012-03-31": "3220.00000", "2011-12-31": "3138.00000", "2011-09-30": "3124.00000", "2011-06-30": "3313.00000", "2011-03-31": "3366.00000", "2010-12-31": "3301.00000", "2010-09-30": "3088.00000", "2010-06-30": "3146.00000", "2010-03-31": "3236.00000", "2009-12-31": "3223.00000", "2009-09-30": "3162.00000", "2009-06-30": "3145.00000", "2009-03-31": "3258.00000", "2008-12-31": "3291.00000", "2008-09-30": "4467.00000", "2008-06-30": "4507.00000", "2008-03-31": "3199.00000", "2007-12-31": "3235.00000", "2007-09-30": "2956.00000", "2007-06-30": "2946.00000", "2007-03-31": "2922.00000", "2006-12-31": "2883.00000", "2006-09-30": "2872.00000", "2006-06-30": "2868.00000", "2006-03-31": "2851.00000", "2005-12-31": "2818.00000", "2005-09-30": "2813.00000", "2005-06-30": "2787.00000", "2005-03-31": "2788.00000"}, "Other Long-Term Assets": {"2020-12-31": "11526.00000", "2020-09-30": "11646.00000", "2020-06-30": "11598.00000", "2020-03-31": "11778.00000", "2019-12-31": "10038.00000", "2019-09-30": "9688.00000", "2019-06-30": "9115.00000", "2019-03-31": "8537.00000", "2018-12-31": "7890.00000", "2018-09-30": "7150.00000", "2018-06-30": "7268.00000", "2018-03-31": "7951.00000", "2017-12-31": "7509.00000", "2017-09-30": "7710.00000", "2017-06-30": "7693.00000", "2017-03-31": "7841.00000", "2016-12-31": "8582.00000", "2016-09-30": "8876.00000", "2016-06-30": "8852.00000", "2016-03-31": "9584.00000", "2015-12-31": "8672.00000", "2015-09-30": "9382.00000", "2015-06-30": "8922.00000", "2015-03-31": "9333.00000", "2014-12-31": "8969.00000", "2014-09-30": "8249.00000", "2014-06-30": "7932.00000", "2014-03-31": "8069.00000", "2013-12-31": "9088.00000", "2013-09-30": "8805.00000", "2013-06-30": "9858.00000", "2013-03-31": "8809.00000", "2012-12-31": "8785.00000", "2012-09-30": "9231.00000", "2012-06-30": "9231.00000", "2012-03-31": "8999.00000", "2011-12-31": "9360.00000", "2011-09-30": "9625.00000", "2011-06-30": "8746.00000", "2011-03-31": "8480.00000", "2010-12-31": "8879.00000", "2010-09-30": "9174.00000", "2010-06-30": "8633.00000", "2010-03-31": "8171.00000", "2009-12-31": "8050.00000", "2009-09-30": "7978.00000", "2009-06-30": "7930.00000", "2009-03-31": "8705.00000", "2008-12-31": "10575.00000", "2008-09-30": "7462.00000", "2008-06-30": "6732.00000", "2008-03-31": "7111.00000", "2007-12-31": "7376.00000", "2007-09-30": "6457.00000", "2007-06-30": "5527.00000", "2007-03-31": "5916.00000", "2006-12-31": "5972.00000", "2006-09-30": "4902.00000", "2006-06-30": "4882.00000", "2006-03-31": "4528.00000", "2005-12-31": "4530.00000", "2005-09-30": "4429.00000", "2005-06-30": "4503.00000", "2005-03-31": "4237.00000"}, "Total Long-Term Assets": {"2020-12-31": "56504.00000", "2020-09-30": "56531.00000", "2020-06-30": "57647.00000", "2020-03-31": "58038.00000", "2019-12-31": "54088.00000", "2019-09-30": "54797.00000", "2019-06-30": "52986.00000", "2019-03-31": "51804.00000", "2018-12-31": "46507.00000", "2018-09-30": "44872.00000", "2018-06-30": "45089.00000", "2018-03-31": "45595.00000", "2017-12-31": "45056.00000", "2017-09-30": "44522.00000", "2017-06-30": "44873.00000", "2017-03-31": "44656.00000", "2016-12-31": "45025.00000", "2016-09-30": "44750.00000", "2016-06-30": "45560.00000", "2016-03-31": "44836.00000", "2015-12-31": "43238.00000", "2015-09-30": "43788.00000", "2015-06-30": "42647.00000", "2015-03-31": "41571.00000", "2014-12-31": "37318.00000", "2014-09-30": "37186.00000", "2014-06-30": "36795.00000", "2014-03-31": "34950.00000", "2013-12-31": "33830.00000", "2013-09-30": "33034.00000", "2013-06-30": "32197.00000", "2013-03-31": "30108.00000", "2012-12-31": "29958.00000", "2012-09-30": "30566.00000", "2012-06-30": "30780.00000", "2012-03-31": "31118.00000", "2011-12-31": "30629.00000", "2011-09-30": "31723.00000", "2011-06-30": "30300.00000", "2011-03-31": "29716.00000", "2010-12-31": "30336.00000", "2010-09-30": "30968.00000", "2010-06-30": "30528.00000", "2010-03-31": "31081.00000", "2009-12-31": "32241.00000", "2009-09-30": "29604.00000", "2009-06-30": "29933.00000", "2009-03-31": "31727.00000", "2008-12-31": "29448.00000", "2008-09-30": "27936.00000", "2008-06-30": "26762.00000", "2008-03-31": "25349.00000", "2007-12-31": "23866.00000", "2007-09-30": "22663.00000", "2007-06-30": "21897.00000", "2007-03-31": "21778.00000", "2006-12-31": "22204.00000", "2006-09-30": "29549.00000", "2006-06-30": "30306.00000", "2006-03-31": "30818.00000", "2005-12-31": "31387.00000", "2005-09-30": "31754.00000", "2005-06-30": "33825.00000", "2005-03-31": "33958.00000"}, "Total Assets": {"2020-12-31": "204680.00000", "2020-09-30": "201996.00000", "2020-06-30": "202906.00000", "2020-03-31": "185391.00000", "2019-12-31": "169369.00000", "2019-09-30": "171079.00000", "2019-06-30": "168802.00000", "2019-03-31": "167853.00000", "2018-12-31": "146069.00000", "2018-09-30": "141685.00000", "2018-06-30": "140695.00000", "2018-03-31": "141500.00000", "2017-12-31": "142081.00000", "2017-09-30": "142264.00000", "2017-06-30": "141067.00000", "2017-03-31": "140200.00000", "2016-12-31": "142177.00000", "2016-09-30": "143279.00000", "2016-06-30": "143625.00000", "2016-03-31": "142430.00000", "2015-12-31": "141048.00000", "2015-09-30": "141918.00000", "2015-06-30": "141658.00000", "2015-03-31": "140470.00000", "2014-12-31": "138706.00000", "2014-09-30": "134188.00000", "2014-06-30": "132562.00000", "2014-03-31": "129654.00000", "2013-12-31": "130443.00000", "2013-09-30": "125673.00000", "2013-06-30": "123360.00000", "2013-03-31": "121382.00000", "2012-12-31": "121894.00000", "2012-09-30": "117483.00000", "2012-06-30": "117543.00000", "2012-03-31": "116747.00000", "2011-12-31": "116967.00000", "2011-09-30": "114905.00000", "2011-06-30": "110805.00000", "2011-03-31": "110485.00000", "2010-12-31": "111007.00000", "2010-09-30": "112322.00000", "2010-06-30": "112025.00000", "2010-03-31": "112651.00000", "2009-12-31": "113380.00000", "2009-09-30": "110740.00000", "2009-06-30": "115984.00000", "2009-03-31": "119313.00000", "2008-12-31": "119764.00000", "2008-09-30": "116294.00000", "2008-06-30": "114975.00000", "2008-03-31": "111396.00000", "2007-12-31": "110962.00000", "2007-09-30": "104265.00000", "2007-06-30": "101390.00000", "2007-03-31": "99824.00000", "2006-12-31": "100669.00000", "2006-09-30": "105828.00000", "2006-06-30": "106111.00000", "2006-03-31": "105044.00000", "2005-12-31": "105225.00000", "2005-09-30": "104608.00000", "2005-06-30": "103160.00000", "2005-03-31": "102713.00000"}, "Total Current Liabilities": {"2020-12-31": "163187.00000", "2020-09-30": "160630.00000", "2020-06-30": "161075.00000", "2020-03-31": "143660.00000", "2019-12-31": "130774.00000", "2019-09-30": "132776.00000", "2019-06-30": "128925.00000", "2019-03-31": "129865.00000", "2018-12-31": "112895.00000", "2018-09-30": "108927.00000", "2018-06-30": "107697.00000", "2018-03-31": "108078.00000", "2017-12-31": "108813.00000", "2017-09-30": "109329.00000", "2017-06-30": "109003.00000", "2017-03-31": "107981.00000", "2016-12-31": "109288.00000", "2016-09-30": "107069.00000", "2016-06-30": "108145.00000", "2016-03-31": "108143.00000", "2015-12-31": "107027.00000", "2015-09-30": "107919.00000", "2015-06-30": "109143.00000", "2015-03-31": "107007.00000", "2014-12-31": "105432.00000", "2014-09-30": "101876.00000", "2014-06-30": "101075.00000", "2014-03-31": "101528.00000", "2013-12-31": "102697.00000", "2013-09-30": "99530.00000", "2013-06-30": "97821.00000", "2013-03-31": "96048.00000", "2012-12-31": "98406.00000", "2012-09-30": "92465.00000", "2012-06-30": "91018.00000", "2012-03-31": "90423.00000", "2011-12-31": "90764.00000", "2011-09-30": "88675.00000", "2011-06-30": "84770.00000", "2011-03-31": "84790.00000", "2010-12-31": "84390.00000", "2010-09-30": "84374.00000", "2010-06-30": "84632.00000", "2010-03-31": "85837.00000", "2009-12-31": "86675.00000", "2009-09-30": "84343.00000", "2009-06-30": "89016.00000", "2009-03-31": "92125.00000", "2008-12-31": "90888.00000", "2008-09-30": "90529.00000", "2008-06-30": "87355.00000", "2008-03-31": "85777.00000", "2007-12-31": "87046.00000", "2007-09-30": "80603.00000", "2007-06-30": "78462.00000", "2007-03-31": "75517.00000", "2006-12-31": "75880.00000", "2006-09-30": "80066.00000", "2006-06-30": "80286.00000", "2006-03-31": "79366.00000", "2005-12-31": "79145.00000", "2005-09-30": "77254.00000", "2005-06-30": "75128.00000", "2005-03-31": "75953.00000"}, "Long Term Debt": {"2020-12-31": "14973.00000", "2020-09-30": "15123.00000", "2020-06-30": "16327.00000", "2020-03-31": "16282.00000", "2019-12-31": "14970.00000", "2019-09-30": "14474.00000", "2019-06-30": "15784.00000", "2019-03-31": "15483.00000", "2018-12-31": "14426.00000", "2018-09-30": "14460.00000", "2018-06-30": "14321.00000", "2018-03-31": "14800.00000", "2017-12-31": "14904.00000", "2017-09-30": "14039.00000", "2017-06-30": "13456.00000", "2017-03-31": "13658.00000", "2016-12-31": "14388.00000", "2016-09-30": "16890.00000", "2016-06-30": "16231.00000", "2016-03-31": "15305.00000", "2015-12-31": "15810.00000", "2015-09-30": "15527.00000", "2015-06-30": "13521.00000", "2015-03-31": "14055.00000", "2014-12-31": "14967.00000", "2014-09-30": "14336.00000", "2014-06-30": "13961.00000", "2014-03-31": "11233.00000", "2013-12-31": "9633.00000", "2013-09-30": "8098.00000", "2013-06-30": "6940.00000", "2013-03-31": "8320.00000", "2012-12-31": "7085.00000", "2012-09-30": "8127.00000", "2012-06-30": "9685.00000", "2012-03-31": "9648.00000", "2011-12-31": "9682.00000", "2011-09-30": "9800.00000", "2011-06-30": "10152.00000", "2011-03-31": "10555.00000", "2010-12-31": "9558.00000", "2010-09-30": "10953.00000", "2010-06-30": "10989.00000", "2010-03-31": "10947.00000", "2009-12-31": "10507.00000", "2009-09-30": "10162.00000", "2009-06-30": "10102.00000", "2009-03-31": "12178.00000", "2008-12-31": "13585.00000", "2008-09-30": "12947.00000", "2008-06-30": "15046.00000", "2008-03-31": "14041.00000", "2007-12-31": "12857.00000", "2007-09-30": "12498.00000", "2007-06-30": "11957.00000", "2007-03-31": "12620.00000", "2006-12-31": "12558.00000", "2006-09-30": "14170.00000", "2006-06-30": "14502.00000", "2006-03-31": "14746.00000", "2005-12-31": "15227.00000", "2005-09-30": "16522.00000", "2005-06-30": "17494.00000", "2005-03-31": "16321.00000"}, "Other Non-Current Liabilities": {"2020-12-31": "3409.00000", "2020-09-30": "3292.00000", "2020-06-30": "3169.00000", "2020-03-31": "3576.00000", "2019-12-31": "2422.00000", "2019-09-30": "2425.00000", "2019-06-30": "3422.00000", "2019-03-31": "2661.00000", "2018-12-31": "2498.00000", "2018-09-30": "2448.00000", "2018-06-30": "2425.00000", "2018-03-31": "2418.00000", "2017-12-31": "2144.00000", "2017-09-30": "2516.00000", "2017-06-30": "2162.00000", "2017-03-31": "2104.00000", "2016-12-31": "2269.00000", "2016-09-30": "2516.00000", "2016-06-30": "2495.00000", "2016-03-31": "2627.00000", "2015-12-31": "2341.00000", "2015-09-30": "2614.00000", "2015-06-30": "3356.00000", "2015-03-31": "3504.00000", "2014-12-31": "2642.00000", "2014-09-30": "2533.00000", "2014-06-30": "2018.00000", "2014-03-31": "2029.00000", "2013-12-31": "3487.00000", "2013-09-30": "3365.00000", "2013-06-30": "4322.00000", "2013-03-31": "3094.00000", "2012-12-31": "2639.00000", "2012-09-30": "3122.00000", "2012-06-30": "3016.00000", "2012-03-31": "3066.00000", "2011-12-31": "3270.00000", "2011-09-30": "3372.00000", "2011-06-30": "3282.00000", "2011-03-31": "2948.00000", "2010-12-31": "2979.00000", "2010-09-30": "3082.00000", "2010-06-30": "2703.00000", "2010-03-31": "2459.00000", "2009-12-31": "2701.00000", "2009-09-30": "2547.00000", "2009-06-30": "3166.00000", "2009-03-31": "2908.00000", "2008-12-31": "3214.00000", "2008-09-30": "2122.00000", "2008-06-30": "1820.00000", "2008-03-31": "2226.00000", "2007-12-31": "1898.00000", "2007-09-30": "1871.00000", "2007-06-30": "1780.00000", "2007-03-31": "1883.00000", "2006-12-31": "2209.00000", "2006-09-30": "1570.00000", "2006-06-30": "1767.00000", "2006-03-31": "1463.00000", "2005-12-31": "1407.00000", "2005-09-30": "1447.00000", "2005-06-30": "1185.00000", "2005-03-31": "1551.00000"}, "Total Long Term Liabilities": {"2020-12-31": "18382.00000", "2020-09-30": "18415.00000", "2020-06-30": "19496.00000", "2020-03-31": "19858.00000", "2019-12-31": "17392.00000", "2019-09-30": "16899.00000", "2019-06-30": "19206.00000", "2019-03-31": "18144.00000", "2018-12-31": "16924.00000", "2018-09-30": "16908.00000", "2018-06-30": "16746.00000", "2018-03-31": "17218.00000", "2017-12-31": "17048.00000", "2017-09-30": "16555.00000", "2017-06-30": "15618.00000", "2017-03-31": "15762.00000", "2016-12-31": "16657.00000", "2016-09-30": "19406.00000", "2016-06-30": "18726.00000", "2016-03-31": "17932.00000", "2015-12-31": "18151.00000", "2015-09-30": "18141.00000", "2015-06-30": "16877.00000", "2015-03-31": "17559.00000", "2014-12-31": "17609.00000", "2014-09-30": "16869.00000", "2014-06-30": "15979.00000", "2014-03-31": "13262.00000", "2013-12-31": "13120.00000", "2013-09-30": "11463.00000", "2013-06-30": "11262.00000", "2013-03-31": "11414.00000", "2012-12-31": "9724.00000", "2012-09-30": "11249.00000", "2012-06-30": "12701.00000", "2012-03-31": "12714.00000", "2011-12-31": "12952.00000", "2011-09-30": "13172.00000", "2011-06-30": "13434.00000", "2011-03-31": "13503.00000", "2010-12-31": "12537.00000", "2010-09-30": "14035.00000", "2010-06-30": "13692.00000", "2010-03-31": "13406.00000", "2009-12-31": "13208.00000", "2009-09-30": "12709.00000", "2009-06-30": "13268.00000", "2009-03-31": "15086.00000", "2008-12-31": "16799.00000", "2008-09-30": "15069.00000", "2008-06-30": "16866.00000", "2008-03-31": "16267.00000", "2007-12-31": "14755.00000", "2007-09-30": "14369.00000", "2007-06-30": "13737.00000", "2007-03-31": "14503.00000", "2006-12-31": "14767.00000", "2006-09-30": "15740.00000", "2006-06-30": "16269.00000", "2006-03-31": "16209.00000", "2005-12-31": "16634.00000", "2005-09-30": "17969.00000", "2005-06-30": "18679.00000", "2005-03-31": "17872.00000"}, "Total Liabilities": {"2020-12-31": "181569.00000", "2020-09-30": "179045.00000", "2020-06-30": "180571.00000", "2020-03-31": "163518.00000", "2019-12-31": "148166.00000", "2019-09-30": "149675.00000", "2019-06-30": "148131.00000", "2019-03-31": "148009.00000", "2018-12-31": "129819.00000", "2018-09-30": "125835.00000", "2018-06-30": "124443.00000", "2018-03-31": "125296.00000", "2017-12-31": "125861.00000", "2017-09-30": "125884.00000", "2017-06-30": "124621.00000", "2017-03-31": "123743.00000", "2016-12-31": "125945.00000", "2016-09-30": "126475.00000", "2016-06-30": "126871.00000", "2016-03-31": "126075.00000", "2015-12-31": "125178.00000", "2015-09-30": "126060.00000", "2015-06-30": "126020.00000", "2015-03-31": "124566.00000", "2014-12-31": "123041.00000", "2014-09-30": "118745.00000", "2014-06-30": "117054.00000", "2014-03-31": "114790.00000", "2013-12-31": "115817.00000", "2013-09-30": "110993.00000", "2013-06-30": "109083.00000", "2013-03-31": "107462.00000", "2012-12-31": "108130.00000", "2012-09-30": "103714.00000", "2012-06-30": "103719.00000", "2012-03-31": "103137.00000", "2011-12-31": "103716.00000", "2011-09-30": "101847.00000", "2011-06-30": "98204.00000", "2011-03-31": "98293.00000", "2010-12-31": "96927.00000", "2010-09-30": "98409.00000", "2010-06-30": "98324.00000", "2010-03-31": "99243.00000", "2009-12-31": "99883.00000", "2009-09-30": "97052.00000", "2009-06-30": "102284.00000", "2009-03-31": "107211.00000", "2008-12-31": "107687.00000", "2008-09-30": "105598.00000", "2008-06-30": "104221.00000", "2008-03-31": "102044.00000", "2007-12-31": "101801.00000", "2007-09-30": "94972.00000", "2007-06-30": "92199.00000", "2007-03-31": "90020.00000", "2006-12-31": "90647.00000", "2006-09-30": "95806.00000", "2006-06-30": "96555.00000", "2006-03-31": "95575.00000", "2005-12-31": "95779.00000", "2005-09-30": "95223.00000", "2005-06-30": "93807.00000", "2005-03-31": "93825.00000"}, "Common Stock Net": {"2020-12-31": "2051.00000", "2020-09-30": "2051.00000", "2020-06-30": "2051.00000", "2020-03-31": "2051.00000", "2019-12-31": "2051.00000", "2019-09-30": "2051.00000", "2019-06-30": "2051.00000", "2019-03-31": "2051.00000", "2018-12-31": "2051.00000", "2018-09-30": "2051.00000", "2018-06-30": "2051.00000", "2018-03-31": "2051.00000", "2017-12-31": "2051.00000", "2017-09-30": "2051.00000", "2017-06-30": "2051.00000", "2017-03-31": "2051.00000", "2016-12-31": "2051.00000", "2016-09-30": "2051.00000", "2016-06-30": "2051.00000", "2016-03-31": "2051.00000", "2015-12-31": "2051.00000", "2015-09-30": "2051.00000", "2015-06-30": "2051.00000", "2015-03-31": "2051.00000", "2014-12-31": "2051.00000", "2014-09-30": "2051.00000", "2014-06-30": "2051.00000", "2014-03-31": "2051.00000", "2013-12-31": "2051.00000", "2013-09-30": "2051.00000", "2013-06-30": "2051.00000", "2013-03-31": "2051.00000", "2012-12-31": "2051.00000", "2012-09-30": "2051.00000", "2012-06-30": "2051.00000", "2012-03-31": "2051.00000", "2011-12-31": "2051.00000", "2011-09-30": "2051.00000", "2011-06-30": "2051.00000", "2011-03-31": "2051.00000", "2010-12-31": "1779.00000", "2010-09-30": "1779.00000", "2010-06-30": "1779.00000", "2010-03-31": "1779.00000", "2009-12-31": "1779.00000", "2009-09-30": "1779.00000", "2009-06-30": "1779.00000", "2009-03-31": "1295.00000", "2008-12-31": "1295.00000", "2008-09-30": "1295.00000", "2008-06-30": "1295.00000", "2008-03-31": "1295.00000", "2007-12-31": "1295.00000", "2007-09-30": "1295.00000", "2007-06-30": "1295.00000", "2007-03-31": "1295.00000", "2006-12-31": "1295.00000", "2006-09-30": "1295.00000", "2006-06-30": "1295.00000", "2006-03-31": "1295.00000", "2005-12-31": "1295.00000", "2005-09-30": "1295.00000", "2005-06-30": "1295.00000", "2005-03-31": "1295.00000"}, "Retained Earnings (Accumulated Deficit)": {"2020-12-31": "18384.00000", "2020-09-30": "18010.00000", "2020-06-30": "17643.00000", "2020-03-31": "17677.00000", "2019-12-31": "18315.00000", "2019-09-30": "17786.00000", "2019-06-30": "17431.00000", "2019-03-31": "17184.00000", "2018-12-31": "16578.00000", "2018-09-30": "16440.00000", "2018-06-30": "16143.00000", "2018-03-31": "15707.00000", "2017-12-31": "14957.00000", "2017-09-30": "14748.00000", "2017-06-30": "13862.00000", "2017-03-31": "13625.00000", "2016-12-31": "13441.00000", "2016-09-30": "13180.00000", "2016-06-30": "12778.00000", "2016-03-31": "12570.00000", "2015-12-31": "12358.00000", "2015-09-30": "11826.00000", "2015-06-30": "11564.00000", "2015-03-31": "11380.00000", "2014-12-31": "11141.00000", "2014-09-30": "10886.00000", "2014-06-30": "10666.00000", "2014-03-31": "10363.00000", "2013-12-31": "10156.00000", "2013-09-30": "9876.00000", "2013-06-30": "9561.00000", "2013-03-31": "9084.00000", "2012-12-31": "8768.00000", "2012-09-30": "8466.00000", "2012-06-30": "8201.00000", "2012-03-31": "7902.00000", "2011-12-31": "7554.00000", "2011-09-30": "7323.00000", "2011-06-30": "7024.00000", "2011-03-31": "6752.00000", "2010-12-31": "6719.00000", "2010-09-30": "6456.00000", "2010-06-30": "6289.00000", "2010-03-31": "6169.00000", "2009-12-31": "6326.00000", "2009-09-30": "6496.00000", "2009-06-30": "6663.00000", "2009-03-31": "5792.00000", "2008-12-31": "5824.00000", "2008-09-30": "8013.00000", "2008-06-30": "8178.00000", "2008-03-31": "8465.00000", "2007-12-31": "8413.00000", "2007-09-30": "8593.00000", "2007-06-30": "8489.00000", "2007-03-31": "8330.00000", "2006-12-31": "8317.00000", "2006-09-30": "8473.00000", "2006-06-30": "8319.00000", "2006-03-31": "8159.00000", "2005-12-31": "8007.00000", "2005-09-30": "7886.00000", "2005-06-30": "7702.00000", "2005-03-31": "7480.00000"}, "Comprehensive Income": {"2020-12-31": "2601.00000", "2020-09-30": "2831.00000", "2020-06-30": "2951.00000", "2020-03-31": "2477.00000", "2019-12-31": "1192.00000", "2019-09-30": "1635.00000", "2019-06-30": "1178.00000", "2019-03-31": "409.00000", "2018-12-31": "-112.00000", "2018-09-30": "-775.00000", "2018-06-30": "-552.00000", "2018-03-31": "-389.00000", "2017-12-31": "73.00000", "2017-09-30": "185.00000", "2017-06-30": "163.00000", "2017-03-31": "68.00000", "2016-12-31": "59.00000", "2016-09-30": "755.00000", "2016-06-30": "889.00000", "2016-03-31": "684.00000", "2015-12-31": "197.00000", "2015-09-30": "522.00000", "2015-06-30": "291.00000", "2015-03-31": "588.00000", "2014-12-31": "429.00000", "2014-09-30": "301.00000", "2014-06-30": "382.00000", "2014-03-31": "196.00000", "2013-12-31": "82.00000", "2013-09-30": "218.00000", "2013-06-30": "149.00000", "2013-03-31": "333.00000", "2012-12-31": "375.00000", "2012-09-30": "468.00000", "2012-06-30": "454.00000", "2012-03-31": "468.00000", "2011-12-31": "470.00000", "2011-09-30": "542.00000", "2011-06-30": "396.00000", "2011-03-31": "263.00000", "2010-12-31": "314.00000", "2010-09-30": "432.00000", "2010-06-30": "440.00000", "2010-03-31": "288.00000", "2009-12-31": "241.00000", "2009-09-30": "285.00000", "2009-06-30": "152.00000", "2009-03-31": "151.00000", "2008-12-31": "98.00000", "2008-09-30": "-60.00000", "2008-06-30": "-152.00000", "2008-03-31": "11.00000", "2007-12-31": "-126.00000", "2007-09-30": "-198.00000", "2007-06-30": "-293.00000", "2007-03-31": "-163.00000", "2006-12-31": "-179.00000", "2006-09-30": "-392.00000", "2006-06-30": "-683.00000", "2006-03-31": "-568.00000", "2005-12-31": "-413.00000", "2005-09-30": "-317.00000", "2005-06-30": "-135.00000", "2005-03-31": "-323.00000"}, "Other Share Holders Equity": {"2020-12-31": "", "2020-09-30": "", "2020-06-30": "", "2020-03-31": "", "2019-12-31": "", "2019-09-30": "", "2019-06-30": "", "2019-03-31": "", "2018-12-31": "", "2018-09-30": "", "2018-06-30": "", "2018-03-31": "", "2017-12-31": "", "2017-09-30": "", "2017-06-30": "", "2017-03-31": "", "2016-12-31": "", "2016-09-30": "", "2016-06-30": "", "2016-03-31": "", "2015-12-31": "", "2015-09-30": "", "2015-06-30": "", "2015-03-31": "", "2014-12-31": "", "2014-09-30": "", "2014-06-30": "", "2014-03-31": "", "2013-12-31": "", "2013-09-30": "", "2013-06-30": "", "2013-03-31": "", "2012-12-31": "", "2012-09-30": "", "2012-06-30": "", "2012-03-31": "", "2011-12-31": "", "2011-09-30": "", "2011-06-30": "", "2011-03-31": "", "2010-12-31": "", "2010-09-30": "", "2010-06-30": "", "2010-03-31": "", "2009-12-31": "", "2009-09-30": "", "2009-06-30": "", "2009-03-31": "", "2008-12-31": "", "2008-09-30": "", "2008-06-30": "", "2008-03-31": "", "2007-12-31": "", "2007-09-30": "", "2007-06-30": "", "2007-03-31": "", "2006-12-31": "", "2006-09-30": "", "2006-06-30": "", "2006-03-31": "", "2005-12-31": "", "2005-09-30": "", "2005-06-30": "", "2005-03-31": ""}, "Share Holder Equity": {"2020-12-31": "23111.00000", "2020-09-30": "22951.00000", "2020-06-30": "22335.00000", "2020-03-31": "21873.00000", "2019-12-31": "21203.00000", "2019-09-30": "21404.00000", "2019-06-30": "20671.00000", "2019-03-31": "19844.00000", "2018-12-31": "16250.00000", "2018-09-30": "15850.00000", "2018-06-30": "16252.00000", "2018-03-31": "16204.00000", "2017-12-31": "16220.00000", "2017-09-30": "16380.00000", "2017-06-30": "16446.00000", "2017-03-31": "16457.00000", "2016-12-31": "16232.00000", "2016-09-30": "16804.00000", "2016-06-30": "16754.00000", "2016-03-31": "16355.00000", "2015-12-31": "15870.00000", "2015-09-30": "15858.00000", "2015-06-30": "15638.00000", "2015-03-31": "15904.00000", "2014-12-31": "15665.00000", "2014-09-30": "15443.00000", "2014-06-30": "15508.00000", "2014-03-31": "14864.00000", "2013-12-31": "14626.00000", "2013-09-30": "14680.00000", "2013-06-30": "14277.00000", "2013-03-31": "13920.00000", "2012-12-31": "13764.00000", "2012-09-30": "13769.00000", "2012-06-30": "13824.00000", "2012-03-31": "13610.00000", "2011-12-31": "13251.00000", "2011-09-30": "13058.00000", "2011-06-30": "12601.00000", "2011-03-31": "12192.00000", "2010-12-31": "14080.00000", "2010-09-30": "13913.00000", "2010-06-30": "13701.00000", "2010-03-31": "13408.00000", "2009-12-31": "13497.00000", "2009-09-30": "13688.00000", "2009-06-30": "13700.00000", "2009-03-31": "12102.00000", "2008-12-31": "12077.00000", "2008-09-30": "10696.00000", "2008-06-30": "10754.00000", "2008-03-31": "9352.00000", "2007-12-31": "9161.00000", "2007-09-30": "9293.00000", "2007-06-30": "9191.00000", "2007-03-31": "9804.00000", "2006-12-31": "10022.00000", "2006-09-30": "10022.00000", "2006-06-30": "9556.00000", "2006-03-31": "9469.00000", "2005-12-31": "9446.00000", "2005-09-30": "9385.00000", "2005-06-30": "9353.00000", "2005-03-31": "8888.00000"}, "Total Liabilities And Share Holders Equity": {"2020-12-31": "204680.00000", "2020-09-30": "201996.00000", "2020-06-30": "202906.00000", "2020-03-31": "185391.00000", "2019-12-31": "169369.00000", "2019-09-30": "171079.00000", "2019-06-30": "168802.00000", "2019-03-31": "167853.00000", "2018-12-31": "146069.00000", "2018-09-30": "141685.00000", "2018-06-30": "140695.00000", "2018-03-31": "141500.00000", "2017-12-31": "142081.00000", "2017-09-30": "142264.00000", "2017-06-30": "141067.00000", "2017-03-31": "140200.00000", "2016-12-31": "142177.00000", "2016-09-30": "143279.00000", "2016-06-30": "143625.00000", "2016-03-31": "142430.00000", "2015-12-31": "141048.00000", "2015-09-30": "141918.00000", "2015-06-30": "141658.00000", "2015-03-31": "140470.00000", "2014-12-31": "138706.00000", "2014-09-30": "134188.00000", "2014-06-30": "132562.00000", "2014-03-31": "129654.00000", "2013-12-31": "130443.00000", "2013-09-30": "125673.00000", "2013-06-30": "123360.00000", "2013-03-31": "121382.00000", "2012-12-31": "121894.00000", "2012-09-30": "117483.00000", "2012-06-30": "117543.00000", "2012-03-31": "116747.00000", "2011-12-31": "116967.00000", "2011-09-30": "114905.00000", "2011-06-30": "110805.00000", "2011-03-31": "110485.00000", "2010-12-31": "111007.00000", "2010-09-30": "112322.00000", "2010-06-30": "112025.00000", "2010-03-31": "112651.00000", "2009-12-31": "113380.00000", "2009-09-30": "110740.00000", "2009-06-30": "115984.00000", "2009-03-31": "119313.00000", "2008-12-31": "119764.00000", "2008-09-30": "116294.00000", "2008-06-30": "114975.00000", "2008-03-31": "111396.00000", "2007-12-31": "110962.00000", "2007-09-30": "104265.00000", "2007-06-30": "101390.00000", "2007-03-31": "99824.00000", "2006-12-31": "100669.00000", "2006-09-30": "105828.00000", "2006-06-30": "106111.00000", "2006-03-31": "105044.00000", "2005-12-31": "105225.00000", "2005-09-30": "104608.00000", "2005-06-30": "103160.00000", "2005-03-31": "102713.00000"}}, "cash flow statement": {"Net Income/Loss": {"2020-12-31": "0.00000", "2019-12-31": "2512.00000", "2018-12-31": "2193.00000", "2017-12-31": "2180.00000", "2016-12-31": "1543.00000", "2015-12-31": "1706.00000", "2014-12-31": "1483.00000", "2013-12-31": "1826.00000", "2012-12-31": "1574.00000", "2011-12-31": "1298.00000", "2010-12-31": "753.00000", "2009-12-31": "737.00000", "2008-12-31": "-2113.00000", "2007-12-31": "1076.00000", "2006-12-31": "1188.00000", "2005-12-31": "1549.00000"}, "Total Depreciation And Amortization - Cash Flow": {"2020-12-31": "", "2019-12-31": "472.00000", "2018-12-31": "360.00000", "2017-12-31": "341.00000", "2016-12-31": "453.00000", "2015-12-31": "441.00000", "2014-12-31": "414.00000", "2013-12-31": "507.00000", "2012-12-31": "531.00000", "2011-12-31": "455.00000", "2010-12-31": "457.00000", "2009-12-31": "341.00000", "2008-12-31": "973.00000", "2007-12-31": "367.00000", "2006-12-31": "399.00000", "2005-12-31": "405.00000"}, "Other Non-Cash Items": {"2020-12-31": "", "2019-12-31": "-135.00000", "2018-12-31": "-74.00000", "2017-12-31": "-752.00000", "2016-12-31": "133.00000", "2015-12-31": "213.00000", "2014-12-31": "434.00000", "2013-12-31": "66.00000", "2012-12-31": "691.00000", "2011-12-31": "1119.00000", "2010-12-31": "1784.00000", "2009-12-31": "2719.00000", "2008-12-31": "3793.00000", "2007-12-31": "523.00000", "2006-12-31": "737.00000", "2005-12-31": "324.00000"}, "Total Non-Cash Items": {"2020-12-31": "", "2019-12-31": "337.00000", "2018-12-31": "286.00000", "2017-12-31": "-411.00000", "2016-12-31": "586.00000", "2015-12-31": "654.00000", "2014-12-31": "848.00000", "2013-12-31": "573.00000", "2012-12-31": "1222.00000", "2011-12-31": "1574.00000", "2010-12-31": "2241.00000", "2009-12-31": "3060.00000", "2008-12-31": "4766.00000", "2007-12-31": "890.00000", "2006-12-31": "1136.00000", "2005-12-31": "729.00000"}, "Change In Accounts Receivable": {"2020-12-31": "", "2019-12-31": "-876.00000", "2018-12-31": "-250.00000", "2017-12-31": "291.00000", "2016-12-31": "-220.00000", "2015-12-31": "-138.00000", "2014-12-31": "536.00000", "2013-12-31": "2422.00000", "2012-12-31": "22.00000", "2011-12-31": "-561.00000", "2010-12-31": "517.00000", "2009-12-31": "-632.00000", "2008-12-31": "-301.00000", "2007-12-31": "-1986.00000", "2006-12-31": "145.00000", "2005-12-31": "-964.00000"}, "Change In Inventories": {"2020-12-31": "", "2019-12-31": "-29.00000", "2018-12-31": "132.00000", "2017-12-31": "-442.00000", "2016-12-31": "-23.00000", "2015-12-31": "-34.00000", "2014-12-31": "-16.00000", "2013-12-31": "-131.00000", "2012-12-31": "-28.00000", "2011-12-31": "115.00000", "2010-12-31": "67.00000", "2009-12-31": "1000.00000", "2008-12-31": "134.00000", "2007-12-31": "16.00000", "2006-12-31": "-70.00000", "2005-12-31": "-40.00000"}, "Change In Accounts Payable": {"2020-12-31": "", "2019-12-31": "", "2018-12-31": "", "2017-12-31": "", "2016-12-31": "", "2015-12-31": "", "2014-12-31": "", "2013-12-31": "", "2012-12-31": "", "2011-12-31": "", "2010-12-31": "", "2009-12-31": "", "2008-12-31": "", "2007-12-31": "", "2006-12-31": "", "2005-12-31": ""}, "Change In Assets/Liabilities": {"2020-12-31": "", "2019-12-31": "-71.00000", "2018-12-31": "348.00000", "2017-12-31": "0.00000", "2016-12-31": "362.00000", "2015-12-31": "-97.00000", "2014-12-31": "-776.00000", "2013-12-31": "-103.00000", "2012-12-31": "-234.00000", "2011-12-31": "-139.00000", "2010-12-31": "-210.00000", "2009-12-31": "829.00000", "2008-12-31": "-318.00000", "2007-12-31": "-895.00000", "2006-12-31": "-914.00000", "2005-12-31": "-567.00000"}, "Total Change In Assets/Liabilities": {"2020-12-31": "", "2019-12-31": "-1025.00000", "2018-12-31": "377.00000", "2017-12-31": "-289.00000", "2016-12-31": "-38.00000", "2015-12-31": "58.00000", "2014-12-31": "-255.00000", "2013-12-31": "2196.00000", "2012-12-31": "-239.00000", "2011-12-31": "-506.00000", "2010-12-31": "311.00000", "2009-12-31": "-3.00000", "2008-12-31": "440.00000", "2007-12-31": "-2671.00000", "2006-12-31": "-870.00000", "2005-12-31": "-1513.00000"}, "Cash Flow From Operating Activities": {"2020-12-31": "", "2019-12-31": "1824.00000", "2018-12-31": "2856.00000", "2017-12-31": "1480.00000", "2016-12-31": "2091.00000", "2015-12-31": "2418.00000", "2014-12-31": "2076.00000", "2013-12-31": "4595.00000", "2012-12-31": "2557.00000", "2011-12-31": "2366.00000", "2010-12-31": "3305.00000", "2009-12-31": "3794.00000", "2008-12-31": "3093.00000", "2007-12-31": "-705.00000", "2006-12-31": "1454.00000", "2005-12-31": "765.00000"}, "Net Change In Property, Plant, And Equipment": {"2020-12-31": "", "2019-12-31": "-214.00000", "2018-12-31": "-77.00000", "2017-12-31": "-191.00000", "2016-12-31": "-230.00000", "2015-12-31": "-212.00000", "2014-12-31": "-258.00000", "2013-12-31": "-447.00000", "2012-12-31": "-475.00000", "2011-12-31": "-343.00000", "2010-12-31": "-235.00000", "2009-12-31": "-228.00000", "2008-12-31": "-518.00000", "2007-12-31": "-585.00000", "2006-12-31": "-460.00000", "2005-12-31": "-257.00000"}, "Net Change In Intangible Assets": {"2020-12-31": "", "2019-12-31": "-26.00000", "2018-12-31": "-82.00000", "2017-12-31": "-109.00000", "2016-12-31": "", "2015-12-31": "", "2014-12-31": "", "2013-12-31": "", "2012-12-31": "", "2011-12-31": "", "2010-12-31": "", "2009-12-31": "", "2008-12-31": "", "2007-12-31": "", "2006-12-31": "", "2005-12-31": ""}, "Net Acquisitions/Divestitures": {"2020-12-31": "", "2019-12-31": "1210.00000", "2018-12-31": "-43.00000", "2017-12-31": "-44.00000", "2016-12-31": "", "2015-12-31": "", "2014-12-31": "", "2013-12-31": "", "2012-12-31": "", "2011-12-31": "", "2010-12-31": "", "2009-12-31": "546.00000", "2008-12-31": "66.00000", "2007-12-31": "-230.00000", "2006-12-31": "-5.00000", "2005-12-31": "242.00000"}, "Net Change In Short-term Investments": {"2020-12-31": "", "2019-12-31": "-612.00000", "2018-12-31": "928.00000", "2017-12-31": "1.00000", "2016-12-31": "-83.00000", "2015-12-31": "5243.00000", "2014-12-31": "-2798.00000", "2013-12-31": "-2695.00000", "2012-12-31": "-640.00000", "2011-12-31": "-267.00000", "2010-12-31": "1861.00000", "2009-12-31": "209.00000", "2008-12-31": "-2910.00000", "2007-12-31": "224.00000", "2006-12-31": "-675.00000", "2005-12-31": "402.00000"}, "Net Change In Long-Term Investments": {"2020-12-31": "", "2019-12-31": "-1092.00000", "2018-12-31": "-1926.00000", "2017-12-31": "-324.00000", "2016-12-31": "-2536.00000", "2015-12-31": "-6923.00000", "2014-12-31": "-3172.00000", "2013-12-31": "-3623.00000", "2012-12-31": "-156.00000", "2011-12-31": "313.00000", "2010-12-31": "1980.00000", "2009-12-31": "-5288.00000", "2008-12-31": "-1216.00000", "2007-12-31": "-2.00000", "2006-12-31": "10958.00000", "2005-12-31": "3265.00000"}, "Net Change In Investments - Total": {"2020-12-31": "", "2019-12-31": "-1704.00000", "2018-12-31": "-998.00000", "2017-12-31": "-323.00000", "2016-12-31": "-2619.00000", "2015-12-31": "-1680.00000", "2014-12-31": "-5970.00000", "2013-12-31": "-6318.00000", "2012-12-31": "-796.00000", "2011-12-31": "46.00000", "2010-12-31": "3841.00000", "2009-12-31": "-5079.00000", "2008-12-31": "-4126.00000", "2007-12-31": "222.00000", "2006-12-31": "10283.00000", "2005-12-31": "3667.00000"}, "Investing Activities - Other": {"2020-12-31": "", "2019-12-31": "-63.00000", "2018-12-31": "-2941.00000", "2017-12-31": "1095.00000", "2016-12-31": "-15.00000", "2015-12-31": "-2039.00000", "2014-12-31": "-2710.00000", "2013-12-31": "-3419.00000", "2012-12-31": "-5262.00000", "2011-12-31": "-4988.00000", "2010-12-31": "-1898.00000", "2009-12-31": "5837.00000", "2008-12-31": "-1326.00000", "2007-12-31": "-5417.00000", "2006-12-31": "-4605.00000", "2005-12-31": "-6481.00000"}, "Cash Flow From Investing Activities": {"2020-12-31": "", "2019-12-31": "-797.00000", "2018-12-31": "-4141.00000", "2017-12-31": "428.00000", "2016-12-31": "-2864.00000", "2015-12-31": "-3931.00000", "2014-12-31": "-8938.00000", "2013-12-31": "-10184.00000", "2012-12-31": "-6533.00000", "2011-12-31": "-5285.00000", "2010-12-31": "1708.00000", "2009-12-31": "1076.00000", "2008-12-31": "-5904.00000", "2007-12-31": "-6010.00000", "2006-12-31": "5213.00000", "2005-12-31": "-2829.00000"}, "Net Long-Term Debt": {"2020-12-31": "", "2019-12-31": "-346.00000", "2018-12-31": "-446.00000", "2017-12-31": "521.00000", "2016-12-31": "-1384.00000", "2015-12-31": "886.00000", "2014-12-31": "5171.00000", "2013-12-31": "2819.00000", "2012-12-31": "-2636.00000", "2011-12-31": "-107.00000", "2010-12-31": "-2459.00000", "2009-12-31": "-2538.00000", "2008-12-31": "-115.00000", "2007-12-31": "-693.00000", "2006-12-31": "-2710.00000", "2005-12-31": "883.00000"}, "Net Current Debt": {"2020-12-31": "", "2019-12-31": "-1494.00000", "2018-12-31": "-1688.00000", "2017-12-31": "519.00000", "2016-12-31": "2009.00000", "2015-12-31": "-42.00000", "2014-12-31": "36.00000", "2013-12-31": "-5518.00000", "2012-12-31": "3596.00000", "2011-12-31": "1732.00000", "2010-12-31": "135.00000", "2009-12-31": "-8648.00000", "2008-12-31": "126.00000", "2007-12-31": "4957.00000", "2006-12-31": "-5364.00000", "2005-12-31": "-1332.00000"}, "Debt Issuance/Retirement Net - Total": {"2020-12-31": "", "2019-12-31": "-1840.00000", "2018-12-31": "-2134.00000", "2017-12-31": "1040.00000", "2016-12-31": "625.00000", "2015-12-31": "844.00000", "2014-12-31": "5207.00000", "2013-12-31": "-2699.00000", "2012-12-31": "960.00000", "2011-12-31": "1625.00000", "2010-12-31": "-2324.00000", "2009-12-31": "-11186.00000", "2008-12-31": "11.00000", "2007-12-31": "4264.00000", "2006-12-31": "-8074.00000", "2005-12-31": "-449.00000"}, "Net Common Equity Issued/Repurchased": {"2020-12-31": "", "2019-12-31": "-1763.00000", "2018-12-31": "-1453.00000", "2017-12-31": "-1605.00000", "2016-12-31": "-661.00000", "2015-12-31": "-850.00000", "2014-12-31": "-654.00000", "2013-12-31": "-1320.00000", "2012-12-31": "-650.00000", "2011-12-31": "1368.00000", "2010-12-31": "", "2009-12-31": "986.00000", "2008-12-31": "", "2007-12-31": "-1035.00000", "2006-12-31": "-39.00000", "2005-12-31": "-1553.00000"}, "Net Total Equity Issued/Repurchased": {"2020-12-31": "", "2019-12-31": "-1521.00000", "2018-12-31": "-1453.00000", "2017-12-31": "-1605.00000", "2016-12-31": "-661.00000", "2015-12-31": "-850.00000", "2014-12-31": "-357.00000", "2013-12-31": "-286.00000", "2012-12-31": "-650.00000", "2011-12-31": "-2040.00000", "2010-12-31": "", "2009-12-31": "717.00000", "2008-12-31": "4471.00000", "2007-12-31": "-1035.00000", "2006-12-31": "-39.00000", "2005-12-31": "-1553.00000"}, "Total Common And Preferred Stock Dividends Paid": {"2020-12-31": "", "2019-12-31": "-753.00000", "2018-12-31": "-565.00000", "2017-12-31": "-505.00000", "2016-12-31": "-454.00000", "2015-12-31": "-497.00000", "2014-12-31": "-490.00000", "2013-12-31": "-430.00000", "2012-12-31": "-344.00000", "2011-12-31": "-242.00000", "2010-12-31": "-237.00000", "2009-12-31": "-212.00000", "2008-12-31": "-706.00000", "2007-12-31": "-898.00000", "2006-12-31": "-867.00000", "2005-12-31": "-794.00000"}, "Financial Activities - Other": {"2020-12-31": "", "2019-12-31": "3684.00000", "2018-12-31": "5604.00000", "2017-12-31": "-716.00000", "2016-12-31": "1115.00000", "2015-12-31": "1465.00000", "2014-12-31": "2415.00000", "2013-12-31": "9741.00000", "2012-12-31": "3788.00000", "2011-12-31": "4080.00000", "2010-12-31": "-2611.00000", "2009-12-31": "5390.00000", "2008-12-31": "-886.00000", "2007-12-31": "4339.00000", "2006-12-31": "1948.00000", "2005-12-31": "5377.00000"}, "Cash Flow From Financial Activities": {"2020-12-31": "", "2019-12-31": "-430.00000", "2018-12-31": "1452.00000", "2017-12-31": "-1786.00000", "2016-12-31": "625.00000", "2015-12-31": "962.00000", "2014-12-31": "6775.00000", "2013-12-31": "6326.00000", "2012-12-31": "3754.00000", "2011-12-31": "3423.00000", "2010-12-31": "-5172.00000", "2009-12-31": "-5291.00000", "2008-12-31": "2890.00000", "2007-12-31": "6670.00000", "2006-12-31": "-7032.00000", "2005-12-31": "2581.00000"}, "Net Cash Flow": {"2020-12-31": "", "2019-12-31": "597.00000", "2018-12-31": "167.00000", "2017-12-31": "122.00000", "2016-12-31": "-148.00000", "2015-12-31": "-551.00000", "2014-12-31": "-87.00000", "2013-12-31": "737.00000", "2012-12-31": "-222.00000", "2011-12-31": "504.00000", "2010-12-31": "-159.00000", "2009-12-31": "-421.00000", "2008-12-31": "79.00000", "2007-12-31": "-45.00000", "2006-12-31": "-365.00000", "2005-12-31": "517.00000"}, "Stock-Based Compensation": {"2020-12-31": "", "2019-12-31": "132.00000", "2018-12-31": "127.00000", "2017-12-31": "118.00000", "2016-12-31": "111.00000", "2015-12-31": "100.00000", "2014-12-31": "83.00000", "2013-12-31": "78.00000", "2012-12-31": "69.00000", "2011-12-31": "59.00000", "2010-12-31": "64.00000", "2009-12-31": "45.00000", "2008-12-31": "57.00000", "2007-12-31": "61.00000", "2006-12-31": "77.00000", "2005-12-31": "65.00000"}, "Common Stock Dividends Paid": {"2020-12-31": "", "2019-12-31": "-660.00000", "2018-12-31": "-467.00000", "2017-12-31": "-430.00000", "2016-12-31": "-402.00000", "2015-12-31": "-422.00000", "2014-12-31": "-423.00000", "2013-12-31": "-393.00000", "2012-12-31": "-309.00000", "2011-12-31": "-192.00000", "2010-12-31": "-32.00000", "2009-12-31": "-27.00000", "2008-12-31": "-639.00000", "2007-12-31": "-898.00000", "2006-12-31": "-867.00000", "2005-12-31": "-794.00000"}}, "cash flow statement, quarterly": {"Net Income/Loss": {"2020-12-31": -823, "2020-09-30": 580, "2020-06-30": 197, "2020-03-31": "46.00000", "2019-12-31": 734, "2019-09-30": 550, "2019-06-30": 453, "2019-03-31": "775.00000", "2018-12-31": 456, "2018-09-30": 434, "2018-06-30": 602, "2018-03-31": "701.00000", "2017-12-31": 495, "2017-09-30": 1013, "2017-06-30": 367, "2017-03-31": "305.00000", "2016-12-31": 377, "2016-09-30": 516, "2016-06-30": 324, "2016-03-31": "326.00000", "2015-12-31": 656, "2015-09-30": 380, "2015-06-30": 309, "2015-03-31": "361.00000", "2014-12-31": 385, "2014-09-30": 341, "2014-06-30": 438, "2014-03-31": "319.00000", "2013-12-31": 402, "2013-09-30": 421, "2013-06-30": 591, "2013-03-31": "412.00000", "2012-12-31": 395, "2012-09-30": 363, "2012-06-30": 386, "2012-03-31": "430.00000", "2011-12-31": 314, "2011-09-30": 382, "2011-06-30": 337, "2011-03-31": "265.00000", "2010-12-31": 333, "2010-09-30": 238, "2010-06-30": 192, "2010-03-31": "-10.00000", "2009-12-31": -98, "2009-09-30": -97, "2009-06-30": 882, "2009-03-31": "50.00000", "2008-12-31": -2142, "2008-09-30": -55, "2008-06-30": -202, "2008-03-31": "286.00000", "2007-12-31": 17, "2007-09-30": 324, "2007-06-30": 376, "2007-03-31": "359.00000", "2006-12-31": 65, "2006-09-30": 377, "2006-06-30": 383, "2006-03-31": "363.00000", "2005-12-31": 332, "2005-09-30": 395, "2005-06-30": 417, "2005-03-31": "405.00000"}, "Total Depreciation And Amortization - Cash Flow": {"2020-12-31": -358, "2020-09-30": 127, "2020-06-30": 113, "2020-03-31": "118.00000", "2019-12-31": 183, "2019-09-30": 91, "2019-06-30": 109, "2019-03-31": "89.00000", "2018-12-31": 85, "2018-09-30": 49, "2018-06-30": 133, "2018-03-31": "93.00000", "2017-12-31": 86, "2017-09-30": 85, "2017-06-30": 81, "2017-03-31": "89.00000", "2016-12-31": 112, "2016-09-30": 113, "2016-06-30": 118, "2016-03-31": "110.00000", "2015-12-31": 108, "2015-09-30": 112, "2015-06-30": 114, "2015-03-31": "107.00000", "2014-12-31": 107, "2014-09-30": 107, "2014-06-30": 102, "2014-03-31": "98.00000", "2013-12-31": 97, "2013-09-30": 134, "2013-06-30": 139, "2013-03-31": "137.00000", "2012-12-31": 143, "2012-09-30": 134, "2012-06-30": 126, "2012-03-31": "128.00000", "2011-12-31": 129, "2011-09-30": 111, "2011-06-30": 103, "2011-03-31": "112.00000", "2010-12-31": 130, "2010-09-30": 121, "2010-06-30": 109, "2010-03-31": "97.00000", "2009-12-31": 83, "2009-09-30": 76, "2009-06-30": 96, "2009-03-31": "86.00000", "2008-12-31": 705, "2008-09-30": 96, "2008-06-30": 107, "2008-03-31": "65.00000", "2007-12-31": 92, "2007-09-30": 90, "2007-06-30": 95, "2007-03-31": "90.00000", "2006-12-31": 101, "2006-09-30": 105, "2006-06-30": 99, "2006-03-31": "94.00000", "2005-12-31": 99, "2005-09-30": 110, "2005-06-30": 101, "2005-03-31": "95.00000"}, "Other Non-Cash Items": {"2020-12-31": -1418, "2020-09-30": -194, "2020-06-30": 521, "2020-03-31": "1091.00000", "2019-12-31": -304, "2019-09-30": 330, "2019-06-30": 236, "2019-03-31": "-397.00000", "2018-12-31": 263, "2018-09-30": 103, "2018-06-30": -118, "2018-03-31": "-322.00000", "2017-12-31": -54, "2017-09-30": -994, "2017-06-30": 136, "2017-03-31": "160.00000", "2016-12-31": -243, "2016-09-30": -19, "2016-06-30": 164, "2016-03-31": "231.00000", "2015-12-31": -347, "2015-09-30": 258, "2015-06-30": 136, "2015-03-31": "166.00000", "2014-12-31": 266, "2014-09-30": 55, "2014-06-30": 0, "2014-03-31": "113.00000", "2013-12-31": 105, "2013-09-30": 48, "2013-06-30": -139, "2013-03-31": "52.00000", "2012-12-31": 216, "2012-09-30": 239, "2012-06-30": 200, "2012-03-31": "36.00000", "2011-12-31": 163, "2011-09-30": 857, "2011-06-30": -128, "2011-03-31": "227.00000", "2010-12-31": 66, "2010-09-30": 623, "2010-06-30": 489, "2010-03-31": "606.00000", "2009-12-31": 794, "2009-09-30": 895, "2009-06-30": 144, "2009-03-31": "886.00000", "2008-12-31": 1313, "2008-09-30": 936, "2008-06-30": 974, "2008-03-31": "570.00000", "2007-12-31": 149, "2007-09-30": 129, "2007-06-30": 155, "2007-03-31": "90.00000", "2006-12-31": 574, "2006-09-30": 48, "2006-06-30": 36, "2006-03-31": "79.00000", "2005-12-31": 40, "2005-09-30": 116, "2005-06-30": 97, "2005-03-31": "71.00000"}, "Total Non-Cash Items": {"2020-12-31": -1776, "2020-09-30": -67, "2020-06-30": 634, "2020-03-31": "1209.00000", "2019-12-31": -121, "2019-09-30": 421, "2019-06-30": 345, "2019-03-31": "-308.00000", "2018-12-31": 348, "2018-09-30": 152, "2018-06-30": 15, "2018-03-31": "-229.00000", "2017-12-31": 32, "2017-09-30": -909, "2017-06-30": 217, "2017-03-31": "249.00000", "2016-12-31": -131, "2016-09-30": 94, "2016-06-30": 282, "2016-03-31": "341.00000", "2015-12-31": -239, "2015-09-30": 370, "2015-06-30": 250, "2015-03-31": "273.00000", "2014-12-31": 373, "2014-09-30": 162, "2014-06-30": 102, "2014-03-31": "211.00000", "2013-12-31": 202, "2013-09-30": 182, "2013-06-30": 0, "2013-03-31": "189.00000", "2012-12-31": 359, "2012-09-30": 373, "2012-06-30": 326, "2012-03-31": "164.00000", "2011-12-31": 292, "2011-09-30": 968, "2011-06-30": -25, "2011-03-31": "339.00000", "2010-12-31": 196, "2010-09-30": 744, "2010-06-30": 598, "2010-03-31": "703.00000", "2009-12-31": 877, "2009-09-30": 971, "2009-06-30": 240, "2009-03-31": "972.00000", "2008-12-31": 2018, "2008-09-30": 1032, "2008-06-30": 1081, "2008-03-31": "635.00000", "2007-12-31": 241, "2007-09-30": 219, "2007-06-30": 250, "2007-03-31": "180.00000", "2006-12-31": 675, "2006-09-30": 153, "2006-06-30": 135, "2006-03-31": "173.00000", "2005-12-31": 139, "2005-09-30": 226, "2005-06-30": 198, "2005-03-31": "166.00000"}, "Change In Accounts Receivable": {"2020-12-31": 309, "2020-09-30": -749, "2020-06-30": 698, "2020-03-31": "-258.00000", "2019-12-31": -205, "2019-09-30": -148, "2019-06-30": -417, "2019-03-31": "-106.00000", "2018-12-31": 7, "2018-09-30": 43, "2018-06-30": -46, "2018-03-31": "-254.00000", "2017-12-31": 240, "2017-09-30": 45, "2017-06-30": -104, "2017-03-31": "110.00000", "2016-12-31": 227, "2016-09-30": -114, "2016-06-30": -271, "2016-03-31": "-62.00000", "2015-12-31": 82, "2015-09-30": -47, "2015-06-30": 58, "2015-03-31": "-231.00000", "2014-12-31": 122, "2014-09-30": 57, "2014-06-30": 128, "2014-03-31": "229.00000", "2013-12-31": 189, "2013-09-30": 797, "2013-06-30": 558, "2013-03-31": "878.00000", "2012-12-31": -1300, "2012-09-30": 160, "2012-06-30": -222, "2012-03-31": "1384.00000", "2011-12-31": -1054, "2011-09-30": -560, "2011-06-30": 109, "2011-03-31": "944.00000", "2010-12-31": 427, "2010-09-30": 91, "2010-06-30": -496, "2010-03-31": "495.00000", "2009-12-31": -7, "2009-09-30": 1361, "2009-06-30": -736, "2009-03-31": "-1250.00000", "2008-12-31": -22, "2008-09-30": -384, "2008-06-30": 253, "2008-03-31": "-148.00000", "2007-12-31": -1430, "2007-09-30": 54, "2007-06-30": -313, "2007-03-31": "-297.00000", "2006-12-31": -145, "2006-09-30": 53, "2006-06-30": -317, "2006-03-31": "554.00000", "2005-12-31": -2638, "2005-09-30": 239, "2005-06-30": 1226, "2005-03-31": "209.00000"}, "Change In Inventories": {"2020-12-31": 0, "2020-09-30": -68, "2020-06-30": 122, "2020-03-31": "-54.00000", "2019-12-31": -29, "2019-09-30": -14, "2019-06-30": -46, "2019-03-31": "60.00000", "2018-12-31": 1, "2018-09-30": -20, "2018-06-30": 225, "2018-03-31": "-74.00000", "2017-12-31": -12, "2017-09-30": -3, "2017-06-30": -150, "2017-03-31": "-277.00000", "2016-12-31": 19, "2016-09-30": -28, "2016-06-30": 6, "2016-03-31": "-20.00000", "2015-12-31": -13, "2015-09-30": -11, "2015-06-30": 22, "2015-03-31": "-32.00000", "2014-12-31": 29, "2014-09-30": -29, "2014-06-30": -12, "2014-03-31": "-4.00000", "2013-12-31": -96, "2013-09-30": -24, "2013-06-30": -2, "2013-03-31": "-9.00000", "2012-12-31": -2, "2012-09-30": -4, "2012-06-30": -6, "2012-03-31": "-16.00000", "2011-12-31": 13, "2011-09-30": 22, "2011-06-30": 0, "2011-03-31": "80.00000", "2010-12-31": 30, "2010-09-30": -46, "2010-06-30": 32, "2010-03-31": "51.00000", "2009-12-31": 727, "2009-09-30": 268, "2009-06-30": 48, "2009-03-31": "-43.00000", "2008-12-31": -272, "2008-09-30": -335, "2008-06-30": 754, "2008-03-31": "-13.00000", "2007-12-31": -16, "2007-09-30": -7, "2007-06-30": 12, "2007-03-31": "27.00000", "2006-12-31": -23, "2006-09-30": 9, "2006-06-30": -17, "2006-03-31": "-39.00000", "2005-12-31": -12, "2005-09-30": -21, "2005-06-30": 44, "2005-03-31": "-51.00000"}, "Change In Accounts Payable": {"2020-12-31": 0, "2020-09-30": 0, "2020-06-30": 0, "2020-03-31": "", "2019-12-31": 0, "2019-09-30": 0, "2019-06-30": 0, "2019-03-31": "", "2018-12-31": 0, "2018-09-30": 0, "2018-06-30": 0, "2018-03-31": "", "2017-12-31": 0, "2017-09-30": 0, "2017-06-30": 0, "2017-03-31": "", "2016-12-31": 0, "2016-09-30": 0, "2016-06-30": 0, "2016-03-31": "", "2015-12-31": 0, "2015-09-30": 0, "2015-06-30": 0, "2015-03-31": "", "2014-12-31": 0, "2014-09-30": 0, "2014-06-30": 0, "2014-03-31": "", "2013-12-31": 0, "2013-09-30": 0, "2013-06-30": 0, "2013-03-31": "", "2012-12-31": 0, "2012-09-30": 0, "2012-06-30": 0, "2012-03-31": "", "2011-12-31": 0, "2011-09-30": 0, "2011-06-30": 0, "2011-03-31": "", "2010-12-31": 0, "2010-09-30": 0, "2010-06-30": 0, "2010-03-31": "", "2009-12-31": 0, "2009-09-30": 0, "2009-06-30": 0, "2009-03-31": "", "2008-12-31": 0, "2008-09-30": 0, "2008-06-30": 0, "2008-03-31": "", "2007-12-31": 0, "2007-09-30": 0, "2007-06-30": 0, "2007-03-31": "", "2006-12-31": 0, "2006-09-30": 0, "2006-06-30": 0, "2006-03-31": "", "2005-12-31": 0, "2005-09-30": 0, "2005-06-30": 0, "2005-03-31": ""}, "Change In Assets/Liabilities": {"2020-12-31": 444, "2020-09-30": -31, "2020-06-30": -170, "2020-03-31": "-243.00000", "2019-12-31": 643, "2019-09-30": -927, "2019-06-30": -23, "2019-03-31": "236.00000", "2018-12-31": -27, "2018-09-30": -9, "2018-06-30": 65, "2018-03-31": "319.00000", "2017-12-31": -77, "2017-09-30": -93, "2017-06-30": -115, "2017-03-31": "285.00000", "2016-12-31": 218, "2016-09-30": 19, "2016-06-30": -106, "2016-03-31": "231.00000", "2015-12-31": 7, "2015-09-30": -154, "2015-06-30": -208, "2015-03-31": "258.00000", "2014-12-31": -538, "2014-09-30": 109, "2014-06-30": -117, "2014-03-31": "-230.00000", "2013-12-31": -54, "2013-09-30": -123, "2013-06-30": 199, "2013-03-31": "-125.00000", "2012-12-31": 376, "2012-09-30": -318, "2012-06-30": -345, "2012-03-31": "53.00000", "2011-12-31": 51, "2011-09-30": -662, "2011-06-30": 113, "2011-03-31": "359.00000", "2010-12-31": -14, "2010-09-30": -77, "2010-06-30": 49, "2010-03-31": "-168.00000", "2009-12-31": -87, "2009-09-30": -620, "2009-06-30": 906, "2009-03-31": "630.00000", "2008-12-31": -1298, "2008-09-30": -222, "2008-06-30": 438, "2008-03-31": "764.00000", "2007-12-31": 12, "2007-09-30": -709, "2007-06-30": 103, "2007-03-31": "-301.00000", "2006-12-31": -542, "2006-09-30": -198, "2006-06-30": -125, "2006-03-31": "-49.00000", "2005-12-31": -247, "2005-09-30": 187, "2005-06-30": -594, "2005-03-31": "87.00000"}, "Total Change In Assets/Liabilities": {"2020-12-31": 584, "2020-09-30": -450, "2020-06-30": 688, "2020-03-31": "-822.00000", "2019-12-31": 766, "2019-09-30": -1334, "2019-06-30": -524, "2019-03-31": "67.00000", "2018-12-31": 125, "2018-09-30": 48, "2018-06-30": 411, "2018-03-31": "-207.00000", "2017-12-31": -275, "2017-09-30": 482, "2017-06-30": -472, "2017-03-31": "-24.00000", "2016-12-31": 645, "2016-09-30": -112, "2016-06-30": -299, "2016-03-31": "-272.00000", "2015-12-31": 484, "2015-09-30": -183, "2015-06-30": -112, "2015-03-31": "-131.00000", "2014-12-31": -237, "2014-09-30": 87, "2014-06-30": 85, "2014-03-31": "-190.00000", "2013-12-31": 164, "2013-09-30": 633, "2013-06-30": 775, "2013-03-31": "624.00000", "2012-12-31": -933, "2012-09-30": -73, "2012-06-30": -534, "2012-03-31": "1301.00000", "2011-12-31": -900, "2011-09-30": -1584, "2011-06-30": 699, "2011-03-31": "1279.00000", "2010-12-31": 485, "2010-09-30": 65, "2010-06-30": -456, "2010-03-31": "217.00000", "2009-12-31": 548, "2009-09-30": 968, "2009-06-30": -426, "2009-03-31": "-1093.00000", "2008-12-31": 34, "2008-09-30": -1156, "2008-06-30": 1074, "2008-03-31": "488.00000", "2007-12-31": -1173, "2007-09-30": -522, "2007-06-30": -351, "2007-03-31": "-625.00000", "2006-12-31": -844, "2006-09-30": -90, "2006-06-30": -522, "2006-03-31": "586.00000", "2005-12-31": -2725, "2005-09-30": 155, "2005-06-30": 687, "2005-03-31": "370.00000"}, "Cash Flow From Operating Activities": {"2020-12-31": -2015, "2020-09-30": 63, "2020-06-30": 1519, "2020-03-31": "433.00000", "2019-12-31": 1379, "2019-09-30": -363, "2019-06-30": 274, "2019-03-31": "534.00000", "2018-12-31": 929, "2018-09-30": 634, "2018-06-30": 1028, "2018-03-31": "265.00000", "2017-12-31": 252, "2017-09-30": 586, "2017-06-30": 112, "2017-03-31": "530.00000", "2016-12-31": 891, "2016-09-30": 498, "2016-06-30": 307, "2016-03-31": "395.00000", "2015-12-31": 901, "2015-09-30": 567, "2015-06-30": 447, "2015-03-31": "503.00000", "2014-12-31": 521, "2014-09-30": 590, "2014-06-30": 625, "2014-03-31": "340.00000", "2013-12-31": 768, "2013-09-30": 1236, "2013-06-30": 1366, "2013-03-31": "1225.00000", "2012-12-31": -179, "2012-09-30": 663, "2012-06-30": 178, "2012-03-31": "1895.00000", "2011-12-31": -294, "2011-09-30": -234, "2011-06-30": 1011, "2011-03-31": "1883.00000", "2010-12-31": 1014, "2010-09-30": 1047, "2010-06-30": 334, "2010-03-31": "910.00000", "2009-12-31": 1327, "2009-09-30": 1842, "2009-06-30": 696, "2009-03-31": "-71.00000", "2008-12-31": -90, "2008-09-30": -179, "2008-06-30": 1953, "2008-03-31": "1409.00000", "2007-12-31": -915, "2007-09-30": 21, "2007-06-30": 275, "2007-03-31": "-86.00000", "2006-12-31": -104, "2006-09-30": 440, "2006-06-30": -4, "2006-03-31": "1122.00000", "2005-12-31": -2254, "2005-09-30": 776, "2005-06-30": 1302, "2005-03-31": "941.00000"}, "Net Change In Property, Plant, And Equipment": {"2020-12-31": 280, "2020-09-30": -139, "2020-06-30": -76, "2020-03-31": "-65.00000", "2019-12-31": -44, "2019-09-30": -51, "2019-06-30": -60, "2019-03-31": "-59.00000", "2018-12-31": -12, "2018-09-30": 8, "2018-06-30": -42, "2018-03-31": "-31.00000", "2017-12-31": -55, "2017-09-30": 0, "2017-06-30": -84, "2017-03-31": "-52.00000", "2016-12-31": -18, "2016-09-30": -58, "2016-06-30": -78, "2016-03-31": "-76.00000", "2015-12-31": -78, "2015-09-30": -61, "2015-06-30": -24, "2015-03-31": "-49.00000", "2014-12-31": -64, "2014-09-30": -120, "2014-06-30": -14, "2014-03-31": "-60.00000", "2013-12-31": -109, "2013-09-30": -128, "2013-06-30": -122, "2013-03-31": "-88.00000", "2012-12-31": -133, "2012-09-30": -117, "2012-06-30": -122, "2012-03-31": "-103.00000", "2011-12-31": -141, "2011-09-30": -50, "2011-06-30": -51, "2011-03-31": "-101.00000", "2010-12-31": -88, "2010-09-30": -50, "2010-06-30": -54, "2010-03-31": "-43.00000", "2009-12-31": -47, "2009-09-30": -65, "2009-06-30": -47, "2009-03-31": "-69.00000", "2008-12-31": -185, "2008-09-30": -95, "2008-06-30": -168, "2008-03-31": "-70.00000", "2007-12-31": -171, "2007-09-30": -190, "2007-06-30": -108, "2007-03-31": "-116.00000", "2006-12-31": -152, "2006-09-30": -86, "2006-06-30": -115, "2006-03-31": "-107.00000", "2005-12-31": -83, "2005-09-30": -96, "2005-06-30": -37, "2005-03-31": "-41.00000"}, "Net Change In Intangible Assets": {"2020-12-31": 36, "2020-09-30": -6, "2020-06-30": -4, "2020-03-31": "-26.00000", "2019-12-31": 0, "2019-09-30": 0, "2019-06-30": -26, "2019-03-31": "", "2018-12-31": 0, "2018-09-30": -32, "2018-06-30": -26, "2018-03-31": "-24.00000", "2017-12-31": 0, "2017-09-30": 0, "2017-06-30": -80, "2017-03-31": "-29.00000", "2016-12-31": 0, "2016-09-30": 0, "2016-06-30": 0, "2016-03-31": "", "2015-12-31": 0, "2015-09-30": 0, "2015-06-30": 0, "2015-03-31": "", "2014-12-31": 0, "2014-09-30": 0, "2014-06-30": 0, "2014-03-31": "", "2013-12-31": 0, "2013-09-30": 0, "2013-06-30": 0, "2013-03-31": "", "2012-12-31": 0, "2012-09-30": 0, "2012-06-30": 0, "2012-03-31": "", "2011-12-31": 0, "2011-09-30": 0, "2011-06-30": 0, "2011-03-31": "", "2010-12-31": 0, "2010-09-30": 0, "2010-06-30": 0, "2010-03-31": "", "2009-12-31": 0, "2009-09-30": 0, "2009-06-30": 0, "2009-03-31": "", "2008-12-31": 0, "2008-09-30": 0, "2008-06-30": 0, "2008-03-31": "", "2007-12-31": 0, "2007-09-30": 0, "2007-06-30": 0, "2007-03-31": "", "2006-12-31": 0, "2006-09-30": 0, "2006-06-30": 0, "2006-03-31": "", "2005-12-31": 0, "2005-09-30": 0, "2005-06-30": 0, "2005-03-31": ""}, "Net Acquisitions/Divestitures": {"2020-12-31": 0, "2020-09-30": 0, "2020-06-30": 0, "2020-03-31": "", "2019-12-31": 0, "2019-09-30": 0, "2019-06-30": 0, "2019-03-31": "1210.00000", "2018-12-31": -23, "2018-09-30": 0, "2018-06-30": 0, "2018-03-31": "-20.00000", "2017-12-31": -32, "2017-09-30": 0, "2017-06-30": -12, "2017-03-31": "", "2016-12-31": 0, "2016-09-30": 0, "2016-06-30": 0, "2016-03-31": "", "2015-12-31": 0, "2015-09-30": 0, "2015-06-30": 0, "2015-03-31": "", "2014-12-31": 0, "2014-09-30": 0, "2014-06-30": 0, "2014-03-31": "", "2013-12-31": 0, "2013-09-30": 0, "2013-06-30": 0, "2013-03-31": "", "2012-12-31": 0, "2012-09-30": 0, "2012-06-30": 0, "2012-03-31": "", "2011-12-31": 0, "2011-09-30": 0, "2011-06-30": 0, "2011-03-31": "", "2010-12-31": 0, "2010-09-30": 0, "2010-06-30": 0, "2010-03-31": "", "2009-12-31": 0, "2009-09-30": 0, "2009-06-30": 546, "2009-03-31": "", "2008-12-31": 220, "2008-09-30": 0, "2008-06-30": -154, "2008-03-31": "", "2007-12-31": -230, "2007-09-30": 0, "2007-06-30": 0, "2007-03-31": "", "2006-12-31": 0, "2006-09-30": 0, "2006-06-30": 0, "2006-03-31": "-5.00000", "2005-12-31": 0, "2005-09-30": 0, "2005-06-30": 0, "2005-03-31": "242.00000"}, "Net Change In Short-term Investments": {"2020-12-31": 29335, "2020-09-30": -3042, "2020-06-30": -21924, "2020-03-31": "-4369.00000", "2019-12-31": 710, "2019-09-30": 122, "2019-06-30": 199, "2019-03-31": "-1643.00000", "2018-12-31": -396, "2018-09-30": 207, "2018-06-30": 111, "2018-03-31": "1006.00000", "2017-12-31": 545, "2017-09-30": -1135, "2017-06-30": -519, "2017-03-31": "1110.00000", "2016-12-31": 241, "2016-09-30": -1177, "2016-06-30": -40, "2016-03-31": "893.00000", "2015-12-31": -677, "2015-09-30": 1457, "2015-06-30": 1468, "2015-03-31": "2995.00000", "2014-12-31": -4277, "2014-09-30": -1251, "2014-06-30": -184, "2014-03-31": "2914.00000", "2013-12-31": -2494, "2013-09-30": -1513, "2013-06-30": 1177, "2013-03-31": "135.00000", "2012-12-31": -1136, "2012-09-30": 678, "2012-06-30": -335, "2012-03-31": "153.00000", "2011-12-31": 246, "2011-09-30": -658, "2011-06-30": 1111, "2011-03-31": "-966.00000", "2010-12-31": 1756, "2010-09-30": 1051, "2010-06-30": -418, "2010-03-31": "-528.00000", "2009-12-31": -2243, "2009-09-30": -614, "2009-06-30": 1074, "2009-03-31": "1992.00000", "2008-12-31": -3303, "2008-09-30": 57, "2008-06-30": 233, "2008-03-31": "103.00000", "2007-12-31": 149, "2007-09-30": -329, "2007-06-30": -182, "2007-03-31": "586.00000", "2006-12-31": -708, "2006-09-30": 82, "2006-06-30": -49, "2006-03-31": "", "2005-12-31": -45, "2005-09-30": -1, "2005-06-30": 1100, "2005-03-31": "-652.00000"}, "Net Change In Long-Term Investments": {"2020-12-31": -32, "2020-09-30": 727, "2020-06-30": 511, "2020-03-31": "-1206.00000", "2019-12-31": 65, "2019-09-30": -1189, "2019-06-30": 518, "2019-03-31": "-486.00000", "2018-12-31": -927, "2018-09-30": -90, "2018-06-30": -192, "2018-03-31": "-717.00000", "2017-12-31": -759, "2017-09-30": 452, "2017-06-30": 163, "2017-03-31": "-180.00000", "2016-12-31": -1843, "2016-09-30": 691, "2016-06-30": -529, "2016-03-31": "-855.00000", "2015-12-31": -335, "2015-09-30": -1439, "2015-06-30": -1710, "2015-03-31": "-3439.00000", "2014-12-31": 683, "2014-09-30": -87, "2014-06-30": -1605, "2014-03-31": "-2163.00000", "2013-12-31": -664, "2013-09-30": -1623, "2013-06-30": -1555, "2013-03-31": "219.00000", "2012-12-31": -291, "2012-09-30": 356, "2012-06-30": 518, "2012-03-31": "-739.00000", "2011-12-31": 815, "2011-09-30": -509, "2011-06-30": -198, "2011-03-31": "205.00000", "2010-12-31": 399, "2010-09-30": 14, "2010-06-30": 1156, "2010-03-31": "411.00000", "2009-12-31": -2622, "2009-09-30": 581, "2009-06-30": 902, "2009-03-31": "-4149.00000", "2008-12-31": 757, "2008-09-30": -356, "2008-06-30": -360, "2008-03-31": "-1257.00000", "2007-12-31": -286, "2007-09-30": 383, "2007-06-30": -606, "2007-03-31": "507.00000", "2006-12-31": 8479, "2006-09-30": 1285, "2006-06-30": 769, "2006-03-31": "425.00000", "2005-12-31": 604, "2005-09-30": 1787, "2005-06-30": 742, "2005-03-31": "132.00000"}, "Net Change In Investments - Total": {"2020-12-31": 29303, "2020-09-30": -2315, "2020-06-30": -21413, "2020-03-31": "-5575.00000", "2019-12-31": 775, "2019-09-30": -1067, "2019-06-30": 717, "2019-03-31": "-2129.00000", "2018-12-31": -1323, "2018-09-30": 117, "2018-06-30": -81, "2018-03-31": "289.00000", "2017-12-31": -214, "2017-09-30": -683, "2017-06-30": -356, "2017-03-31": "930.00000", "2016-12-31": -1602, "2016-09-30": -486, "2016-06-30": -569, "2016-03-31": "38.00000", "2015-12-31": -1012, "2015-09-30": 18, "2015-06-30": -242, "2015-03-31": "-444.00000", "2014-12-31": -3594, "2014-09-30": -1338, "2014-06-30": -1789, "2014-03-31": "751.00000", "2013-12-31": -3158, "2013-09-30": -3136, "2013-06-30": -378, "2013-03-31": "354.00000", "2012-12-31": -1427, "2012-09-30": 1034, "2012-06-30": 183, "2012-03-31": "-586.00000", "2011-12-31": 1061, "2011-09-30": -1167, "2011-06-30": 913, "2011-03-31": "-761.00000", "2010-12-31": 2155, "2010-09-30": 1065, "2010-06-30": 738, "2010-03-31": "-117.00000", "2009-12-31": -4865, "2009-09-30": -33, "2009-06-30": 1976, "2009-03-31": "-2157.00000", "2008-12-31": -2546, "2008-09-30": -299, "2008-06-30": -127, "2008-03-31": "-1154.00000", "2007-12-31": -137, "2007-09-30": 54, "2007-06-30": -788, "2007-03-31": "1093.00000", "2006-12-31": 7771, "2006-09-30": 1367, "2006-06-30": 720, "2006-03-31": "425.00000", "2005-12-31": 559, "2005-09-30": 1786, "2005-06-30": 1842, "2005-03-31": "-520.00000"}, "Investing Activities - Other": {"2020-12-31": 1974, "2020-09-30": 3558, "2020-06-30": 2983, "2020-03-31": "-8515.00000", "2019-12-31": -201, "2019-09-30": -41, "2019-06-30": 322, "2019-03-31": "-143.00000", "2018-12-31": -1882, "2018-09-30": -1478, "2018-06-30": 470, "2018-03-31": "-51.00000", "2017-12-31": -185, "2017-09-30": 747, "2017-06-30": 69, "2017-03-31": "464.00000", "2016-12-31": 963, "2016-09-30": 601, "2016-06-30": -433, "2016-03-31": "-1146.00000", "2015-12-31": 1329, "2015-09-30": -1008, "2015-06-30": -1822, "2015-03-31": "-538.00000", "2014-12-31": -360, "2014-09-30": -278, "2014-06-30": -749, "2014-03-31": "-1323.00000", "2013-12-31": -1557, "2013-09-30": -189, "2013-06-30": -1091, "2013-03-31": "-582.00000", "2012-12-31": -2662, "2012-09-30": -886, "2012-06-30": -415, "2012-03-31": "-1299.00000", "2011-12-31": -2076, "2011-09-30": -1621, "2011-06-30": -848, "2011-03-31": "-443.00000", "2010-12-31": -1920, "2010-09-30": -1479, "2010-06-30": 601, "2010-03-31": "900.00000", "2009-12-31": 882, "2009-09-30": 2159, "2009-06-30": 1738, "2009-03-31": "1058.00000", "2008-12-31": -497, "2008-09-30": -518, "2008-06-30": -1040, "2008-03-31": "729.00000", "2007-12-31": -2180, "2007-09-30": -1751, "2007-06-30": -954, "2007-03-31": "-532.00000", "2006-12-31": -969, "2006-09-30": -977, "2006-06-30": -1089, "2006-03-31": "-1570.00000", "2005-12-31": 1084, "2005-09-30": -3219, "2005-06-30": -2642, "2005-03-31": "-1704.00000"}, "Cash Flow From Investing Activities": {"2020-12-31": 31593, "2020-09-30": 1098, "2020-06-30": -18510, "2020-03-31": "-14181.00000", "2019-12-31": 530, "2019-09-30": -1159, "2019-06-30": 953, "2019-03-31": "-1121.00000", "2018-12-31": -3240, "2018-09-30": -1385, "2018-06-30": 321, "2018-03-31": "163.00000", "2017-12-31": -486, "2017-09-30": 64, "2017-06-30": -463, "2017-03-31": "1313.00000", "2016-12-31": -657, "2016-09-30": 57, "2016-06-30": -1080, "2016-03-31": "-1184.00000", "2015-12-31": 239, "2015-09-30": -1051, "2015-06-30": -2088, "2015-03-31": "-1031.00000", "2014-12-31": -4018, "2014-09-30": -1736, "2014-06-30": -2552, "2014-03-31": "-632.00000", "2013-12-31": -4824, "2013-09-30": -3453, "2013-06-30": -1591, "2013-03-31": "-316.00000", "2012-12-31": -4222, "2012-09-30": 31, "2012-06-30": -354, "2012-03-31": "-1988.00000", "2011-12-31": -1156, "2011-09-30": -2838, "2011-06-30": 14, "2011-03-31": "-1305.00000", "2010-12-31": 147, "2010-09-30": -464, "2010-06-30": 1285, "2010-03-31": "740.00000", "2009-12-31": -4030, "2009-09-30": 2061, "2009-06-30": 4213, "2009-03-31": "-1168.00000", "2008-12-31": -3008, "2008-09-30": -912, "2008-06-30": -1489, "2008-03-31": "-495.00000", "2007-12-31": -2718, "2007-09-30": -1887, "2007-06-30": -1850, "2007-03-31": "445.00000", "2006-12-31": 6650, "2006-09-30": 304, "2006-06-30": -484, "2006-03-31": "-1257.00000", "2005-12-31": 1560, "2005-09-30": -1529, "2005-06-30": -837, "2005-03-31": "-2023.00000"}, "Net Long-Term Debt": {"2020-12-31": 125, "2020-09-30": -1186, "2020-06-30": -19, "2020-03-31": "1080.00000", "2019-12-31": 563, "2019-09-30": -1399, "2019-06-30": 204, "2019-03-31": "286.00000", "2018-12-31": -110, "2018-09-30": 166, "2018-06-30": -461, "2018-03-31": "-41.00000", "2017-12-31": 871, "2017-09-30": 584, "2017-06-30": -220, "2017-03-31": "-714.00000", "2016-12-31": -2342, "2016-09-30": 671, "2016-06-30": 881, "2016-03-31": "-594.00000", "2015-12-31": 353, "2015-09-30": 1933, "2015-06-30": -444, "2015-03-31": "-956.00000", "2014-12-31": 533, "2014-09-30": 386, "2014-06-30": 2693, "2014-03-31": "1559.00000", "2013-12-31": 1588, "2013-09-30": 1189, "2013-06-30": -1256, "2013-03-31": "1298.00000", "2012-12-31": -1137, "2012-09-30": -1513, "2012-06-30": -42, "2012-03-31": "56.00000", "2011-12-31": -104, "2011-09-30": -608, "2011-06-30": -452, "2011-03-31": "1057.00000", "2010-12-31": -1152, "2010-09-30": -154, "2010-06-30": -183, "2010-03-31": "-970.00000", "2009-12-31": 520, "2009-09-30": -22, "2009-06-30": -1738, "2009-03-31": "-1298.00000", "2008-12-31": -76, "2008-09-30": -2160, "2008-06-30": 1153, "2008-03-31": "968.00000", "2007-12-31": -549, "2007-09-30": 432, "2007-06-30": -615, "2007-03-31": "39.00000", "2006-12-31": -1624, "2006-09-30": -418, "2006-06-30": -232, "2006-03-31": "-436.00000", "2005-12-31": -1302, "2005-09-30": -923, "2005-06-30": 1075, "2005-03-31": "2033.00000"}, "Net Current Debt": {"2020-12-31": -126, "2020-09-30": -69, "2020-06-30": -4701, "2020-03-31": "4896.00000", "2019-12-31": -3651, "2019-09-30": 3786, "2019-06-30": -2742, "2019-03-31": "1113.00000", "2018-12-31": -932, "2018-09-30": 1070, "2018-06-30": 847, "2018-03-31": "-2673.00000", "2017-12-31": -1620, "2017-09-30": 300, "2017-06-30": 3336, "2017-03-31": "-1497.00000", "2016-12-31": 47, "2016-09-30": -467, "2016-06-30": 430, "2016-03-31": "1999.00000", "2015-12-31": -3378, "2015-09-30": 774, "2015-06-30": 2649, "2015-03-31": "-87.00000", "2014-12-31": -1178, "2014-09-30": -422, "2014-06-30": 314, "2014-03-31": "1322.00000", "2013-12-31": -2049, "2013-09-30": 964, "2013-06-30": -77, "2013-03-31": "-4356.00000", "2012-12-31": 992, "2012-09-30": 935, "2012-06-30": 2059, "2012-03-31": "-390.00000", "2011-12-31": -1736, "2011-09-30": 2216, "2011-06-30": 1476, "2011-03-31": "-224.00000", "2010-12-31": -290, "2010-09-30": 348, "2010-06-30": 166, "2010-03-31": "-89.00000", "2009-12-31": -2509, "2009-09-30": -3130, "2009-06-30": -4203, "2009-03-31": "1194.00000", "2008-12-31": -1068, "2008-09-30": 3238, "2008-06-30": -4869, "2008-03-31": "2825.00000", "2007-12-31": 248, "2007-09-30": 1771, "2007-06-30": 3150, "2007-03-31": "-212.00000", "2006-12-31": -5050, "2006-09-30": 1500, "2006-06-30": -420, "2006-03-31": "-1394.00000", "2005-12-31": -55, "2005-09-30": 128, "2005-06-30": 1125, "2005-03-31": "-2530.00000"}, "Debt Issuance/Retirement Net - Total": {"2020-12-31": -1, "2020-09-30": -1255, "2020-06-30": -4720, "2020-03-31": "5976.00000", "2019-12-31": -3088, "2019-09-30": 2387, "2019-06-30": -2538, "2019-03-31": "1399.00000", "2018-12-31": -1042, "2018-09-30": 1236, "2018-06-30": 386, "2018-03-31": "-2714.00000", "2017-12-31": -749, "2017-09-30": 884, "2017-06-30": 3116, "2017-03-31": "-2211.00000", "2016-12-31": -2295, "2016-09-30": 204, "2016-06-30": 1311, "2016-03-31": "1405.00000", "2015-12-31": -3025, "2015-09-30": 2707, "2015-06-30": 2205, "2015-03-31": "-1043.00000", "2014-12-31": -645, "2014-09-30": -36, "2014-06-30": 3007, "2014-03-31": "2881.00000", "2013-12-31": -461, "2013-09-30": 2153, "2013-06-30": -1333, "2013-03-31": "-3058.00000", "2012-12-31": -145, "2012-09-30": -578, "2012-06-30": 2017, "2012-03-31": "-334.00000", "2011-12-31": -1840, "2011-09-30": 1608, "2011-06-30": 1024, "2011-03-31": "833.00000", "2010-12-31": -1442, "2010-09-30": 194, "2010-06-30": -17, "2010-03-31": "-1059.00000", "2009-12-31": -1989, "2009-09-30": -3152, "2009-06-30": -5941, "2009-03-31": "-104.00000", "2008-12-31": -1144, "2008-09-30": 1078, "2008-06-30": -3716, "2008-03-31": "3793.00000", "2007-12-31": -301, "2007-09-30": 2203, "2007-06-30": 2535, "2007-03-31": "-173.00000", "2006-12-31": -6674, "2006-09-30": 1082, "2006-06-30": -652, "2006-03-31": "-1830.00000", "2005-12-31": -1357, "2005-09-30": -795, "2005-06-30": 2200, "2005-03-31": "-497.00000"}, "Net Common Equity Issued/Repurchased": {"2020-12-31": 0, "2020-09-30": 0, "2020-06-30": 0, "2020-03-31": "", "2019-12-31": -300, "2019-09-30": -350, "2019-06-30": -200, "2019-03-31": "-913.00000", "2018-12-31": -400, "2018-09-30": -500, "2018-06-30": -235, "2018-03-31": "-318.00000", "2017-12-31": -273, "2017-09-30": -990, "2017-06-30": -342, "2017-03-31": "", "2016-12-31": -155, "2016-09-30": -241, "2016-06-30": -25, "2016-03-31": "-240.00000", "2015-12-31": -215, "2015-09-30": -300, "2015-06-30": -155, "2015-03-31": "-180.00000", "2014-12-31": -180, "2014-09-30": -225, "2014-06-30": -150, "2014-03-31": "-99.00000", "2013-12-31": -656, "2013-09-30": 0, "2013-06-30": -539, "2013-03-31": "-125.00000", "2012-12-31": -225, "2012-09-30": -350, "2012-06-30": -75, "2012-03-31": "", "2011-12-31": 0, "2011-09-30": 0, "2011-06-30": 0, "2011-03-31": "1368.00000", "2010-12-31": 0, "2010-09-30": 0, "2010-06-30": 0, "2010-03-31": "", "2009-12-31": 0, "2009-09-30": 0, "2009-06-30": 986, "2009-03-31": "", "2008-12-31": -2, "2008-09-30": 0, "2008-06-30": 2, "2008-03-31": "", "2007-12-31": 0, "2007-09-30": -109, "2007-06-30": -666, "2007-03-31": "-260.00000", "2006-12-31": -75, "2006-09-30": 7, "2006-06-30": 11, "2006-03-31": "18.00000", "2005-12-31": 32, "2005-09-30": 16, "2005-06-30": 13, "2005-03-31": "-1614.00000"}, "Net Total Equity Issued/Repurchased": {"2020-12-31": -346, "2020-09-30": 346, "2020-06-30": 0, "2020-03-31": "", "2019-12-31": -300, "2019-09-30": -108, "2019-06-30": -200, "2019-03-31": "-913.00000", "2018-12-31": -400, "2018-09-30": -500, "2018-06-30": -235, "2018-03-31": "-318.00000", "2017-12-31": -273, "2017-09-30": -990, "2017-06-30": -342, "2017-03-31": "", "2016-12-31": -155, "2016-09-30": -241, "2016-06-30": -25, "2016-03-31": "-240.00000", "2015-12-31": -215, "2015-09-30": -300, "2015-06-30": -155, "2015-03-31": "-180.00000", "2014-12-31": -180, "2014-09-30": -225, "2014-06-30": 147, "2014-03-31": "-99.00000", "2013-12-31": -215, "2013-09-30": 0, "2013-06-30": 54, "2013-03-31": "-125.00000", "2012-12-31": -225, "2012-09-30": -350, "2012-06-30": -75, "2012-03-31": "", "2011-12-31": 0, "2011-09-30": 0, "2011-06-30": 0, "2011-03-31": "-2040.00000", "2010-12-31": 0, "2010-09-30": 0, "2010-06-30": 0, "2010-03-31": "", "2009-12-31": 0, "2009-09-30": -35, "2009-06-30": 752, "2009-03-31": "", "2008-12-31": 3397, "2008-09-30": 0, "2008-06-30": 1074, "2008-03-31": "", "2007-12-31": 0, "2007-09-30": -109, "2007-06-30": -666, "2007-03-31": "-260.00000", "2006-12-31": -75, "2006-09-30": 7, "2006-06-30": 11, "2006-03-31": "18.00000", "2005-12-31": 32, "2005-09-30": 16, "2005-06-30": 13, "2005-03-31": "-1614.00000"}, "Total Common And Preferred Stock Dividends Paid": {"2020-12-31": 629, "2020-09-30": -212, "2020-06-30": -227, "2020-03-31": "-190.00000", "2019-12-31": -207, "2019-09-30": -220, "2019-06-30": -183, "2019-03-31": "-143.00000", "2018-12-31": -158, "2018-09-30": -146, "2018-06-30": -126, "2018-03-31": "-135.00000", "2017-12-31": -128, "2017-09-30": -104, "2017-06-30": -129, "2017-03-31": "-144.00000", "2016-12-31": -99, "2016-09-30": -115, "2016-06-30": -123, "2016-03-31": "-117.00000", "2015-12-31": -126, "2015-09-30": -120, "2015-06-30": -129, "2015-03-31": "-122.00000", "2014-12-31": -132, "2014-09-30": -122, "2014-06-30": -124, "2014-03-31": "-112.00000", "2013-12-31": -126, "2013-09-30": -111, "2013-06-30": -105, "2013-03-31": "-88.00000", "2012-12-31": -106, "2012-09-30": -81, "2012-06-30": -74, "2012-03-31": "-83.00000", "2011-12-31": -83, "2011-09-30": -16, "2011-06-30": -64, "2011-03-31": "-79.00000", "2010-12-31": -59, "2010-09-30": -60, "2010-06-30": -59, "2010-03-31": "-59.00000", "2009-12-31": -59, "2009-09-30": -25, "2009-06-30": -56, "2009-03-31": "-72.00000", "2008-12-31": -129, "2008-09-30": -111, "2008-06-30": -233, "2008-03-31": "-233.00000", "2007-12-31": -222, "2007-09-30": -224, "2007-06-30": -230, "2007-03-31": "-222.00000", "2006-12-31": -223, "2006-09-30": -222, "2006-06-30": -211, "2006-03-31": "-211.00000", "2005-12-31": -210, "2005-09-30": -194, "2005-06-30": -196, "2005-03-31": "-194.00000"}, "Financial Activities - Other": {"2020-12-31": -29578, "2020-09-30": -265, "2020-06-30": 21877, "2020-03-31": "7966.00000", "2019-12-31": 1703, "2019-09-30": -40, "2019-06-30": 1709, "2019-03-31": "312.00000", "2018-12-31": 4492, "2018-09-30": 209, "2018-06-30": -1360, "2018-03-31": "2263.00000", "2017-12-31": 1693, "2017-09-30": -438, "2017-06-30": -2296, "2017-03-31": "325.00000", "2016-12-31": 2543, "2016-09-30": -598, "2016-06-30": -329, "2016-03-31": "-501.00000", "2015-12-31": 2311, "2015-09-30": -2133, "2015-06-30": -415, "2015-03-31": "1702.00000", "2014-12-31": 4420, "2014-09-30": 1342, "2014-06-30": -944, "2014-03-31": "-2403.00000", "2013-12-31": 5149, "2013-09-30": 672, "2013-06-30": 1813, "2013-03-31": "2107.00000", "2012-12-31": 4828, "2012-09-30": 412, "2012-06-30": -1534, "2012-03-31": "82.00000", "2011-12-31": 3688, "2011-09-30": 1448, "2011-06-30": -1726, "2011-03-31": "670.00000", "2010-12-31": 284, "2010-09-30": -718, "2010-06-30": -1460, "2010-03-31": "-717.00000", "2009-12-31": 4939, "2009-09-30": -1460, "2009-06-30": 744, "2009-03-31": "1167.00000", "2008-12-31": 939, "2008-09-30": 45, "2008-06-30": 2172, "2008-03-31": "-4042.00000", "2007-12-31": 4322, "2007-09-30": 196, "2007-06-30": 19, "2007-03-31": "-198.00000", "2006-12-31": 740, "2006-09-30": -1882, "2006-06-30": 1516, "2006-03-31": "1574.00000", "2005-12-31": 1935, "2005-09-30": 2317, "2005-06-30": -2121, "2005-03-31": "3246.00000"}, "Cash Flow From Financial Activities": {"2020-12-31": -29296, "2020-09-30": -1386, "2020-06-30": 16930, "2020-03-31": "13752.00000", "2019-12-31": -1892, "2019-09-30": 2019, "2019-06-30": -1212, "2019-03-31": "655.00000", "2018-12-31": 2892, "2018-09-30": 799, "2018-06-30": -1335, "2018-03-31": "-904.00000", "2017-12-31": 543, "2017-09-30": -648, "2017-06-30": 349, "2017-03-31": "-2030.00000", "2016-12-31": -6, "2016-09-30": -750, "2016-06-30": 834, "2016-03-31": "547.00000", "2015-12-31": -1055, "2015-09-30": 154, "2015-06-30": 1506, "2015-03-31": "357.00000", "2014-12-31": 3463, "2014-09-30": 959, "2014-06-30": 2086, "2014-03-31": "267.00000", "2013-12-31": 4347, "2013-09-30": 2714, "2013-06-30": 429, "2013-03-31": "-1164.00000", "2012-12-31": 4352, "2012-09-30": -597, "2012-06-30": 334, "2012-03-31": "-335.00000", "2011-12-31": 1765, "2011-09-30": 3040, "2011-06-30": -766, "2011-03-31": "-616.00000", "2010-12-31": -1217, "2010-09-30": -584, "2010-06-30": -1536, "2010-03-31": "-1835.00000", "2009-12-31": 2891, "2009-09-30": -4672, "2009-06-30": -4501, "2009-03-31": "991.00000", "2008-12-31": 3063, "2008-09-30": 1012, "2008-06-30": -703, "2008-03-31": "-482.00000", "2007-12-31": 3799, "2007-09-30": 2066, "2007-06-30": 1658, "2007-03-31": "-853.00000", "2006-12-31": -6232, "2006-09-30": -1015, "2006-06-30": 664, "2006-03-31": "-449.00000", "2005-12-31": 400, "2005-09-30": 1344, "2005-06-30": -104, "2005-03-31": "941.00000"}, "Net Cash Flow": {"2020-12-31": 282, "2020-09-30": -225, "2020-06-30": -61, "2020-03-31": "4.00000", "2019-12-31": 17, "2019-09-30": 497, "2019-06-30": 15, "2019-03-31": "68.00000", "2018-12-31": 581, "2018-09-30": 48, "2018-06-30": 14, "2018-03-31": "-476.00000", "2017-12-31": 309, "2017-09-30": 2, "2017-06-30": -2, "2017-03-31": "-187.00000", "2016-12-31": 228, "2016-09-30": -195, "2016-06-30": 61, "2016-03-31": "-242.00000", "2015-12-31": 85, "2015-09-30": -330, "2015-06-30": -135, "2015-03-31": "-171.00000", "2014-12-31": -34, "2014-09-30": -187, "2014-06-30": 159, "2014-03-31": "-25.00000", "2013-12-31": 291, "2013-09-30": 497, "2013-06-30": 204, "2013-03-31": "-255.00000", "2012-12-31": -49, "2012-09-30": 97, "2012-06-30": 158, "2012-03-31": "-428.00000", "2011-12-31": 315, "2011-09-30": -32, "2011-06-30": 259, "2011-03-31": "-38.00000", "2010-12-31": -56, "2010-09-30": -1, "2010-06-30": 83, "2010-03-31": "-185.00000", "2009-12-31": 188, "2009-09-30": -769, "2009-06-30": 408, "2009-03-31": "-248.00000", "2008-12-31": -35, "2008-09-30": -79, "2008-06-30": -239, "2008-03-31": "432.00000", "2007-12-31": 166, "2007-09-30": 200, "2007-06-30": 83, "2007-03-31": "-494.00000", "2006-12-31": 314, "2006-09-30": -271, "2006-06-30": 176, "2006-03-31": "-584.00000", "2005-12-31": -294, "2005-09-30": 591, "2005-06-30": 361, "2005-03-31": "-141.00000"}, "Stock-Based Compensation": {"2020-12-31": -100, "2020-09-30": 23, "2020-06-30": 24, "2020-03-31": "53.00000", "2019-12-31": 23, "2019-09-30": 25, "2019-06-30": 30, "2019-03-31": "54.00000", "2018-12-31": 21, "2018-09-30": 26, "2018-06-30": 35, "2018-03-31": "45.00000", "2017-12-31": 23, "2017-09-30": 26, "2017-06-30": 24, "2017-03-31": "45.00000", "2016-12-31": 25, "2016-09-30": 23, "2016-06-30": 37, "2016-03-31": "26.00000", "2015-12-31": 22, "2015-09-30": 28, "2015-06-30": 29, "2015-03-31": "21.00000", "2014-12-31": 20, "2014-09-30": 20, "2014-06-30": 26, "2014-03-31": "17.00000", "2013-12-31": 18, "2013-09-30": 19, "2013-06-30": 24, "2013-03-31": "17.00000", "2012-12-31": 15, "2012-09-30": 17, "2012-06-30": 18, "2012-03-31": "19.00000", "2011-12-31": 20, "2011-09-30": 8, "2011-06-30": 14, "2011-03-31": "17.00000", "2010-12-31": 31, "2010-09-30": 11, "2010-06-30": 12, "2010-03-31": "10.00000", "2009-12-31": 11, "2009-09-30": 11, "2009-06-30": 12, "2009-03-31": "11.00000", "2008-12-31": 14, "2008-09-30": 15, "2008-06-30": 16, "2008-03-31": "12.00000", "2007-12-31": 15, "2007-09-30": 11, "2007-06-30": 18, "2007-03-31": "17.00000", "2006-12-31": 16, "2006-09-30": 17, "2006-06-30": 29, "2006-03-31": "15.00000", "2005-12-31": 12, "2005-09-30": 16, "2005-06-30": 19, "2005-03-31": "18.00000"}, "Common Stock Dividends Paid": {"2020-12-31": 629, "2020-09-30": -262, "2020-06-30": -194, "2020-03-31": "-173.00000", "2019-12-31": -114, "2019-09-30": -238, "2019-06-30": -165, "2019-03-31": "-143.00000", "2018-12-31": -120, "2018-09-30": -124, "2018-06-30": -111, "2018-03-31": "-112.00000", "2017-12-31": -91, "2017-09-30": -104, "2017-06-30": -129, "2017-03-31": "-106.00000", "2016-12-31": -99, "2016-09-30": -101, "2016-06-30": -100, "2016-03-31": "-102.00000", "2015-12-31": -103, "2015-09-30": -106, "2015-06-30": -106, "2015-03-31": "-107.00000", "2014-12-31": -109, "2014-09-30": -110, "2014-06-30": -101, "2014-03-31": "-103.00000", "2013-12-31": -107, "2013-09-30": -102, "2013-06-30": -96, "2013-03-31": "-88.00000", "2012-12-31": -88, "2012-09-30": -73, "2012-06-30": -74, "2012-03-31": "-74.00000", "2011-12-31": -74, "2011-09-30": -8, "2011-06-30": -55, "2011-03-31": "-55.00000", "2010-12-31": -8, "2010-09-30": -8, "2010-06-30": -8, "2010-03-31": "-8.00000", "2009-12-31": -7, "2009-09-30": 108, "2009-06-30": -56, "2009-03-31": "-72.00000", "2008-12-31": -62, "2008-09-30": -111, "2008-06-30": -233, "2008-03-31": "-233.00000", "2007-12-31": -222, "2007-09-30": -224, "2007-06-30": -230, "2007-03-31": "-222.00000", "2006-12-31": -223, "2006-09-30": -222, "2006-06-30": -211, "2006-03-31": "-211.00000", "2005-12-31": -210, "2005-09-30": -194, "2005-06-30": -196, "2005-03-31": "-194.00000"}}, "financial ratios": {"Current Ratio": {"2019-12-31": "", "2018-12-31": "", "2017-12-31": "", "2016-12-31": "", "2015-12-31": "", "2014-12-31": "", "2013-12-31": "", "2012-12-31": "", "2011-12-31": "", "2010-12-31": "", "2009-12-31": "", "2008-12-31": "", "2007-12-31": "", "2006-12-31": "", "2005-12-31": ""}, "Long-term Debt / Capital": {"2019-12-31": "0.41380", "2018-12-31": "0.47030", "2017-12-31": "0.47890", "2016-12-31": "0.46990", "2015-12-31": "0.49910", "2014-12-31": "0.48860", "2013-12-31": "0.39710", "2012-12-31": "0.33980", "2011-12-31": "0.42220", "2010-12-31": "0.40430", "2009-12-31": "0.43770", "2008-12-31": "0.52940", "2007-12-31": "0.58390", "2006-12-31": "0.55620", "2005-12-31": "0.61720"}, "Debt/Equity Ratio": {"2019-12-31": "0.76600", "2018-12-31": "1.04150", "2017-12-31": "1.17690", "2016-12-31": "1.11230", "2015-12-31": "1.10070", "2014-12-31": "1.06400", "2013-12-31": "0.77240", "2012-12-31": "1.03650", "2011-12-31": "1.00120", "2010-12-31": "0.81040", "2009-12-31": "0.89680", "2008-12-31": "1.97330", "2007-12-31": "2.40490", "2006-12-31": "1.67380", "2005-12-31": "2.62500"}, "Gross Margin": {"2019-12-31": "", "2018-12-31": "", "2017-12-31": "", "2016-12-31": "", "2015-12-31": "", "2014-12-31": "", "2013-12-31": "", "2012-12-31": "", "2011-12-31": "", "2010-12-31": "", "2009-12-31": "", "2008-12-31": "", "2007-12-31": "", "2006-12-31": "", "2005-12-31": ""}, "Operating Margin": {"2019-12-31": "", "2018-12-31": "", "2017-12-31": "", "2016-12-31": "", "2015-12-31": "", "2014-12-31": "", "2013-12-31": "", "2012-12-31": "", "2011-12-31": "", "2010-12-31": "", "2009-12-31": "", "2008-12-31": "", "2007-12-31": "", "2006-12-31": "", "2005-12-31": ""}, "EBIT Margin": {"2019-12-31": "", "2018-12-31": "", "2017-12-31": "", "2016-12-31": "", "2015-12-31": "", "2014-12-31": "", "2013-12-31": "", "2012-12-31": "", "2011-12-31": "", "2010-12-31": "", "2009-12-31": "", "2008-12-31": "", "2007-12-31": "", "2006-12-31": "", "2005-12-31": ""}, "EBITDA Margin": {"2019-12-31": "", "2018-12-31": "", "2017-12-31": "", "2016-12-31": "", "2015-12-31": "", "2014-12-31": "", "2013-12-31": "", "2012-12-31": "", "2011-12-31": "", "2010-12-31": "", "2009-12-31": "", "2008-12-31": "", "2007-12-31": "", "2006-12-31": "", "2005-12-31": ""}, "Pre-Tax Profit Margin": {"2019-12-31": "40.72760", "2018-12-31": "41.12750", "2017-12-31": "44.06150", "2016-12-31": "36.99730", "2015-12-31": "38.51790", "2014-12-31": "35.34950", "2013-12-31": "39.60970", "2012-12-31": "35.12960", "2011-12-31": "32.76080", "2010-12-31": "19.60380", "2009-12-31": "16.69930", "2008-12-31": "-140.21050", "2007-12-31": "31.70380", "2006-12-31": "35.82120", "2005-12-31": "44.08070"}, "Net Profit Margin": {"2019-12-31": "30.76830", "2018-12-31": "31.50380", "2017-12-31": "31.13450", "2016-12-31": "24.66490", "2015-12-31": "26.41690", "2014-12-31": "24.43790", "2013-12-31": "27.42800", "2012-12-31": "24.49530", "2011-12-31": "19.57420", "2010-12-31": "10.42750", "2009-12-31": "11.12560", "2008-12-31": "-114.73680", "2007-12-31": "22.17410", "2006-12-31": "26.15590", "2005-12-31": "30.90440"}, "Asset Turnover": {"2019-12-31": "0.04640", "2018-12-31": "0.04600", "2017-12-31": "0.04760", "2016-12-31": "0.04200", "2015-12-31": "0.04350", "2014-12-31": "0.04140", "2013-12-31": "0.05030", "2012-12-31": "0.05160", "2011-12-31": "0.04780", "2010-12-31": "0.04320", "2009-12-31": "0.04050", "2008-12-31": "0.01590", "2007-12-31": "0.04370", "2006-12-31": "0.04510", "2005-12-31": "0.04760"}, "Inventory Turnover Ratio": {"2019-12-31": "", "2018-12-31": "", "2017-12-31": "", "2016-12-31": "", "2015-12-31": "", "2014-12-31": "", "2013-12-31": "", "2012-12-31": "", "2011-12-31": "", "2010-12-31": "", "2009-12-31": "", "2008-12-31": "", "2007-12-31": "", "2006-12-31": "", "2005-12-31": ""}, "Receiveable Turnover": {"2019-12-31": "", "2018-12-31": "", "2017-12-31": "", "2016-12-31": "", "2015-12-31": "", "2014-12-31": "", "2013-12-31": "", "2012-12-31": "", "2011-12-31": "", "2010-12-31": "", "2009-12-31": "", "2008-12-31": "", "2007-12-31": "", "2006-12-31": "", "2005-12-31": ""}, "Days Sales In Receivables": {"2019-12-31": "", "2018-12-31": "", "2017-12-31": "", "2016-12-31": "", "2015-12-31": "", "2014-12-31": "", "2013-12-31": "", "2012-12-31": "", "2011-12-31": "", "2010-12-31": "", "2009-12-31": "", "2008-12-31": "", "2007-12-31": "", "2006-12-31": "", "2005-12-31": ""}, "ROE - Return On Equity": {"2019-12-31": "12.92650", "2018-12-31": "14.69940", "2017-12-31": "14.64170", "2016-12-31": "10.35500", "2015-12-31": "11.73400", "2014-12-31": "10.34600", "2013-12-31": "13.43440", "2012-12-31": "11.77620", "2011-12-31": "10.09880", "2010-12-31": "7.22230", "2009-12-31": "7.45350", "2008-12-31": "-26.96530", "2007-12-31": "11.75700", "2006-12-31": "11.82460", "2005-12-31": "16.41410"}, "Return On Tangible Equity": {"2019-12-31": "15.94210", "2018-12-31": "17.14090", "2017-12-31": "16.91230", "2016-12-31": "11.81200", "2015-12-31": "13.47870", "2014-12-31": "11.98290", "2013-12-31": "16.27450", "2012-12-31": "14.81550", "2011-12-31": "12.83500", "2010-12-31": "6.98580", "2009-12-31": "7.17340", "2008-12-31": "-24.04960", "2007-12-31": "18.15730", "2006-12-31": "16.58500", "2005-12-31": "23.37060"}, "ROA - Return On Assets": {"2019-12-31": "1.48320", "2018-12-31": "1.50130", "2017-12-31": "1.53430", "2016-12-31": "1.08530", "2015-12-31": "1.20950", "2014-12-31": "1.06920", "2013-12-31": "1.39980", "2012-12-31": "1.29130", "2011-12-31": "1.10970", "2010-12-31": "0.67830", "2009-12-31": "0.65000", "2008-12-31": "-1.76430", "2007-12-31": "0.96970", "2006-12-31": "1.17610", "2005-12-31": "1.47210"}, "ROI - Return On Investment": {"2019-12-31": "6.94440", "2018-12-31": "7.14890", "2017-12-31": "7.00420", "2016-12-31": "5.03920", "2015-12-31": "5.38510", "2014-12-31": "4.84130", "2013-12-31": "7.52710", "2012-12-31": "7.54950", "2011-12-31": "5.66000", "2010-12-31": "3.18550", "2009-12-31": "3.07030", "2008-12-31": "-8.23400", "2007-12-31": "4.88690", "2006-12-31": "5.24360", "2005-12-31": "6.27810"}, "Book Value Per Share": {"2019-12-31": "29.90900", "2018-12-31": "25.13030", "2017-12-31": "23.37830", "2016-12-31": "21.62890", "2015-12-31": "20.21450", "2014-12-31": "19.00980", "2013-12-31": "17.10030", "2012-12-31": "15.60280", "2011-12-31": "14.40630", "2010-12-31": "17.68240", "2009-12-31": "16.97590", "2008-12-31": "20.91670", "2007-12-31": "17.19820", "2006-12-31": "18.01700", "2005-12-31": "17.00070"}, "Operating Cash Flow Per Share": {"2019-12-31": -1.6333, "2018-12-31": 2.1683, "2017-12-31": -0.737, "2016-12-31": -0.2587, "2015-12-31": 0.5311, "2014-12-31": -2.6729, "2013-12-31": 2.4314, "2012-12-31": 0.2125, "2011-12-31": -1.6447, "2010-12-31": -1.0895, "2009-12-31": -0.3672, "2008-12-31": 6.8987, "2007-12-31": -3.916, "2006-12-31": 1.2394, "2005-12-31": 1.371}, "Free Cash Flow Per Share": {"2019-12-31": -1.8181, "2018-12-31": 2.3137, "2017-12-31": -0.694, "2016-12-31": -0.2971, "2015-12-31": 0.5747, "2014-12-31": -2.4793, "2013-12-31": 2.4341, "2012-12-31": 0.0714, "2011-12-31": -1.7118, "2010-12-31": -1.0695, "2009-12-31": 0.2554, "2008-12-31": 7.0453, "2007-12-31": -4.1735, "2006-12-31": 0.8742, "2005-12-31": 0.9104}}, "financial ratios, quarterly": {"Current Ratio": {"2020-09-30": "", "2020-06-30": "", "2020-03-31": "", "2019-12-31": "", "2019-09-30": "", "2019-06-30": "", "2019-03-31": "", "2018-12-31": "", "2018-09-30": "", "2018-06-30": "", "2018-03-31": "", "2017-12-31": "", "2017-09-30": "", "2017-06-30": "", "2017-03-31": "", "2016-12-31": "", "2016-09-30": "", "2016-06-30": "", "2016-03-31": "", "2015-12-31": "", "2015-09-30": "", "2015-06-30": "", "2015-03-31": "", "2014-12-31": "", "2014-09-30": "", "2014-06-30": "", "2014-03-31": "", "2013-12-31": "", "2013-09-30": "", "2013-06-30": "", "2013-03-31": "", "2012-12-31": "", "2012-09-30": "", "2012-06-30": "", "2012-03-31": "", "2011-12-31": "", "2011-09-30": "", "2011-06-30": "", "2011-03-31": "", "2010-12-31": "", "2010-09-30": "", "2010-06-30": "", "2010-03-31": "", "2009-12-31": "", "2009-09-30": "", "2009-06-30": "", "2009-03-31": "", "2008-12-31": "", "2008-09-30": "", "2008-06-30": "", "2008-03-31": "", "2007-12-31": "", "2007-09-30": "", "2007-06-30": "", "2007-03-31": "", "2006-12-31": "", "2006-09-30": "", "2006-06-30": "", "2006-03-31": "", "2005-12-31": "", "2005-09-30": "", "2005-06-30": "", "2005-03-31": ""}, "Long-term Debt / Capital": {"2020-09-30": "0.39720", "2020-06-30": "0.42230", "2020-03-31": "0.42670", "2019-12-31": "0.41380", "2019-09-30": "0.40340", "2019-06-30": "0.43300", "2019-03-31": "0.43830", "2018-12-31": "0.47030", "2018-09-30": "0.47710", "2018-06-30": "0.46840", "2018-03-31": "0.47740", "2017-12-31": "0.47890", "2017-09-30": "0.46150", "2017-06-30": "0.45000", "2017-03-31": "0.45350", "2016-12-31": "0.46990", "2016-09-30": "0.50130", "2016-06-30": "0.49210", "2016-03-31": "0.48340", "2015-12-31": "0.49910", "2015-09-30": "0.49470", "2015-06-30": "0.46370", "2015-03-31": "0.46910", "2014-12-31": "0.48860", "2014-09-30": "0.48140", "2014-06-30": "0.47380", "2014-03-31": "0.43040", "2013-12-31": "0.39710", "2013-09-30": "0.35550", "2013-06-30": "0.32710", "2013-03-31": "0.37410", "2012-12-31": "0.33980", "2012-09-30": "0.37120", "2012-06-30": "0.41200", "2012-03-31": "0.41480", "2011-12-31": "0.42220", "2011-09-30": "0.42870", "2011-06-30": "0.44620", "2011-03-31": "0.46400", "2010-12-31": "0.40430", "2010-09-30": "0.44050", "2010-06-30": "0.44510", "2010-03-31": "0.44950", "2009-12-31": "0.43770", "2009-09-30": "0.42610", "2009-06-30": "0.42440", "2009-03-31": "0.50160", "2008-12-31": "0.52940", "2008-09-30": "0.54760", "2008-06-30": "0.58320", "2008-03-31": "0.60020", "2007-12-31": "0.58390", "2007-09-30": "0.57350", "2007-06-30": "0.56540", "2007-03-31": "0.56280", "2006-12-31": "0.55620", "2006-09-30": "0.58570", "2006-06-30": "0.60280", "2006-03-31": "0.60900", "2005-12-31": "0.61720", "2005-09-30": "0.63770", "2005-06-30": "0.65160", "2005-03-31": "0.64740"}, "Debt/Equity Ratio": {"2020-09-30": "0.72200", "2020-06-30": "0.80030", "2020-03-31": "1.02630", "2019-12-31": "0.76600", "2019-09-30": "0.90620", "2019-06-30": "0.81850", "2019-03-31": "0.97970", "2018-12-31": "1.04150", "2018-09-30": "1.12870", "2018-06-30": "1.02640", "2018-03-31": "1.00670", "2017-12-31": "1.17690", "2017-09-30": "1.21150", "2017-06-30": "1.15300", "2017-03-31": "0.96180", "2016-12-31": "1.11230", "2016-09-30": "1.22050", "2016-06-30": "1.21270", "2016-03-31": "1.15940", "2015-12-31": "1.10070", "2015-09-30": "1.29670", "2015-06-30": "1.13720", "2015-03-31": "0.98520", "2014-12-31": "1.06400", "2014-09-30": "1.11470", "2014-06-30": "1.11300", "2014-03-31": "0.95650", "2013-12-31": "0.77240", "2013-09-30": "0.80450", "2013-06-30": "0.67860", "2013-03-31": "0.80060", "2012-12-31": "1.03650", "2012-09-30": "1.03970", "2012-06-30": "1.08070", "2012-03-31": "0.94370", "2011-12-31": "1.00120", "2011-09-30": "1.15800", "2011-06-30": "1.05210", "2011-03-31": "0.99930", "2010-12-31": "0.81040", "2010-09-30": "0.94130", "2010-06-30": "0.93310", "2010-03-31": "0.93800", "2009-12-31": "0.89680", "2009-09-30": "1.04240", "2009-06-30": "1.26560", "2009-03-31": "1.95150", "2008-12-31": "1.97330", "2008-09-30": "2.26800", "2008-06-30": "2.15000", "2008-03-31": "2.78440", "2007-12-31": "2.40490", "2007-09-30": "2.30540", "2007-06-30": "2.07940", "2007-03-31": "1.69570", "2006-12-31": "1.67380", "2006-09-30": "2.33860", "2006-06-30": "2.33050", "2006-03-31": "2.42190", "2005-12-31": "2.62500", "2005-09-30": "2.78580", "2005-06-30": "2.88560", "2005-03-31": "2.77790"}, "Gross Margin": {"2020-09-30": "", "2020-06-30": "", "2020-03-31": "", "2019-12-31": "", "2019-09-30": "", "2019-06-30": "", "2019-03-31": "", "2018-12-31": "", "2018-09-30": "", "2018-06-30": "", "2018-03-31": "", "2017-12-31": "", "2017-09-30": "", "2017-06-30": "", "2017-03-31": "", "2016-12-31": "", "2016-09-30": "", "2016-06-30": "", "2016-03-31": "", "2015-12-31": "", "2015-09-30": "", "2015-06-30": "", "2015-03-31": "", "2014-12-31": "", "2014-09-30": "", "2014-06-30": "", "2014-03-31": "", "2013-12-31": "", "2013-09-30": "", "2013-06-30": "", "2013-03-31": "", "2012-12-31": "", "2012-09-30": "", "2012-06-30": "", "2012-03-31": "", "2011-12-31": "", "2011-09-30": "", "2011-06-30": "", "2011-03-31": "", "2010-12-31": "", "2010-09-30": "", "2010-06-30": "", "2010-03-31": "", "2009-12-31": "", "2009-09-30": "", "2009-06-30": "", "2009-03-31": "", "2008-12-31": "", "2008-09-30": "", "2008-06-30": "", "2008-03-31": "", "2007-12-31": "", "2007-09-30": "", "2007-06-30": "", "2007-03-31": "", "2006-12-31": "", "2006-09-30": "", "2006-06-30": "", "2006-03-31": "", "2005-12-31": "", "2005-09-30": "", "2005-06-30": "", "2005-03-31": ""}, "Operating Margin": {"2020-09-30": "", "2020-06-30": "", "2020-03-31": "", "2019-12-31": "", "2019-09-30": "", "2019-06-30": "", "2019-03-31": "", "2018-12-31": "", "2018-09-30": "", "2018-06-30": "", "2018-03-31": "", "2017-12-31": "", "2017-09-30": "", "2017-06-30": "", "2017-03-31": "", "2016-12-31": "", "2016-09-30": "", "2016-06-30": "", "2016-03-31": "", "2015-12-31": "", "2015-09-30": "", "2015-06-30": "", "2015-03-31": "", "2014-12-31": "", "2014-09-30": "", "2014-06-30": "", "2014-03-31": "", "2013-12-31": "", "2013-09-30": "", "2013-06-30": "", "2013-03-31": "", "2012-12-31": "", "2012-09-30": "", "2012-06-30": "", "2012-03-31": "", "2011-12-31": "", "2011-09-30": "", "2011-06-30": "", "2011-03-31": "", "2010-12-31": "", "2010-09-30": "", "2010-06-30": "", "2010-03-31": "", "2009-12-31": "", "2009-09-30": "", "2009-06-30": "", "2009-03-31": "", "2008-12-31": "", "2008-09-30": "", "2008-06-30": "", "2008-03-31": "", "2007-12-31": "", "2007-09-30": "", "2007-06-30": "", "2007-03-31": "", "2006-12-31": "", "2006-09-30": "", "2006-06-30": "", "2006-03-31": "", "2005-12-31": "", "2005-09-30": "", "2005-06-30": "", "2005-03-31": ""}, "EBIT Margin": {"2020-09-30": "", "2020-06-30": "", "2020-03-31": "", "2019-12-31": "", "2019-09-30": "", "2019-06-30": "", "2019-03-31": "", "2018-12-31": "", "2018-09-30": "", "2018-06-30": "", "2018-03-31": "", "2017-12-31": "", "2017-09-30": "", "2017-06-30": "", "2017-03-31": "", "2016-12-31": "", "2016-09-30": "", "2016-06-30": "", "2016-03-31": "", "2015-12-31": "", "2015-09-30": "", "2015-06-30": "", "2015-03-31": "", "2014-12-31": "", "2014-09-30": "", "2014-06-30": "", "2014-03-31": "", "2013-12-31": "", "2013-09-30": "", "2013-06-30": "", "2013-03-31": "", "2012-12-31": "", "2012-09-30": "", "2012-06-30": "", "2012-03-31": "", "2011-12-31": "", "2011-09-30": "", "2011-06-30": "", "2011-03-31": "", "2010-12-31": "", "2010-09-30": "", "2010-06-30": "", "2010-03-31": "", "2009-12-31": "", "2009-09-30": "", "2009-06-30": "", "2009-03-31": "", "2008-12-31": "", "2008-09-30": "", "2008-06-30": "", "2008-03-31": "", "2007-12-31": "", "2007-09-30": "", "2007-06-30": "", "2007-03-31": "", "2006-12-31": "", "2006-09-30": "", "2006-06-30": "", "2006-03-31": "", "2005-12-31": "", "2005-09-30": "", "2005-06-30": "", "2005-03-31": ""}, "EBITDA Margin": {"2020-09-30": "", "2020-06-30": "", "2020-03-31": "", "2019-12-31": "", "2019-09-30": "", "2019-06-30": "", "2019-03-31": "", "2018-12-31": "", "2018-09-30": "", "2018-06-30": "", "2018-03-31": "", "2017-12-31": "", "2017-09-30": "", "2017-06-30": "", "2017-03-31": "", "2016-12-31": "", "2016-09-30": "", "2016-06-30": "", "2016-03-31": "", "2015-12-31": "", "2015-09-30": "", "2015-06-30": "", "2015-03-31": "", "2014-12-31": "", "2014-09-30": "", "2014-06-30": "", "2014-03-31": "", "2013-12-31": "", "2013-09-30": "", "2013-06-30": "", "2013-03-31": "", "2012-12-31": "", "2012-09-30": "", "2012-06-30": "", "2012-03-31": "", "2011-12-31": "", "2011-09-30": "", "2011-06-30": "", "2011-03-31": "", "2010-12-31": "", "2010-09-30": "", "2010-06-30": "", "2010-03-31": "", "2009-12-31": "", "2009-09-30": "", "2009-06-30": "", "2009-03-31": "", "2008-12-31": "", "2008-09-30": "", "2008-06-30": "", "2008-03-31": "", "2007-12-31": "", "2007-09-30": "", "2007-06-30": "", "2007-03-31": "", "2006-12-31": "", "2006-09-30": "", "2006-06-30": "", "2006-03-31": "", "2005-12-31": "", "2005-09-30": "", "2005-06-30": "", "2005-03-31": ""}, "Pre-Tax Profit Margin": {"2020-09-30": "39.11900", "2020-06-30": "17.87550", "2020-03-31": "4.76190", "2019-12-31": "44.74060", "2019-09-30": "37.28360", "2019-06-30": "31.70330", "2019-03-31": "47.58720", "2018-12-31": "37.50000", "2018-09-30": "36.13670", "2018-06-30": "42.76730", "2018-03-31": "46.61730", "2017-12-31": "40.98360", "2017-09-30": "60.43020", "2017-06-30": "34.04550", "2017-03-31": "28.65410", "2016-12-31": "44.35370", "2016-09-30": "41.63170", "2016-06-30": "30.28370", "2016-03-31": "30.61230", "2015-12-31": "49.63350", "2015-09-30": "35.32240", "2015-06-30": "30.57190", "2015-03-31": "34.44600", "2014-12-31": "36.18650", "2014-09-30": "34.31950", "2014-06-30": "38.84620", "2014-03-31": "31.55620", "2013-12-31": "36.23470", "2013-09-30": "38.64360", "2013-06-30": "44.82940", "2013-03-31": "37.66730", "2012-12-31": "31.63150", "2012-09-30": "33.33330", "2012-06-30": "37.61650", "2012-03-31": "38.26140", "2011-12-31": "29.62440", "2011-09-30": "35.90790", "2011-06-30": "35.96300", "2011-03-31": "29.11200", "2010-12-31": "29.74320", "2010-09-30": "23.63490", "2010-06-30": "20.56080", "2010-03-31": "-2.35550", "2009-12-31": "-28.59040", "2009-09-30": "-14.06250", "2009-06-30": "56.97430", "2009-03-31": "-37.42860", "2008-12-31": "346.82930", "2008-09-30": "-15.25630", "2008-06-30": "-15.78950", "2008-03-31": "37.28070", "2007-12-31": "6.46770", "2007-09-30": "34.18210", "2007-06-30": "40.55940", "2007-03-31": "40.23810", "2006-12-31": "7.32390", "2006-09-30": "40.45030", "2006-06-30": "41.34470", "2006-03-31": "41.52000", "2005-12-31": "42.33910", "2005-09-30": "43.25580", "2005-06-30": "45.05660", "2005-03-31": "45.39120"}, "Net Profit Margin": {"2020-09-30": "29.47040", "2020-06-30": "11.94140", "2020-03-31": "2.30160", "2019-12-31": "33.41270", "2019-09-30": "28.67970", "2019-06-30": "23.46150", "2019-03-31": "36.31150", "2018-12-31": "27.69230", "2018-09-30": "27.66100", "2018-06-30": "33.10460", "2018-03-31": "36.25790", "2017-12-31": "32.51370", "2017-09-30": "40.54380", "2017-06-30": "23.43210", "2017-03-31": "20.98410", "2016-12-31": "24.35370", "2016-09-30": "30.05400", "2016-06-30": "21.63120", "2016-03-31": "21.67490", "2015-12-31": "32.87960", "2015-09-30": "24.82850", "2015-06-30": "21.18770", "2015-03-31": "24.36080", "2014-12-31": "24.56510", "2014-09-30": "24.26040", "2014-06-30": "26.41030", "2014-03-31": "22.26230", "2013-12-31": "24.69370", "2013-09-30": "26.93540", "2013-06-30": "31.02350", "2013-03-31": "26.32250", "2012-12-31": "23.18080", "2012-09-30": "23.45930", "2012-06-30": "24.83360", "2012-03-31": "26.58630", "2011-12-31": "21.89940", "2011-09-30": "25.13550", "2011-06-30": "23.16990", "2011-03-31": "6.79540", "2010-12-31": "19.04420", "2010-09-30": "13.65060", "2010-06-30": "11.04500", "2010-03-31": "-7.70880", "2009-12-31": "-21.27660", "2009-09-30": "-20.70310", "2009-06-30": "36.07250", "2009-03-31": "-3.71430", "2008-12-31": "266.21950", "2008-09-30": "-9.65440", "2008-06-30": "-27.26050", "2008-03-31": "25.08770", "2007-12-31": "1.59200", "2007-09-30": "25.07720", "2007-06-30": "29.13750", "2007-03-31": "28.49210", "2006-12-31": "9.29580", "2006-09-30": "29.27020", "2006-06-30": "29.52090", "2006-03-31": "29.04000", "2005-12-31": "30.09970", "2005-09-30": "30.62020", "2005-06-30": "31.47170", "2005-03-31": "31.29360"}, "Asset Turnover": {"2020-09-30": "0.00940", "2020-06-30": "0.00670", "2020-03-31": "0.00680", "2019-12-31": "0.01240", "2019-09-30": "0.01080", "2019-06-30": "0.01080", "2019-03-31": "0.01250", "2018-12-31": "0.01070", "2018-09-30": "0.01070", "2018-06-30": "0.01240", "2018-03-31": "0.01340", "2017-12-31": "0.01030", "2017-09-30": "0.01730", "2017-06-30": "0.01030", "2017-03-31": "0.00990", "2016-12-31": "0.01030", "2016-09-30": "0.01160", "2016-06-30": "0.00980", "2016-03-31": "0.01000", "2015-12-31": "0.01350", "2015-09-30": "0.01030", "2015-06-30": "0.00960", "2015-03-31": "0.01000", "2014-12-31": "0.01040", "2014-09-30": "0.01010", "2014-06-30": "0.01180", "2014-03-31": "0.01070", "2013-12-31": "0.01190", "2013-09-30": "0.01240", "2013-06-30": "0.01520", "2013-03-31": "0.01290", "2012-12-31": "0.01400", "2012-09-30": "0.01280", "2012-06-30": "0.01280", "2012-03-31": "0.01350", "2011-12-31": "0.01210", "2011-09-30": "0.01280", "2011-06-30": "0.01270", "2011-03-31": "0.01170", "2010-12-31": "0.01260", "2010-09-30": "0.01140", "2010-06-30": "0.01050", "2010-03-31": "0.00830", "2009-12-31": "0.00660", "2009-09-30": "0.00690", "2009-06-30": "0.02050", "2009-03-31": "0.00590", "2008-12-31": "-0.00680", "2008-09-30": "0.00720", "2008-06-30": "0.00640", "2008-03-31": "0.01020", "2007-12-31": "0.00910", "2007-09-30": "0.01240", "2007-06-30": "0.01270", "2007-03-31": "0.01260", "2006-12-31": "0.00710", "2006-09-30": "0.01220", "2006-06-30": "0.01220", "2006-03-31": "0.01190", "2005-12-31": "0.01050", "2005-09-30": "0.01230", "2005-06-30": "0.01280", "2005-03-31": "0.01260"}, "Inventory Turnover Ratio": {"2020-09-30": "", "2020-06-30": "", "2020-03-31": "", "2019-12-31": "", "2019-09-30": "", "2019-06-30": "", "2019-03-31": "", "2018-12-31": "", "2018-09-30": "", "2018-06-30": "", "2018-03-31": "", "2017-12-31": "", "2017-09-30": "", "2017-06-30": "", "2017-03-31": "", "2016-12-31": "", "2016-09-30": "", "2016-06-30": "", "2016-03-31": "", "2015-12-31": "", "2015-09-30": "", "2015-06-30": "", "2015-03-31": "", "2014-12-31": "", "2014-09-30": "", "2014-06-30": "", "2014-03-31": "", "2013-12-31": "", "2013-09-30": "", "2013-06-30": "", "2013-03-31": "", "2012-12-31": "", "2012-09-30": "", "2012-06-30": "", "2012-03-31": "", "2011-12-31": "", "2011-09-30": "", "2011-06-30": "", "2011-03-31": "", "2010-12-31": "", "2010-09-30": "", "2010-06-30": "", "2010-03-31": "", "2009-12-31": "", "2009-09-30": "", "2009-06-30": "", "2009-03-31": "", "2008-12-31": "", "2008-09-30": "", "2008-06-30": "", "2008-03-31": "", "2007-12-31": "", "2007-09-30": "", "2007-06-30": "", "2007-03-31": "", "2006-12-31": "", "2006-09-30": "", "2006-06-30": "", "2006-03-31": "", "2005-12-31": "", "2005-09-30": "", "2005-06-30": "", "2005-03-31": ""}, "Receiveable Turnover": {"2020-09-30": "", "2020-06-30": "", "2020-03-31": "", "2019-12-31": "", "2019-09-30": "", "2019-06-30": "", "2019-03-31": "", "2018-12-31": "", "2018-09-30": "", "2018-06-30": "", "2018-03-31": "", "2017-12-31": "", "2017-09-30": "", "2017-06-30": "", "2017-03-31": "", "2016-12-31": "", "2016-09-30": "", "2016-06-30": "", "2016-03-31": "", "2015-12-31": "", "2015-09-30": "", "2015-06-30": "", "2015-03-31": "", "2014-12-31": "", "2014-09-30": "", "2014-06-30": "", "2014-03-31": "", "2013-12-31": "", "2013-09-30": "", "2013-06-30": "", "2013-03-31": "", "2012-12-31": "", "2012-09-30": "", "2012-06-30": "", "2012-03-31": "", "2011-12-31": "", "2011-09-30": "", "2011-06-30": "", "2011-03-31": "", "2010-12-31": "", "2010-09-30": "", "2010-06-30": "", "2010-03-31": "", "2009-12-31": "", "2009-09-30": "", "2009-06-30": "", "2009-03-31": "", "2008-12-31": "", "2008-09-30": "", "2008-06-30": "", "2008-03-31": "", "2007-12-31": "", "2007-09-30": "", "2007-06-30": "", "2007-03-31": "", "2006-12-31": "", "2006-09-30": "", "2006-06-30": "", "2006-03-31": "", "2005-12-31": "", "2005-09-30": "", "2005-06-30": "", "2005-03-31": ""}, "Days Sales In Receivables": {"2020-09-30": "", "2020-06-30": "", "2020-03-31": "", "2019-12-31": "", "2019-09-30": "", "2019-06-30": "", "2019-03-31": "", "2018-12-31": "", "2018-09-30": "", "2018-06-30": "", "2018-03-31": "", "2017-12-31": "", "2017-09-30": "", "2017-06-30": "", "2017-03-31": "", "2016-12-31": "", "2016-09-30": "", "2016-06-30": "", "2016-03-31": "", "2015-12-31": "", "2015-09-30": "", "2015-06-30": "", "2015-03-31": "", "2014-12-31": "", "2014-09-30": "", "2014-06-30": "", "2014-03-31": "", "2013-12-31": "", "2013-09-30": "", "2013-06-30": "", "2013-03-31": "", "2012-12-31": "", "2012-09-30": "", "2012-06-30": "", "2012-03-31": "", "2011-12-31": "", "2011-09-30": "", "2011-06-30": "", "2011-03-31": "", "2010-12-31": "", "2010-09-30": "", "2010-06-30": "", "2010-03-31": "", "2009-12-31": "", "2009-09-30": "", "2009-06-30": "", "2009-03-31": "", "2008-12-31": "", "2008-09-30": "", "2008-06-30": "", "2008-03-31": "", "2007-12-31": "", "2007-09-30": "", "2007-06-30": "", "2007-03-31": "", "2006-12-31": "", "2006-09-30": "", "2006-06-30": "", "2006-03-31": "", "2005-12-31": "", "2005-09-30": "", "2005-06-30": "", "2005-03-31": ""}, "ROE - Return On Equity": {"2020-09-30": "2.78860", "2020-06-30": "0.94820", "2020-03-31": "0.22880", "2019-12-31": "3.78220", "2019-09-30": "2.79620", "2019-06-30": "2.34230", "2019-03-31": "4.18620", "2018-12-31": "3.04310", "2018-09-30": "3.00300", "2018-06-30": "4.03460", "2018-03-31": "4.71320", "2017-12-31": "3.31790", "2017-09-30": "6.73800", "2017-06-30": "2.42810", "2017-03-31": "2.01640", "2016-12-31": "2.53000", "2016-09-30": "3.33480", "2016-06-30": "2.10080", "2016-03-31": "2.16990", "2015-12-31": "4.50510", "2015-09-30": "2.62270", "2015-06-30": "2.15980", "2015-03-31": "2.47720", "2014-12-31": "2.68590", "2014-09-30": "2.40930", "2014-06-30": "3.09660", "2014-03-31": "2.30660", "2013-12-31": "2.95760", "2013-09-30": "2.98860", "2013-06-30": "4.44830", "2013-03-31": "3.04690", "2012-12-31": "2.95530", "2012-09-30": "2.72230", "2012-06-30": "2.86760", "2012-03-31": "3.25460", "2011-12-31": "2.45080", "2011-09-30": "3.00950", "2011-06-30": "2.76160", "2011-03-31": "2.24690", "2010-12-31": "3.19390", "2010-09-30": "2.31720", "2010-06-30": "1.90670", "2010-03-31": "-0.10220", "2009-12-31": "-0.99110", "2009-09-30": "-0.96140", "2009-06-30": "8.72230", "2009-03-31": "0.63690", "2008-12-31": "-27.32260", "2008-09-30": "-0.58250", "2008-06-30": "-2.08850", "2008-03-31": "3.06110", "2007-12-31": "0.17480", "2007-09-30": "3.50060", "2007-06-30": "4.09500", "2007-03-31": "3.66510", "2006-12-31": "0.65910", "2006-09-30": "3.76510", "2006-06-30": "4.00130", "2006-03-31": "3.79490", "2005-12-31": "3.51810", "2005-09-30": "4.21290", "2005-06-30": "4.46280", "2005-03-31": "4.56130"}, "Return On Tangible Equity": {"2020-09-30": "3.25070", "2020-06-30": "1.13190", "2020-03-31": "0.27470", "2019-12-31": "4.66460", "2019-09-30": "3.43060", "2019-06-30": "2.99350", "2019-03-31": "5.47160", "2018-12-31": "3.54850", "2018-09-30": "3.53040", "2018-06-30": "4.70280", "2018-03-31": "5.48260", "2017-12-31": "3.83240", "2017-09-30": "7.74580", "2017-06-30": "2.78960", "2017-03-31": "2.30170", "2016-12-31": "2.88600", "2016-09-30": "3.75030", "2016-06-30": "2.36380", "2016-03-31": "2.46170", "2015-12-31": "5.17500", "2015-09-30": "3.00660", "2015-06-30": "2.50100", "2015-03-31": "2.84590", "2014-12-31": "3.11090", "2014-09-30": "2.81550", "2014-06-30": "3.61500", "2014-03-31": "2.78480", "2013-12-31": "3.58290", "2013-09-30": "3.71780", "2013-06-30": "5.40270", "2013-03-31": "3.84800", "2012-12-31": "3.71800", "2012-09-30": "3.42010", "2012-06-30": "3.61910", "2012-03-31": "4.13860", "2011-12-31": "3.11480", "2011-09-30": "3.83530", "2011-06-30": "3.62830", "2011-03-31": "3.00250", "2010-12-31": "3.08930", "2010-09-30": "2.19860", "2010-06-30": "1.81900", "2010-03-31": "-0.09830", "2009-12-31": "-0.95390", "2009-09-30": "-0.92150", "2009-06-30": "8.35620", "2009-03-31": "0.56540", "2008-12-31": "-24.36830", "2008-09-30": "-0.89900", "2008-06-30": "-3.23360", "2008-03-31": "4.64810", "2007-12-31": "0.27000", "2007-09-30": "5.12860", "2007-06-30": "6.02080", "2007-03-31": "5.21650", "2006-12-31": "0.92450", "2006-09-30": "5.27270", "2006-06-30": "5.71170", "2006-03-31": "5.42460", "2005-12-31": "5.00910", "2005-09-30": "6.01030", "2005-06-30": "6.35090", "2005-03-31": "6.63930"}, "ROA - Return On Assets": {"2020-09-30": "0.28760", "2020-06-30": "0.09610", "2020-03-31": "0.02480", "2019-12-31": "0.43400", "2019-09-30": "0.32090", "2019-06-30": "0.26840", "2019-03-31": "0.46170", "2018-12-31": "0.31080", "2018-09-30": "0.30770", "2018-06-30": "0.42790", "2018-03-31": "0.49540", "2017-12-31": "0.34770", "2017-09-30": "0.71280", "2017-06-30": "0.26020", "2017-03-31": "0.21750", "2016-12-31": "0.26520", "2016-09-30": "0.36010", "2016-06-30": "0.22560", "2016-03-31": "0.22890", "2015-12-31": "0.46440", "2015-09-30": "0.26850", "2015-06-30": "0.21810", "2015-03-31": "0.25700", "2014-12-31": "0.27760", "2014-09-30": "0.25340", "2014-06-30": "0.33120", "2014-03-31": "0.24600", "2013-12-31": "0.30820", "2013-09-30": "0.33500", "2013-06-30": "0.47910", "2013-03-31": "0.33940", "2012-12-31": "0.32410", "2012-09-30": "0.30980", "2012-06-30": "0.32750", "2012-03-31": "0.36830", "2011-12-31": "0.26930", "2011-09-30": "0.33160", "2011-06-30": "0.30410", "2011-03-31": "0.23990", "2010-12-31": "0.30000", "2010-09-30": "0.21190", "2010-06-30": "0.17140", "2010-03-31": "-0.00890", "2009-12-31": "-0.08640", "2009-09-30": "-0.08760", "2009-06-30": "0.76040", "2009-03-31": "0.04190", "2008-12-31": "-1.78770", "2008-09-30": "-0.04820", "2008-06-30": "-0.17570", "2008-03-31": "0.25670", "2007-12-31": "0.01440", "2007-09-30": "0.31170", "2007-06-30": "0.37080", "2007-03-31": "0.35960", "2006-12-31": "0.06560", "2006-09-30": "0.35620", "2006-06-30": "0.36000", "2006-03-31": "0.34180", "2005-12-31": "0.31550", "2005-09-30": "0.37760", "2005-06-30": "0.40420", "2005-03-31": "0.39430"}, "ROI - Return On Investment": {"2020-09-30": "1.52600", "2020-06-30": "0.50440", "2020-03-31": "0.12060", "2019-12-31": "2.03190", "2019-09-30": "1.53020", "2019-06-30": "1.24260", "2019-03-31": "2.19380", "2018-12-31": "1.48000", "2018-09-30": "1.43850", "2018-06-30": "1.96910", "2018-03-31": "2.26100", "2017-12-31": "1.58720", "2017-09-30": "3.33340", "2017-06-30": "1.22730", "2017-03-31": "1.01280", "2016-12-31": "1.23120", "2016-09-30": "1.53140", "2016-06-30": "0.98230", "2016-03-31": "1.02970", "2015-12-31": "2.06760", "2015-09-30": "1.21400", "2015-06-30": "1.05970", "2015-03-31": "1.20500", "2014-12-31": "1.25690", "2014-09-30": "1.14170", "2014-06-30": "1.48970", "2014-03-31": "1.22240", "2013-12-31": "1.65710", "2013-09-30": "1.84830", "2013-06-30": "2.78550", "2013-03-31": "1.85250", "2012-12-31": "1.89460", "2012-09-30": "1.66240", "2012-06-30": "1.63770", "2012-03-31": "1.84880", "2011-12-31": "1.37360", "2011-09-30": "1.66680", "2011-06-30": "1.48110", "2011-03-31": "1.16500", "2010-12-31": "1.40870", "2010-09-30": "0.95710", "2010-06-30": "0.77760", "2010-03-31": "-0.04110", "2009-12-31": "-0.40830", "2009-09-30": "-0.40670", "2009-06-30": "3.70560", "2009-03-31": "0.20590", "2008-12-31": "-8.34310", "2008-09-30": "-0.23690", "2008-06-30": "-0.78290", "2008-03-31": "1.22260", "2007-12-31": "0.07270", "2007-09-30": "1.49140", "2007-06-30": "1.77790", "2007-03-31": "1.60100", "2006-12-31": "0.29230", "2006-09-30": "1.55840", "2006-06-30": "1.58780", "2006-03-31": "1.48260", "2005-12-31": "1.34560", "2005-09-30": "1.52470", "2005-06-30": "1.55320", "2005-03-31": "1.60660"}, "Book Value Per Share": {"2020-09-30": "32.21970", "2020-06-30": "31.36050", "2020-03-31": "30.75050", "2019-12-31": "29.90900", "2019-09-30": "29.78640", "2019-06-30": "28.25940", "2019-03-31": "26.83780", "2018-12-31": "25.13030", "2018-09-30": "23.96530", "2018-06-30": "23.96480", "2018-03-31": "23.65750", "2017-12-31": "23.37830", "2017-09-30": "23.21850", "2017-06-30": "22.25830", "2017-03-31": "21.93840", "2016-12-31": "21.62890", "2016-09-30": "22.23980", "2016-06-30": "21.86220", "2016-03-31": "21.22730", "2015-12-31": "20.21450", "2015-09-30": "19.93620", "2015-06-30": "19.30490", "2015-03-31": "19.50960", "2014-12-31": "19.00980", "2014-09-30": "18.51100", "2014-06-30": "18.36380", "2014-03-31": "17.53720", "2013-12-31": "17.10030", "2013-09-30": "16.54960", "2013-06-30": "16.76740", "2013-03-31": "15.91500", "2012-12-31": "15.60280", "2012-09-30": "15.34210", "2012-06-30": "15.04390", "2012-03-31": "14.79260", "2011-12-31": "14.40630", "2011-09-30": "14.19690", "2011-06-30": "13.69950", "2011-03-31": "13.27050", "2010-12-31": "17.68240", "2010-09-30": "17.47240", "2010-06-30": "17.20540", "2010-03-31": "16.86930", "2009-12-31": "16.97590", "2009-09-30": "17.21080", "2009-06-30": "17.22590", "2009-03-31": "20.97630", "2008-12-31": "20.91670", "2008-09-30": "18.52160", "2008-06-30": "18.62070", "2008-03-31": "17.57550", "2007-12-31": "17.19820", "2007-09-30": "17.44750", "2007-06-30": "17.15710", "2007-03-31": "17.82300", "2006-12-31": "18.01700", "2006-09-30": "17.95850", "2006-06-30": "17.12870", "2006-03-31": "17.01520", "2005-12-31": "17.00070", "2005-09-30": "16.92820", "2005-06-30": "16.82380", "2005-03-31": "16.04170"}, "Operating Cash Flow Per Share": {"2020-09-30": 0.0826, "2020-06-30": 2.1192, "2020-03-31": "0.60110", "2019-12-31": 1.9286, "2019-09-30": -0.4761, "2019-06-30": 0.2844, "2019-03-31": "0.79620", "2018-12-31": 1.3292, "2018-09-30": 0.98, "2018-06-30": 1.4808, "2018-03-31": "0.37640", "2017-12-31": 0.3234, "2017-09-30": 0.8213, "2017-06-30": 0.1568, "2017-03-31": "0.69660", "2016-12-31": 1.1517, "2016-09-30": 0.6655, "2016-06-30": 0.41, "2016-03-31": "0.50790", "2015-12-31": 1.1094, "2015-09-30": 0.7157, "2015-06-30": 0.5543, "2015-03-31": "0.61440", "2014-12-31": 0.6078, "2014-09-30": 0.7173, "2014-06-30": 0.7413, "2014-03-31": "0.39630", "2013-12-31": 0.8265, "2013-09-30": 1.4322, "2013-06-30": 1.5354, "2013-03-31": "1.34150", "2012-12-31": -0.1916, "2012-09-30": 0.7243, "2012-06-30": 0.1922, "2012-03-31": "1.97930", "2011-12-31": -0.2922, "2011-09-30": -0.245, "2011-06-30": 0.9246, "2011-03-31": "2.10430", "2010-12-31": 1.2619, "2010-09-30": 1.3234, "2010-06-30": 0.3992, "2010-03-31": "1.15190", "2009-12-31": 2.1031, "2009-09-30": 2.2523, "2009-06-30": 0.9946, "2009-03-31": "-0.12410", "2008-12-31": 0.0284, "2008-09-30": -0.6612, "2008-06-30": 3.5674, "2008-03-31": "2.65850", "2007-12-31": -1.7003, "2007-09-30": 0.0466, "2007-06-30": 0.5033, "2007-03-31": "-0.15520", "2006-12-31": -0.1817, "2006-09-30": 0.7849, "2006-06-30": -0.0072, "2006-03-31": "2.01440", "2005-12-31": -4.0394, "2005-09-30": 1.3907, "2005-06-30": 2.3453, "2005-03-31": "1.67440"}, "Free Cash Flow Per Share": {"2020-09-30": -0.1104, "2020-06-30": 2.0129, "2020-03-31": "0.51090", "2019-12-31": 1.8623, "2019-09-30": -0.5478, "2019-06-30": 0.2132, "2019-03-31": "0.70820", "2018-12-31": 1.3125, "2018-09-30": 0.9892, "2018-06-30": 1.42, "2018-03-31": "0.33230", "2017-12-31": 0.2511, "2017-09-30": 0.8166, "2017-06-30": 0.0443, "2017-03-31": "0.62830", "2016-12-31": 1.1306, "2016-09-30": 0.5872, "2016-06-30": 0.3063, "2016-03-31": "0.41020", "2015-12-31": 1.0134, "2015-09-30": 0.6391, "2015-06-30": 0.5243, "2015-03-31": "0.55460", "2014-12-31": 0.5332, "2014-09-30": 0.5731, "2014-06-30": 0.724, "2014-03-31": "0.32640", "2013-12-31": 0.7074, "2013-09-30": 1.2849, "2013-06-30": 1.3986, "2013-03-31": "1.24510", "2012-12-31": -0.3319, "2012-09-30": 0.598, "2012-06-30": 0.0641, "2012-03-31": "1.87170", "2011-12-31": -0.442, "2011-09-30": -0.2973, "2011-06-30": 0.8784, "2011-03-31": "1.99140", "2010-12-31": 1.1522, "2010-09-30": 1.2599, "2010-06-30": 0.3327, "2010-03-31": "1.09750", "2009-12-31": 2.0181, "2009-09-30": 2.1848, "2009-06-30": 0.9537, "2009-03-31": "-0.24480", "2008-12-31": -0.3261, "2008-09-30": -0.8027, "2008-06-30": 3.2588, "2008-03-31": "2.52640", "2007-12-31": -2.0054, "2007-09-30": -0.319, "2007-06-30": 0.3001, "2007-03-31": "-0.36460", "2006-12-31": -0.4555, "2006-09-30": 0.6315, "2006-06-30": -0.2137, "2006-03-31": "1.82230", "2005-12-31": -4.1882, "2005-09-30": 1.2187, "2005-06-30": 2.2785, "2005-03-31": "1.60140"}}, "revenue": {"Fifth Third Bancorp Annual Revenue (Millions of US $)": {"2020": "$8,402", "2019": "$9,790", "2018": "$7,973", "2017": "$7,713", "2016": "$6,889", "2015": "$7,031", "2014": "$6,503", "2013": "$7,200", "2012": "$7,106", "2011": "$6,673", "2010": "$7,218", "2009": "$9,450", "2008": "$8,554", "2007": "$8,494", "2006": "$7,967", "2005": "$7,369"}, "Fifth Third Bancorp Quarterly Revenue (Millions of US $)": {"2020-12-31": "$2,102", "2020-09-30": "$2,051", "2020-06-30": "$2,053", "2020-03-31": "$2,196", "2019-12-31": "$2,595", "2019-09-30": "$2,365", "2019-06-30": "$2,296", "2019-03-31": "$2,534", "2018-12-31": "$1,968", "2018-09-30": "$1,878", "2018-06-30": "$2,012", "2018-03-31": "$2,115", "2017-12-31": "$1,721", "2017-09-30": "$2,713", "2017-06-30": "$1,670", "2017-03-31": "$1,609", "2016-12-31": "$1,672", "2016-09-30": "$1,897", "2016-06-30": "$1,645", "2016-03-31": "$1,675", "2015-12-31": "$2,133", "2015-09-30": "$1,739", "2015-06-30": "$1,559", "2015-03-31": "$1,600", "2014-12-31": "$1,664", "2014-09-30": "$1,538", "2014-06-30": "$1,744", "2014-03-31": "$1,557", "2013-12-31": "$1,705", "2013-09-30": "$1,713", "2013-06-30": "$2,044", "2013-03-31": "$1,738", "2012-12-31": "$1,898", "2012-09-30": "$1,694", "2012-06-30": "$1,705", "2012-03-31": "$1,809", "2011-12-31": "$1,608", "2011-09-30": "$1,720", "2011-06-30": "$1,701", "2011-03-31": "$1,644", "2010-12-31": "$1,759", "2010-09-30": "$1,953", "2010-06-30": "$1,736", "2010-03-31": "$1,770", "2009-12-31": "$1,793", "2009-09-30": "$2,020", "2009-06-30": "$3,762", "2009-03-31": "$1,875", "2008-12-31": "$2,049", "2008-09-30": "$2,265", "2008-06-30": "$1,929", "2008-03-31": "$2,311", "2007-12-31": "$2,058", "2007-09-30": "$2,210", "2007-06-30": "$2,158", "2007-03-31": "$2,068", "2006-12-31": "$1,624", "2006-09-30": "$2,196", "2006-06-30": "$2,132", "2006-03-31": "$2,015", "2005-12-31": "$1,862", "2005-09-30": "$1,905", "2005-06-30": "$1,850", "2005-03-31": "$1,752"}}, "gross-profit": {"Fifth Third Bancorp Annual Gross Profit (Millions of US $)": {"2020": "$7,612", "2019": "$8,333", "2018": "$6,930", "2017": "$7,022", "2016": "$6,311", "2015": "$6,536", "2014": "$6,052", "2013": "$6,788", "2012": "$6,594", "2011": "$6,012", "2010": "$6,333", "2009": "$8,136", "2008": "$6,460", "2007": "$5,476", "2006": "$4,885", "2005": "$5,339"}, "Fifth Third Bancorp Quarterly Gross Profit (Millions of US $)": {"2020-12-31": "$1,969", "2020-09-30": "$1,892", "2020-06-30": "$1,850", "2020-03-31": "$1,900", "2019-12-31": "$2,263", "2019-09-30": "$1,982", "2019-06-30": "$1,905", "2019-03-31": "$2,183", "2018-12-31": "$1,656", "2018-09-30": "$1,606", "2018-06-30": "$1,763", "2018-03-31": "$1,905", "2017-12-31": "$1,532", "2017-09-30": "$2,531", "2017-06-30": "$1,503", "2017-03-31": "$1,456", "2016-12-31": "$1,523", "2016-09-30": "$1,747", "2016-06-30": "$1,501", "2016-03-31": "$1,540", "2015-12-31": "$2,002", "2015-09-30": "$1,614", "2015-06-30": "$1,443", "2015-03-31": "$1,477", "2014-12-31": "$1,536", "2014-09-30": "$1,423", "2014-06-30": "$1,636", "2014-03-31": "$1,457", "2013-12-31": "$1,603", "2013-09-30": "$1,614", "2013-06-30": "$1,940", "2013-03-31": "$1,631", "2012-12-31": "$1,780", "2012-09-30": "$1,574", "2012-06-30": "$1,573", "2012-03-31": "$1,667", "2011-12-31": "$1,466", "2011-09-30": "$1,563", "2011-06-30": "$1,520", "2011-03-31": "$1,463", "2010-12-31": "$1,568", "2010-09-30": "$1,739", "2010-06-30": "$1,502", "2010-03-31": "$1,524", "2009-12-31": "$1,529", "2009-09-30": "$1,720", "2009-06-30": "$3,414", "2009-03-31": "$1,473", "2008-12-31": "$1,536", "2008-09-30": "$1,780", "2008-06-30": "$1,460", "2008-03-31": "$1,684", "2007-12-31": "$1,289", "2007-09-30": "$1,435", "2007-06-30": "$1,408", "2007-03-31": "$1,344", "2006-12-31": "$817", "2006-09-30": "$1,375", "2006-06-30": "$1,365", "2006-03-31": "$1,328", "2005-12-31": "$1,237", "2005-09-30": "$1,359", "2005-06-30": "$1,385", "2005-03-31": "$1,358"}}, "operating-income": {"Fifth Third Bancorp Annual Operating Income (Millions of US $)": {"2020": "$1,797", "2019": "$3,202", "2018": "$2,765", "2017": "$2,979", "2016": "$2,208", "2015": "$2,365", "2014": "$2,028", "2013": "$2,598", "2012": "$2,210", "2011": "$1,831", "2010": "$940", "2009": "$767", "2008": "$-2,664", "2007": "$1,537", "2006": "$1,627", "2005": "$2,208"}, "Fifth Third Bancorp Quarterly Operating Income (Millions of US $)": {"2020-12-31": "$746", "2020-09-30": "$746", "2020-06-30": "$244", "2020-03-31": "$60", "2019-12-31": "$940", "2019-09-30": "$689", "2019-06-30": "$577", "2019-03-31": "$996", "2018-12-31": "$585", "2018-09-30": "$550", "2018-06-30": "$748", "2018-03-31": "$882", "2017-12-31": "$600", "2017-09-30": "$1,489", "2017-06-30": "$494", "2017-03-31": "$396", "2016-12-31": "$652", "2016-09-30": "$694", "2016-06-30": "$427", "2016-03-31": "$435", "2015-12-31": "$948", "2015-09-30": "$515", "2015-06-30": "$417", "2015-03-31": "$485", "2014-12-31": "$520", "2014-09-30": "$464", "2014-06-30": "$606", "2014-03-31": "$438", "2013-12-31": "$562", "2013-09-30": "$604", "2013-06-30": "$841", "2013-03-31": "$591", "2012-12-31": "$539", "2012-09-30": "$503", "2012-06-30": "$565", "2012-03-31": "$603", "2011-12-31": "$418", "2011-09-30": "$530", "2011-06-30": "$506", "2011-03-31": "$377", "2010-12-31": "$417", "2010-09-30": "$303", "2010-06-30": "$242", "2010-03-31": "$-22", "2009-12-31": "$-215", "2009-09-30": "$-108", "2009-06-30": "$1,352", "2009-03-31": "$-262", "2008-12-31": "$-1,879", "2008-09-30": "$-128", "2008-06-30": "$-117", "2008-03-31": "$425", "2007-12-31": "$65", "2007-09-30": "$443", "2007-06-30": "$522", "2007-03-31": "$507", "2006-12-31": "$52", "2006-09-30": "$521", "2006-06-30": "$535", "2006-03-31": "$519", "2005-12-31": "$467", "2005-09-30": "$558", "2005-06-30": "$597", "2005-03-31": "$586"}}, "ebitda": {"Fifth Third Bancorp Annual EBITDA (Millions of US $)": {"2019": "$", "2018": "$", "2017": "$", "2016": "$", "2015": "$", "2014": "$", "2013": "$", "2012": "$", "2011": "$", "2010": "$", "2009": "$", "2008": "$", "2007": "$", "2006": "$", "2005": "$"}, "Fifth Third Bancorp Quarterly EBITDA (Millions of US $)": {"2020-09-30": "", "2020-06-30": "", "2020-03-31": "", "2019-12-31": "", "2019-09-30": "", "2019-06-30": "", "2019-03-31": "", "2018-12-31": "", "2018-09-30": "", "2018-06-30": "", "2018-03-31": "", "2017-12-31": "", "2017-09-30": "", "2017-06-30": "", "2017-03-31": "", "2016-12-31": "", "2016-09-30": "", "2016-06-30": "", "2016-03-31": "", "2015-12-31": "", "2015-09-30": "", "2015-06-30": "", "2015-03-31": "", "2014-12-31": "", "2014-09-30": "", "2014-06-30": "", "2014-03-31": "", "2013-12-31": "", "2013-09-30": "", "2013-06-30": "", "2013-03-31": "", "2012-12-31": "", "2012-09-30": "", "2012-06-30": "", "2012-03-31": "", "2011-12-31": "", "2011-09-30": "", "2011-06-30": "", "2011-03-31": "", "2010-12-31": "", "2010-09-30": "", "2010-06-30": "", "2010-03-31": "", "2009-12-31": "", "2009-09-30": "", "2009-06-30": "", "2009-03-31": "", "2008-12-31": "", "2008-09-30": "", "2008-06-30": "", "2008-03-31": "", "2007-12-31": "", "2007-09-30": "", "2007-06-30": "", "2007-03-31": "", "2006-12-31": "", "2006-09-30": "", "2006-06-30": "", "2006-03-31": "", "2005-12-31": "", "2005-09-30": "", "2005-06-30": "", "2005-03-31": ""}}, "net-income": {"Fifth Third Bancorp Annual Net Income (Millions of US $)": {"2020": "$1,323", "2019": "$2,419", "2018": "$2,118", "2017": "$2,105", "2016": "$1,472", "2015": "$1,622", "2014": "$1,402", "2013": "$1,799", "2012": "$1,541", "2011": "$1,094", "2010": "$500", "2009": "$511", "2008": "$-2,180", "2007": "$1,075", "2006": "$1,188", "2005": "$1,548"}, "Fifth Third Bancorp Quarterly Net Income (Millions of US $)": {"2020-12-31": "$569", "2020-09-30": "$562", "2020-06-30": "$163", "2020-03-31": "$29", "2019-12-31": "$702", "2019-09-30": "$530", "2019-06-30": "$427", "2019-03-31": "$760", "2018-12-31": "$432", "2018-09-30": "$421", "2018-06-30": "$579", "2018-03-31": "$686", "2017-12-31": "$476", "2017-09-30": "$999", "2017-06-30": "$340", "2017-03-31": "$290", "2016-12-31": "$358", "2016-09-30": "$501", "2016-06-30": "$305", "2016-03-31": "$308", "2015-12-31": "$628", "2015-09-30": "$362", "2015-06-30": "$289", "2015-03-31": "$343", "2014-12-31": "$353", "2014-09-30": "$328", "2014-06-30": "$412", "2014-03-31": "$309", "2013-12-31": "$383", "2013-09-30": "$421", "2013-06-30": "$582", "2013-03-31": "$413", "2012-12-31": "$395", "2012-09-30": "$354", "2012-06-30": "$373", "2012-03-31": "$419", "2011-12-31": "$309", "2011-09-30": "$371", "2011-06-30": "$326", "2011-03-31": "$88", "2010-12-31": "$267", "2010-09-30": "$175", "2010-06-30": "$130", "2010-03-31": "$-72", "2009-12-31": "$-160", "2009-09-30": "$-159", "2009-06-30": "$856", "2009-03-31": "$-26", "2008-12-31": "$-2,183", "2008-09-30": "$-81", "2008-06-30": "$-202", "2008-03-31": "$286", "2007-12-31": "$16", "2007-09-30": "$325", "2007-06-30": "$375", "2007-03-31": "$359", "2006-12-31": "$66", "2006-09-30": "$377", "2006-06-30": "$382", "2006-03-31": "$363", "2005-12-31": "$332", "2005-09-30": "$395", "2005-06-30": "$417", "2005-03-31": "$404"}}, "eps-earnings-per-share-diluted": {"Fifth Third Bancorp Annual EPS": {"2020": "$1.83", "2019": "$3.33", "2018": "$3.06", "2017": "$2.81", "2016": "$1.91", "2015": "$2.01", "2014": "$1.66", "2013": "$2.02", "2012": "$1.66", "2011": "$1.18", "2010": "$0.63", "2009": "$0.67", "2008": "$-3.91", "2007": "$1.98", "2006": "$2.13", "2005": "$2.77"}, "Fifth Third Bancorp Quarterly EPS": {"2020-12-31": "$0.78", "2020-09-30": "$0.78", "2020-06-30": "$0.23", "2020-03-31": "$0.04", "2019-12-31": "$0.93", "2019-09-30": "$0.71", "2019-06-30": "$0.57", "2019-03-31": "$1.12", "2018-12-31": "$0.67", "2018-09-30": "$0.61", "2018-06-30": "$0.82", "2018-03-31": "$0.96", "2017-12-31": "$0.63", "2017-09-30": "$1.35", "2017-06-30": "$0.45", "2017-03-31": "$0.38", "2016-12-31": "$0.47", "2016-09-30": "$0.65", "2016-06-30": "$0.39", "2016-03-31": "$0.40", "2015-12-31": "$0.78", "2015-09-30": "$0.45", "2015-06-30": "$0.36", "2015-03-31": "$0.42", "2014-12-31": "$0.42", "2014-09-30": "$0.39", "2014-06-30": "$0.49", "2014-03-31": "$0.36", "2013-12-31": "$0.44", "2013-09-30": "$0.47", "2013-06-30": "$0.65", "2013-03-31": "$0.46", "2012-12-31": "$0.43", "2012-09-30": "$0.38", "2012-06-30": "$0.40", "2012-03-31": "$0.45", "2011-12-31": "$0.33", "2011-09-30": "$0.40", "2011-06-30": "$0.35", "2011-03-31": "$0.10", "2010-12-31": "$0.34", "2010-09-30": "$0.22", "2010-06-30": "$0.16", "2010-03-31": "$-0.09", "2009-12-31": "$-0.24", "2009-09-30": "$-0.20", "2009-06-30": "$1.15", "2009-03-31": "$-0.04", "2008-12-31": "$-3.94", "2008-09-30": "$-0.14", "2008-06-30": "$-0.37", "2008-03-31": "$0.54", "2007-12-31": "$0.03", "2007-09-30": "$0.61", "2007-06-30": "$0.69", "2007-03-31": "$0.65", "2006-12-31": "$0.11", "2006-09-30": "$0.68", "2006-06-30": "$0.69", "2006-03-31": "$0.65", "2005-12-31": "$0.59", "2005-09-30": "$0.71", "2005-06-30": "$0.75", "2005-03-31": "$0.72"}}, "shares-outstanding": {"Fifth Third Bancorp Annual Shares Outstanding (Millions of Shares)": {"2020": "720", "2019": "720", "2018": "685", "2017": "741", "2016": "764", "2015": "808", "2014": "843", "2013": "895", "2012": "946", "2011": "950", "2010": "799", "2009": "726", "2008": "553", "2007": "540", "2006": "557", "2005": "558"}, "Fifth Third Bancorp Quarterly Shares Outstanding (Millions of Shares)": {"2020-12-31": "722", "2020-09-30": "719", "2020-06-30": "718", "2020-03-31": "720", "2019-12-31": "720", "2019-09-30": "736", "2019-06-30": "748", "2019-03-31": "671", "2018-12-31": "685", "2018-09-30": "679", "2018-06-30": "696", "2018-03-31": "704", "2017-12-31": "741", "2017-09-30": "733", "2017-06-30": "752", "2017-03-31": "761", "2016-12-31": "764", "2016-09-30": "758", "2016-06-30": "765", "2016-03-31": "778", "2015-12-31": "808", "2015-09-30": "805", "2015-06-30": "813", "2015-03-31": "819", "2014-12-31": "843", "2014-09-30": "838", "2014-06-30": "848", "2014-03-31": "858", "2013-12-31": "895", "2013-09-30": "888", "2013-06-30": "901", "2013-03-31": "913", "2012-12-31": "946", "2012-09-30": "945", "2012-06-30": "955", "2012-03-31": "957", "2011-12-31": "950", "2011-09-30": "955", "2011-06-30": "955", "2011-03-31": "895", "2010-12-31": "799", "2010-09-30": "797", "2010-06-30": "802", "2010-03-31": "790", "2009-12-31": "726", "2009-09-30": "790", "2009-06-30": "718", "2009-03-31": "572", "2008-12-31": "553", "2008-09-30": "572", "2008-06-30": "540", "2008-03-31": "530", "2007-12-31": "540", "2007-09-30": "532", "2007-06-30": "543", "2007-03-31": "554", "2006-12-31": "557", "2006-09-30": "558", "2006-06-30": "557", "2006-03-31": "557", "2005-12-31": "558", "2005-09-30": "558", "2005-06-30": "558", "2005-03-31": "562"}}, "total-assets": {"Fifth Third Bancorp Annual Total Assets (Millions of US $)": {"2019": "$169,369", "2018": "$146,069", "2017": "$142,081", "2016": "$142,177", "2015": "$141,048", "2014": "$138,706", "2013": "$130,443", "2012": "$121,894", "2011": "$116,967", "2010": "$111,007", "2009": "$113,380", "2008": "$119,764", "2007": "$110,962", "2006": "$100,669", "2005": "$105,225"}, "Fifth Third Bancorp Quarterly Total Assets (Millions of US $)": {"2020-09-30": "$201,996", "2020-06-30": "$202,906", "2020-03-31": "$185,391", "2019-12-31": "$169,369", "2019-09-30": "$171,079", "2019-06-30": "$168,802", "2019-03-31": "$167,853", "2018-12-31": "$146,069", "2018-09-30": "$141,685", "2018-06-30": "$140,695", "2018-03-31": "$141,500", "2017-12-31": "$142,081", "2017-09-30": "$142,264", "2017-06-30": "$141,067", "2017-03-31": "$140,200", "2016-12-31": "$142,177", "2016-09-30": "$143,279", "2016-06-30": "$143,625", "2016-03-31": "$142,430", "2015-12-31": "$141,048", "2015-09-30": "$141,918", "2015-06-30": "$141,658", "2015-03-31": "$140,470", "2014-12-31": "$138,706", "2014-09-30": "$134,188", "2014-06-30": "$132,562", "2014-03-31": "$129,654", "2013-12-31": "$130,443", "2013-09-30": "$125,673", "2013-06-30": "$123,360", "2013-03-31": "$121,382", "2012-12-31": "$121,894", "2012-09-30": "$117,483", "2012-06-30": "$117,543", "2012-03-31": "$116,747", "2011-12-31": "$116,967", "2011-09-30": "$114,905", "2011-06-30": "$110,805", "2011-03-31": "$110,485", "2010-12-31": "$111,007", "2010-09-30": "$112,322", "2010-06-30": "$112,025", "2010-03-31": "$112,651", "2009-12-31": "$113,380", "2009-09-30": "$110,740", "2009-06-30": "$115,984", "2009-03-31": "$119,313", "2008-12-31": "$119,764", "2008-09-30": "$116,294", "2008-06-30": "$114,975", "2008-03-31": "$111,396", "2007-12-31": "$110,962", "2007-09-30": "$104,265", "2007-06-30": "$101,390", "2007-03-31": "$99,824", "2006-12-31": "$100,669", "2006-09-30": "$105,828", "2006-06-30": "$106,111", "2006-03-31": "$105,044", "2005-12-31": "$105,225", "2005-09-30": "$104,608", "2005-06-30": "$103,160", "2005-03-31": "$102,713"}}, "cash-on-hand": {"Fifth Third Bancorp Annual Cash on Hand (Millions of US $)": {"2019": "$5,525", "2018": "$4,793", "2017": "$5,759", "2016": "$5,556", "2015": "$5,597", "2014": "$11,365", "2013": "$8,637", "2012": "$5,069", "2011": "$4,621", "2010": "$3,968", "2009": "$6,042", "2008": "$7,508", "2007": "$3,451", "2006": "$3,733", "2005": "$3,353"}, "Fifth Third Bancorp Quarterly Cash on Hand (Millions of US $)": {"2020-09-30": "$34,985", "2020-06-30": "$31,990", "2020-03-31": "$10,034", "2019-12-31": "$5,525", "2019-09-30": "$6,793", "2019-06-30": "$6,443", "2019-03-31": "$6,630", "2018-12-31": "$4,793", "2018-09-30": "$3,798", "2018-06-30": "$3,968", "2018-03-31": "$4,356", "2017-12-31": "$5,759", "2017-09-30": "$6,353", "2017-06-30": "$5,208", "2017-03-31": "$4,538", "2016-12-31": "$5,556", "2016-09-30": "$5,590", "2016-06-30": "$4,578", "2016-03-31": "$4,481", "2015-12-31": "$5,597", "2015-09-30": "$4,823", "2015-06-30": "$6,606", "2015-03-31": "$8,231", "2014-12-31": "$11,365", "2014-09-30": "$7,151", "2014-06-30": "$6,059", "2014-03-31": "$5,702", "2013-12-31": "$8,637", "2013-09-30": "$5,755", "2013-06-30": "$3,718", "2013-03-31": "$4,690", "2012-12-31": "$5,069", "2012-09-30": "$3,981", "2012-06-30": "$4,557", "2012-03-31": "$4,058", "2011-12-31": "$4,621", "2011-09-30": "$4,565", "2011-06-30": "$3,967", "2011-03-31": "$4,818", "2010-12-31": "$3,968", "2010-09-30": "$5,806", "2010-06-30": "$6,808", "2010-03-31": "$6,342", "2009-12-31": "$6,042", "2009-09-30": "$4,335", "2009-06-30": "$4,766", "2009-03-31": "$5,485", "2008-12-31": "$7,508", "2008-09-30": "$3,918", "2008-06-30": "$3,380", "2008-03-31": "$3,793", "2007-12-31": "$3,451", "2007-09-30": "$3,414", "2007-06-30": "$2,879", "2007-03-31": "$2,627", "2006-12-31": "$3,733", "2006-09-30": "$2,688", "2006-06-30": "$3,050", "2006-03-31": "$2,809", "2005-12-31": "$3,353", "2005-09-30": "$3,590", "2005-06-30": "$2,978", "2005-03-31": "$3,761"}}, "long-term-debt": {"Fifth Third Bancorp Annual Long Term Debt (Millions of US $)": {"2019": "$14,970", "2018": "$14,426", "2017": "$14,904", "2016": "$14,388", "2015": "$15,810", "2014": "$14,967", "2013": "$9,633", "2012": "$7,085", "2011": "$9,682", "2010": "$9,558", "2009": "$10,507", "2008": "$13,585", "2007": "$12,857", "2006": "$12,558", "2005": "$15,227"}, "Fifth Third Bancorp Quarterly Long Term Debt (Millions of US $)": {"2020-09-30": "$15,123", "2020-06-30": "$16,327", "2020-03-31": "$16,282", "2019-12-31": "$14,970", "2019-09-30": "$14,474", "2019-06-30": "$15,784", "2019-03-31": "$15,483", "2018-12-31": "$14,426", "2018-09-30": "$14,460", "2018-06-30": "$14,321", "2018-03-31": "$14,800", "2017-12-31": "$14,904", "2017-09-30": "$14,039", "2017-06-30": "$13,456", "2017-03-31": "$13,658", "2016-12-31": "$14,388", "2016-09-30": "$16,890", "2016-06-30": "$16,231", "2016-03-31": "$15,305", "2015-12-31": "$15,810", "2015-09-30": "$15,527", "2015-06-30": "$13,521", "2015-03-31": "$14,055", "2014-12-31": "$14,967", "2014-09-30": "$14,336", "2014-06-30": "$13,961", "2014-03-31": "$11,233", "2013-12-31": "$9,633", "2013-09-30": "$8,098", "2013-06-30": "$6,940", "2013-03-31": "$8,320", "2012-12-31": "$7,085", "2012-09-30": "$8,127", "2012-06-30": "$9,685", "2012-03-31": "$9,648", "2011-12-31": "$9,682", "2011-09-30": "$9,800", "2011-06-30": "$10,152", "2011-03-31": "$10,555", "2010-12-31": "$9,558", "2010-09-30": "$10,953", "2010-06-30": "$10,989", "2010-03-31": "$10,947", "2009-12-31": "$10,507", "2009-09-30": "$10,162", "2009-06-30": "$10,102", "2009-03-31": "$12,178", "2008-12-31": "$13,585", "2008-09-30": "$12,947", "2008-06-30": "$15,046", "2008-03-31": "$14,041", "2007-12-31": "$12,857", "2007-09-30": "$12,498", "2007-06-30": "$11,957", "2007-03-31": "$12,620", "2006-12-31": "$12,558", "2006-09-30": "$14,170", "2006-06-30": "$14,502", "2006-03-31": "$14,746", "2005-12-31": "$15,227", "2005-09-30": "$16,522", "2005-06-30": "$17,494", "2005-03-31": "$16,321"}}, "total-liabilities": {"Fifth Third Bancorp Annual Total Liabilities (Millions of US $)": {"2019": "$148,166", "2018": "$129,819", "2017": "$125,861", "2016": "$125,945", "2015": "$125,178", "2014": "$123,041", "2013": "$115,817", "2012": "$108,130", "2011": "$103,716", "2010": "$96,927", "2009": "$99,883", "2008": "$107,687", "2007": "$101,801", "2006": "$90,647", "2005": "$95,779"}, "Fifth Third Bancorp Quarterly Total Liabilities (Millions of US $)": {"2020-09-30": "$179,045", "2020-06-30": "$180,571", "2020-03-31": "$163,518", "2019-12-31": "$148,166", "2019-09-30": "$149,675", "2019-06-30": "$148,131", "2019-03-31": "$148,009", "2018-12-31": "$129,819", "2018-09-30": "$125,835", "2018-06-30": "$124,443", "2018-03-31": "$125,296", "2017-12-31": "$125,861", "2017-09-30": "$125,884", "2017-06-30": "$124,621", "2017-03-31": "$123,743", "2016-12-31": "$125,945", "2016-09-30": "$126,475", "2016-06-30": "$126,871", "2016-03-31": "$126,075", "2015-12-31": "$125,178", "2015-09-30": "$126,060", "2015-06-30": "$126,020", "2015-03-31": "$124,566", "2014-12-31": "$123,041", "2014-09-30": "$118,745", "2014-06-30": "$117,054", "2014-03-31": "$114,790", "2013-12-31": "$115,817", "2013-09-30": "$110,993", "2013-06-30": "$109,083", "2013-03-31": "$107,462", "2012-12-31": "$108,130", "2012-09-30": "$103,714", "2012-06-30": "$103,719", "2012-03-31": "$103,137", "2011-12-31": "$103,716", "2011-09-30": "$101,847", "2011-06-30": "$98,204", "2011-03-31": "$98,293", "2010-12-31": "$96,927", "2010-09-30": "$98,409", "2010-06-30": "$98,324", "2010-03-31": "$99,243", "2009-12-31": "$99,883", "2009-09-30": "$97,052", "2009-06-30": "$102,284", "2009-03-31": "$107,211", "2008-12-31": "$107,687", "2008-09-30": "$105,598", "2008-06-30": "$104,221", "2008-03-31": "$102,044", "2007-12-31": "$101,801", "2007-09-30": "$94,972", "2007-06-30": "$92,199", "2007-03-31": "$90,020", "2006-12-31": "$90,647", "2006-09-30": "$95,806", "2006-06-30": "$96,555", "2006-03-31": "$95,575", "2005-12-31": "$95,779", "2005-09-30": "$95,223", "2005-06-30": "$93,807", "2005-03-31": "$93,825"}}, "total-share-holder-equity": {"Fifth Third Bancorp Annual Share Holder Equity (Millions of US $)": {"2019": "$21,203", "2018": "$16,250", "2017": "$16,220", "2016": "$16,232", "2015": "$15,870", "2014": "$15,665", "2013": "$14,626", "2012": "$13,764", "2011": "$13,251", "2010": "$14,080", "2009": "$13,497", "2008": "$12,077", "2007": "$9,161", "2006": "$10,022", "2005": "$9,446"}, "Fifth Third Bancorp Quarterly Share Holder Equity (Millions of US $)": {"2020-09-30": "$22,951", "2020-06-30": "$22,335", "2020-03-31": "$21,873", "2019-12-31": "$21,203", "2019-09-30": "$21,404", "2019-06-30": "$20,671", "2019-03-31": "$19,844", "2018-12-31": "$16,250", "2018-09-30": "$15,850", "2018-06-30": "$16,252", "2018-03-31": "$16,204", "2017-12-31": "$16,220", "2017-09-30": "$16,380", "2017-06-30": "$16,446", "2017-03-31": "$16,457", "2016-12-31": "$16,232", "2016-09-30": "$16,804", "2016-06-30": "$16,754", "2016-03-31": "$16,355", "2015-12-31": "$15,870", "2015-09-30": "$15,858", "2015-06-30": "$15,638", "2015-03-31": "$15,904", "2014-12-31": "$15,665", "2014-09-30": "$15,443", "2014-06-30": "$15,508", "2014-03-31": "$14,864", "2013-12-31": "$14,626", "2013-09-30": "$14,680", "2013-06-30": "$14,277", "2013-03-31": "$13,920", "2012-12-31": "$13,764", "2012-09-30": "$13,769", "2012-06-30": "$13,824", "2012-03-31": "$13,610", "2011-12-31": "$13,251", "2011-09-30": "$13,058", "2011-06-30": "$12,601", "2011-03-31": "$12,192", "2010-12-31": "$14,080", "2010-09-30": "$13,913", "2010-06-30": "$13,701", "2010-03-31": "$13,408", "2009-12-31": "$13,497", "2009-09-30": "$13,688", "2009-06-30": "$13,700", "2009-03-31": "$12,102", "2008-12-31": "$12,077", "2008-09-30": "$10,696", "2008-06-30": "$10,754", "2008-03-31": "$9,352", "2007-12-31": "$9,161", "2007-09-30": "$9,293", "2007-06-30": "$9,191", "2007-03-31": "$9,804", "2006-12-31": "$10,022", "2006-09-30": "$10,022", "2006-06-30": "$9,556", "2006-03-31": "$9,469", "2005-12-31": "$9,446", "2005-09-30": "$9,385", "2005-06-30": "$9,353", "2005-03-31": "$8,888"}}, "profit-margins": {"current": "16.97%"}, "gross margin": {"2020-12-31": "90.59%", "2020-09-30": "88.87%", "2020-06-30": "86.82%", "2020-03-31": "85.17%", "2019-12-31": "85.12%", "2019-09-30": "84.32%", "2019-06-30": "84.72%", "2019-03-31": "85.89%", "2018-12-31": "86.92%", "2018-09-30": "88.09%", "2018-06-30": "90.30%", "2018-03-31": "90.90%", "2017-12-31": "91.04%", "2017-09-30": "91.51%", "2017-06-30": "90.96%", "2017-03-31": "91.26%", "2016-12-31": "91.61%", "2016-09-30": "92.38%", "2016-06-30": "92.56%", "2016-03-31": "92.87%", "2015-12-31": "92.96%", "2015-09-30": "92.50%", "2015-06-30": "92.42%", "2015-03-31": "92.76%", "2014-12-31": "93.06%", "2014-09-30": "93.51%", "2014-06-30": "93.91%", "2014-03-31": "94.23%", "2013-12-31": "94.28%", "2013-09-30": "94.21%", "2013-06-30": "93.91%", "2013-03-31": "93.22%", "2012-12-31": "92.79%", "2012-09-30": "92.14%", "2012-06-30": "91.63%", "2012-03-31": "90.90%", "2011-12-31": "90.09%", "2011-09-30": "89.60%", "2011-06-30": "89.13%", "2011-03-31": "88.44%", "2010-12-31": "87.74%", "2010-09-30": "86.79%", "2010-06-30": "85.74%", "2010-03-31": "87.61%", "2009-12-31": "86.10%", "2009-09-30": "83.90%", "2009-06-30": "82.43%", "2009-03-31": "76.98%", "2008-12-31": "75.52%", "2008-09-30": "72.56%", "2008-06-30": "68.97%", "2008-03-31": "66.57%", "2007-12-31": "64.47%", "2007-09-30": "62.08%", "2007-06-30": "61.45%", "2007-03-31": "61.11%", "2006-12-31": "61.32%", "2006-09-30": "64.66%", "2006-06-30": "66.83%", "2006-03-31": "69.56%", "2005-12-31": "72.45%"}, "operating margin": {"2020-12-31": "21.38%", "2020-09-30": "22.37%", "2020-06-30": "20.99%", "2020-03-31": "23.97%", "2019-12-31": "32.71%", "2019-09-30": "31.07%", "2019-06-30": "31.21%", "2019-03-31": "34.31%", "2018-12-31": "34.68%", "2018-09-30": "35.98%", "2018-06-30": "43.44%", "2018-03-31": "42.16%", "2017-12-31": "38.62%", "2017-09-30": "39.55%", "2017-06-30": "32.65%", "2017-03-31": "31.79%", "2016-12-31": "32.05%", "2016-09-30": "34.07%", "2016-06-30": "32.33%", "2016-03-31": "32.58%", "2015-12-31": "33.64%", "2015-09-30": "29.52%", "2015-06-30": "29.65%", "2015-03-31": "31.70%", "2014-12-31": "31.19%", "2014-09-30": "31.63%", "2014-06-30": "32.89%", "2014-03-31": "34.83%", "2013-12-31": "36.08%", "2013-09-30": "34.83%", "2013-06-30": "33.55%", "2013-03-31": "31.24%", "2012-12-31": "31.10%", "2012-09-30": "30.65%", "2012-06-30": "30.93%", "2012-03-31": "30.08%", "2011-12-31": "27.44%", "2011-09-30": "26.82%", "2011-06-30": "22.72%", "2011-03-31": "18.88%", "2010-12-31": "13.02%", "2010-09-30": "4.25%", "2010-06-30": "-1.41%", "2010-03-31": "10.78%", "2009-12-31": "8.12%", "2009-09-30": "-9.24%", "2009-06-30": "-9.22%", "2009-03-31": "-29.39%", "2008-12-31": "-19.86%", "2008-09-30": "2.86%", "2008-06-30": "9.59%", "2008-03-31": "16.65%", "2007-12-31": "18.10%", "2007-09-30": "18.91%", "2007-06-30": "19.91%", "2007-03-31": "20.14%", "2006-12-31": "20.42%", "2006-09-30": "24.89%", "2006-06-30": "26.27%", "2006-03-31": "28.05%", "2005-12-31": "29.96%"}, "ebitda margin": {"2020-09-30": "0.00%", "2020-06-30": "0.00%", "2020-03-31": "0.00%", "2019-12-31": "0.00%", "2019-09-30": "0.00%", "2019-06-30": "0.00%", "2019-03-31": "0.00%", "2018-12-31": "0.00%", "2018-09-30": "0.00%", "2018-06-30": "0.00%", "2018-03-31": "0.00%", "2017-12-31": "0.00%", "2017-09-30": "0.00%", "2017-06-30": "0.00%", "2017-03-31": "0.00%", "2016-12-31": "0.00%", "2016-09-30": "0.00%", "2016-06-30": "0.00%", "2016-03-31": "0.00%", "2015-12-31": "0.00%", "2015-09-30": "0.00%", "2015-06-30": "0.00%", "2015-03-31": "0.00%", "2014-12-31": "0.00%", "2014-09-30": "0.00%", "2014-06-30": "0.00%", "2014-03-31": "0.00%", "2013-12-31": "0.00%", "2013-09-30": "0.00%", "2013-06-30": "0.00%", "2013-03-31": "0.00%", "2012-12-31": "0.00%", "2012-09-30": "0.00%", "2012-06-30": "0.00%", "2012-03-31": "0.00%", "2011-12-31": "0.00%", "2011-09-30": "0.00%", "2011-06-30": "0.00%", "2011-03-31": "0.00%", "2010-12-31": "0.00%", "2010-09-30": "0.00%", "2010-06-30": "0.00%", "2010-03-31": "0.00%", "2009-12-31": "0.00%", "2009-09-30": "0.00%", "2009-06-30": "0.00%", "2009-03-31": "0.00%", "2008-12-31": "0.00%", "2008-09-30": "0.00%", "2008-06-30": "0.00%", "2008-03-31": "0.00%", "2007-12-31": "0.00%", "2007-09-30": "0.00%", "2007-06-30": "0.00%", "2007-03-31": "0.00%", "2006-12-31": "0.00%", "2006-09-30": "0.00%", "2006-06-30": "0.00%", "2006-03-31": "0.00%", "2005-12-31": "0.00%"}, "pre tax profit margin": {"2020-12-31": "21.38%", "2020-09-30": "22.37%", "2020-06-30": "20.99%", "2020-03-31": "23.97%", "2019-12-31": "32.71%", "2019-09-30": "31.07%", "2019-06-30": "31.21%", "2019-03-31": "34.31%", "2018-12-31": "34.68%", "2018-09-30": "35.98%", "2018-06-30": "43.44%", "2018-03-31": "42.16%", "2017-12-31": "38.62%", "2017-09-30": "39.55%", "2017-06-30": "32.65%", "2017-03-31": "31.79%", "2016-12-31": "32.05%", "2016-09-30": "34.07%", "2016-06-30": "32.33%", "2016-03-31": "32.58%", "2015-12-31": "33.64%", "2015-09-30": "29.52%", "2015-06-30": "29.65%", "2015-03-31": "31.70%", "2014-12-31": "31.19%", "2014-09-30": "31.63%", "2014-06-30": "32.89%", "2014-03-31": "34.83%", "2013-12-31": "36.08%", "2013-09-30": "34.83%", "2013-06-30": "33.55%", "2013-03-31": "31.24%", "2012-12-31": "31.10%", "2012-09-30": "30.65%", "2012-06-30": "30.93%", "2012-03-31": "30.08%", "2011-12-31": "27.44%", "2011-09-30": "26.82%", "2011-06-30": "22.72%", "2011-03-31": "18.88%", "2010-12-31": "13.02%", "2010-09-30": "4.25%", "2010-06-30": "-1.41%", "2010-03-31": "10.78%", "2009-12-31": "8.12%", "2009-09-30": "-19.18%", "2009-06-30": "-18.91%", "2009-03-31": "-41.28%", "2008-12-31": "-31.14%", "2008-09-30": "2.86%", "2008-06-30": "9.59%", "2008-03-31": "16.65%", "2007-12-31": "18.10%", "2007-09-30": "18.91%", "2007-06-30": "19.91%", "2007-03-31": "20.14%", "2006-12-31": "20.42%", "2006-09-30": "24.89%", "2006-06-30": "26.27%", "2006-03-31": "28.05%", "2005-12-31": "29.96%"}, "net profit margin": {"2020-12-31": "15.75%", "2020-09-30": "16.37%", "2020-06-30": "15.46%", "2020-03-31": "17.86%", "2019-12-31": "24.71%", "2019-09-30": "23.45%", "2019-06-30": "23.51%", "2019-03-31": "26.12%", "2018-12-31": "26.56%", "2018-09-30": "27.98%", "2018-06-30": "32.01%", "2018-03-31": "30.43%", "2017-12-31": "27.29%", "2017-09-30": "25.93%", "2017-06-30": "21.74%", "2017-03-31": "21.31%", "2016-12-31": "21.37%", "2016-09-30": "23.70%", "2016-06-30": "22.29%", "2016-03-31": "22.33%", "2015-12-31": "23.07%", "2015-09-30": "20.53%", "2015-06-30": "20.64%", "2015-03-31": "21.94%", "2014-12-31": "21.56%", "2014-09-30": "21.88%", "2014-06-30": "22.70%", "2014-03-31": "24.15%", "2013-12-31": "24.99%", "2013-09-30": "24.50%", "2013-06-30": "23.65%", "2013-03-31": "21.82%", "2012-12-31": "21.69%", "2012-09-30": "21.35%", "2012-06-30": "21.51%", "2012-03-31": "20.84%", "2011-12-31": "16.39%", "2011-09-30": "15.42%", "2011-06-30": "12.13%", "2011-03-31": "9.31%", "2010-12-31": "6.93%", "2010-09-30": "1.01%", "2010-06-30": "-3.57%", "2010-03-31": "4.98%", "2009-12-31": "5.41%", "2009-09-30": "-15.58%", "2009-06-30": "-14.41%", "2009-03-31": "-30.70%", "2008-12-31": "-25.49%", "2008-09-30": "0.22%", "2008-06-30": "5.00%", "2008-03-31": "11.47%", "2007-12-31": "12.66%", "2007-09-30": "13.96%", "2007-06-30": "14.63%", "2007-03-31": "14.76%", "2006-12-31": "14.91%", "2006-09-30": "17.72%", "2006-06-30": "18.60%", "2006-03-31": "19.75%", "2005-12-31": "21.01%"}, "pe ratio": {"current": "14.86", "2021-02-05": "30.57", "2020-12-31": "26.26", "2020-09-30": "10.37", "2020-06-30": "9.72", "2020-03-31": "6.28", "2019-12-31": "8.67", "2019-09-30": "8.47", "2019-06-30": "8.85", "2019-03-31": "7.35", "2018-12-31": "7.14", "2018-09-30": "8.31", "2018-06-30": "6.83", "2018-03-31": "8.27", "2017-12-31": "9.49", "2017-09-30": "9.29", "2017-06-30": "11.62", "2017-03-31": "11.60", "2016-12-31": "12.12", "2016-09-30": "7.93", "2016-06-30": "7.43", "2016-03-31": "7.14", "2015-12-31": "8.36", "2015-09-30": "9.50", "2015-06-30": "10.77", "2015-03-31": "8.97", "2014-12-31": "10.09", "2014-09-30": "9.85", "2014-06-30": "9.96", "2014-03-31": "9.70", "2013-12-31": "8.40", "2013-09-30": "7.17", "2013-06-30": "7.46", "2013-03-31": "7.74", "2012-12-31": "7.20", "2012-09-30": "7.77", "2012-06-30": "6.59", "2012-03-31": "7.08", "2011-12-31": "8.27", "2011-09-30": "6.53", "2011-06-30": "9.65", "2011-03-31": "12.91", "2010-12-31": "17.75", "2010-09-30": "100.15", "2010-06-30": "0.00", "2010-03-31": "15.37", "2009-12-31": "10.27", "2009-09-30": "0.00", "2009-06-30": "0.00", "2009-03-31": "0.00", "2008-12-31": "0.00", "2008-09-30": "80.14", "2008-06-30": "7.78", "2008-03-31": "7.49", "2007-12-31": "8.40", "2007-09-30": "10.88", "2007-06-30": "12.79", "2007-03-31": "12.32", "2006-12-31": "12.89"}, "price sales": {"2021-02-05": "2.75", "2020-12-31": "2.36", "2020-09-30": "1.69", "2020-06-30": "1.48", "2020-03-31": "1.11", "2019-12-31": "2.13", "2019-09-30": "1.99", "2019-06-30": "2.08", "2019-03-31": "1.89", "2018-12-31": "1.87", "2018-09-30": "2.31", "2018-06-30": "2.17", "2018-03-31": "2.53", "2017-12-31": "2.61", "2017-09-30": "2.43", "2017-06-30": "2.54", "2017-03-31": "2.49", "2016-12-31": "2.62", "2016-09-30": "1.88", "2016-06-30": "1.67", "2016-03-31": "1.61", "2015-12-31": "1.97", "2015-09-30": "1.99", "2015-06-30": "2.27", "2015-03-31": "2.01", "2014-12-31": "2.19", "2014-09-30": "2.16", "2014-06-30": "2.26", "2014-03-31": "2.35", "2013-12-31": "2.12", "2013-09-30": "1.79", "2013-06-30": "1.81", "2013-03-31": "1.72", "2012-12-31": "1.60", "2012-09-30": "1.69", "2012-06-30": "1.45", "2012-03-31": "1.51", "2011-12-31": "1.37", "2011-09-30": "1.01", "2011-06-30": "1.17", "2011-03-31": "1.21", "2010-12-31": "1.22", "2010-09-30": "0.97", "2010-06-30": "0.98", "2010-03-31": "0.81", "2009-12-31": "0.54", "2009-09-30": "0.51", "2009-06-30": "0.33", "2009-03-31": "0.15", "2008-12-31": "0.39", "2008-09-30": "0.56", "2008-06-30": "0.47", "2008-03-31": "0.93", "2007-12-31": "1.14", "2007-09-30": "1.60", "2007-06-30": "1.88", "2007-03-31": "1.83", "2006-12-31": "1.93"}, "price book": {"current": "1.09", "2021-02-05": "1.00", "2020-09-30": "0.65", "2020-06-30": "0.60", "2020-03-31": "0.47", "2019-12-31": "0.97", "2019-09-30": "0.86", "2019-06-30": "0.92", "2019-03-31": "0.87", "2018-12-31": "0.86", "2018-09-30": "1.06", "2018-06-30": "1.08", "2018-03-31": "1.20", "2017-12-31": "1.16", "2017-09-30": "1.07", "2017-06-30": "1.03", "2017-03-31": "1.02", "2016-12-31": "1.09", "2016-09-30": "0.80", "2016-06-30": "0.69", "2016-03-31": "0.67", "2015-12-31": "0.84", "2015-09-30": "0.80", "2015-06-30": "0.90", "2015-03-31": "0.80", "2014-12-31": "0.89", "2014-09-30": "0.89", "2014-06-30": "0.95", "2014-03-31": "1.06", "2013-12-31": "0.99", "2013-09-30": "0.88", "2013-06-30": "0.86", "2013-03-31": "0.81", "2012-12-31": "0.77", "2012-09-30": "0.79", "2012-06-30": "0.69", "2012-03-31": "0.73", "2011-12-31": "0.68", "2011-09-30": "0.54", "2011-06-30": "0.70", "2011-03-31": "0.79", "2010-12-31": "0.62", "2010-09-30": "0.52", "2010-06-30": "0.53", "2010-03-31": "0.60", "2009-12-31": "0.43", "2009-09-30": "0.44", "2009-06-30": "0.31", "2009-03-31": "0.10", "2008-12-31": "0.29", "2008-09-30": "0.48", "2008-06-30": "0.40", "2008-03-31": "0.86", "2007-12-31": "1.04", "2007-09-30": "1.35", "2007-06-30": "1.60", "2007-03-31": "1.48", "2006-12-31": "1.53", "2006-09-30": "1.42", "2006-06-30": "1.43", "2006-03-31": "1.51"}, "price fcf": {"2021-02-05": "", "2020-09-30": "$4.28", "2020-06-30": "$3.84", "2020-03-31": "$2.04", "2019-12-31": "$2.24", "2019-09-30": "$1.69", "2019-06-30": "$3.22", "2019-03-31": "$4.43", "2018-12-31": "$4.05", "2018-09-30": "$2.99", "2018-06-30": "$2.82", "2018-03-31": "$1.44", "2017-12-31": "$1.74", "2017-09-30": "$2.62", "2017-06-30": "$2.39", "2017-03-31": "$2.65", "2016-12-31": "$2.43", "2016-09-30": "$2.32", "2016-06-30": "$2.37", "2016-03-31": "$2.59", "2015-12-31": "$2.73", "2015-09-30": "$2.25", "2015-06-30": "$2.19", "2015-03-31": "$2.38", "2014-12-31": "$2.16", "2014-09-30": "$2.33", "2014-06-30": "$3.04", "2014-03-31": "$3.72", "2013-12-31": "$4.64", "2013-09-30": "$3.60", "2013-06-30": "$2.91", "2013-03-31": "$1.58", "2012-12-31": "$2.20", "2012-09-30": "$2.09", "2012-06-30": "$1.20", "2012-03-31": "$2.01", "2011-12-31": "$2.13", "2011-09-30": "$3.72", "2011-06-30": "$5.28", "2011-03-31": "$4.74", "2010-12-31": "$3.84", "2010-09-30": "$4.71", "2010-06-30": "$5.63", "2010-03-31": "$6.25", "2009-12-31": "$4.91", "2009-09-30": "$2.57", "2009-06-30": "$-0.42", "2009-03-31": "$1.89", "2008-12-31": "$4.66", "2008-09-30": "$2.98", "2008-06-30": "$3.46", "2008-03-31": "$0.50", "2007-12-31": "$-2.39", "2007-09-30": "$-0.84", "2007-06-30": "$0.11", "2007-03-31": "$-0.40", "2006-12-31": "$1.78"}, "net worth": {"value": "$22.87B"}, "current ratio": {"2020-12-31": "0.91", "2020-09-30": "0.91", "2020-06-30": "0.90", "2020-03-31": "0.89", "2019-12-31": "0.88", "2019-09-30": "0.88", "2019-06-30": "0.90", "2019-03-31": "0.89", "2018-12-31": "0.88", "2018-09-30": "0.89", "2018-06-30": "0.89", "2018-03-31": "0.89", "2017-12-31": "0.89", "2017-09-30": "0.89", "2017-06-30": "0.88", "2017-03-31": "0.89", "2016-12-31": "0.89", "2016-09-30": "0.92", "2016-06-30": "0.91", "2016-03-31": "0.90", "2015-12-31": "0.91", "2015-09-30": "0.91", "2015-06-30": "0.91", "2015-03-31": "0.92", "2014-12-31": "0.96", "2014-09-30": "0.95", "2014-06-30": "0.95", "2014-03-31": "0.93", "2013-12-31": "0.94", "2013-09-30": "0.93", "2013-06-30": "0.93", "2013-03-31": "0.95", "2012-12-31": "0.93", "2012-09-30": "0.94", "2012-06-30": "0.95", "2012-03-31": "0.95", "2011-12-31": "0.95", "2011-09-30": "0.94", "2011-06-30": "0.95", "2011-03-31": "0.95", "2010-12-31": "0.96", "2010-09-30": "0.96", "2010-06-30": "0.96", "2010-03-31": "0.95", "2009-12-31": "0.94", "2009-09-30": "0.96", "2009-06-30": "0.97", "2009-03-31": "0.95", "2008-12-31": "0.99", "2008-09-30": "0.98", "2008-06-30": "1.01", "2008-03-31": "1.00", "2007-12-31": "1.00", "2007-09-30": "1.01", "2007-06-30": "1.01", "2007-03-31": "1.03", "2006-12-31": "1.03", "2006-09-30": "0.95", "2006-06-30": "0.94", "2006-03-31": "0.94", "2005-12-31": "0.93", "2005-09-30": "0.94", "2005-06-30": "0.92", "2005-03-31": "0.91"}, "quick ratio": {"2020-12-31": "0.00", "2020-09-30": "0.00", "2020-06-30": "0.00", "2020-03-31": "0.00", "2019-12-31": "0.00", "2019-09-30": "0.00", "2019-06-30": "0.00", "2019-03-31": "0.00", "2018-12-31": "0.00", "2018-09-30": "0.00", "2018-06-30": "0.00", "2018-03-31": "0.00", "2017-12-31": "0.00", "2017-09-30": "0.00", "2017-06-30": "0.00", "2017-03-31": "0.00", "2016-12-31": "0.00", "2016-09-30": "0.00", "2016-06-30": "0.00", "2016-03-31": "0.00", "2015-12-31": "0.00", "2015-09-30": "0.00", "2015-06-30": "0.00", "2015-03-31": "0.00", "2014-12-31": "0.00", "2014-09-30": "0.00", "2014-06-30": "0.00", "2014-03-31": "0.00", "2013-12-31": "0.00", "2013-09-30": "0.00", "2013-06-30": "0.00", "2013-03-31": "0.00", "2012-12-31": "0.00", "2012-09-30": "0.00", "2012-06-30": "0.00", "2012-03-31": "0.00", "2011-12-31": "0.00", "2011-09-30": "0.00", "2011-06-30": "0.00", "2011-03-31": "0.00", "2010-12-31": "0.00", "2010-09-30": "0.00", "2010-06-30": "0.00", "2010-03-31": "0.00", "2009-12-31": "0.00", "2009-09-30": "0.00", "2009-06-30": "0.00", "2009-03-31": "0.00", "2008-12-31": "0.00", "2008-09-30": "0.00", "2008-06-30": "0.00", "2008-03-31": "0.00", "2007-12-31": "0.00", "2007-09-30": "0.00", "2007-06-30": "0.00", "2007-03-31": "0.00", "2006-12-31": "0.00", "2006-09-30": "0.00", "2006-06-30": "0.00", "2006-03-31": "0.00", "2005-12-31": "0.00", "2005-09-30": "0.00", "2005-06-30": "0.00", "2005-03-31": "0.00"}, "debt equity ratio": {"current": "0.71", "2020-12-31": "7.86", "2020-09-30": "7.80", "2020-06-30": "8.09", "2020-03-31": "7.48", "2019-12-31": "6.99", "2019-09-30": "6.99", "2019-06-30": "7.17", "2019-03-31": "7.46", "2018-12-31": "7.99", "2018-09-30": "7.94", "2018-06-30": "7.66", "2018-03-31": "7.73", "2017-12-31": "7.76", "2017-09-30": "7.69", "2017-06-30": "7.58", "2017-03-31": "7.52", "2016-12-31": "7.76", "2016-09-30": "7.53", "2016-06-30": "7.57", "2016-03-31": "7.71", "2015-12-31": "7.89", "2015-09-30": "7.95", "2015-06-30": "8.06", "2015-03-31": "7.83", "2014-12-31": "7.86", "2014-09-30": "7.69", "2014-06-30": "7.55", "2014-03-31": "7.72", "2013-12-31": "7.92", "2013-09-30": "7.56", "2013-06-30": "7.64", "2013-03-31": "7.72", "2012-12-31": "7.86", "2012-09-30": "7.53", "2012-06-30": "7.50", "2012-03-31": "7.58", "2011-12-31": "7.83", "2011-09-30": "7.80", "2011-06-30": "7.79", "2011-03-31": "8.06", "2010-12-31": "6.88", "2010-09-30": "7.07", "2010-06-30": "7.18", "2010-03-31": "7.40", "2009-12-31": "7.40", "2009-09-30": "7.09", "2009-06-30": "7.47", "2009-03-31": "8.86", "2008-12-31": "8.92", "2008-09-30": "9.87", "2008-06-30": "9.69", "2008-03-31": "10.91", "2007-12-31": "11.11", "2007-09-30": "10.22", "2007-06-30": "10.03", "2007-03-31": "9.18", "2006-12-31": "9.05", "2006-09-30": "9.56", "2006-06-30": "10.10", "2006-03-31": "10.09", "2005-12-31": "10.14", "2005-09-30": "10.15", "2005-06-30": "10.03", "2005-03-31": "10.56"}, "return on equity": {"2020-12-31": "5.86%", "2020-09-30": "6.59%", "2020-06-30": "6.56%", "2020-03-31": "7.93%", "2019-12-31": "11.64%", "2019-09-30": "11.00%", "2019-06-30": "11.24%", "2019-03-31": "12.86%", "2018-12-31": "13.12%", "2018-09-30": "13.40%", "2018-06-30": "16.85%", "2018-03-31": "15.33%", "2017-12-31": "12.85%", "2017-09-30": "12.13%", "2017-06-30": "9.03%", "2017-03-31": "8.78%", "2016-12-31": "8.90%", "2016-09-30": "10.59%", "2016-06-30": "9.89%", "2016-03-31": "9.96%", "2015-12-31": "10.25%", "2015-09-30": "8.54%", "2015-06-30": "8.38%", "2015-03-31": "9.19%", "2014-12-31": "9.12%", "2014-09-30": "9.48%", "2014-06-30": "10.22%", "2014-03-31": "11.60%", "2013-12-31": "12.51%", "2013-09-30": "12.79%", "2013-06-30": "12.52%", "2013-03-31": "11.11%", "2012-12-31": "11.21%", "2012-09-30": "10.69%", "2012-06-30": "10.96%", "2012-03-31": "10.85%", "2011-12-31": "8.56%", "2011-09-30": "8.10%", "2011-06-30": "6.49%", "2011-03-31": "4.90%", "2010-12-31": "3.63%", "2010-09-30": "0.54%", "2010-06-30": "-1.92%", "2010-03-31": "3.43%", "2009-12-31": "3.86%", "2009-09-30": "-11.73%", "2009-06-30": "-11.81%", "2009-03-31": "-21.85%", "2008-12-31": "-20.34%", "2008-09-30": "0.19%", "2008-06-30": "4.41%", "2008-03-31": "10.83%", "2007-12-31": "11.48%", "2007-09-30": "11.75%", "2007-06-30": "12.06%", "2007-03-31": "12.02%", "2006-12-31": "12.16%", "2006-09-30": "15.11%", "2006-06-30": "15.55%", "2006-03-31": "16.01%", "2005-12-31": "16.70%"}, "return on assets": {"2020-12-31": "0.67%", "2020-09-30": "0.77%", "2020-06-30": "0.78%", "2020-03-31": "0.97%", "2019-12-31": "1.43%", "2019-09-30": "1.31%", "2019-06-30": "1.31%", "2019-03-31": "1.47%", "2018-12-31": "1.49%", "2018-09-30": "1.53%", "2018-06-30": "1.93%", "2018-03-31": "1.76%", "2017-12-31": "1.49%", "2017-09-30": "1.40%", "2017-06-30": "1.05%", "2017-03-31": "1.02%", "2016-12-31": "1.03%", "2016-09-30": "1.22%", "2016-06-30": "1.13%", "2016-03-31": "1.12%", "2015-12-31": "1.15%", "2015-09-30": "0.96%", "2015-06-30": "0.95%", "2015-03-31": "1.05%", "2014-12-31": "1.05%", "2014-09-30": "1.09%", "2014-06-30": "1.18%", "2014-03-31": "1.33%", "2013-12-31": "1.44%", "2013-09-30": "1.47%", "2013-06-30": "1.44%", "2013-03-31": "1.28%", "2012-12-31": "1.30%", "2012-09-30": "1.24%", "2012-06-30": "1.26%", "2012-03-31": "1.24%", "2011-12-31": "0.97%", "2011-09-30": "0.94%", "2011-06-30": "0.77%", "2011-03-31": "0.59%", "2010-12-31": "0.45%", "2010-09-30": "0.06%", "2010-06-30": "-0.23%", "2010-03-31": "0.41%", "2009-12-31": "0.44%", "2009-09-30": "-1.30%", "2009-06-30": "-1.22%", "2009-03-31": "-2.12%", "2008-12-31": "-1.89%", "2008-09-30": "0.02%", "2008-06-30": "0.38%", "2008-03-31": "0.94%", "2007-12-31": "1.03%", "2007-09-30": "1.11%", "2007-06-30": "1.15%", "2007-03-31": "1.15%", "2006-12-31": "1.14%", "2006-09-30": "1.38%", "2006-06-30": "1.40%", "2006-03-31": "1.44%", "2005-12-31": "1.49%"}, "return on investments": {"2020-12-31": "4.70%", "2020-09-30": "5.27%", "2020-06-30": "5.19%", "2020-03-31": "6.18%", "2019-12-31": "8.90%", "2019-09-30": "8.23%", "2019-06-30": "8.16%", "2019-03-31": "9.08%", "2018-12-31": "9.02%", "2018-09-30": "9.04%", "2018-06-30": "12.08%", "2018-03-31": "11.32%", "2017-12-31": "9.80%", "2017-09-30": "10.02%", "2017-06-30": "7.19%", "2017-03-31": "6.81%", "2016-12-31": "6.85%", "2016-09-30": "7.70%", "2016-06-30": "7.28%", "2016-03-31": "7.47%", "2015-12-31": "7.74%", "2015-09-30": "6.40%", "2015-06-30": "6.31%", "2015-03-31": "6.93%", "2014-12-31": "6.99%", "2014-09-30": "7.55%", "2014-06-30": "8.62%", "2014-03-31": "10.37%", "2013-12-31": "11.48%", "2013-09-30": "11.83%", "2013-06-30": "11.48%", "2013-03-31": "9.94%", "2012-12-31": "9.88%", "2012-09-30": "9.12%", "2012-06-30": "9.14%", "2012-03-31": "8.96%", "2011-12-31": "8.02%", "2011-09-30": "7.96%", "2011-06-30": "6.82%", "2011-03-31": "5.58%", "2010-12-31": "3.85%", "2010-09-30": "1.26%", "2010-06-30": "-0.43%", "2010-03-31": "4.20%", "2009-12-31": "3.20%", "2009-09-30": "-3.68%", "2009-06-30": "-3.77%", "2009-03-31": "-9.60%", "2008-12-31": "-6.90%", "2008-09-30": "1.03%", "2008-06-30": "3.51%", "2008-03-31": "6.59%", "2007-12-31": "7.04%", "2007-09-30": "6.93%", "2007-06-30": "7.09%", "2007-03-31": "6.93%", "2006-12-31": "6.85%", "2006-09-30": "8.41%", "2006-06-30": "8.41%", "2006-03-31": "8.43%", "2005-12-31": "8.61%"}, "return on tangible equity": {"2020-09-30": "8.62%", "2020-06-30": "8.67%", "2020-03-31": "10.61%", "2019-12-31": "15.85%", "2019-09-30": "14.80%", "2019-06-30": "14.99%", "2019-03-31": "16.83%", "2018-12-31": "16.70%", "2018-09-30": "17.01%", "2018-06-30": "21.25%", "2018-03-31": "19.27%", "2017-12-31": "16.07%", "2017-09-30": "15.12%", "2017-06-30": "11.19%", "2017-03-31": "10.81%", "2016-12-31": "10.95%", "2016-09-30": "13.06%", "2016-06-30": "12.26%", "2016-03-31": "12.46%", "2015-12-31": "12.88%", "2015-09-30": "10.76%", "2015-06-30": "10.61%", "2015-03-31": "11.66%", "2014-12-31": "11.67%", "2014-09-30": "12.21%", "2014-06-30": "13.22%", "2014-03-31": "15.09%", "2013-12-31": "16.28%", "2013-09-30": "16.62%", "2013-06-30": "16.26%", "2013-03-31": "14.41%", "2012-12-31": "14.57%", "2012-09-30": "13.93%", "2012-06-30": "14.33%", "2012-03-31": "14.35%", "2011-12-31": "11.47%", "2011-09-30": "10.84%", "2011-06-30": "8.62%", "2011-03-31": "6.44%", "2010-12-31": "4.72%", "2010-09-30": "0.70%", "2010-06-30": "-2.51%", "2010-03-31": "4.48%", "2009-12-31": "5.08%", "2009-09-30": "-15.62%", "2009-06-30": "-16.67%", "2009-03-31": "-33.11%", "2008-12-31": "-31.81%", "2008-09-30": "0.31%", "2008-06-30": "6.89%", "2008-03-31": "16.25%", "2007-12-31": "16.94%", "2007-09-30": "16.92%", "2007-06-30": "17.17%", "2007-03-31": "17.00%", "2006-12-31": "17.22%", "2006-09-30": "21.47%", "2006-06-30": "22.21%", "2006-03-31": "22.85%", "2005-12-31": "23.94%"}, "dividend yield history": {"last payout": "$1.08", "last yield": "3.37%"}}