{"ticker": "FEYE", "price": {"title": "FireEye Historical Annual Stock Price Data", "value": 21.3, "historical": {"2020": {"Average Stock Price": "13.7705", "Year Open": "16.7800", "Year High": "24.0400", "Year Low": "8.1100", "Year Close": "23.0600", "Annual % Change": "39.50%"}, "2019": {"Average Stock Price": "15.5884", "Year Open": "16.0200", "Year High": "18.4800", "Year Low": "12.8600", "Year Close": "16.5300", "Annual % Change": "1.97%"}, "2018": {"Average Stock Price": "16.8740", "Year Open": "14.5700", "Year High": "20.2100", "Year Low": "13.9700", "Year Close": "16.2100", "Annual % Change": "14.15%"}, "2017": {"Average Stock Price": "14.1856", "Year Open": "12.3000", "Year High": "17.9800", "Year Low": "10.4000", "Year Close": "14.2000", "Annual % Change": "19.33%"}, "2016": {"Average Stock Price": "15.1920", "Year Open": "21.8700", "Year High": "21.8700", "Year Low": "11.0100", "Year Close": "11.9000", "Annual % Change": "-42.62%"}, "2015": {"Average Stock Price": "37.6421", "Year Open": "31.0350", "Year High": "54.2300", "Year Low": "20.1900", "Year Close": "20.7400", "Annual % Change": "-34.33%"}, "2014": {"Average Stock Price": "43.1078", "Year Open": "41.1300", "Year High": "95.6300", "Year Low": "25.7600", "Year Close": "31.5800", "Annual % Change": "-27.59%"}, "2013": {"Average Stock Price": "39.1081", "Year Open": "36.0000", "Year High": "43.6900", "Year Low": "33.6000", "Year Close": "43.6100", "Annual % Change": "0.00%"}}}, "market cap": {"value": "$4.85B"}, "income statement": {"Revenue": {"2019-12-31": "889.15200", "2018-12-31": "830.95000", "2017-12-31": "779.64800", "2016-12-31": "705.99500", "2015-12-31": "622.96700", "2014-12-31": "425.66200", "2013-12-31": "161.55200", "2012-12-31": "83.31600", "2011-12-31": "33.65800", "2010-12-31": "11.76500"}, "Cost Of Goods Sold": {"2019-12-31": "308.89200", "2018-12-31": "272.47500", "2017-12-31": "271.64700", "2016-12-31": "271.08300", "2015-12-31": "233.20400", "2014-12-31": "175.09300", "2013-12-31": "47.76500", "2012-12-31": "17.63000", "2011-12-31": "7.28000", "2010-12-31": "2.33100"}, "Gross Profit": {"2019-12-31": "580.26000", "2018-12-31": "558.47500", "2017-12-31": "508.00100", "2016-12-31": "434.91200", "2015-12-31": "389.76300", "2014-12-31": "250.56900", "2013-12-31": "113.78700", "2012-12-31": "65.68600", "2011-12-31": "26.37800", "2010-12-31": "9.43400"}, "Research And Development Expenses": {"2019-12-31": "271.32600", "2018-12-31": "254.14200", "2017-12-31": "243.27300", "2016-12-31": "279.59400", "2015-12-31": "279.46700", "2014-12-31": "203.18700", "2013-12-31": "66.03600", "2012-12-31": "16.52200", "2011-12-31": "7.27500", "2010-12-31": "5.29100"}, "SG&A Expenses": {"2019-12-31": "508.70300", "2018-12-31": "486.73500", "2017-12-31": "504.82700", "2016-12-31": "577.31000", "2015-12-31": "617.95600", "2014-12-31": "522.25000", "2013-12-31": "219.96900", "2012-12-31": "82.78300", "2011-12-31": "34.81700", "2010-12-31": "13.30000"}, "Other Operating Income Or Expenses": {"2019-12-31": "", "2018-12-31": "", "2017-12-31": "", "2016-12-31": "", "2015-12-31": "", "2014-12-31": "", "2013-12-31": "", "2012-12-31": "", "2011-12-31": "", "2010-12-31": ""}, "Operating Expenses": {"2019-12-31": "1099.18600", "2018-12-31": "1013.35200", "2017-12-31": "1019.74700", "2016-12-31": "1155.61700", "2015-12-31": "1130.62700", "2014-12-31": "904.85710", "2013-12-31": "333.77000", "2012-12-31": "116.93500", "2011-12-31": "49.37200", "2010-12-31": "20.92200"}, "Operating Income": {"2019-12-31": "-210.03410", "2018-12-31": "-182.40200", "2017-12-31": "-240.09900", "2016-12-31": "-449.62210", "2015-12-31": "-507.66000", "2014-12-31": "-479.19510", "2013-12-31": "-172.21800", "2012-12-31": "-33.61900", "2011-12-31": "-15.71400", "2010-12-31": "-9.15700"}, "Total Non-Operating Income/Expense": {"2019-12-31": "-41.68500", "2018-12-31": "-55.19700", "2017-12-31": "-40.45300", "2016-12-31": "-44.53400", "2015-12-31": "-27.46500", "2014-12-31": "-1.24900", "2013-12-31": "-7.71400", "2012-12-31": "-3.10200", "2011-12-31": "-0.99700", "2010-12-31": "-0.31100"}, "Pre-Tax Income": {"2019-12-31": "-251.71900", "2018-12-31": "-237.59900", "2017-12-31": "-280.55200", "2016-12-31": "-494.15600", "2015-12-31": "-535.12500", "2014-12-31": "-480.44400", "2013-12-31": "-179.93200", "2012-12-31": "-36.72100", "2011-12-31": "-16.71100", "2010-12-31": "-9.46800"}, "Income Taxes": {"2019-12-31": "5.69000", "2018-12-31": "5.52400", "2017-12-31": "4.63200", "2016-12-31": "-8.72100", "2015-12-31": "4.09000", "2014-12-31": "-36.65400", "2013-12-31": "-59.29700", "2012-12-31": "-0.96500", "2011-12-31": "0.07100", "2010-12-31": "0.01300"}, "Income After Taxes": {"2019-12-31": "-257.40900", "2018-12-31": "-243.12300", "2017-12-31": "-285.18400", "2016-12-31": "-485.43500", "2015-12-31": "-539.21500", "2014-12-31": "-443.79000", "2013-12-31": "-120.63500", "2012-12-31": "-35.75600", "2011-12-31": "-16.78200", "2010-12-31": "-9.48100"}, "Other Income": {"2019-12-31": "", "2018-12-31": "", "2017-12-31": "", "2016-12-31": "", "2015-12-31": "", "2014-12-31": "", "2013-12-31": "", "2012-12-31": "", "2011-12-31": "", "2010-12-31": ""}, "Income From Continuous Operations": {"2019-12-31": "-257.40900", "2018-12-31": "-243.12300", "2017-12-31": "-285.18400", "2016-12-31": "-485.43500", "2015-12-31": "-539.21500", "2014-12-31": "-443.79000", "2013-12-31": "-120.63500", "2012-12-31": "-35.75600", "2011-12-31": "-16.78200", "2010-12-31": "-9.48100"}, "Income From Discontinued Operations": {"2019-12-31": "", "2018-12-31": "", "2017-12-31": "", "2016-12-31": "", "2015-12-31": "", "2014-12-31": "", "2013-12-31": "", "2012-12-31": "", "2011-12-31": "", "2010-12-31": ""}, "Net Income": {"2019-12-31": "-257.40900", "2018-12-31": "-243.12300", "2017-12-31": "-285.18400", "2016-12-31": "-485.43500", "2015-12-31": "-539.21500", "2014-12-31": "-443.79000", "2013-12-31": "-120.63500", "2012-12-31": "-35.75600", "2011-12-31": "-16.78200", "2010-12-31": "-9.48100"}, "EBITDA": {"2019-12-31": "-106.72910", "2018-12-31": "-95.89700", "2017-12-31": "-136.68200", "2016-12-31": "-330.35510", "2015-12-31": "-395.70400", "2014-12-31": "-385.05910", "2013-12-31": "-151.46000", "2012-12-31": "-26.70200", "2011-12-31": "-12.44200", "2010-12-31": "-8.31500"}, "EBIT": {"2019-12-31": "-210.03410", "2018-12-31": "-182.40200", "2017-12-31": "-240.09900", "2016-12-31": "-449.62210", "2015-12-31": "-507.66000", "2014-12-31": "-479.19510", "2013-12-31": "-172.21800", "2012-12-31": "-33.61900", "2011-12-31": "-15.71400", "2010-12-31": "-9.15700"}, "Basic Shares Outstanding": {"2019-12-31": "207.23400", "2018-12-31": "190.80300", "2017-12-31": "177.75700", "2016-12-31": "163.21100", "2015-12-31": "154.12000", "2014-12-31": "142.17600", "2013-12-31": "45.27100", "2012-12-31": "10.91700", "2011-12-31": "8.44700", "2010-12-31": "7.27100"}, "Shares Outstanding": {"2019-12-31": "207.23400", "2018-12-31": "190.80300", "2017-12-31": "177.75700", "2016-12-31": "163.21100", "2015-12-31": "154.12000", "2014-12-31": "142.17600", "2013-12-31": "45.27100", "2012-12-31": "10.91700", "2011-12-31": "8.44700", "2010-12-31": "7.27100"}, "Basic EPS": {"2019-12-31": "-1.24000", "2018-12-31": "-1.27000", "2017-12-31": "-1.60000", "2016-12-31": "-2.97000", "2015-12-31": "-3.50000", "2014-12-31": "-3.12000", "2013-12-31": "-2.66000", "2012-12-31": "-3.28000", "2011-12-31": "-1.99000", "2010-12-31": "-1.30000"}, "EPS - Earnings Per Share": {"2019-12-31": "-1.24000", "2018-12-31": "-1.27000", "2017-12-31": "-1.60000", "2016-12-31": "-2.97000", "2015-12-31": "-3.50000", "2014-12-31": "-3.12000", "2013-12-31": "-2.66000", "2012-12-31": "-3.28000", "2011-12-31": "-1.99000", "2010-12-31": "-1.30000"}}, "income statement, quarterly": {"Revenue": {"2020-09-30": "238.46000", "2020-06-30": "229.90000", "2020-03-31": "224.72200", "2019-12-31": "235.08600", "2019-09-30": "225.91400", "2019-06-30": "217.60800", "2019-03-31": "210.54400", "2018-12-31": "217.53300", "2018-09-30": "211.65100", "2018-06-30": "202.69600", "2018-03-31": "199.07000", "2017-12-31": "205.80100", "2017-09-30": "197.36600", "2017-06-30": "191.72200", "2017-03-31": "184.75900", "2016-12-31": "176.57700", "2016-09-30": "186.41100", "2016-06-30": "175.04100", "2016-03-31": "167.96600", "2015-12-31": "184.77400", "2015-09-30": "165.61600", "2015-06-30": "147.20700", "2015-03-31": "125.37000", "2014-12-31": "142.98200", "2014-09-30": "114.21100", "2014-06-30": "94.48900", "2014-03-31": "73.98000", "2013-12-31": "57.26200", "2013-09-30": "42.65200", "2013-06-30": "33.22200", "2013-03-31": "28.41600", "2012-12-31": "31.67900", "2012-09-30": "21.89600", "2012-06-30": "", "2012-03-31": "13.80600", "2011-12-31": "", "2010-12-31": ""}, "Cost Of Goods Sold": {"2020-09-30": "84.40600", "2020-06-30": "80.99300", "2020-03-31": "81.58600", "2019-12-31": "80.71100", "2019-09-30": "79.22000", "2019-06-30": "77.39300", "2019-03-31": "71.56800", "2018-12-31": "69.83000", "2018-09-30": "67.43400", "2018-06-30": "67.28200", "2018-03-31": "67.92900", "2017-12-31": "69.04000", "2017-09-30": "69.06600", "2017-06-30": "67.79400", "2017-03-31": "65.74700", "2016-12-31": "63.17300", "2016-09-30": "69.05300", "2016-06-30": "67.42700", "2016-03-31": "71.43000", "2015-12-31": "63.17500", "2015-09-30": "61.87100", "2015-06-30": "56.10700", "2015-03-31": "52.05100", "2014-12-31": "53.29200", "2014-09-30": "44.92800", "2014-06-30": "41.58000", "2014-03-31": "35.29300", "2013-12-31": "17.16000", "2013-09-30": "13.43700", "2013-06-30": "10.28600", "2013-03-31": "6.88200", "2012-12-31": "10.01000", "2012-09-30": "4.71700", "2012-06-30": "", "2012-03-31": "2.91800", "2011-12-31": "", "2010-12-31": ""}, "Gross Profit": {"2020-09-30": "154.05400", "2020-06-30": "148.90700", "2020-03-31": "143.13600", "2019-12-31": "154.37500", "2019-09-30": "146.69400", "2019-06-30": "140.21500", "2019-03-31": "138.97600", "2018-12-31": "147.70300", "2018-09-30": "144.21700", "2018-06-30": "135.41400", "2018-03-31": "131.14100", "2017-12-31": "136.76100", "2017-09-30": "128.30000", "2017-06-30": "123.92800", "2017-03-31": "119.01200", "2016-12-31": "113.40400", "2016-09-30": "117.35800", "2016-06-30": "107.61400", "2016-03-31": "96.53600", "2015-12-31": "121.59900", "2015-09-30": "103.74500", "2015-06-30": "91.10000", "2015-03-31": "73.31900", "2014-12-31": "89.69000", "2014-09-30": "69.28300", "2014-06-30": "52.90900", "2014-03-31": "38.68700", "2013-12-31": "40.10200", "2013-09-30": "29.21500", "2013-06-30": "22.93600", "2013-03-31": "21.53400", "2012-12-31": "21.66900", "2012-09-30": "17.17900", "2012-06-30": "", "2012-03-31": "10.88800", "2011-12-31": "", "2010-12-31": ""}, "Research And Development Expenses": {"2020-09-30": "61.66200", "2020-06-30": "60.59600", "2020-03-31": "67.50300", "2019-12-31": "67.53600", "2019-09-30": "68.85700", "2019-06-30": "67.53800", "2019-03-31": "67.39500", "2018-12-31": "62.25100", "2018-09-30": "62.12000", "2018-06-30": "63.57500", "2018-03-31": "66.19600", "2017-12-31": "59.85800", "2017-09-30": "64.31600", "2017-06-30": "60.74700", "2017-03-31": "58.35200", "2016-12-31": "54.57400", "2016-09-30": "62.66500", "2016-06-30": "76.37200", "2016-03-31": "85.98300", "2015-12-31": "71.69000", "2015-09-30": "73.37400", "2015-06-30": "68.79800", "2015-03-31": "65.60500", "2014-12-31": "53.10200", "2014-09-30": "54.70700", "2014-06-30": "53.40800", "2014-03-31": "41.97000", "2013-12-31": "21.46600", "2013-09-30": "20.49200", "2013-06-30": "14.01600", "2013-03-31": "10.06200", "2012-12-31": "9.85000", "2012-09-30": "4.19100", "2012-06-30": "0.00000", "2012-03-31": "2.48900", "2011-12-31": "", "2010-12-31": ""}, "SG&A Expenses": {"2020-09-30": "117.05700", "2020-06-30": "115.32300", "2020-03-31": "127.62900", "2019-12-31": "121.93900", "2019-09-30": "126.07200", "2019-06-30": "129.42000", "2019-03-31": "131.27200", "2018-12-31": "122.15300", "2018-09-30": "118.53800", "2018-06-30": "120.37500", "2018-03-31": "125.66900", "2017-12-31": "136.07800", "2017-09-30": "121.92800", "2017-06-30": "120.21800", "2017-03-31": "126.60300", "2016-12-31": "113.19600", "2016-09-30": "143.61600", "2016-06-30": "155.21400", "2016-03-31": "165.28400", "2015-12-31": "173.41000", "2015-09-30": "153.64900", "2015-06-30": "150.69500", "2015-03-31": "140.20200", "2014-12-31": "150.03000", "2014-09-30": "141.74400", "2014-06-30": "126.52200", "2014-03-31": "103.95400", "2013-12-31": "80.00700", "2013-09-30": "56.11800", "2013-06-30": "47.96400", "2013-03-31": "35.88000", "2012-12-31": "48.16000", "2012-09-30": "20.92200", "2012-06-30": "", "2012-03-31": "13.70800", "2011-12-31": "", "2010-12-31": ""}, "Other Operating Income Or Expenses": {"2020-09-30": "", "2020-06-30": "", "2020-03-31": "", "2019-12-31": "", "2019-09-30": "", "2019-06-30": "", "2019-03-31": "", "2018-12-31": "", "2018-09-30": "", "2018-06-30": "", "2018-03-31": "", "2017-12-31": "", "2017-09-30": "", "2017-06-30": "", "2017-03-31": "", "2016-12-31": "", "2016-09-30": "", "2016-06-30": "", "2016-03-31": "", "2015-12-31": "", "2015-09-30": "", "2015-06-30": "", "2015-03-31": "", "2014-12-31": "", "2014-09-30": "", "2014-06-30": "", "2014-03-31": "", "2013-12-31": "", "2013-09-30": "", "2013-06-30": "", "2013-03-31": "", "2012-12-31": "", "2012-09-30": "", "2012-06-30": "", "2012-03-31": "", "2011-12-31": "", "2010-12-31": ""}, "Operating Expenses": {"2020-09-30": "264.61300", "2020-06-30": "269.47000", "2020-03-31": "287.69200", "2019-12-31": "270.17100", "2019-09-30": "280.63000", "2019-06-30": "274.35100", "2019-03-31": "274.03400", "2018-12-31": "254.23410", "2018-09-30": "248.09200", "2018-06-30": "251.23200", "2018-03-31": "259.79400", "2017-12-31": "264.97600", "2017-09-30": "255.31000", "2017-06-30": "248.75900", "2017-03-31": "250.70200", "2016-12-31": "230.94310", "2016-09-30": "297.75700", "2016-06-30": "302.55000", "2016-03-31": "324.36700", "2015-12-31": "308.27490", "2015-09-30": "288.89400", "2015-06-30": "275.60000", "2015-03-31": "257.85800", "2014-12-31": "257.98210", "2014-09-30": "244.14800", "2014-06-30": "221.51000", "2014-03-31": "181.21700", "2013-12-31": "118.63300", "2013-09-30": "90.04700", "2013-06-30": "72.26600", "2013-03-31": "52.82400", "2012-12-31": "68.02000", "2012-09-30": "29.83000", "2012-06-30": "", "2012-03-31": "19.11500", "2011-12-31": "", "2010-12-31": ""}, "Operating Income": {"2020-09-30": "-26.15300", "2020-06-30": "-39.57000", "2020-03-31": "-62.97000", "2019-12-31": "-35.08510", "2019-09-30": "-54.71600", "2019-06-30": "-56.74300", "2019-03-31": "-63.49000", "2018-12-31": "-36.70110", "2018-09-30": "-36.44100", "2018-06-30": "-48.53600", "2018-03-31": "-60.72400", "2017-12-31": "-59.17500", "2017-09-30": "-57.94400", "2017-06-30": "-57.03700", "2017-03-31": "-65.94300", "2016-12-31": "-54.36620", "2016-09-30": "-111.34600", "2016-06-30": "-127.50900", "2016-03-31": "-156.40100", "2015-12-31": "-123.50090", "2015-09-30": "-123.27800", "2015-06-30": "-128.39300", "2015-03-31": "-132.48800", "2014-12-31": "-115.00010", "2014-09-30": "-129.93700", "2014-06-30": "-127.02100", "2014-03-31": "-107.23700", "2013-12-31": "-61.37100", "2013-09-30": "-47.39500", "2013-06-30": "-39.04400", "2013-03-31": "-24.40800", "2012-12-31": "-36.34100", "2012-09-30": "-7.93400", "2012-06-30": "", "2012-03-31": "-5.30900", "2011-12-31": "", "2010-12-31": ""}, "Total Non-Operating Income/Expense": {"2020-09-30": "-12.03200", "2020-06-30": "-12.61200", "2020-03-31": "-12.41100", "2019-12-31": "-11.70300", "2019-09-30": "-10.23900", "2019-06-30": "-10.04000", "2019-03-31": "-9.70300", "2018-12-31": "-10.31600", "2018-09-30": "-11.91600", "2018-06-30": "-22.91200", "2018-03-31": "-10.05300", "2017-12-31": "-9.99200", "2017-09-30": "-10.14300", "2017-06-30": "-10.33700", "2017-03-31": "-9.98100", "2016-12-31": "-12.73300", "2016-09-30": "-10.79900", "2016-06-30": "-11.47300", "2016-03-31": "-9.52900", "2015-12-31": "-11.09700", "2015-09-30": "-11.61600", "2015-06-30": "-4.25300", "2015-03-31": "-0.49900", "2014-12-31": "-0.66900", "2014-09-30": "-0.41400", "2014-06-30": "-0.15000", "2014-03-31": "-0.01600", "2013-12-31": "-0.11900", "2013-09-30": "-4.44800", "2013-06-30": "-0.80700", "2013-03-31": "-2.34000", "2012-12-31": "-1.96000", "2012-09-30": "-0.86400", "2012-06-30": "", "2012-03-31": "-0.29000", "2011-12-31": "", "2010-12-31": ""}, "Pre-Tax Income": {"2020-09-30": "-38.18500", "2020-06-30": "-52.18200", "2020-03-31": "-75.38100", "2019-12-31": "-46.78800", "2019-09-30": "-64.95500", "2019-06-30": "-66.78300", "2019-03-31": "-73.19300", "2018-12-31": "-47.01700", "2018-09-30": "-48.35700", "2018-06-30": "-71.44800", "2018-03-31": "-70.77700", "2017-12-31": "-69.16700", "2017-09-30": "-68.08700", "2017-06-30": "-67.37400", "2017-03-31": "-75.92400", "2016-12-31": "-67.09900", "2016-09-30": "-122.14500", "2016-06-30": "-138.98200", "2016-03-31": "-165.93000", "2015-12-31": "-134.59800", "2015-09-30": "-134.89400", "2015-06-30": "-132.64600", "2015-03-31": "-132.98700", "2014-12-31": "-115.66900", "2014-09-30": "-130.35100", "2014-06-30": "-127.17100", "2014-03-31": "-107.25300", "2013-12-31": "-61.49000", "2013-09-30": "-51.84300", "2013-06-30": "-39.85100", "2013-03-31": "-26.74800", "2012-12-31": "-22.34000", "2012-09-30": "-8.79800", "2012-06-30": "0.00000", "2012-03-31": "-5.59900", "2011-12-31": "", "2010-12-31": ""}, "Income Taxes": {"2020-09-30": "0.93300", "2020-06-30": "1.09400", "2020-03-31": "0.92500", "2019-12-31": "2.42800", "2019-09-30": "0.54000", "2019-06-30": "0.54000", "2019-03-31": "2.18200", "2018-12-31": "1.38000", "2018-09-30": "1.68000", "2018-06-30": "1.41100", "2018-03-31": "1.05300", "2017-12-31": "1.24700", "2017-09-30": "1.12700", "2017-06-30": "0.96500", "2017-03-31": "1.29300", "2016-12-31": "-0.25700", "2016-09-30": "1.22800", "2016-06-30": "0.33800", "2016-03-31": "-10.03000", "2015-12-31": "1.55000", "2015-09-30": "0.63600", "2015-06-30": "0.92700", "2015-03-31": "0.97700", "2014-12-31": "-9.94400", "2014-09-30": "-10.32000", "2014-06-30": "-10.34800", "2014-03-31": "-6.04200", "2013-12-31": "-58.97700", "2013-09-30": "-0.91700", "2013-06-30": "0.38400", "2013-03-31": "0.21300", "2012-12-31": "-1.03000", "2012-09-30": "0.05400", "2012-06-30": "0.00000", "2012-03-31": "0.02600", "2011-12-31": "", "2010-12-31": ""}, "Income After Taxes": {"2020-09-30": "-39.11800", "2020-06-30": "-53.27600", "2020-03-31": "-76.30600", "2019-12-31": "-49.21600", "2019-09-30": "-65.49500", "2019-06-30": "-67.32300", "2019-03-31": "-75.37500", "2018-12-31": "-48.39700", "2018-09-30": "-50.03700", "2018-06-30": "-72.85900", "2018-03-31": "-71.83000", "2017-12-31": "-70.41400", "2017-09-30": "-69.21400", "2017-06-30": "-68.33900", "2017-03-31": "-77.21700", "2016-12-31": "-66.84200", "2016-09-30": "-123.37300", "2016-06-30": "-139.32000", "2016-03-31": "-155.90000", "2015-12-31": "-136.14800", "2015-09-30": "-135.53000", "2015-06-30": "-133.57300", "2015-03-31": "-133.96400", "2014-12-31": "-105.72500", "2014-09-30": "-120.03100", "2014-06-30": "-116.82300", "2014-03-31": "-101.21100", "2013-12-31": "-2.51300", "2013-09-30": "-50.92600", "2013-06-30": "-40.23500", "2013-03-31": "-26.96100", "2012-12-31": "-21.31000", "2012-09-30": "-8.85200", "2012-06-30": "", "2012-03-31": "-5.62500", "2011-12-31": "", "2010-12-31": ""}, "Other Income": {"2020-09-30": "", "2020-06-30": "", "2020-03-31": "", "2019-12-31": "", "2019-09-30": "", "2019-06-30": "", "2019-03-31": "", "2018-12-31": "", "2018-09-30": "", "2018-06-30": "", "2018-03-31": "", "2017-12-31": "", "2017-09-30": "", "2017-06-30": "", "2017-03-31": "", "2016-12-31": "", "2016-09-30": "", "2016-06-30": "", "2016-03-31": "", "2015-12-31": "", "2015-09-30": "", "2015-06-30": "", "2015-03-31": "", "2014-12-31": "", "2014-09-30": "", "2014-06-30": "", "2014-03-31": "", "2013-12-31": "", "2013-09-30": "", "2013-06-30": "", "2013-03-31": "", "2012-12-31": "0.00000", "2012-09-30": "", "2012-06-30": "0.00000", "2012-03-31": "", "2011-12-31": "", "2010-12-31": ""}, "Income From Continuous Operations": {"2020-09-30": "-39.11800", "2020-06-30": "-53.27600", "2020-03-31": "-76.30600", "2019-12-31": "-49.21600", "2019-09-30": "-65.49500", "2019-06-30": "-67.32300", "2019-03-31": "-75.37500", "2018-12-31": "-48.39700", "2018-09-30": "-50.03700", "2018-06-30": "-72.85900", "2018-03-31": "-71.83000", "2017-12-31": "-70.41400", "2017-09-30": "-69.21400", "2017-06-30": "-68.33900", "2017-03-31": "-77.21700", "2016-12-31": "-66.84200", "2016-09-30": "-123.37300", "2016-06-30": "-139.32000", "2016-03-31": "-155.90000", "2015-12-31": "-136.14800", "2015-09-30": "-135.53000", "2015-06-30": "-133.57300", "2015-03-31": "-133.96400", "2014-12-31": "-105.72500", "2014-09-30": "-120.03100", "2014-06-30": "-116.82300", "2014-03-31": "-101.21100", "2013-12-31": "-2.51300", "2013-09-30": "-50.92600", "2013-06-30": "-40.23500", "2013-03-31": "-26.96100", "2012-12-31": "-12.57600", "2012-09-30": "-8.85200", "2012-06-30": "0.00000", "2012-03-31": "-5.62500", "2011-12-31": "", "2010-12-31": ""}, "Income From Discontinued Operations": {"2020-09-30": "", "2020-06-30": "", "2020-03-31": "", "2019-12-31": "", "2019-09-30": "", "2019-06-30": "", "2019-03-31": "", "2018-12-31": "", "2018-09-30": "", "2018-06-30": "", "2018-03-31": "", "2017-12-31": "", "2017-09-30": "", "2017-06-30": "", "2017-03-31": "", "2016-12-31": "", "2016-09-30": "", "2016-06-30": "", "2016-03-31": "", "2015-12-31": "", "2015-09-30": "", "2015-06-30": "", "2015-03-31": "", "2014-12-31": "", "2014-09-30": "", "2014-06-30": "", "2014-03-31": "", "2013-12-31": "", "2013-09-30": "", "2013-06-30": "", "2013-03-31": "", "2012-12-31": "0.00000", "2012-09-30": "", "2012-06-30": "0.00000", "2012-03-31": "", "2011-12-31": "", "2010-12-31": ""}, "Net Income": {"2020-09-30": "-39.11800", "2020-06-30": "-53.27600", "2020-03-31": "-76.30600", "2019-12-31": "-49.21600", "2019-09-30": "-65.49500", "2019-06-30": "-67.32300", "2019-03-31": "-75.37500", "2018-12-31": "-48.39700", "2018-09-30": "-50.03700", "2018-06-30": "-72.85900", "2018-03-31": "-71.83000", "2017-12-31": "-70.41400", "2017-09-30": "-69.21400", "2017-06-30": "-68.33900", "2017-03-31": "-77.21700", "2016-12-31": "-66.84200", "2016-09-30": "-123.37300", "2016-06-30": "-139.32000", "2016-03-31": "-155.90000", "2015-12-31": "-136.14800", "2015-09-30": "-135.53000", "2015-06-30": "-133.57300", "2015-03-31": "-133.96400", "2014-12-31": "-105.72500", "2014-09-30": "-120.03100", "2014-06-30": "-116.82300", "2014-03-31": "-101.21100", "2013-12-31": "-2.51300", "2013-09-30": "-50.92600", "2013-06-30": "-40.23500", "2013-03-31": "-26.96100", "2012-12-31": "-12.57600", "2012-09-30": "-8.85200", "2012-06-30": "", "2012-03-31": "-5.62500", "2011-12-31": "", "2010-12-31": ""}, "EBITDA": {"2020-09-30": "-2.65300", "2020-06-30": "-16.07300", "2020-03-31": "-38.72900", "2019-12-31": "-8.01810", "2019-09-30": "-26.58000", "2019-06-30": "-32.47400", "2019-03-31": "-39.65700", "2018-12-31": "-16.88410", "2018-09-30": "-14.35400", "2018-06-30": "-26.32400", "2018-03-31": "-38.33500", "2017-12-31": "-34.37000", "2017-09-30": "-32.10500", "2017-06-30": "-30.62900", "2017-03-31": "-39.57800", "2016-12-31": "-25.95120", "2016-09-30": "-81.72100", "2016-06-30": "-96.78500", "2016-03-31": "-125.89800", "2015-12-31": "-93.69890", "2015-09-30": "-95.29300", "2015-06-30": "-100.80500", "2015-03-31": "-105.90700", "2014-12-31": "-88.49510", "2014-09-30": "-105.03200", "2014-06-30": "-105.00100", "2014-03-31": "-86.53100", "2013-12-31": "-52.95700", "2013-09-30": "-42.14600", "2013-06-30": "-35.18300", "2013-03-31": "-21.17400", "2012-12-31": "-33.88700", "2012-09-30": "-5.65000", "2012-06-30": "1.40100", "2012-03-31": "-4.53800", "2011-12-31": "", "2010-12-31": ""}, "EBIT": {"2020-09-30": "-26.15300", "2020-06-30": "-39.57000", "2020-03-31": "-62.97000", "2019-12-31": "-35.08510", "2019-09-30": "-54.71600", "2019-06-30": "-56.74300", "2019-03-31": "-63.49000", "2018-12-31": "-36.70110", "2018-09-30": "-36.44100", "2018-06-30": "-48.53600", "2018-03-31": "-60.72400", "2017-12-31": "-59.17500", "2017-09-30": "-57.94400", "2017-06-30": "-57.03700", "2017-03-31": "-65.94300", "2016-12-31": "-54.36610", "2016-09-30": "-111.34600", "2016-06-30": "-127.50900", "2016-03-31": "-156.40100", "2015-12-31": "-123.50100", "2015-09-30": "-123.27800", "2015-06-30": "-128.39300", "2015-03-31": "-132.48800", "2014-12-31": "-115.00010", "2014-09-30": "-129.93700", "2014-06-30": "-127.02100", "2014-03-31": "-107.23700", "2013-12-31": "-61.37100", "2013-09-30": "-47.39500", "2013-06-30": "-39.04400", "2013-03-31": "-24.40800", "2012-12-31": "-36.34100", "2012-09-30": "-7.93400", "2012-06-30": "", "2012-03-31": "-5.30900", "2011-12-31": "", "2010-12-31": ""}, "Basic Shares Outstanding": {"2020-09-30": "224.80700", "2020-06-30": "221.35200", "2020-03-31": "217.78900", "2019-12-31": "207.23400", "2019-09-30": "212.20700", "2019-06-30": "204.10900", "2019-03-31": "197.81900", "2018-12-31": "190.80300", "2018-09-30": "192.35900", "2018-06-30": "189.69600", "2018-03-31": "186.45600", "2017-12-31": "177.75700", "2017-09-30": "179.73200", "2017-06-30": "176.64500", "2017-03-31": "172.23600", "2016-12-31": "163.21100", "2016-09-30": "164.72800", "2016-06-30": "162.04500", "2016-03-31": "158.78100", "2015-12-31": "154.12000", "2015-09-30": "154.52300", "2015-06-30": "154.12100", "2015-03-31": "151.65100", "2014-12-31": "142.17600", "2014-09-30": "144.92300", "2014-06-30": "141.89500", "2014-03-31": "133.97600", "2013-12-31": "45.27100", "2013-09-30": "31.59000", "2013-06-30": "18.70400", "2013-03-31": "15.18000", "2012-12-31": "12.98200", "2012-09-30": "11.02500", "2012-06-30": "", "2012-03-31": "9.34700", "2011-12-31": "", "2010-12-31": ""}, "Shares Outstanding": {"2020-09-30": "224.80700", "2020-06-30": "221.35200", "2020-03-31": "217.78900", "2019-12-31": "207.23400", "2019-09-30": "212.20700", "2019-06-30": "204.10900", "2019-03-31": "197.81900", "2018-12-31": "190.80300", "2018-09-30": "192.35900", "2018-06-30": "189.69600", "2018-03-31": "186.45600", "2017-12-31": "177.75700", "2017-09-30": "179.73200", "2017-06-30": "176.64500", "2017-03-31": "172.23600", "2016-12-31": "163.21100", "2016-09-30": "164.72800", "2016-06-30": "162.04500", "2016-03-31": "158.78100", "2015-12-31": "154.12000", "2015-09-30": "154.52300", "2015-06-30": "154.12100", "2015-03-31": "151.65100", "2014-12-31": "142.17600", "2014-09-30": "144.92300", "2014-06-30": "141.89500", "2014-03-31": "133.97600", "2013-12-31": "45.27100", "2013-09-30": "31.59000", "2013-06-30": "18.70400", "2013-03-31": "15.18000", "2012-12-31": "12.98200", "2012-09-30": "11.02500", "2012-06-30": "", "2012-03-31": "9.34700", "2011-12-31": "", "2010-12-31": ""}, "Basic EPS": {"2020-09-30": "-0.17000", "2020-06-30": "-0.24000", "2020-03-31": "-0.35000", "2019-12-31": "-0.22000", "2019-09-30": "-0.31000", "2019-06-30": "-0.33000", "2019-03-31": "-0.38000", "2018-12-31": "-0.24000", "2018-09-30": "-0.26000", "2018-06-30": "-0.38000", "2018-03-31": "-0.39000", "2017-12-31": "-0.37000", "2017-09-30": "-0.39000", "2017-06-30": "-0.39000", "2017-03-31": "-0.45000", "2016-12-31": "-0.38000", "2016-09-30": "-0.75000", "2016-06-30": "-0.86000", "2016-03-31": "-0.98000", "2015-12-31": "-0.87000", "2015-09-30": "-0.88000", "2015-06-30": "-0.87000", "2015-03-31": "-0.88000", "2014-12-31": "-0.71000", "2014-09-30": "-0.83000", "2014-06-30": "-0.82000", "2014-03-31": "-0.76000", "2013-12-31": "2.88000", "2013-09-30": "-1.61000", "2013-06-30": "-2.15000", "2013-03-31": "-1.78000", "2012-12-31": "-0.97000", "2012-09-30": "-0.80000", "2012-06-30": "", "2012-03-31": "-0.60000", "2011-12-31": "", "2010-12-31": ""}, "EPS - Earnings Per Share": {"2020-09-30": "-0.17000", "2020-06-30": "-0.24000", "2020-03-31": "-0.35000", "2019-12-31": "-0.22000", "2019-09-30": "-0.31000", "2019-06-30": "-0.33000", "2019-03-31": "-0.38000", "2018-12-31": "-0.24000", "2018-09-30": "-0.26000", "2018-06-30": "-0.38000", "2018-03-31": "-0.39000", "2017-12-31": "-0.37000", "2017-09-30": "-0.39000", "2017-06-30": "-0.39000", "2017-03-31": "-0.45000", "2016-12-31": "-0.38000", "2016-09-30": "-0.75000", "2016-06-30": "-0.86000", "2016-03-31": "-0.98000", "2015-12-31": "-0.87000", "2015-09-30": "-0.88000", "2015-06-30": "-0.87000", "2015-03-31": "-0.88000", "2014-12-31": "-0.71000", "2014-09-30": "-0.83000", "2014-06-30": "-0.82000", "2014-03-31": "-0.76000", "2013-12-31": "2.88000", "2013-09-30": "-1.61000", "2013-06-30": "-2.15000", "2013-03-31": "-1.78000", "2012-12-31": "-0.97000", "2012-09-30": "-0.80000", "2012-06-30": "0.00000", "2012-03-31": "-0.60000", "2011-12-31": "0.00000", "2010-12-31": "0.00000"}}, "balance sheet": {"Cash On Hand": {"2019-12-31": "1039.55800", "2018-12-31": "1116.52000", "2017-12-31": "896.80200", "2016-12-31": "935.72500", "2015-12-31": "1169.87700", "2014-12-31": "402.20800", "2013-12-31": "173.91800", "2012-12-31": "60.20000", "2011-12-31": "10.67600", "2010-12-31": "10.67000"}, "Receivables": {"2019-12-31": "171.45900", "2018-12-31": "157.81700", "2017-12-31": "146.31700", "2016-12-31": "121.15000", "2015-12-31": "172.75200", "2014-12-31": "193.18200", "2013-12-31": "95.77200", "2012-12-31": "30.13300", "2011-12-31": "20.02700", "2010-12-31": "20.02000"}, "Inventory": {"2019-12-31": "5.89200", "2018-12-31": "6.54800", "2017-12-31": "5.74600", "2016-12-31": "5.95500", "2015-12-31": "13.74700", "2014-12-31": "7.95200", "2013-12-31": "5.66300", "2012-12-31": "2.34000", "2011-12-31": "1.08000", "2010-12-31": "1.08000"}, "Pre-Paid Expenses": {"2019-12-31": "96.82700", "2018-12-31": "100.29500", "2017-12-31": "93.79900", "2016-12-31": "25.08100", "2015-12-31": "30.88300", "2014-12-31": "28.66900", "2013-12-31": "25.23000", "2012-12-31": "10.73100", "2011-12-31": "1.01400", "2010-12-31": ""}, "Other Current Assets": {"2019-12-31": "", "2018-12-31": "", "2017-12-31": "", "2016-12-31": "", "2015-12-31": "", "2014-12-31": "", "2013-12-31": "", "2012-12-31": "", "2011-12-31": "", "2010-12-31": "1.45000"}, "Total Current Assets": {"2019-12-31": "1313.73600", "2018-12-31": "1381.18000", "2017-12-31": "1142.66400", "2016-12-31": "1087.91100", "2015-12-31": "1387.25900", "2014-12-31": "657.13700", "2013-12-31": "315.16700", "2012-12-31": "104.24100", "2011-12-31": "33.24100", "2010-12-31": "33.24000"}, "Property, Plant, And Equipment": {"2019-12-31": "93.81200", "2018-12-31": "89.16300", "2017-12-31": "71.35700", "2016-12-31": "61.85200", "2015-12-31": "78.36800", "2014-12-31": "82.29800", "2013-12-31": "64.76500", "2012-12-31": "13.53600", "2011-12-31": "1.93500", "2010-12-31": "1.93000"}, "Long-Term Investments": {"2019-12-31": "", "2018-12-31": "", "2017-12-31": "", "2016-12-31": "", "2015-12-31": "", "2014-12-31": "", "2013-12-31": "", "2012-12-31": "", "2011-12-31": "", "2010-12-31": ""}, "Goodwill And Intangible Assets": {"2019-12-31": "1339.71200", "2018-12-31": "1142.96600", "2017-12-31": "1172.04900", "2016-12-31": "1222.29200", "2015-12-31": "964.84800", "2014-12-31": "1011.91300", "2013-12-31": "987.70400", "2012-12-31": "5.46800", "2011-12-31": "", "2010-12-31": "0.00000"}, "Other Long-Term Assets": {"2019-12-31": "84.46800", "2018-12-31": "82.76900", "2017-12-31": "72.76700", "2016-12-31": "10.91000", "2015-12-31": "10.99800", "2014-12-31": "7.53300", "2013-12-31": "8.67700", "2012-12-31": "1.35400", "2011-12-31": "0.07200", "2010-12-31": "0.07000"}, "Total Long-Term Assets": {"2019-12-31": "1576.75000", "2018-12-31": "1314.89800", "2017-12-31": "1316.17300", "2016-12-31": "1295.05400", "2015-12-31": "1054.21400", "2014-12-31": "1101.74400", "2013-12-31": "1061.14600", "2012-12-31": "21.03200", "2011-12-31": "2.40500", "2010-12-31": "2.39000"}, "Total Assets": {"2019-12-31": "2890.48600", "2018-12-31": "2696.07800", "2017-12-31": "2458.83700", "2016-12-31": "2382.96500", "2015-12-31": "2441.47300", "2014-12-31": "1758.88100", "2013-12-31": "1376.31300", "2012-12-31": "125.27300", "2011-12-31": "35.64600", "2010-12-31": "35.64000"}, "Total Current Liabilities": {"2019-12-31": "849.94900", "2018-12-31": "677.36400", "2017-12-31": "661.45600", "2016-12-31": "536.38800", "2015-12-31": "457.93300", "2014-12-31": "327.08100", "2013-12-31": "203.96500", "2012-12-31": "72.08000", "2011-12-31": "30.69300", "2010-12-31": "30.69000"}, "Long Term Debt": {"2019-12-31": "893.27300", "2018-12-31": "962.57700", "2017-12-31": "779.57800", "2016-12-31": "741.98000", "2015-12-31": "706.19800", "2014-12-31": "", "2013-12-31": "", "2012-12-31": "10.91600", "2011-12-31": "4.52800", "2010-12-31": "4.52000"}, "Other Non-Current Liabilities": {"2019-12-31": "4.49400", "2018-12-31": "27.73000", "2017-12-31": "22.10200", "2016-12-31": "7.08700", "2015-12-31": "11.14100", "2014-12-31": "7.40300", "2013-12-31": "2.12000", "2012-12-31": "0.70200", "2011-12-31": "0.19500", "2010-12-31": "0.19000"}, "Total Long Term Liabilities": {"2019-12-31": "1338.87100", "2018-12-31": "1368.32000", "2017-12-31": "1165.16500", "2016-12-31": "1005.46500", "2015-12-31": "939.16800", "2014-12-31": "180.97200", "2013-12-31": "124.24600", "2012-12-31": "47.80300", "2011-12-31": "19.60400", "2010-12-31": "19.58000"}, "Total Liabilities": {"2019-12-31": "2188.82000", "2018-12-31": "2045.68400", "2017-12-31": "1826.62100", "2016-12-31": "1541.85300", "2015-12-31": "1397.10100", "2014-12-31": "508.05300", "2013-12-31": "328.21100", "2012-12-31": "119.88300", "2011-12-31": "50.29700", "2010-12-31": "50.29000"}, "Common Stock Net": {"2019-12-31": "0.02200", "2018-12-31": "0.02000", "2017-12-31": "0.01900", "2016-12-31": "0.01700", "2015-12-31": "0.01600", "2014-12-31": "0.01500", "2013-12-31": "0.01400", "2012-12-31": "0.00200", "2011-12-31": "0.00100", "2010-12-31": "0.00100"}, "Retained Earnings (Accumulated Deficit)": {"2019-12-31": "-2606.89500", "2018-12-31": "-2349.48600", "2017-12-31": "-2106.36300", "2016-12-31": "-1690.07200", "2015-12-31": "-1206.50700", "2014-12-31": "-667.29200", "2013-12-31": "-223.50200", "2012-12-31": "-102.86700", "2011-12-31": "-67.11100", "2010-12-31": "-67.11000"}, "Comprehensive Income": {"2019-12-31": "1.18000", "2018-12-31": "-2.29900", "2017-12-31": "-2.88100", "2016-12-31": "-1.74200", "2015-12-31": "-2.22500", "2014-12-31": "-0.44100", "2013-12-31": "0.00000", "2012-12-31": "", "2011-12-31": "", "2010-12-31": ""}, "Other Share Holders Equity": {"2019-12-31": "", "2018-12-31": "", "2017-12-31": "", "2016-12-31": "", "2015-12-31": "", "2014-12-31": "", "2013-12-31": "", "2012-12-31": "-1.00300", "2011-12-31": "-0.15100", "2010-12-31": "0.00000"}, "Share Holder Equity": {"2019-12-31": "701.66600", "2018-12-31": "650.39400", "2017-12-31": "632.21600", "2016-12-31": "841.11200", "2015-12-31": "1044.37200", "2014-12-31": "1250.82800", "2013-12-31": "1048.10200", "2012-12-31": "5.39000", "2011-12-31": "-14.65100", "2010-12-31": "-14.65000"}, "Total Liabilities And Share Holders Equity": {"2019-12-31": "2890.48600", "2018-12-31": "2696.07800", "2017-12-31": "2458.83700", "2016-12-31": "2382.96500", "2015-12-31": "2441.47300", "2014-12-31": "1758.88100", "2013-12-31": "1376.31300", "2012-12-31": "125.27300", "2011-12-31": "35.64600", "2010-12-31": "35.64000"}}, "balance sheet, quarterly": {"Cash On Hand": {"2020-09-30": "942.14200", "2020-06-30": "914.20400", "2020-03-31": "979.97000", "2019-12-31": "1039.55800", "2019-09-30": "996.97710", "2019-06-30": "987.74200", "2019-03-31": "1130.02900", "2018-12-31": "1116.52000", "2018-09-30": "1088.30100", "2018-06-30": "1075.34500", "2018-03-31": "886.38600", "2017-12-31": "896.80200", "2017-09-30": "878.76700", "2017-06-30": "870.83500", "2017-03-31": "875.01100", "2016-12-31": "935.72500", "2016-09-30": "926.16600", "2016-06-30": "916.82200", "2016-03-31": "921.14000", "2015-12-31": "1169.87700", "2015-09-30": "1169.92700", "2015-06-30": "1189.61700", "2015-03-31": "397.61400", "2014-12-31": "402.20800", "2014-09-30": "397.86500", "2014-06-30": "464.49400", "2014-03-31": "584.48300", "2013-12-31": "173.91800", "2013-09-30": "327.71000", "2013-06-30": "54.08500", "2013-03-31": "73.91400", "2012-12-31": "60.20000", "2012-09-30": "", "2012-06-30": "", "2012-03-31": "", "2011-12-31": "10.67600", "2010-12-31": "10.67000"}, "Receivables": {"2020-09-30": "133.89700", "2020-06-30": "119.84200", "2020-03-31": "140.19100", "2019-12-31": "171.45900", "2019-09-30": "153.91200", "2019-06-30": "127.45000", "2019-03-31": "111.07100", "2018-12-31": "157.81700", "2018-09-30": "129.16300", "2018-06-30": "120.89300", "2018-03-31": "103.05600", "2017-12-31": "146.31700", "2017-09-30": "120.17000", "2017-06-30": "109.97100", "2017-03-31": "105.90000", "2016-12-31": "121.15000", "2016-09-30": "124.01700", "2016-06-30": "124.28100", "2016-03-31": "141.24700", "2015-12-31": "172.75200", "2015-09-30": "140.94000", "2015-06-30": "105.18300", "2015-03-31": "160.09500", "2014-12-31": "193.18200", "2014-09-30": "155.79800", "2014-06-30": "108.03900", "2014-03-31": "80.51400", "2013-12-31": "95.77200", "2013-09-30": "51.25100", "2013-06-30": "28.08100", "2013-03-31": "25.43000", "2012-12-31": "30.13300", "2012-09-30": "", "2012-06-30": "", "2012-03-31": "", "2011-12-31": "20.02700", "2010-12-31": "20.02000"}, "Inventory": {"2020-09-30": "5.37100", "2020-06-30": "5.44000", "2020-03-31": "7.15800", "2019-12-31": "5.89200", "2019-09-30": "5.97000", "2019-06-30": "6.10000", "2019-03-31": "6.63500", "2018-12-31": "6.54800", "2018-09-30": "6.06700", "2018-06-30": "6.74400", "2018-03-31": "6.80600", "2017-12-31": "5.74600", "2017-09-30": "5.36800", "2017-06-30": "5.83700", "2017-03-31": "6.19500", "2016-12-31": "5.95500", "2016-09-30": "7.80700", "2016-06-30": "9.98100", "2016-03-31": "10.77800", "2015-12-31": "13.74700", "2015-09-30": "11.62800", "2015-06-30": "10.48500", "2015-03-31": "10.50500", "2014-12-31": "7.95200", "2014-09-30": "5.76500", "2014-06-30": "5.19800", "2014-03-31": "4.25800", "2013-12-31": "5.66300", "2013-09-30": "7.51600", "2013-06-30": "3.77900", "2013-03-31": "2.19500", "2012-12-31": "2.34000", "2012-09-30": "", "2012-06-30": "", "2012-03-31": "", "2011-12-31": "1.08000", "2010-12-31": "1.08000"}, "Pre-Paid Expenses": {"2020-09-30": "97.20700", "2020-06-30": "94.65400", "2020-03-31": "98.32400", "2019-12-31": "96.82700", "2019-09-30": "97.57600", "2019-06-30": "98.70800", "2019-03-31": "96.97700", "2018-12-31": "100.29500", "2018-09-30": "97.54600", "2018-06-30": "92.63200", "2018-03-31": "102.85100", "2017-12-31": "93.79900", "2017-09-30": "36.82600", "2017-06-30": "37.05700", "2017-03-31": "30.27800", "2016-12-31": "25.08100", "2016-09-30": "27.95700", "2016-06-30": "29.09400", "2016-03-31": "35.07800", "2015-12-31": "30.88300", "2015-09-30": "30.59500", "2015-06-30": "32.70600", "2015-03-31": "27.45700", "2014-12-31": "28.66900", "2014-09-30": "31.50800", "2014-06-30": "31.87900", "2014-03-31": "26.25700", "2013-12-31": "25.23000", "2013-09-30": "9.31900", "2013-06-30": "9.96300", "2013-03-31": "5.18200", "2012-12-31": "10.73100", "2012-09-30": "", "2012-06-30": "", "2012-03-31": "", "2011-12-31": "1.01400", "2010-12-31": ""}, "Other Current Assets": {"2020-09-30": "", "2020-06-30": "", "2020-03-31": "", "2019-12-31": "", "2019-09-30": "", "2019-06-30": "", "2019-03-31": "", "2018-12-31": "", "2018-09-30": "", "2018-06-30": "", "2018-03-31": "", "2017-12-31": "", "2017-09-30": "", "2017-06-30": "", "2017-03-31": "", "2016-12-31": "", "2016-09-30": "", "2016-06-30": "", "2016-03-31": "", "2015-12-31": "", "2015-09-30": "", "2015-06-30": "", "2015-03-31": "", "2014-12-31": "", "2014-09-30": "", "2014-06-30": "", "2014-03-31": "", "2013-12-31": "", "2013-09-30": "", "2013-06-30": "", "2013-03-31": "", "2012-12-31": "", "2012-09-30": "", "2012-06-30": "", "2012-03-31": "", "2011-12-31": "", "2010-12-31": "1.45000"}, "Total Current Assets": {"2020-09-30": "1178.61700", "2020-06-30": "1134.14000", "2020-03-31": "1225.64300", "2019-12-31": "1313.73600", "2019-09-30": "1254.43500", "2019-06-30": "1220.00000", "2019-03-31": "1344.71200", "2018-12-31": "1381.18000", "2018-09-30": "1321.07700", "2018-06-30": "1295.61400", "2018-03-31": "1099.09900", "2017-12-31": "1142.66400", "2017-09-30": "1041.13100", "2017-06-30": "1023.70000", "2017-03-31": "1017.38400", "2016-12-31": "1087.91100", "2016-09-30": "1085.94700", "2016-06-30": "1080.17800", "2016-03-31": "1108.24300", "2015-12-31": "1387.25900", "2015-09-30": "1379.48100", "2015-06-30": "1363.07200", "2015-03-31": "617.63900", "2014-12-31": "657.13700", "2014-09-30": "617.71100", "2014-06-30": "631.32200", "2014-03-31": "713.45600", "2013-12-31": "315.16700", "2013-09-30": "397.18800", "2013-06-30": "96.97800", "2013-03-31": "107.62800", "2012-12-31": "104.24100", "2012-09-30": "", "2012-06-30": "", "2012-03-31": "", "2011-12-31": "33.24100", "2010-12-31": "33.24000"}, "Property, Plant, And Equipment": {"2020-09-30": "83.99700", "2020-06-30": "87.40500", "2020-03-31": "90.61300", "2019-12-31": "93.81200", "2019-09-30": "95.22000", "2019-06-30": "95.87600", "2019-03-31": "91.89800", "2018-12-31": "89.16300", "2018-09-30": "86.25100", "2018-06-30": "81.37300", "2018-03-31": "76.57900", "2017-12-31": "71.35700", "2017-09-30": "67.14700", "2017-06-30": "60.12200", "2017-03-31": "60.81400", "2016-12-31": "61.85200", "2016-09-30": "67.21900", "2016-06-30": "73.38600", "2016-03-31": "81.32400", "2015-12-31": "78.36800", "2015-09-30": "73.12900", "2015-06-30": "74.43800", "2015-03-31": "81.03000", "2014-12-31": "82.29800", "2014-09-30": "84.09500", "2014-06-30": "78.39000", "2014-03-31": "69.25700", "2013-12-31": "64.76500", "2013-09-30": "47.13100", "2013-06-30": "33.73400", "2013-03-31": "20.22800", "2012-12-31": "13.53600", "2012-09-30": "", "2012-06-30": "", "2012-03-31": "", "2011-12-31": "1.93500", "2010-12-31": "3.24000"}, "Long-Term Investments": {"2020-09-30": "", "2020-06-30": "", "2020-03-31": "", "2019-12-31": "", "2019-09-30": "", "2019-06-30": "", "2019-03-31": "", "2018-12-31": "", "2018-09-30": "", "2018-06-30": "", "2018-03-31": "", "2017-12-31": "", "2017-09-30": "", "2017-06-30": "", "2017-03-31": "", "2016-12-31": "", "2016-09-30": "", "2016-06-30": "", "2016-03-31": "", "2015-12-31": "", "2015-09-30": "", "2015-06-30": "", "2015-03-31": "", "2014-12-31": "", "2014-09-30": "", "2014-06-30": "", "2014-03-31": "", "2013-12-31": "", "2013-09-30": "", "2013-06-30": "", "2013-03-31": "", "2012-12-31": "", "2012-09-30": "", "2012-06-30": "", "2012-03-31": "", "2011-12-31": "", "2010-12-31": ""}, "Goodwill And Intangible Assets": {"2020-09-30": "1319.31000", "2020-06-30": "1330.31800", "2020-03-31": "1341.56400", "2019-12-31": "1339.71200", "2019-09-30": "1354.16600", "2019-06-30": "1367.92400", "2019-03-31": "1130.84000", "2018-12-31": "1142.96600", "2018-09-30": "1155.47100", "2018-06-30": "1168.11700", "2018-03-31": "1180.79500", "2017-12-31": "1172.04900", "2017-09-30": "1177.93100", "2017-06-30": "1192.71800", "2017-03-31": "1207.50500", "2016-12-31": "1222.29200", "2016-09-30": "1238.49800", "2016-06-30": "1254.34400", "2016-03-31": "1264.77900", "2015-12-31": "964.84800", "2015-09-30": "976.61400", "2015-06-30": "988.38000", "2015-03-31": "1000.14600", "2014-12-31": "1011.91300", "2014-09-30": "1023.58900", "2014-06-30": "1034.92500", "2014-03-31": "979.87300", "2013-12-31": "987.70400", "2013-09-30": "10.08500", "2013-06-30": "4.94000", "2013-03-31": "5.20300", "2012-12-31": "5.46800", "2012-09-30": "0.00000", "2012-06-30": "0.00000", "2012-03-31": "0.00000", "2011-12-31": "", "2010-12-31": "0.00000"}, "Other Long-Term Assets": {"2020-09-30": "70.99400", "2020-06-30": "74.99800", "2020-03-31": "80.52100", "2019-12-31": "84.46800", "2019-09-30": "85.42400", "2019-06-30": "84.49200", "2019-03-31": "80.98400", "2018-12-31": "82.76900", "2018-09-30": "74.11600", "2018-06-30": "69.37000", "2018-03-31": "69.91200", "2017-12-31": "72.76700", "2017-09-30": "10.14000", "2017-06-30": "9.00300", "2017-03-31": "10.29200", "2016-12-31": "10.91000", "2016-09-30": "11.18400", "2016-06-30": "11.93900", "2016-03-31": "12.08400", "2015-12-31": "10.99800", "2015-09-30": "6.22800", "2015-06-30": "6.82400", "2015-03-31": "7.18600", "2014-12-31": "7.53300", "2014-09-30": "10.36600", "2014-06-30": "10.03500", "2014-03-31": "8.26800", "2013-12-31": "8.67700", "2013-09-30": "4.87700", "2013-06-30": "2.95000", "2013-03-31": "1.93900", "2012-12-31": "1.35400", "2012-09-30": "", "2012-06-30": "", "2012-03-31": "", "2011-12-31": "0.07200", "2010-12-31": "0.07000"}, "Total Long-Term Assets": {"2020-09-30": "1525.90500", "2020-06-30": "1547.29300", "2020-03-31": "1570.74300", "2019-12-31": "1576.75000", "2019-09-30": "1596.21200", "2019-06-30": "1611.16200", "2019-03-31": "1362.83000", "2018-12-31": "1314.89800", "2018-09-30": "1315.83800", "2018-06-30": "1318.86000", "2018-03-31": "1327.28600", "2017-12-31": "1316.17300", "2017-09-30": "1255.21800", "2017-06-30": "1261.84300", "2017-03-31": "1278.61100", "2016-12-31": "1295.05400", "2016-09-30": "1316.90100", "2016-06-30": "1339.66900", "2016-03-31": "1358.18700", "2015-12-31": "1054.21400", "2015-09-30": "1055.97100", "2015-06-30": "1069.64200", "2015-03-31": "1088.36200", "2014-12-31": "1101.74400", "2014-09-30": "1118.05000", "2014-06-30": "1123.35000", "2014-03-31": "1059.26500", "2013-12-31": "1061.14600", "2013-09-30": "63.11700", "2013-06-30": "42.50900", "2013-03-31": "28.19400", "2012-12-31": "21.03200", "2012-09-30": "", "2012-06-30": "", "2012-03-31": "", "2011-12-31": "2.40500", "2010-12-31": "3.70000"}, "Total Assets": {"2020-09-30": "2704.52200", "2020-06-30": "2681.43300", "2020-03-31": "2796.38600", "2019-12-31": "2890.48600", "2019-09-30": "2850.64700", "2019-06-30": "2831.16200", "2019-03-31": "2707.54200", "2018-12-31": "2696.07800", "2018-09-30": "2636.91500", "2018-06-30": "2614.47400", "2018-03-31": "2426.38500", "2017-12-31": "2458.83700", "2017-09-30": "2296.34900", "2017-06-30": "2285.54300", "2017-03-31": "2295.99500", "2016-12-31": "2382.96500", "2016-09-30": "2402.84800", "2016-06-30": "2419.84700", "2016-03-31": "2466.43000", "2015-12-31": "2441.47300", "2015-09-30": "2435.45200", "2015-06-30": "2432.71400", "2015-03-31": "1706.00100", "2014-12-31": "1758.88100", "2014-09-30": "1735.76100", "2014-06-30": "1754.67200", "2014-03-31": "1772.72100", "2013-12-31": "1376.31300", "2013-09-30": "460.30500", "2013-06-30": "139.48700", "2013-03-31": "135.82200", "2012-12-31": "125.27300", "2012-09-30": "0.00000", "2012-06-30": "0.00000", "2012-03-31": "0.00000", "2011-12-31": "35.64600", "2010-12-31": "35.64000"}, "Total Current Liabilities": {"2020-09-30": "699.01400", "2020-06-30": "683.61700", "2020-03-31": "818.37800", "2019-12-31": "849.94900", "2019-09-30": "820.06500", "2019-06-30": "783.97400", "2019-03-31": "670.75600", "2018-12-31": "677.36400", "2018-09-30": "652.62300", "2018-06-30": "636.81600", "2018-03-31": "642.12600", "2017-12-31": "661.45600", "2017-09-30": "522.96400", "2017-06-30": "494.32100", "2017-03-31": "494.26500", "2016-12-31": "536.38800", "2016-09-30": "547.41300", "2016-06-30": "508.00200", "2016-03-31": "508.78600", "2015-12-31": "457.93300", "2015-09-30": "402.95400", "2015-06-30": "348.84500", "2015-03-31": "333.65200", "2014-12-31": "327.08100", "2014-09-30": "277.84800", "2014-06-30": "249.15200", "2014-03-31": "214.85100", "2013-12-31": "203.96500", "2013-09-30": "132.77000", "2013-06-30": "110.12700", "2013-03-31": "89.31600", "2012-12-31": "72.08000", "2012-09-30": "", "2012-06-30": "", "2012-03-31": "", "2011-12-31": "30.69300", "2010-12-31": "30.69000"}, "Long Term Debt": {"2020-09-30": "949.64800", "2020-06-30": "938.53600", "2020-03-31": "904.12000", "2019-12-31": "893.27300", "2019-09-30": "882.55500", "2019-06-30": "871.96700", "2019-03-31": "974.35500", "2018-12-31": "962.57700", "2018-09-30": "950.94200", "2018-06-30": "939.44700", "2018-03-31": "789.27200", "2017-12-31": "779.57800", "2017-09-30": "770.00300", "2017-06-30": "760.54600", "2017-03-31": "751.20600", "2016-12-31": "741.98000", "2016-09-30": "732.86800", "2016-06-30": "723.86800", "2016-03-31": "714.97800", "2015-12-31": "706.19800", "2015-09-30": "697.52600", "2015-06-30": "688.96100", "2015-03-31": "", "2014-12-31": "", "2014-09-30": "", "2014-06-30": "", "2014-03-31": "", "2013-12-31": "", "2013-09-30": "20.00000", "2013-06-30": "20.00000", "2013-03-31": "10.00000", "2012-12-31": "10.91600", "2012-09-30": "", "2012-06-30": "", "2012-03-31": "", "2011-12-31": "4.52800", "2010-12-31": "4.52000"}, "Other Non-Current Liabilities": {"2020-09-30": "4.40400", "2020-06-30": "4.65400", "2020-03-31": "4.68000", "2019-12-31": "4.49400", "2019-09-30": "4.37700", "2019-06-30": "3.65800", "2019-03-31": "3.99300", "2018-12-31": "27.73000", "2018-09-30": "24.08500", "2018-06-30": "23.84400", "2018-03-31": "22.95700", "2017-12-31": "22.10200", "2017-09-30": "15.20000", "2017-06-30": "15.43800", "2017-03-31": "8.32000", "2016-12-31": "7.08700", "2016-09-30": "8.25500", "2016-06-30": "9.82300", "2016-03-31": "9.29800", "2015-12-31": "11.14100", "2015-09-30": "10.14400", "2015-06-30": "9.95900", "2015-03-31": "9.40000", "2014-12-31": "7.40300", "2014-09-30": "6.55300", "2014-06-30": "5.58000", "2014-03-31": "3.62300", "2013-12-31": "2.12000", "2013-09-30": "1.24600", "2013-06-30": "1.04000", "2013-03-31": "0.75500", "2012-12-31": "0.70200", "2012-09-30": "", "2012-06-30": "", "2012-03-31": "", "2011-12-31": "0.19500", "2010-12-31": "0.19000"}, "Total Long Term Liabilities": {"2020-09-30": "1342.34800", "2020-06-30": "1337.45700", "2020-03-31": "1324.40000", "2019-12-31": "1338.87100", "2019-09-30": "1327.67200", "2019-06-30": "1318.41800", "2019-03-31": "1417.34500", "2018-12-31": "1368.32000", "2018-09-30": "1333.43000", "2018-06-30": "1317.23000", "2018-03-31": "1164.82500", "2017-12-31": "1165.16500", "2017-09-30": "1006.57400", "2017-06-30": "998.83800", "2017-03-31": "995.08300", "2016-12-31": "1005.46500", "2016-09-30": "995.46000", "2016-06-30": "978.61500", "2016-03-31": "961.26300", "2015-12-31": "939.16800", "2015-09-30": "922.82900", "2015-06-30": "901.18200", "2015-03-31": "192.73300", "2014-12-31": "180.97200", "2014-09-30": "164.77400", "2014-06-30": "141.82300", "2014-03-31": "134.08000", "2013-12-31": "124.24600", "2013-09-30": "80.54800", "2013-06-30": "74.40600", "2013-03-31": "57.03400", "2012-12-31": "47.80300", "2012-09-30": "", "2012-06-30": "", "2012-03-31": "", "2011-12-31": "19.60400", "2010-12-31": "19.58000"}, "Total Liabilities": {"2020-09-30": "2041.36200", "2020-06-30": "2021.07400", "2020-03-31": "2142.77800", "2019-12-31": "2188.82000", "2019-09-30": "2147.73700", "2019-06-30": "2102.39200", "2019-03-31": "2088.10100", "2018-12-31": "2045.68400", "2018-09-30": "1986.05300", "2018-06-30": "1954.04600", "2018-03-31": "1806.95100", "2017-12-31": "1826.62100", "2017-09-30": "1529.53800", "2017-06-30": "1493.15900", "2017-03-31": "1489.34800", "2016-12-31": "1541.85300", "2016-09-30": "1542.87300", "2016-06-30": "1486.61700", "2016-03-31": "1470.04900", "2015-12-31": "1397.10100", "2015-09-30": "1325.78300", "2015-06-30": "1250.02700", "2015-03-31": "526.38500", "2014-12-31": "508.05300", "2014-09-30": "442.62200", "2014-06-30": "390.97500", "2014-03-31": "348.93100", "2013-12-31": "328.21100", "2013-09-30": "213.31800", "2013-06-30": "184.53300", "2013-03-31": "146.35000", "2012-12-31": "119.88300", "2012-09-30": "0.00000", "2012-06-30": "0.00000", "2012-03-31": "0.00000", "2011-12-31": "50.29700", "2010-12-31": "50.29000"}, "Common Stock Net": {"2020-09-30": "0.02300", "2020-06-30": "0.02200", "2020-03-31": "0.02200", "2019-12-31": "0.02200", "2019-09-30": "0.02200", "2019-06-30": "0.02100", "2019-03-31": "0.02000", "2018-12-31": "0.02000", "2018-09-30": "0.02000", "2018-06-30": "0.02000", "2018-03-31": "0.01900", "2017-12-31": "0.01900", "2017-09-30": "0.01800", "2017-06-30": "0.01800", "2017-03-31": "0.01800", "2016-12-31": "0.01700", "2016-09-30": "0.01700", "2016-06-30": "0.01700", "2016-03-31": "0.01700", "2015-12-31": "0.01600", "2015-09-30": "0.01600", "2015-06-30": "0.01600", "2015-03-31": "0.01600", "2014-12-31": "0.01500", "2014-09-30": "0.01500", "2014-06-30": "0.01500", "2014-03-31": "0.01400", "2013-12-31": "0.01400", "2013-09-30": "0.01200", "2013-06-30": "0.00300", "2013-03-31": "0.00200", "2012-12-31": "0.00200", "2012-09-30": "0.00000", "2012-06-30": "0.00000", "2012-03-31": "0.00000", "2011-12-31": "0.00100", "2010-12-31": "0.00100"}, "Retained Earnings (Accumulated Deficit)": {"2020-09-30": "-2775.59500", "2020-06-30": "-2736.47700", "2020-03-31": "-2683.20100", "2019-12-31": "-2606.89500", "2019-09-30": "-2557.67900", "2019-06-30": "-2492.18400", "2019-03-31": "-2424.86100", "2018-12-31": "-2349.48600", "2018-09-30": "-2301.08900", "2018-06-30": "-2251.05200", "2018-03-31": "-2178.19400", "2017-12-31": "-2106.36300", "2017-09-30": "-1916.73700", "2017-06-30": "-1843.79200", "2017-03-31": "-1773.06000", "2016-12-31": "-1690.07200", "2016-09-30": "-1628.53600", "2016-06-30": "-1505.16300", "2016-03-31": "-1365.84300", "2015-12-31": "-1206.50700", "2015-09-30": "-1070.35900", "2015-06-30": "-934.82900", "2015-03-31": "-801.25600", "2014-12-31": "-667.29200", "2014-09-30": "-561.56600", "2014-06-30": "-441.53600", "2014-03-31": "-324.71300", "2013-12-31": "-223.50200", "2013-09-30": "-220.98900", "2013-06-30": "-170.06300", "2013-03-31": "-129.82800", "2012-12-31": "-102.86700", "2012-09-30": "", "2012-06-30": "", "2012-03-31": "", "2011-12-31": "-67.11100", "2010-12-31": "-67.11000"}, "Comprehensive Income": {"2020-09-30": "5.11400", "2020-06-30": "6.31100", "2020-03-31": "-1.66900", "2019-12-31": "1.18000", "2019-09-30": "1.07700", "2019-06-30": "0.97000", "2019-03-31": "-0.20200", "2018-12-31": "-2.29900", "2018-09-30": "-2.54500", "2018-06-30": "-3.49500", "2018-03-31": "-4.47600", "2017-12-31": "-2.88100", "2017-09-30": "-1.21400", "2017-06-30": "-1.39300", "2017-03-31": "-1.41900", "2016-12-31": "-1.74200", "2016-09-30": "-0.45700", "2016-06-30": "0.41300", "2016-03-31": "-0.06200", "2015-12-31": "-2.22500", "2015-09-30": "-0.42400", "2015-06-30": "-0.47200", "2015-03-31": "-0.03800", "2014-12-31": "-0.44100", "2014-09-30": "-0.32600", "2014-06-30": "-0.11000", "2014-03-31": "-0.13800", "2013-12-31": "", "2013-09-30": "", "2013-06-30": "", "2013-03-31": "", "2012-12-31": "", "2012-09-30": "", "2012-06-30": "", "2012-03-31": "", "2011-12-31": "", "2010-12-31": ""}, "Other Share Holders Equity": {"2020-09-30": "", "2020-06-30": "", "2020-03-31": "", "2019-12-31": "", "2019-09-30": "", "2019-06-30": "", "2019-03-31": "", "2018-12-31": "", "2018-09-30": "", "2018-06-30": "", "2018-03-31": "", "2017-12-31": "", "2017-09-30": "", "2017-06-30": "", "2017-03-31": "", "2016-12-31": "", "2016-09-30": "", "2016-06-30": "", "2016-03-31": "", "2015-12-31": "", "2015-09-30": "", "2015-06-30": "", "2015-03-31": "", "2014-12-31": "", "2014-09-30": "", "2014-06-30": "", "2014-03-31": "", "2013-12-31": "", "2013-09-30": "", "2013-06-30": "", "2013-03-31": "", "2012-12-31": "-1.00300", "2012-09-30": "0.00000", "2012-06-30": "0.00000", "2012-03-31": "0.00000", "2011-12-31": "-0.15100", "2010-12-31": "0.00000"}, "Share Holder Equity": {"2020-09-30": "663.16000", "2020-06-30": "660.35900", "2020-03-31": "653.60800", "2019-12-31": "701.66600", "2019-09-30": "702.91000", "2019-06-30": "728.77000", "2019-03-31": "619.44100", "2018-12-31": "650.39400", "2018-09-30": "650.86200", "2018-06-30": "660.42800", "2018-03-31": "619.43400", "2017-12-31": "632.21600", "2017-09-30": "766.81100", "2017-06-30": "792.38400", "2017-03-31": "806.64700", "2016-12-31": "841.11200", "2016-09-30": "859.97500", "2016-06-30": "933.23000", "2016-03-31": "996.38100", "2015-12-31": "1044.37200", "2015-09-30": "1109.66900", "2015-06-30": "1182.68700", "2015-03-31": "1179.61600", "2014-12-31": "1250.82800", "2014-09-30": "1293.13900", "2014-06-30": "1363.69700", "2014-03-31": "1423.79000", "2013-12-31": "1048.10200", "2013-09-30": "246.98700", "2013-06-30": "-45.04600", "2013-03-31": "-10.52800", "2012-12-31": "5.39000", "2012-09-30": "0.00000", "2012-06-30": "0.00000", "2012-03-31": "0.00000", "2011-12-31": "-14.65100", "2010-12-31": "-14.65000"}, "Total Liabilities And Share Holders Equity": {"2020-09-30": "2704.52200", "2020-06-30": "2681.43300", "2020-03-31": "2796.38600", "2019-12-31": "2890.48600", "2019-09-30": "2850.64700", "2019-06-30": "2831.16200", "2019-03-31": "2707.54200", "2018-12-31": "2696.07800", "2018-09-30": "2636.91500", "2018-06-30": "2614.47400", "2018-03-31": "2426.38500", "2017-12-31": "2458.83700", "2017-09-30": "2296.34900", "2017-06-30": "2285.54300", "2017-03-31": "2295.99500", "2016-12-31": "2382.96500", "2016-09-30": "2402.84800", "2016-06-30": "2419.84700", "2016-03-31": "2466.43000", "2015-12-31": "2441.47300", "2015-09-30": "2435.45200", "2015-06-30": "2432.71400", "2015-03-31": "1706.00100", "2014-12-31": "1758.88100", "2014-09-30": "1735.76100", "2014-06-30": "1754.67200", "2014-03-31": "1772.72100", "2013-12-31": "1376.31300", "2013-09-30": "460.30500", "2013-06-30": "139.48700", "2013-03-31": "135.82200", "2012-12-31": "125.27300", "2012-09-30": "0.00000", "2012-06-30": "0.00000", "2012-03-31": "0.00000", "2011-12-31": "35.64600", "2010-12-31": "35.64000"}}, "cash flow statement": {"Net Income/Loss": {"2019-12-31": "-257.40900", "2018-12-31": "-243.12300", "2017-12-31": "-285.18400", "2016-12-31": "-485.43500", "2015-12-31": "-539.21500", "2014-12-31": "-443.79000", "2013-12-31": "-120.63500", "2012-12-31": "-35.75600", "2011-12-31": "-16.78200", "2010-12-31": "-9.48100"}, "Total Depreciation And Amortization - Cash Flow": {"2019-12-31": "103.30500", "2018-12-31": "86.50500", "2017-12-31": "103.41700", "2016-12-31": "119.26700", "2015-12-31": "111.95600", "2014-12-31": "94.13600", "2013-12-31": "20.75800", "2012-12-31": "6.91700", "2011-12-31": "3.27200", "2010-12-31": "0.84200"}, "Other Non-Cash Items": {"2019-12-31": "202.18800", "2018-12-31": "167.92200", "2017-12-31": "209.76300", "2016-12-31": "235.11400", "2015-12-31": "245.50700", "2014-12-31": "114.24400", "2013-12-31": "-25.52200", "2012-12-31": "8.33400", "2011-12-31": "1.72100", "2010-12-31": "0.48500"}, "Total Non-Cash Items": {"2019-12-31": "305.49300", "2018-12-31": "254.42700", "2017-12-31": "313.18000", "2016-12-31": "354.38100", "2015-12-31": "357.46300", "2014-12-31": "208.38000", "2013-12-31": "-4.76400", "2012-12-31": "15.25100", "2011-12-31": "4.99300", "2010-12-31": "1.32700"}, "Change In Accounts Receivable": {"2019-12-31": "-12.10900", "2018-12-31": "-11.60500", "2017-12-31": "-14.43400", "2016-12-31": "57.96800", "2015-12-31": "19.12600", "2014-12-31": "-97.16500", "2013-12-31": "-35.14500", "2012-12-31": "-10.10600", "2011-12-31": "-13.54000", "2010-12-31": "-5.61400"}, "Change In Inventories": {"2019-12-31": "0.05100", "2018-12-31": "-5.21600", "2017-12-31": "-3.33300", "2016-12-31": "1.41500", "2015-12-31": "-7.82000", "2014-12-31": "-2.02400", "2013-12-31": "-3.08900", "2012-12-31": "-0.81700", "2011-12-31": "-0.65800", "2010-12-31": "0.21100"}, "Change In Accounts Payable": {"2019-12-31": "4.70700", "2018-12-31": "-8.20500", "2017-12-31": "6.04000", "2016-12-31": "-19.09300", "2015-12-31": "7.70500", "2014-12-31": "-3.19300", "2013-12-31": "11.50400", "2012-12-31": "6.18900", "2011-12-31": "5.40000", "2010-12-31": "0.46600"}, "Change In Assets/Liabilities": {"2019-12-31": "34.17300", "2018-12-31": "16.64900", "2017-12-31": "2.46500", "2016-12-31": "111.95400", "2015-12-31": "177.51900", "2014-12-31": "171.46100", "2013-12-31": "81.47400", "2012-12-31": "43.06300", "2011-12-31": "22.96800", "2010-12-31": "3.77900"}, "Total Change In Assets/Liabilities": {"2019-12-31": "19.45300", "2018-12-31": "6.07700", "2017-12-31": "-10.35600", "2016-12-31": "116.46900", "2015-12-31": "218.76700", "2014-12-31": "104.14000", "2013-12-31": "55.63700", "2012-12-31": "42.00500", "2011-12-31": "16.90000", "2010-12-31": "1.45300"}, "Cash Flow From Operating Activities": {"2019-12-31": "67.53700", "2018-12-31": "17.38100", "2017-12-31": "17.64000", "2016-12-31": "-14.58500", "2015-12-31": "37.01500", "2014-12-31": "-131.27000", "2013-12-31": "-69.76200", "2012-12-31": "21.50000", "2011-12-31": "5.11100", "2010-12-31": "-6.70100"}, "Net Change In Property, Plant, And Equipment": {"2019-12-31": "-45.60500", "2018-12-31": "-50.83100", "2017-12-31": "-43.77900", "2016-12-31": "-36.31400", "2015-12-31": "-54.54900", "2014-12-31": "-67.71500", "2013-12-31": "-57.56000", "2012-12-31": "-18.84800", "2011-12-31": "-5.21700", "2010-12-31": "-1.50900"}, "Net Change In Intangible Assets": {"2019-12-31": "", "2018-12-31": "", "2017-12-31": "", "2016-12-31": "", "2015-12-31": "", "2014-12-31": "", "2013-12-31": "", "2012-12-31": "", "2011-12-31": "", "2010-12-31": ""}, "Net Acquisitions/Divestitures": {"2019-12-31": "-127.24900", "2018-12-31": "-5.24000", "2017-12-31": "-4.30000", "2016-12-31": "-204.92600", "2015-12-31": "", "2014-12-31": "-55.05800", "2013-12-31": "-89.24000", "2012-12-31": "-0.88900", "2011-12-31": "", "2010-12-31": ""}, "Net Change In Short-term Investments": {"2019-12-31": "3.38600", "2018-12-31": "7.27900", "2017-12-31": "-8.25500", "2016-12-31": "51.79200", "2015-12-31": "-519.17400", "2014-12-31": "-259.24200", "2013-12-31": "", "2012-12-31": "", "2011-12-31": "", "2010-12-31": ""}, "Net Change In Long-Term Investments": {"2019-12-31": "0.43200", "2018-12-31": "0.27500", "2017-12-31": "-2.98900", "2016-12-31": "-0.24800", "2015-12-31": "-3.02600", "2014-12-31": "-0.49600", "2013-12-31": "-1.66900", "2012-12-31": "-0.47800", "2011-12-31": "-0.00700", "2010-12-31": "-0.00900"}, "Net Change In Investments - Total": {"2019-12-31": "3.81800", "2018-12-31": "7.55400", "2017-12-31": "-11.24400", "2016-12-31": "51.54400", "2015-12-31": "-522.20000", "2014-12-31": "-259.73800", "2013-12-31": "-1.66900", "2012-12-31": "-0.47800", "2011-12-31": "-0.00700", "2010-12-31": "-0.00900"}, "Investing Activities - Other": {"2019-12-31": "", "2018-12-31": "", "2017-12-31": "", "2016-12-31": "", "2015-12-31": "", "2014-12-31": "", "2013-12-31": "", "2012-12-31": "", "2011-12-31": "", "2010-12-31": ""}, "Cash Flow From Investing Activities": {"2019-12-31": "-169.03600", "2018-12-31": "-48.51700", "2017-12-31": "-59.32300", "2016-12-31": "-189.69600", "2015-12-31": "-576.74900", "2014-12-31": "-382.51100", "2013-12-31": "-148.46900", "2012-12-31": "-20.21500", "2011-12-31": "-5.22400", "2010-12-31": "-1.51800"}, "Net Long-Term Debt": {"2019-12-31": "", "2018-12-31": "297.58800", "2017-12-31": "", "2016-12-31": "-8.84200", "2015-12-31": "", "2014-12-31": "", "2013-12-31": "-2.70600", "2012-12-31": "7.61900", "2011-12-31": "0.05900", "2010-12-31": "2.32200"}, "Net Current Debt": {"2019-12-31": "", "2018-12-31": "", "2017-12-31": "", "2016-12-31": "", "2015-12-31": "", "2014-12-31": "", "2013-12-31": "-2.15000", "2012-12-31": "-1.40500", "2011-12-31": "2.19300", "2010-12-31": "1.18100"}, "Debt Issuance/Retirement Net - Total": {"2019-12-31": "", "2018-12-31": "297.58800", "2017-12-31": "", "2016-12-31": "-8.84200", "2015-12-31": "", "2014-12-31": "", "2013-12-31": "-4.85600", "2012-12-31": "6.21400", "2011-12-31": "2.25200", "2010-12-31": "3.50300"}, "Net Common Equity Issued/Repurchased": {"2019-12-31": "26.27300", "2018-12-31": "-37.51400", "2017-12-31": "39.24300", "2016-12-31": "35.92400", "2015-12-31": "-99.03000", "2014-12-31": "488.28400", "2013-12-31": "326.81700", "2012-12-31": "2.24000", "2011-12-31": "0.87500", "2010-12-31": "0.03900"}, "Net Total Equity Issued/Repurchased": {"2019-12-31": "26.27300", "2018-12-31": "-37.51400", "2017-12-31": "39.24300", "2016-12-31": "35.92400", "2015-12-31": "797.50000", "2014-12-31": "488.28400", "2013-12-31": "336.80500", "2012-12-31": "42.02500", "2011-12-31": "0.87200", "2010-12-31": "11.11600"}, "Total Common And Preferred Stock Dividends Paid": {"2019-12-31": "", "2018-12-31": "", "2017-12-31": "", "2016-12-31": "", "2015-12-31": "", "2014-12-31": "", "2013-12-31": "", "2012-12-31": "", "2011-12-31": "", "2010-12-31": ""}, "Financial Activities - Other": {"2019-12-31": "", "2018-12-31": "", "2017-12-31": "-40.33600", "2016-12-31": "-1.23600", "2015-12-31": "-2.02700", "2014-12-31": "-2.05800", "2013-12-31": "", "2012-12-31": "", "2011-12-31": "", "2010-12-31": ""}, "Cash Flow From Financial Activities": {"2019-12-31": "26.27300", "2018-12-31": "260.07400", "2017-12-31": "-1.09300", "2016-12-31": "25.84600", "2015-12-31": "795.47300", "2014-12-31": "486.22600", "2013-12-31": "331.94900", "2012-12-31": "48.23900", "2011-12-31": "3.12400", "2010-12-31": "14.61900"}, "Net Cash Flow": {"2019-12-31": "-75.22600", "2018-12-31": "228.93800", "2017-12-31": "-42.77600", "2016-12-31": "-178.43500", "2015-12-31": "255.73900", "2014-12-31": "-27.55500", "2013-12-31": "113.71800", "2012-12-31": "49.52400", "2011-12-31": "3.01100", "2010-12-31": "6.40000"}, "Stock-Based Compensation": {"2019-12-31": "153.51700", "2018-12-31": "153.67500", "2017-12-31": "166.33600", "2016-12-31": "199.06600", "2015-12-31": "222.11900", "2014-12-31": "151.85200", "2013-12-31": "28.85800", "2012-12-31": "6.84300", "2011-12-31": "0.71500", "2010-12-31": "0.13700"}, "Common Stock Dividends Paid": {"2019-12-31": "", "2018-12-31": "", "2017-12-31": "", "2016-12-31": "", "2015-12-31": "", "2014-12-31": "", "2013-12-31": "", "2012-12-31": "", "2011-12-31": "", "2010-12-31": ""}}, "cash flow statement, quarterly": {"Net Income/Loss": {"2020-09-30": -39.118, "2020-06-30": -53.276, "2020-03-31": "-76.30600", "2019-12-31": -49.216, "2019-09-30": -65.495, "2019-06-30": -67.323, "2019-03-31": "-75.37500", "2018-12-31": -48.397, "2018-09-30": -50.037, "2018-06-30": -72.859, "2018-03-31": "-71.83000", "2017-12-31": -70.414, "2017-09-30": -69.214, "2017-06-30": -68.339, "2017-03-31": "-77.21700", "2016-12-31": -66.842, "2016-09-30": -123.373, "2016-06-30": -139.32, "2016-03-31": "-155.90000", "2015-12-31": -136.148, "2015-09-30": -135.53, "2015-06-30": -133.573, "2015-03-31": "-133.96400", "2014-12-31": -105.726, "2014-09-30": -120.03, "2014-06-30": -116.823, "2014-03-31": "-101.21100", "2013-12-31": -2.513, "2013-09-30": -50.926, "2013-06-30": -40.235, "2013-03-31": "-26.96100", "2012-12-31": -12.57, "2012-09-30": -8.852, "2012-06-30": -8.703, "2012-03-31": "-5.62500", "2011-12-31": -7.3, "2010-12-31": -9.48}, "Total Depreciation And Amortization - Cash Flow": {"2020-09-30": 23.5, "2020-06-30": 23.497, "2020-03-31": "24.24100", "2019-12-31": 27.067, "2019-09-30": 28.136, "2019-06-30": 24.269, "2019-03-31": "23.83300", "2018-12-31": 19.817, "2018-09-30": 22.087, "2018-06-30": 22.212, "2018-03-31": "22.38900", "2017-12-31": 24.805, "2017-09-30": 25.839, "2017-06-30": 26.408, "2017-03-31": "26.36500", "2016-12-31": 28.415, "2016-09-30": 29.625, "2016-06-30": 30.724, "2016-03-31": "30.50300", "2015-12-31": 29.802, "2015-09-30": 27.985, "2015-06-30": 27.588, "2015-03-31": "26.58100", "2014-12-31": 26.505, "2014-09-30": 24.905, "2014-06-30": 22.02, "2014-03-31": "20.70600", "2013-12-31": 8.414, "2013-09-30": 5.249, "2013-06-30": 3.861, "2013-03-31": "3.23400", "2012-12-31": 2.454, "2012-09-30": 2.284, "2012-06-30": 1.401, "2012-03-31": "0.77100", "2011-12-31": 2.43, "2010-12-31": 0.84}, "Other Non-Cash Items": {"2020-09-30": 51.647, "2020-06-30": 49.4, "2020-03-31": "54.95300", "2019-12-31": 49.456, "2019-09-30": 47.939, "2019-06-30": 51.116, "2019-03-31": "53.67700", "2018-12-31": 47.098, "2018-09-30": 50.139, "2018-06-30": 17.561, "2018-03-31": "53.12400", "2017-12-31": 51.26, "2017-09-30": 52.987, "2017-06-30": 50.017, "2017-03-31": "55.49900", "2016-12-31": 43.423, "2016-09-30": 60.702, "2016-06-30": 68.085, "2016-03-31": "62.90400", "2015-12-31": 66.194, "2015-09-30": 68.029, "2015-06-30": 60.818, "2015-03-31": "50.46600", "2014-12-31": 36.077, "2014-09-30": 33.497, "2014-06-30": 26.905, "2014-03-31": "17.76500", "2013-12-31": -47.229, "2013-09-30": 11.16, "2013-06-30": 5.103, "2013-03-31": "5.44400", "2012-12-31": 3.106, "2012-09-30": 2.849, "2012-06-30": 1.702, "2012-03-31": "0.67700", "2011-12-31": 0, "2010-12-31": 0}, "Total Non-Cash Items": {"2020-09-30": 75.147, "2020-06-30": 72.897, "2020-03-31": "79.19400", "2019-12-31": 76.523, "2019-09-30": 76.075, "2019-06-30": 75.385, "2019-03-31": "77.51000", "2018-12-31": 66.915, "2018-09-30": 72.226, "2018-06-30": 39.773, "2018-03-31": "75.51300", "2017-12-31": 76.065, "2017-09-30": 78.826, "2017-06-30": 76.425, "2017-03-31": "81.86400", "2016-12-31": 71.838, "2016-09-30": 90.327, "2016-06-30": 98.809, "2016-03-31": "93.40700", "2015-12-31": 95.996, "2015-09-30": 96.014, "2015-06-30": 88.406, "2015-03-31": "77.04700", "2014-12-31": 62.582, "2014-09-30": 58.402, "2014-06-30": 48.925, "2014-03-31": "38.47100", "2013-12-31": -38.815, "2013-09-30": 16.409, "2013-06-30": 8.964, "2013-03-31": "8.67800", "2012-12-31": -2.774, "2012-09-30": 5.133, "2012-06-30": 3.103, "2012-03-31": "1.44800", "2011-12-31": 2.43, "2010-12-31": 0.84}, "Change In Accounts Receivable": {"2020-09-30": -14.172, "2020-06-30": 20.064, "2020-03-31": "30.25600", "2019-12-31": -18.038, "2019-09-30": -26.931, "2019-06-30": -13.619, "2019-03-31": "46.47900", "2018-12-31": -27.574, "2018-09-30": -8.923, "2018-06-30": -18.094, "2018-03-31": "42.98600", "2017-12-31": -18.591, "2017-09-30": -12.041, "2017-06-30": -5.823, "2017-03-31": "22.02100", "2016-12-31": -2.404, "2016-09-30": 0.264, "2016-06-30": 16.964, "2016-03-31": "43.14400", "2015-12-31": -31.759, "2015-09-30": -35.955, "2015-06-30": 54.104, "2015-03-31": "32.73600", "2014-12-31": -37.124, "2014-09-30": -48.381, "2014-06-30": -26.881, "2014-03-31": "15.22100", "2013-12-31": -14.418, "2013-09-30": -22.779, "2013-06-30": -2.651, "2013-03-31": "4.70300", "2012-12-31": -4.499, "2012-09-30": -4.375, "2012-06-30": -7.599, "2012-03-31": "6.36700", "2011-12-31": 0, "2010-12-31": 0}, "Change In Inventories": {"2020-09-30": 1.591, "2020-06-30": 0.92, "2020-03-31": "-0.93500", "2019-12-31": 0.022, "2019-09-30": 0.272, "2019-06-30": 0.152, "2019-03-31": "-0.39500", "2018-12-31": -1.07, "2018-09-30": -1.88, "2018-06-30": -0.893, "2018-03-31": "-1.37300", "2017-12-31": -1.443, "2017-09-30": -1.317, "2017-06-30": 0.517, "2017-03-31": "-1.09000", "2016-12-31": -1.57, "2016-09-30": 1.157, "2016-06-30": -0.497, "2016-03-31": "2.32500", "2015-12-31": -2.834, "2015-09-30": -1.677, "2015-06-30": -0.755, "2015-03-31": "-2.55400", "2014-12-31": -2.186, "2014-09-30": -0.567, "2014-06-30": -0.676, "2014-03-31": "1.40500", "2013-12-31": 2.085, "2013-09-30": -4.006, "2013-06-30": -1.494, "2013-03-31": "0.32600", "2012-12-31": 1.125, "2012-09-30": 0.18, "2012-06-30": -0.602, "2012-03-31": "-1.52000", "2011-12-31": 0, "2010-12-31": 0}, "Change In Accounts Payable": {"2020-09-30": -4.321, "2020-06-30": -14.688, "2020-03-31": "1.71700", "2019-12-31": 2.58, "2019-09-30": -2.288, "2019-06-30": -2.387, "2019-03-31": "6.80200", "2018-12-31": -1.59, "2018-09-30": -2.463, "2018-06-30": 1.202, "2018-03-31": "-5.35400", "2017-12-31": 7, "2017-09-30": -4.753, "2017-06-30": 0.462, "2017-03-31": "3.33100", "2016-12-31": -7.495, "2016-09-30": -4.756, "2016-06-30": -3.451, "2016-03-31": "-3.39100", "2015-12-31": 6.416, "2015-09-30": 7.342, "2015-06-30": -1.834, "2015-03-31": "-4.21900", "2014-12-31": 5.166, "2014-09-30": -1.256, "2014-06-30": 5.293, "2014-03-31": "-12.39600", "2013-12-31": 5.389, "2013-09-30": -2.092, "2013-06-30": 8.862, "2013-03-31": "-0.65500", "2012-12-31": 5.199, "2012-09-30": -0.707, "2012-06-30": 0.795, "2012-03-31": "0.90200", "2011-12-31": 0, "2010-12-31": 0}, "Change In Assets/Liabilities": {"2020-09-30": -1.884, "2020-06-30": -19.955, "2020-03-31": "-55.49100", "2019-12-31": 38.667, "2019-09-30": 20.941, "2019-06-30": -1.72, "2019-03-31": "-23.71500", "2018-12-31": 40.627, "2018-09-30": -0.067, "2018-06-30": 5.53, "2018-03-31": "-29.44100", "2017-12-31": 43.232, "2017-09-30": 10.315, "2017-06-30": -13.157, "2017-03-31": "-37.92500", "2016-12-31": 50.263, "2016-09-30": 28.25, "2016-06-30": 27.455, "2016-03-31": "5.98600", "2015-12-31": 71.395, "2015-09-30": 48.573, "2015-06-30": 29.206, "2015-03-31": "28.34500", "2014-12-31": 74.058, "2014-09-30": 52.834, "2014-06-30": 20.366, "2014-03-31": "24.20300", "2013-12-31": 32.233, "2013-09-30": 27.736, "2013-06-30": 7.56, "2013-03-31": "13.94500", "2012-12-31": 14.933, "2012-09-30": 12.582, "2012-06-30": 8.87, "2012-03-31": "6.67800", "2011-12-31": 0, "2010-12-31": 0}, "Total Change In Assets/Liabilities": {"2020-09-30": -2.762, "2020-06-30": -4.931, "2020-03-31": "-27.34400", "2019-12-31": 12.208, "2019-09-30": 7.918, "2019-06-30": -22.991, "2019-03-31": "22.31800", "2018-12-31": 12.064, "2018-09-30": -0.29, "2018-06-30": -11.201, "2018-03-31": "5.50400", "2017-12-31": 27.924, "2017-09-30": 2.875, "2017-06-30": -19.556, "2017-03-31": "-21.59900", "2016-12-31": 1.936, "2016-09-30": 47.177, "2016-06-30": 27.379, "2016-03-31": "39.97700", "2015-12-31": 49.596, "2015-09-30": 31.243, "2015-06-30": 84.227, "2015-03-31": "53.70100", "2014-12-31": 42.876, "2014-09-30": 15.148, "2014-06-30": 5.964, "2014-03-31": "40.15200", "2013-12-31": 15.99, "2013-09-30": 2.792, "2013-06-30": 13.115, "2013-03-31": "23.74000", "2012-12-31": 17.859, "2012-09-30": 11.116, "2012-06-30": 3.13, "2012-03-31": "9.89500", "2011-12-31": 15.45, "2010-12-31": 1.45}, "Cash Flow From Operating Activities": {"2020-09-30": 33.267, "2020-06-30": 14.69, "2020-03-31": "-24.45600", "2019-12-31": 39.515, "2019-09-30": 18.498, "2019-06-30": -14.929, "2019-03-31": "24.45300", "2018-12-31": 30.582, "2018-09-30": 21.899, "2018-06-30": -44.287, "2018-03-31": "9.18700", "2017-12-31": 33.575, "2017-09-30": 12.487, "2017-06-30": -11.47, "2017-03-31": "-16.95200", "2016-12-31": 6.932, "2016-09-30": 14.131, "2016-06-30": -13.132, "2016-03-31": "-22.51600", "2015-12-31": 9.444, "2015-09-30": -8.273, "2015-06-30": 39.06, "2015-03-31": "-3.21600", "2014-12-31": -0.268, "2014-09-30": -46.48, "2014-06-30": -61.934, "2014-03-31": "-22.58800", "2013-12-31": -25.338, "2013-09-30": -31.725, "2013-06-30": -18.156, "2013-03-31": "5.45700", "2012-12-31": 10.855, "2012-09-30": 7.397, "2012-06-30": -2.47, "2012-03-31": "5.71800", "2011-12-31": 11.81, "2010-12-31": -6.7}, "Net Change In Property, Plant, And Equipment": {"2020-09-30": -4.642, "2020-06-30": -5.876, "2020-03-31": "-11.68000", "2019-12-31": -6.99, "2019-09-30": -10.375, "2019-06-30": -14.737, "2019-03-31": "-13.50300", "2018-12-31": -13.811, "2018-09-30": -10.375, "2018-06-30": -12.158, "2018-03-31": "-14.48700", "2017-12-31": -17.855, "2017-09-30": -8.612, "2017-06-30": -8.829, "2017-03-31": "-8.48300", "2016-12-31": -8.305, "2016-09-30": -6.931, "2016-06-30": -6.821, "2016-03-31": "-14.25700", "2015-12-31": -17.356, "2015-09-30": -12.655, "2015-06-30": -11.869, "2015-03-31": "-12.66900", "2014-12-31": -12.249, "2014-09-30": -23.997, "2014-06-30": -17.282, "2014-03-31": "-14.18700", "2013-12-31": -21.604, "2013-09-30": -13.901, "2013-06-30": -15.883, "2013-03-31": "-6.17200", "2012-12-31": -4.354, "2012-09-30": -5.089, "2012-06-30": -5.607, "2012-03-31": "-3.79000", "2011-12-31": -3.71, "2010-12-31": -1.5}, "Net Change In Intangible Assets": {"2020-09-30": 0, "2020-06-30": 0, "2020-03-31": "", "2019-12-31": 0, "2019-09-30": 0, "2019-06-30": 0, "2019-03-31": "", "2018-12-31": 0, "2018-09-30": 0, "2018-06-30": 0, "2018-03-31": "", "2017-12-31": 0, "2017-09-30": 0, "2017-06-30": 0, "2017-03-31": "", "2016-12-31": 0, "2016-09-30": 0, "2016-06-30": 0, "2016-03-31": "", "2015-12-31": 0, "2015-09-30": 0, "2015-06-30": 0, "2015-03-31": "", "2014-12-31": 0, "2014-09-30": 0, "2014-06-30": 0, "2014-03-31": "", "2013-12-31": 0, "2013-09-30": 0, "2013-06-30": 0, "2013-03-31": "", "2012-12-31": 0, "2012-09-30": 0, "2012-06-30": 0, "2012-03-31": "", "2011-12-31": 0, "2010-12-31": 0}, "Net Acquisitions/Divestitures": {"2020-09-30": 0, "2020-06-30": 0, "2020-03-31": "-12.94800", "2019-12-31": 0, "2019-09-30": 0, "2019-06-30": -127.249, "2019-03-31": "", "2018-12-31": 0.705, "2018-09-30": 0, "2018-06-30": 0.032, "2018-03-31": "-5.97700", "2017-12-31": -4.3, "2017-09-30": 0, "2017-06-30": 0, "2017-03-31": "", "2016-12-31": 0, "2016-09-30": 0, "2016-06-30": 0, "2016-03-31": "-204.92600", "2015-12-31": 0, "2015-09-30": 0, "2015-06-30": 0, "2015-03-31": "", "2014-12-31": 0, "2014-09-30": 0, "2014-06-30": -55.058, "2014-03-31": "", "2013-12-31": -85.368, "2013-09-30": -3.872, "2013-06-30": 0, "2013-03-31": "", "2012-12-31": -0.88, "2012-09-30": 0, "2012-06-30": 0, "2012-03-31": "", "2011-12-31": 0, "2010-12-31": 0}, "Net Change In Short-term Investments": {"2020-09-30": -120.478, "2020-06-30": 193.995, "2020-03-31": "5.33100", "2019-12-31": -5.676, "2019-09-30": -44.739, "2019-06-30": 69.33, "2019-03-31": "-15.52900", "2018-12-31": -16.261, "2018-09-30": 33.337, "2018-06-30": -5.039, "2018-03-31": "-4.75800", "2017-12-31": -0.291, "2017-09-30": -2.188, "2017-06-30": -5.605, "2017-03-31": "-0.17100", "2016-12-31": -11.644, "2016-09-30": 28.579, "2016-06-30": 12.343, "2016-03-31": "22.51400", "2015-12-31": -38.161, "2015-09-30": -271.938, "2015-06-30": -203.873, "2015-03-31": "-5.20200", "2014-12-31": 42.379, "2014-09-30": -7.09, "2014-06-30": -151.009, "2014-03-31": "-143.52200", "2013-12-31": 0, "2013-09-30": 0, "2013-06-30": 0, "2013-03-31": "", "2012-12-31": 0, "2012-09-30": 0, "2012-06-30": 0, "2012-03-31": "", "2011-12-31": 0, "2010-12-31": 0}, "Net Change In Long-Term Investments": {"2020-09-30": -0.019, "2020-06-30": 0.02, "2020-03-31": "-0.93300", "2019-12-31": -0.205, "2019-09-30": 0.211, "2019-06-30": 0.462, "2019-03-31": "-0.03600", "2018-12-31": 0.036, "2018-09-30": 0.213, "2018-06-30": 0.142, "2018-03-31": "-0.11600", "2017-12-31": -2.538, "2017-09-30": -0.307, "2017-06-30": -0.074, "2017-03-31": "-0.07000", "2016-12-31": 0.232, "2016-09-30": -0.114, "2016-06-30": 0.312, "2016-03-31": "-0.67800", "2015-12-31": -2.399, "2015-09-30": 0.159, "2015-06-30": -0.416, "2015-03-31": "-0.37000", "2014-12-31": 0.069, "2014-09-30": -0.162, "2014-06-30": -0.043, "2014-03-31": "-0.36000", "2013-12-31": -0.033, "2013-09-30": -0.039, "2013-06-30": -1.011, "2013-03-31": "-0.58600", "2012-12-31": -0.007, "2012-09-30": -0.095, "2012-06-30": -0.073, "2012-03-31": "-0.30300", "2011-12-31": 0, "2010-12-31": 0}, "Net Change In Investments - Total": {"2020-09-30": -120.497, "2020-06-30": 194.015, "2020-03-31": "4.39800", "2019-12-31": -5.881, "2019-09-30": -44.528, "2019-06-30": 69.792, "2019-03-31": "-15.56500", "2018-12-31": -16.225, "2018-09-30": 33.55, "2018-06-30": -4.897, "2018-03-31": "-4.87400", "2017-12-31": -2.829, "2017-09-30": -2.495, "2017-06-30": -5.679, "2017-03-31": "-0.24100", "2016-12-31": -11.412, "2016-09-30": 28.465, "2016-06-30": 12.655, "2016-03-31": "21.83600", "2015-12-31": -40.56, "2015-09-30": -271.779, "2015-06-30": -204.289, "2015-03-31": "-5.57200", "2014-12-31": 42.448, "2014-09-30": -7.252, "2014-06-30": -151.052, "2014-03-31": "-143.88200", "2013-12-31": -0.033, "2013-09-30": -0.039, "2013-06-30": -1.011, "2013-03-31": "-0.58600", "2012-12-31": 0.001, "2012-09-30": -0.095, "2012-06-30": -0.073, "2012-03-31": "-0.30300", "2011-12-31": 0.002, "2010-12-31": -0.009}, "Investing Activities - Other": {"2020-09-30": 0, "2020-06-30": 0, "2020-03-31": "", "2019-12-31": 0, "2019-09-30": 0, "2019-06-30": 0, "2019-03-31": "", "2018-12-31": 0, "2018-09-30": 0, "2018-06-30": 0, "2018-03-31": "", "2017-12-31": 0, "2017-09-30": 0, "2017-06-30": 0, "2017-03-31": "", "2016-12-31": 0, "2016-09-30": 0, "2016-06-30": 0, "2016-03-31": "", "2015-12-31": 0, "2015-09-30": 0, "2015-06-30": 0, "2015-03-31": "", "2014-12-31": 0, "2014-09-30": 0, "2014-06-30": 0, "2014-03-31": "", "2013-12-31": 0, "2013-09-30": 0, "2013-06-30": 0, "2013-03-31": "", "2012-12-31": 0, "2012-09-30": 0, "2012-06-30": 0, "2012-03-31": "", "2011-12-31": 0, "2010-12-31": 0}, "Cash Flow From Investing Activities": {"2020-09-30": -125.139, "2020-06-30": 188.139, "2020-03-31": "-20.23000", "2019-12-31": -12.871, "2019-09-30": -54.903, "2019-06-30": -72.194, "2019-03-31": "-29.06800", "2018-12-31": -29.331, "2018-09-30": 23.175, "2018-06-30": -17.023, "2018-03-31": "-25.33800", "2017-12-31": -24.984, "2017-09-30": -11.107, "2017-06-30": -14.508, "2017-03-31": "-8.72400", "2016-12-31": -19.717, "2016-09-30": 21.534, "2016-06-30": 5.834, "2016-03-31": "-197.34700", "2015-12-31": -57.916, "2015-09-30": -284.434, "2015-06-30": -216.158, "2015-03-31": "-18.24100", "2014-12-31": 30.199, "2014-09-30": -31.249, "2014-06-30": -223.392, "2014-03-31": "-158.06900", "2013-12-31": -107.005, "2013-09-30": -17.812, "2013-06-30": -16.894, "2013-03-31": "-6.75800", "2012-12-31": -5.253, "2012-09-30": -5.184, "2012-06-30": -5.68, "2012-03-31": "-4.09300", "2011-12-31": -3.71, "2010-12-31": -1.51}, "Net Long-Term Debt": {"2020-09-30": 0, "2020-06-30": -96.392, "2020-03-31": "", "2019-12-31": 0, "2019-09-30": 0, "2019-06-30": 0, "2019-03-31": "", "2018-12-31": 0, "2018-09-30": 0, "2018-06-30": 297.588, "2018-03-31": "", "2017-12-31": 0, "2017-09-30": 0, "2017-06-30": 0, "2017-03-31": "", "2016-12-31": 0, "2016-09-30": 0, "2016-06-30": 0, "2016-03-31": "-8.84200", "2015-12-31": -896.53, "2015-09-30": 896.53, "2015-06-30": 0, "2015-03-31": "", "2014-12-31": 0, "2014-09-30": 0, "2014-06-30": 0, "2014-03-31": "", "2013-12-31": -20, "2013-09-30": 0, "2013-06-30": 13.56, "2013-03-31": "3.73400", "2012-12-31": 0, "2012-09-30": 0, "2012-06-30": 4.619, "2012-03-31": "3.00000", "2011-12-31": 0, "2010-12-31": 0}, "Net Current Debt": {"2020-09-30": 0, "2020-06-30": 0, "2020-03-31": "", "2019-12-31": 0, "2019-09-30": 0, "2019-06-30": 0, "2019-03-31": "", "2018-12-31": 0, "2018-09-30": 0, "2018-06-30": 0, "2018-03-31": "", "2017-12-31": 0, "2017-09-30": 0, "2017-06-30": 0, "2017-03-31": "", "2016-12-31": 0, "2016-09-30": 0, "2016-06-30": 0, "2016-03-31": "", "2015-12-31": 0, "2015-09-30": 0, "2015-06-30": 0, "2015-03-31": "", "2014-12-31": 0, "2014-09-30": 0, "2014-06-30": 0, "2014-03-31": "", "2013-12-31": -0.003, "2013-09-30": 0, "2013-06-30": 0, "2013-03-31": "-2.14700", "2012-12-31": -0.349, "2012-09-30": -0.354, "2012-06-30": -0.346, "2012-03-31": "-0.35100", "2011-12-31": 1.01, "2010-12-31": 1.18}, "Debt Issuance/Retirement Net - Total": {"2020-09-30": 0, "2020-06-30": -96.392, "2020-03-31": "", "2019-12-31": 0, "2019-09-30": 0, "2019-06-30": 0, "2019-03-31": "", "2018-12-31": 0, "2018-09-30": 0, "2018-06-30": 297.588, "2018-03-31": "", "2017-12-31": 0, "2017-09-30": 0, "2017-06-30": 0, "2017-03-31": "", "2016-12-31": 0, "2016-09-30": 0, "2016-06-30": 0, "2016-03-31": "-8.84200", "2015-12-31": -896.53, "2015-09-30": 896.53, "2015-06-30": 0, "2015-03-31": "", "2014-12-31": 0, "2014-09-30": 0, "2014-06-30": 0, "2014-03-31": "", "2013-12-31": -20.003, "2013-09-30": 0, "2013-06-30": 13.56, "2013-03-31": "1.58700", "2012-12-31": 1.042, "2012-09-30": -0.354, "2012-06-30": 4.273, "2012-03-31": "2.64900", "2011-12-31": -2.27, "2010-12-31": 2.32}, "Net Common Equity Issued/Repurchased": {"2020-09-30": 2.539, "2020-06-30": 14.683, "2020-03-31": "1.34800", "2019-12-31": 10.799, "2019-09-30": 1.664, "2019-06-30": 12.967, "2019-03-31": "0.84300", "2018-12-31": 11.281, "2018-09-30": 0.853, "2018-06-30": -52.758, "2018-03-31": "3.11000", "2017-12-31": 11.897, "2017-09-30": 5.399, "2017-06-30": 17.636, "2017-03-31": "4.31100", "2016-12-31": 12.78, "2016-09-30": 4.059, "2016-06-30": 16.245, "2016-03-31": "2.84000", "2015-12-31": 13.673, "2015-09-30": 3.598, "2015-06-30": -128.171, "2015-03-31": "11.87000", "2014-12-31": 19.647, "2014-09-30": 4.952, "2014-06-30": 15.676, "2014-03-31": "448.00900", "2013-12-31": -1.446, "2013-09-30": 313.174, "2013-06-30": 11.649, "2013-03-31": "3.44000", "2012-12-31": 0.957, "2012-09-30": 0.022, "2012-06-30": 1.259, "2012-03-31": "0.00200", "2011-12-31": 0, "2010-12-31": 0}, "Net Total Equity Issued/Repurchased": {"2020-09-30": 2.539, "2020-06-30": 14.683, "2020-03-31": "1.34800", "2019-12-31": 10.799, "2019-09-30": 1.664, "2019-06-30": 12.967, "2019-03-31": "0.84300", "2018-12-31": 11.281, "2018-09-30": 0.853, "2018-06-30": -52.758, "2018-03-31": "3.11000", "2017-12-31": 11.897, "2017-09-30": 5.399, "2017-06-30": 17.636, "2017-03-31": "4.31100", "2016-12-31": 12.78, "2016-09-30": 4.059, "2016-06-30": 16.245, "2016-03-31": "2.84000", "2015-12-31": 910.203, "2015-09-30": -893.402, "2015-06-30": 768.829, "2015-03-31": "11.87000", "2014-12-31": 19.647, "2014-09-30": 4.952, "2014-06-30": 15.676, "2014-03-31": "448.00900", "2013-12-31": -1.446, "2013-09-30": 323.162, "2013-06-30": 1.661, "2013-03-31": "13.42800", "2012-12-31": 40.737, "2012-09-30": 0.022, "2012-06-30": 1.259, "2012-03-31": "0.00200", "2011-12-31": -10.24, "2010-12-31": 11.11}, "Total Common And Preferred Stock Dividends Paid": {"2020-09-30": 0, "2020-06-30": 0, "2020-03-31": "", "2019-12-31": 0, "2019-09-30": 0, "2019-06-30": 0, "2019-03-31": "", "2018-12-31": 0, "2018-09-30": 0, "2018-06-30": 0, "2018-03-31": "", "2017-12-31": 0, "2017-09-30": 0, "2017-06-30": 0, "2017-03-31": "", "2016-12-31": 0, "2016-09-30": 0, "2016-06-30": 0, "2016-03-31": "", "2015-12-31": 0, "2015-09-30": 0, "2015-06-30": 0, "2015-03-31": "", "2014-12-31": 0, "2014-09-30": 0, "2014-06-30": 0, "2014-03-31": "", "2013-12-31": 0, "2013-09-30": 0, "2013-06-30": 0, "2013-03-31": "", "2012-12-31": 0, "2012-09-30": 0, "2012-06-30": 0, "2012-03-31": "", "2011-12-31": 0, "2010-12-31": 0}, "Financial Activities - Other": {"2020-09-30": -0.763, "2020-06-30": -0.64, "2020-03-31": "-7.39900", "2019-12-31": 0, "2019-09-30": 0, "2019-06-30": 0, "2019-03-31": "", "2018-12-31": 0, "2018-09-30": 0, "2018-06-30": 0, "2018-03-31": "", "2017-12-31": -0.404, "2017-09-30": -0.414, "2017-06-30": -0.59, "2017-03-31": "-38.92800", "2016-12-31": -0.025, "2016-09-30": -0.02, "2016-06-30": -0.067, "2016-03-31": "-1.12400", "2015-12-31": 0, "2015-09-30": 0, "2015-06-30": -2.027, "2015-03-31": "", "2014-12-31": -2.058, "2014-09-30": 0, "2014-06-30": 0, "2014-03-31": "", "2013-12-31": 0, "2013-09-30": 0, "2013-06-30": 0, "2013-03-31": "", "2012-12-31": 0, "2012-09-30": 0, "2012-06-30": 0, "2012-03-31": "", "2011-12-31": 0, "2010-12-31": 0}, "Cash Flow From Financial Activities": {"2020-09-30": 1.776, "2020-06-30": -82.349, "2020-03-31": "-6.05100", "2019-12-31": 10.799, "2019-09-30": 1.664, "2019-06-30": 12.967, "2019-03-31": "0.84300", "2018-12-31": 11.281, "2018-09-30": 0.853, "2018-06-30": 244.83, "2018-03-31": "3.11000", "2017-12-31": 11.493, "2017-09-30": 4.985, "2017-06-30": 17.046, "2017-03-31": "-34.61700", "2016-12-31": 12.755, "2016-09-30": 4.039, "2016-06-30": 16.178, "2016-03-31": "-7.12600", "2015-12-31": 13.673, "2015-09-30": 3.128, "2015-06-30": 766.802, "2015-03-31": "11.87000", "2014-12-31": 17.589, "2014-09-30": 4.952, "2014-06-30": 15.676, "2014-03-31": "448.00900", "2013-12-31": -21.449, "2013-09-30": 323.162, "2013-06-30": 15.221, "2013-03-31": "15.01500", "2012-12-31": 40.379, "2012-09-30": -0.332, "2012-06-30": 5.532, "2012-03-31": "2.65100", "2011-12-31": -11.49, "2010-12-31": 14.61}, "Net Cash Flow": {"2020-09-30": -90.096, "2020-06-30": 120.48, "2020-03-31": "-50.73700", "2019-12-31": 37.443, "2019-09-30": -34.741, "2019-06-30": -74.156, "2019-03-31": "-3.77200", "2018-12-31": 12.532, "2018-09-30": 45.927, "2018-06-30": 183.52, "2018-03-31": "-13.04100", "2017-12-31": 20.084, "2017-09-30": 6.365, "2017-06-30": -8.932, "2017-03-31": "-60.29300", "2016-12-31": -0.03, "2016-09-30": 39.704, "2016-06-30": 8.88, "2016-03-31": "-226.98900", "2015-12-31": -34.799, "2015-09-30": -289.579, "2015-06-30": 589.704, "2015-03-31": "-9.58700", "2014-12-31": 47.52, "2014-09-30": -72.777, "2014-06-30": -269.65, "2014-03-31": "267.35200", "2013-12-31": -153.792, "2013-09-30": 273.625, "2013-06-30": -19.829, "2013-03-31": "13.71400", "2012-12-31": 45.981, "2012-09-30": 1.881, "2012-06-30": -2.618, "2012-03-31": "4.27600", "2011-12-31": -3.39, "2010-12-31": 6.4}, "Stock-Based Compensation": {"2020-09-30": 40.369, "2020-06-30": 37.046, "2020-03-31": "36.17800", "2019-12-31": 36.355, "2019-09-30": 36.688, "2019-06-30": 40.151, "2019-03-31": "40.32300", "2018-12-31": 35.309, "2018-09-30": 37.326, "2018-06-30": 38.892, "2018-03-31": "42.14800", "2017-12-31": 40.844, "2017-09-30": 42.206, "2017-06-30": 39.397, "2017-03-31": "43.88900", "2016-12-31": 30.949, "2016-09-30": 46.57, "2016-06-30": 57.308, "2016-03-31": "64.23900", "2015-12-31": 57.467, "2015-09-30": 58.366, "2015-06-30": 56.411, "2015-03-31": "49.87500", "2014-12-31": 45.245, "2014-09-30": 43.16, "2014-06-30": 38.253, "2014-03-31": "25.19400", "2013-12-31": 12.514, "2013-09-30": 8.814, "2013-06-30": 4.278, "2013-03-31": "3.25200", "2012-12-31": 2.922, "2012-09-30": 2.108, "2012-06-30": 1.353, "2012-03-31": "0.46000", "2011-12-31": 0, "2010-12-31": 0}, "Common Stock Dividends Paid": {"2020-09-30": 0, "2020-06-30": 0, "2020-03-31": "", "2019-12-31": 0, "2019-09-30": 0, "2019-06-30": 0, "2019-03-31": "", "2018-12-31": 0, "2018-09-30": 0, "2018-06-30": 0, "2018-03-31": "", "2017-12-31": 0, "2017-09-30": 0, "2017-06-30": 0, "2017-03-31": "", "2016-12-31": 0, "2016-09-30": 0, "2016-06-30": 0, "2016-03-31": "", "2015-12-31": 0, "2015-09-30": 0, "2015-06-30": 0, "2015-03-31": "", "2014-12-31": 0, "2014-09-30": 0, "2014-06-30": 0, "2014-03-31": "", "2013-12-31": 0, "2013-09-30": 0, "2013-06-30": 0, "2013-03-31": "", "2012-12-31": 0, "2012-09-30": 0, "2012-06-30": 0, "2012-03-31": "", "2011-12-31": 0, "2010-12-31": 0}}, "financial ratios": {"Current Ratio": {"2019-12-31": "1.54570", "2018-12-31": "2.03910", "2017-12-31": "1.72750", "2016-12-31": "2.02820", "2015-12-31": "3.02940", "2014-12-31": "2.00910", "2013-12-31": "1.54520", "2012-12-31": "1.44620", "2011-12-31": "1.08300", "2010-12-31": "1.08310"}, "Long-term Debt / Capital": {"2019-12-31": "0.56010", "2018-12-31": "0.59680", "2017-12-31": "0.55220", "2016-12-31": "0.46870", "2015-12-31": "0.40340", "2014-12-31": "", "2013-12-31": "", "2012-12-31": "0.66940", "2011-12-31": "-0.44730", "2010-12-31": "-0.44620"}, "Debt/Equity Ratio": {"2019-12-31": "1.44020", "2018-12-31": "1.48000", "2017-12-31": "1.23310", "2016-12-31": "0.88210", "2015-12-31": "0.67620", "2014-12-31": "", "2013-12-31": "", "2012-12-31": "2.25360", "2011-12-31": "-0.40460", "2010-12-31": "-0.40410"}, "Gross Margin": {"2019-12-31": "65.25990", "2018-12-31": "67.20920", "2017-12-31": "65.15770", "2016-12-31": "61.60270", "2015-12-31": "62.56560", "2014-12-31": "58.86570", "2013-12-31": "70.43370", "2012-12-31": "78.83960", "2011-12-31": "78.37070", "2010-12-31": "80.18700"}, "Operating Margin": {"2019-12-31": "-23.62180", "2018-12-31": "-21.95100", "2017-12-31": "-30.79580", "2016-12-31": "-63.68630", "2015-12-31": "-81.49070", "2014-12-31": "-112.57640", "2013-12-31": "-106.60220", "2012-12-31": "-40.35120", "2011-12-31": "-46.68730", "2010-12-31": "-77.83260"}, "EBIT Margin": {"2019-12-31": "-23.62180", "2018-12-31": "-21.95100", "2017-12-31": "-30.79580", "2016-12-31": "-63.68630", "2015-12-31": "-81.49070", "2014-12-31": "-112.57640", "2013-12-31": "-106.60220", "2012-12-31": "-40.35120", "2011-12-31": "-46.68730", "2010-12-31": "-77.83260"}, "EBITDA Margin": {"2019-12-31": "-12.00350", "2018-12-31": "-11.54070", "2017-12-31": "-17.53130", "2016-12-31": "-46.79280", "2015-12-31": "-63.51930", "2014-12-31": "-90.46120", "2013-12-31": "-93.75310", "2012-12-31": "-32.04910", "2011-12-31": "-36.96600", "2010-12-31": "-70.67570"}, "Pre-Tax Profit Margin": {"2019-12-31": "-28.31000", "2018-12-31": "-28.59370", "2017-12-31": "-35.98440", "2016-12-31": "-69.99430", "2015-12-31": "-85.89940", "2014-12-31": "-112.86980", "2013-12-31": "-111.37710", "2012-12-31": "-44.07440", "2011-12-31": "-49.64940", "2010-12-31": "-80.47600"}, "Net Profit Margin": {"2019-12-31": "-28.94990", "2018-12-31": "-29.25840", "2017-12-31": "-36.57860", "2016-12-31": "-68.75900", "2015-12-31": "-86.55600", "2014-12-31": "-104.25880", "2013-12-31": "-74.67260", "2012-12-31": "-42.91610", "2011-12-31": "-49.86040", "2010-12-31": "-80.58650"}, "Asset Turnover": {"2019-12-31": "0.30760", "2018-12-31": "0.30820", "2017-12-31": "0.31710", "2016-12-31": "0.29630", "2015-12-31": "0.25520", "2014-12-31": "0.24200", "2013-12-31": "0.11740", "2012-12-31": "0.66510", "2011-12-31": "0.94420", "2010-12-31": "0.33010"}, "Inventory Turnover Ratio": {"2019-12-31": "52.42570", "2018-12-31": "41.61200", "2017-12-31": "47.27580", "2016-12-31": "45.52190", "2015-12-31": "16.96400", "2014-12-31": "22.01870", "2013-12-31": "8.43460", "2012-12-31": "7.53420", "2011-12-31": "6.74070", "2010-12-31": "2.15830"}, "Receiveable Turnover": {"2019-12-31": "5.18580", "2018-12-31": "5.26530", "2017-12-31": "5.32850", "2016-12-31": "5.82740", "2015-12-31": "3.60610", "2014-12-31": "2.20340", "2013-12-31": "1.68680", "2012-12-31": "2.76490", "2011-12-31": "1.68060", "2010-12-31": "0.58770"}, "Days Sales In Receivables": {"2019-12-31": "70.38450", "2018-12-31": "69.32210", "2017-12-31": "68.49980", "2016-12-31": "62.63470", "2015-12-31": "101.21640", "2014-12-31": "165.65120", "2013-12-31": "216.38100", "2012-12-31": "132.01000", "2011-12-31": "217.18030", "2010-12-31": "621.10500"}, "ROE - Return On Equity": {"2019-12-31": "-36.68540", "2018-12-31": "-37.38090", "2017-12-31": "-45.10860", "2016-12-31": "-57.71350", "2015-12-31": "-51.63060", "2014-12-31": "-35.47970", "2013-12-31": "-11.50990", "2012-12-31": "-664.11580", "2011-12-31": "114.50600", "2010-12-31": "64.67700"}, "Return On Tangible Equity": {"2019-12-31": "40.34330", "2018-12-31": "49.35790", "2017-12-31": "52.82820", "2016-12-31": "127.35060", "2015-12-31": "-678.05380", "2014-12-31": "-185.75230", "2013-12-31": "-199.73340", "2012-12-31": "45840.70000", "2011-12-31": "114.54510", "2010-12-31": "64.71670"}, "ROA - Return On Assets": {"2019-12-31": "-8.90540", "2018-12-31": "-9.01770", "2017-12-31": "-11.59830", "2016-12-31": "-20.37110", "2015-12-31": "-22.08560", "2014-12-31": "-25.23140", "2013-12-31": "-8.76510", "2012-12-31": "-28.54250", "2011-12-31": "-47.07960", "2010-12-31": "-26.60210"}, "ROI - Return On Investment": {"2019-12-31": "-16.13910", "2018-12-31": "-15.07300", "2017-12-31": "-20.20010", "2016-12-31": "-30.66370", "2015-12-31": "-30.80230", "2014-12-31": "-35.47970", "2013-12-31": "-11.50990", "2012-12-31": "-219.28130", "2011-12-31": "165.78090", "2010-12-31": "93.59330"}, "Book Value Per Share": {"2019-12-31": "3.19780", "2018-12-31": "3.25830", "2017-12-31": "3.37890", "2016-12-31": "4.81750", "2015-12-31": "6.46100", "2014-12-31": "8.18280", "2013-12-31": "7.60830", "2012-12-31": "0.24020", "2011-12-31": "-1.24190", "2010-12-31": ""}, "Operating Cash Flow Per Share": {"2019-12-31": 0.2348, "2018-12-31": -0.0081, "2017-12-31": 0.1886, "2016-12-31": -0.3296, "2015-12-31": 1.1635, "2014-12-31": 0.6177, "2013-12-31": -3.5104, "2012-12-31": 1.3643, "2011-12-31": 1.5267, "2010-12-31": -0.9216}, "Free Cash Flow Per Share": {"2019-12-31": 0.2811, "2018-12-31": -0.0283, "2017-12-31": 0.1649, "2016-12-31": -0.1981, "2015-12-31": 1.2858, "2014-12-31": 1.4128, "2013-12-31": -3.0553, "2012-12-31": 0.2554, "2011-12-31": 1.1166, "2010-12-31": -1.1291}}, "financial ratios, quarterly": {"Current Ratio": {"2020-09-30": "1.68610", "2020-06-30": "1.65900", "2020-03-31": "1.49760", "2019-12-31": "1.54570", "2019-09-30": "1.52970", "2019-06-30": "1.55620", "2019-03-31": "2.00480", "2018-12-31": "2.03910", "2018-09-30": "2.02430", "2018-06-30": "2.03450", "2018-03-31": "1.71170", "2017-12-31": "1.72750", "2017-09-30": "1.99080", "2017-06-30": "2.07090", "2017-03-31": "2.05840", "2016-12-31": "2.02820", "2016-09-30": "1.98380", "2016-06-30": "2.12630", "2016-03-31": "2.17820", "2015-12-31": "3.02940", "2015-09-30": "3.42340", "2015-06-30": "3.90740", "2015-03-31": "1.85110", "2014-12-31": "2.00910", "2014-09-30": "2.22320", "2014-06-30": "2.53390", "2014-03-31": "3.32070", "2013-12-31": "1.54520", "2013-09-30": "2.99150", "2013-06-30": "0.88060", "2013-03-31": "1.20500", "2012-12-31": "1.44620", "2012-09-30": "", "2012-06-30": "", "2012-03-31": "", "2011-12-31": "", "2010-12-31": ""}, "Long-term Debt / Capital": {"2020-09-30": "0.58880", "2020-06-30": "0.58700", "2020-03-31": "0.58040", "2019-12-31": "0.56010", "2019-09-30": "0.55670", "2019-06-30": "0.54470", "2019-03-31": "0.61130", "2018-12-31": "0.59680", "2018-09-30": "0.59370", "2018-06-30": "0.58720", "2018-03-31": "0.56030", "2017-12-31": "0.55220", "2017-09-30": "0.50100", "2017-06-30": "0.48970", "2017-03-31": "0.48220", "2016-12-31": "0.46870", "2016-09-30": "0.46010", "2016-06-30": "0.43680", "2016-03-31": "0.41780", "2015-12-31": "0.40340", "2015-09-30": "0.38600", "2015-06-30": "0.36810", "2015-03-31": "", "2014-12-31": "", "2014-09-30": "", "2014-06-30": "", "2014-03-31": "", "2013-12-31": "", "2013-09-30": "0.07490", "2013-06-30": "-0.79850", "2013-03-31": "-18.93940", "2012-12-31": "0.66940", "2012-09-30": "", "2012-06-30": "", "2012-03-31": "", "2011-12-31": "", "2010-12-31": ""}, "Debt/Equity Ratio": {"2020-09-30": "1.43200", "2020-06-30": "1.42130", "2020-03-31": "1.56500", "2019-12-31": "1.44020", "2019-09-30": "1.42030", "2019-06-30": "1.35330", "2019-03-31": "1.57300", "2018-12-31": "1.48000", "2018-09-30": "1.46110", "2018-06-30": "1.42250", "2018-03-31": "1.27420", "2017-12-31": "1.23310", "2017-09-30": "1.00420", "2017-06-30": "0.95980", "2017-03-31": "0.93130", "2016-12-31": "0.88210", "2016-09-30": "0.85220", "2016-06-30": "0.77570", "2016-03-31": "0.71760", "2015-12-31": "0.67620", "2015-09-30": "0.62860", "2015-06-30": "0.58250", "2015-03-31": "", "2014-12-31": "", "2014-09-30": "", "2014-06-30": "", "2014-03-31": "", "2013-12-31": "", "2013-09-30": "0.08100", "2013-06-30": "-0.44400", "2013-03-31": "-0.94980", "2012-12-31": "2.25360", "2012-09-30": "", "2012-06-30": "", "2012-03-31": "", "2011-12-31": "", "2010-12-31": ""}, "Gross Margin": {"2020-09-30": "64.60370", "2020-06-30": "64.77030", "2020-03-31": "63.69470", "2019-12-31": "65.66750", "2019-09-30": "64.93360", "2019-06-30": "64.43470", "2019-03-31": "66.00810", "2018-12-31": "67.89910", "2018-09-30": "68.13910", "2018-06-30": "66.80650", "2018-03-31": "65.87680", "2017-12-31": "66.45300", "2017-09-30": "65.00610", "2017-06-30": "64.63940", "2017-03-31": "64.41470", "2016-12-31": "64.22360", "2016-09-30": "62.95660", "2016-06-30": "61.47930", "2016-03-31": "57.47350", "2015-12-31": "65.80960", "2015-09-30": "62.64190", "2015-06-30": "61.88560", "2015-03-31": "58.48210", "2014-12-31": "62.72820", "2014-09-30": "60.66230", "2014-06-30": "55.99490", "2014-03-31": "52.29390", "2013-12-31": "70.03250", "2013-09-30": "68.49620", "2013-06-30": "69.03860", "2013-03-31": "75.78130", "2012-12-31": "118.78530", "2012-09-30": "78.45730", "2012-06-30": "", "2012-03-31": "78.86430", "2011-12-31": "", "2010-12-31": ""}, "Operating Margin": {"2020-09-30": "-10.96750", "2020-06-30": "-17.21180", "2020-03-31": "-28.02130", "2019-12-31": "-14.92440", "2019-09-30": "-24.21980", "2019-06-30": "-26.07580", "2019-03-31": "-30.15520", "2018-12-31": "-16.87150", "2018-09-30": "-17.21750", "2018-06-30": "-23.94520", "2018-03-31": "-30.50380", "2017-12-31": "-28.75350", "2017-09-30": "-29.35870", "2017-06-30": "-29.74990", "2017-03-31": "-35.69140", "2016-12-31": "-30.78890", "2016-09-30": "-59.73150", "2016-06-30": "-72.84520", "2016-03-31": "-93.11470", "2015-12-31": "-66.83890", "2015-09-30": "-74.43600", "2015-06-30": "-87.21940", "2015-03-31": "-105.67760", "2014-12-31": "-80.42980", "2014-09-30": "-113.76920", "2014-06-30": "-134.42940", "2014-03-31": "-144.95400", "2013-12-31": "-107.17580", "2013-09-30": "-111.12020", "2013-06-30": "-117.52450", "2013-03-31": "-85.89530", "2012-12-31": "-114.71640", "2012-09-30": "-36.23490", "2012-06-30": "", "2012-03-31": "-38.45430", "2011-12-31": "", "2010-12-31": ""}, "EBIT Margin": {"2020-09-30": "-10.96750", "2020-06-30": "-17.21180", "2020-03-31": "-28.02130", "2019-12-31": "-14.92440", "2019-09-30": "-24.21980", "2019-06-30": "-26.07580", "2019-03-31": "-30.15520", "2018-12-31": "-16.87150", "2018-09-30": "-17.21750", "2018-06-30": "-23.94520", "2018-03-31": "-30.50380", "2017-12-31": "-28.75350", "2017-09-30": "-29.35870", "2017-06-30": "-29.74990", "2017-03-31": "-35.69140", "2016-12-31": "-30.78890", "2016-09-30": "-59.73150", "2016-06-30": "-72.84520", "2016-03-31": "-93.11470", "2015-12-31": "-66.83890", "2015-09-30": "-74.43600", "2015-06-30": "-87.21940", "2015-03-31": "-105.67760", "2014-12-31": "-80.42980", "2014-09-30": "-113.76920", "2014-06-30": "-134.42940", "2014-03-31": "-144.95400", "2013-12-31": "-107.17580", "2013-09-30": "-111.12020", "2013-06-30": "-117.52450", "2013-03-31": "-85.89530", "2012-12-31": "-114.71640", "2012-09-30": "-36.23490", "2012-06-30": "", "2012-03-31": "-38.45430", "2011-12-31": "", "2010-12-31": ""}, "EBITDA Margin": {"2020-09-30": "", "2020-06-30": "", "2020-03-31": "", "2019-12-31": "", "2019-09-30": "", "2019-06-30": "", "2019-03-31": "", "2018-12-31": "", "2018-09-30": "", "2018-06-30": "", "2018-03-31": "", "2017-12-31": "", "2017-09-30": "", "2017-06-30": "", "2017-03-31": "", "2016-12-31": "", "2016-09-30": "", "2016-06-30": "", "2016-03-31": "", "2015-12-31": "", "2015-09-30": "", "2015-06-30": "", "2015-03-31": "", "2014-12-31": "", "2014-09-30": "", "2014-06-30": "", "2014-03-31": "", "2013-12-31": "", "2013-09-30": "", "2013-06-30": "", "2013-03-31": "", "2012-12-31": "", "2012-09-30": "", "2012-06-30": "", "2012-03-31": "", "2011-12-31": "", "2010-12-31": ""}, "Pre-Tax Profit Margin": {"2020-09-30": "-16.01320", "2020-06-30": "-22.69770", "2020-03-31": "-33.54410", "2019-12-31": "-19.90250", "2019-09-30": "-28.75210", "2019-06-30": "-30.68960", "2019-03-31": "-34.76380", "2018-12-31": "-21.61370", "2018-09-30": "-22.84750", "2018-06-30": "-35.24880", "2018-03-31": "-35.55380", "2017-12-31": "-33.60870", "2017-09-30": "-34.49780", "2017-06-30": "-35.14150", "2017-03-31": "-41.09350", "2016-12-31": "-37.99990", "2016-09-30": "-65.52460", "2016-06-30": "-79.39970", "2016-03-31": "-98.78780", "2015-12-31": "-72.84470", "2015-09-30": "-81.44990", "2015-06-30": "-90.10850", "2015-03-31": "-106.07560", "2014-12-31": "-80.89760", "2014-09-30": "-114.13170", "2014-06-30": "-134.58820", "2014-03-31": "-144.97570", "2013-12-31": "-107.38360", "2013-09-30": "-121.54880", "2013-06-30": "-119.95360", "2013-03-31": "-94.13010", "2012-12-31": "-70.51990", "2012-09-30": "-40.18090", "2012-06-30": "", "2012-03-31": "-40.55480", "2011-12-31": "", "2010-12-31": ""}, "Net Profit Margin": {"2020-09-30": "-16.40440", "2020-06-30": "-23.17360", "2020-03-31": "-33.95570", "2019-12-31": "-20.93530", "2019-09-30": "-28.99110", "2019-06-30": "-30.93770", "2019-03-31": "-35.80010", "2018-12-31": "-22.24810", "2018-09-30": "-23.64130", "2018-06-30": "-35.94500", "2018-03-31": "-36.08280", "2017-12-31": "-34.21460", "2017-09-30": "-35.06890", "2017-06-30": "-35.64480", "2017-03-31": "-41.79340", "2016-12-31": "-37.85430", "2016-09-30": "-66.18330", "2016-06-30": "-79.59280", "2016-03-31": "-92.81640", "2015-12-31": "-73.68360", "2015-09-30": "-81.83390", "2015-06-30": "-90.73820", "2015-03-31": "-106.85490", "2014-12-31": "-73.94290", "2014-09-30": "-105.09580", "2014-06-30": "-123.63660", "2014-03-31": "-136.80860", "2013-12-31": "-4.38860", "2013-09-30": "-119.39890", "2013-06-30": "-121.10950", "2013-03-31": "-94.87970", "2012-12-31": "-39.69820", "2012-09-30": "-40.42750", "2012-06-30": "", "2012-03-31": "-40.74320", "2011-12-31": "", "2010-12-31": ""}, "Asset Turnover": {"2020-09-30": "0.08820", "2020-06-30": "0.08570", "2020-03-31": "0.08040", "2019-12-31": "0.08130", "2019-09-30": "0.07930", "2019-06-30": "0.07690", "2019-03-31": "0.07780", "2018-12-31": "0.08070", "2018-09-30": "0.08030", "2018-06-30": "0.07750", "2018-03-31": "0.08200", "2017-12-31": "0.08370", "2017-09-30": "0.08590", "2017-06-30": "0.08390", "2017-03-31": "0.08050", "2016-12-31": "0.07410", "2016-09-30": "0.07760", "2016-06-30": "0.07230", "2016-03-31": "0.06810", "2015-12-31": "0.07570", "2015-09-30": "0.06800", "2015-06-30": "0.06050", "2015-03-31": "0.07350", "2014-12-31": "0.08130", "2014-09-30": "0.06580", "2014-06-30": "0.05380", "2014-03-31": "0.04170", "2013-12-31": "0.04160", "2013-09-30": "0.09270", "2013-06-30": "0.23820", "2013-03-31": "0.20920", "2012-12-31": "0.25290", "2012-09-30": "", "2012-06-30": "", "2012-03-31": "", "2011-12-31": "", "2010-12-31": ""}, "Inventory Turnover Ratio": {"2020-09-30": "15.71510", "2020-06-30": "14.88840", "2020-03-31": "11.39790", "2019-12-31": "13.69840", "2019-09-30": "13.26970", "2019-06-30": "12.68740", "2019-03-31": "10.78640", "2018-12-31": "10.66430", "2018-09-30": "11.11490", "2018-06-30": "9.97660", "2018-03-31": "9.98080", "2017-12-31": "12.01530", "2017-09-30": "12.86620", "2017-06-30": "11.61450", "2017-03-31": "10.61290", "2016-12-31": "10.60840", "2016-09-30": "8.84500", "2016-06-30": "6.75550", "2016-03-31": "6.62740", "2015-12-31": "4.59550", "2015-09-30": "5.32090", "2015-06-30": "5.35120", "2015-03-31": "4.95490", "2014-12-31": "6.70170", "2014-09-30": "7.79320", "2014-06-30": "7.99920", "2014-03-31": "8.28860", "2013-12-31": "3.03020", "2013-09-30": "1.78780", "2013-06-30": "2.72190", "2013-03-31": "3.13530", "2012-12-31": "4.27780", "2012-09-30": "", "2012-06-30": "", "2012-03-31": "", "2011-12-31": "", "2010-12-31": ""}, "Receiveable Turnover": {"2020-09-30": "1.78090", "2020-06-30": "1.91840", "2020-03-31": "1.60300", "2019-12-31": "1.37110", "2019-09-30": "1.46780", "2019-06-30": "1.70740", "2019-03-31": "1.89560", "2018-12-31": "1.37840", "2018-09-30": "1.63860", "2018-06-30": "1.67670", "2018-03-31": "1.93170", "2017-12-31": "1.40650", "2017-09-30": "1.64240", "2017-06-30": "1.74340", "2017-03-31": "1.74470", "2016-12-31": "1.45750", "2016-09-30": "1.50310", "2016-06-30": "1.40840", "2016-03-31": "1.18920", "2015-12-31": "1.06960", "2015-09-30": "1.17510", "2015-06-30": "1.39950", "2015-03-31": "0.78310", "2014-12-31": "0.74010", "2014-09-30": "0.73310", "2014-06-30": "0.87460", "2014-03-31": "0.91880", "2013-12-31": "0.59790", "2013-09-30": "0.83220", "2013-06-30": "1.18310", "2013-03-31": "1.11740", "2012-12-31": "1.05130", "2012-09-30": "", "2012-06-30": "", "2012-03-31": "", "2011-12-31": "", "2010-12-31": ""}, "Days Sales In Receivables": {"2020-09-30": "50.53560", "2020-06-30": "46.91510", "2020-03-31": "56.14580", "2019-12-31": "65.64110", "2019-09-30": "61.31570", "2019-06-30": "52.71180", "2019-03-31": "47.47890", "2018-12-31": "65.29370", "2018-09-30": "54.92380", "2018-06-30": "53.67830", "2018-03-31": "46.59190", "2017-12-31": "63.98670", "2017-09-30": "54.79820", "2017-06-30": "51.62370", "2017-03-31": "51.58610", "2016-12-31": "61.74930", "2016-09-30": "59.87590", "2016-06-30": "63.90100", "2016-03-31": "75.68340", "2015-12-31": "84.14430", "2015-09-30": "76.59040", "2015-06-30": "64.30720", "2015-03-31": "114.92820", "2014-12-31": "121.59840", "2014-09-30": "122.77120", "2014-06-30": "102.90630", "2014-03-31": "97.94890", "2013-12-31": "150.52710", "2013-09-30": "108.14480", "2013-06-30": "76.07280", "2013-03-31": "80.54270", "2012-12-31": "85.60780", "2012-09-30": "", "2012-06-30": "", "2012-03-31": "", "2011-12-31": "", "2010-12-31": ""}, "ROE - Return On Equity": {"2020-09-30": "-5.89870", "2020-06-30": "-8.06770", "2020-03-31": "-11.67460", "2019-12-31": "-7.01420", "2019-09-30": "-9.31770", "2019-06-30": "-9.23790", "2019-03-31": "-12.16820", "2018-12-31": "-7.44120", "2018-09-30": "-7.68780", "2018-06-30": "-11.03210", "2018-03-31": "-11.59610", "2017-12-31": "-11.13770", "2017-09-30": "-9.02620", "2017-06-30": "-8.62450", "2017-03-31": "-9.57260", "2016-12-31": "-7.94690", "2016-09-30": "-14.34610", "2016-06-30": "-14.92880", "2016-03-31": "-15.64660", "2015-12-31": "-13.03640", "2015-09-30": "-12.21360", "2015-06-30": "-11.29400", "2015-03-31": "-11.35660", "2014-12-31": "-8.45240", "2014-09-30": "-9.28210", "2014-06-30": "-8.56660", "2014-03-31": "-7.10860", "2013-12-31": "-0.23980", "2013-09-30": "-20.61890", "2013-06-30": "89.30790", "2013-03-31": "255.94250", "2012-12-31": "-233.58090", "2012-09-30": "", "2012-06-30": "", "2012-03-31": "", "2011-12-31": "", "2010-12-31": ""}, "Return On Tangible Equity": {"2020-09-30": "5.96170", "2020-06-30": "7.95210", "2020-03-31": "11.09170", "2019-12-31": "7.71360", "2019-09-30": "10.05670", "2019-06-30": "10.53310", "2019-03-31": "14.73900", "2018-12-31": "9.82540", "2018-09-30": "9.91600", "2018-06-30": "14.35110", "2018-03-31": "12.79570", "2017-12-31": "13.04370", "2017-09-30": "16.83550", "2017-06-30": "17.07050", "2017-03-31": "19.26290", "2016-12-31": "17.53560", "2016-09-30": "32.59320", "2016-06-30": "43.38650", "2016-03-31": "58.08540", "2015-12-31": "-171.20390", "2015-09-30": "-101.86020", "2015-06-30": "-68.74320", "2015-03-31": "-74.64420", "2014-12-31": "-44.25210", "2014-09-30": "-44.53020", "2014-06-30": "-35.53310", "2014-03-31": "-22.79950", "2013-12-31": "-4.16080", "2013-09-30": "-21.49670", "2013-06-30": "80.49250", "2013-03-31": "171.38770", "2012-12-31": "16122.96000", "2012-09-30": "", "2012-06-30": "", "2012-03-31": "", "2011-12-31": "", "2010-12-31": ""}, "ROA - Return On Assets": {"2020-09-30": "-1.44640", "2020-06-30": "-1.98680", "2020-03-31": "-2.72870", "2019-12-31": "-1.70270", "2019-09-30": "-2.29750", "2019-06-30": "-2.37790", "2019-03-31": "-2.78390", "2018-12-31": "-1.79510", "2018-09-30": "-1.89760", "2018-06-30": "-2.78680", "2018-03-31": "-2.96040", "2017-12-31": "-2.86370", "2017-09-30": "-3.01410", "2017-06-30": "-2.99010", "2017-03-31": "-3.36310", "2016-12-31": "-2.80500", "2016-09-30": "-5.13440", "2016-06-30": "-5.75740", "2016-03-31": "-6.32090", "2015-12-31": "-5.57650", "2015-09-30": "-5.56490", "2015-06-30": "-5.49070", "2015-03-31": "-7.85250", "2014-12-31": "-6.01090", "2014-09-30": "-6.91520", "2014-06-30": "-6.65780", "2014-03-31": "-5.70940", "2013-12-31": "-0.18260", "2013-09-30": "-11.06350", "2013-06-30": "-28.84500", "2013-03-31": "-19.85020", "2012-12-31": "-10.03890", "2012-09-30": "", "2012-06-30": "", "2012-03-31": "", "2011-12-31": "", "2010-12-31": ""}, "ROI - Return On Investment": {"2020-09-30": "-2.42550", "2020-06-30": "-3.33210", "2020-03-31": "-4.89850", "2019-12-31": "-3.08580", "2019-09-30": "-4.13100", "2019-06-30": "-4.20580", "2019-03-31": "-4.72930", "2018-12-31": "-3.00050", "2018-09-30": "-3.12380", "2018-06-30": "-4.55400", "2018-03-31": "-5.09900", "2017-12-31": "-4.98760", "2017-09-30": "-4.50370", "2017-06-30": "-4.40060", "2017-03-31": "-4.95660", "2016-12-31": "-4.22220", "2016-09-30": "-7.74550", "2016-06-30": "-8.40750", "2016-03-31": "-9.10970", "2015-12-31": "-7.77740", "2015-09-30": "-7.49950", "2015-06-30": "-7.13670", "2015-03-31": "-11.35660", "2014-12-31": "-8.45240", "2014-09-30": "-9.28210", "2014-06-30": "-8.56660", "2014-03-31": "-7.10860", "2013-12-31": "-0.23980", "2013-09-30": "-19.07430", "2013-06-30": "160.64440", "2013-03-31": "5106.25100", "2012-12-31": "-77.12500", "2012-09-30": "", "2012-06-30": "", "2012-03-31": "", "2011-12-31": "", "2010-12-31": ""}, "Book Value Per Share": {"2020-09-30": "2.91230", "2020-06-30": "2.93000", "2020-03-31": "2.93410", "2019-12-31": "3.19780", "2019-09-30": "3.24460", "2019-06-30": "3.39590", "2019-03-31": "3.04890", "2018-12-31": "3.25830", "2018-09-30": "3.30500", "2018-06-30": "3.38700", "2018-03-31": "3.22780", "2017-12-31": "3.37890", "2017-09-30": "4.16310", "2017-06-30": "4.35280", "2017-03-31": "4.53570", "2016-12-31": "4.81750", "2016-09-30": "5.02900", "2016-06-30": "5.50450", "2016-03-31": "5.99420", "2015-12-31": "6.46100", "2015-09-30": "6.92010", "2015-06-30": "7.42240", "2015-03-31": "7.55490", "2014-12-31": "8.18280", "2014-09-30": "8.61350", "2014-06-30": "9.16330", "2014-03-31": "9.83490", "2013-12-31": "7.60830", "2013-09-30": "2.04940", "2013-06-30": "-1.60450", "2013-03-31": "-0.41890", "2012-12-31": "0.24020", "2012-09-30": "", "2012-06-30": "", "2012-03-31": "", "2011-12-31": "", "2010-12-31": ""}, "Operating Cash Flow Per Share": {"2020-09-30": 0.1486, "2020-06-30": 0.0682, "2020-03-31": "-0.11230", "2019-12-31": 0.1938, "2019-09-30": 0.0854, "2019-06-30": -0.0769, "2019-03-31": "0.12360", "2018-12-31": 0.1597, "2018-09-30": 0.1164, "2018-06-30": -0.2343, "2018-03-31": "0.04930", "2017-12-31": 0.1879, "2017-09-30": 0.0722, "2017-06-30": -0.0625, "2017-03-31": "-0.09840", "2016-12-31": 0.0412, "2016-09-30": 0.0894, "2016-06-30": -0.0782, "2016-03-31": "-0.14180", "2015-12-31": 0.0618, "2015-09-30": -0.0542, "2015-06-30": 0.2538, "2015-03-31": "-0.02120", "2014-12-31": -0.0194, "2014-09-30": -0.3082, "2014-06-30": -0.4271, "2014-03-31": "-0.16860", "2013-12-31": -0.1347, "2013-09-30": -0.7274, "2013-06-30": -1.0384, "2013-03-31": "0.35950", "2012-12-31": 0.6906, "2012-09-30": 0.9655, "2012-06-30": -0.6117, "2012-03-31": "0.61170", "2011-12-31": 0, "2010-12-31": 0}, "Free Cash Flow Per Share": {"2020-09-30": 0.1292, "2020-06-30": 0.0425, "2020-03-31": "-0.16590", "2019-12-31": 0.1557, "2019-09-30": 0.0418, "2019-06-30": -0.1471, "2019-03-31": "0.05540", "2018-12-31": 0.0858, "2018-09-30": 0.0644, "2018-06-30": -0.2971, "2018-03-31": "-0.02840", "2017-12-31": 0.0859, "2017-09-30": 0.026, "2017-06-30": -0.1112, "2017-03-31": "-0.14770", "2016-12-31": -0.0112, "2016-09-30": 0.0494, "2016-06-30": -0.1185, "2016-03-31": "-0.23160", "2015-12-31": -0.0515, "2015-09-30": -0.1357, "2015-06-30": 0.1781, "2015-03-31": "-0.10470", "2014-12-31": -0.1129, "2014-09-30": -0.4693, "2014-06-30": -0.5429, "2014-03-31": "-0.27450", "2013-12-31": -0.2679, "2013-09-30": -0.6864, "2013-06-30": -1.811, "2013-03-31": "-0.04710", "2012-12-31": 0.5533, "2012-09-30": -0.3484, "2012-06-30": -0.2063, "2012-03-31": "0.20630", "2011-12-31": 0, "2010-12-31": 0}}, "revenue": {"FireEye Annual Revenue (Millions of US $)": {"2019": "$889", "2018": "$831", "2017": "$780", "2016": "$706", "2015": "$623", "2014": "$426", "2013": "$162", "2012": "$83", "2011": "$34", "2010": "$12"}, "FireEye Quarterly Revenue (Millions of US $)": {"2020-09-30": "$238", "2020-06-30": "$230", "2020-03-31": "$225", "2019-12-31": "$235", "2019-09-30": "$226", "2019-06-30": "$218", "2019-03-31": "$211", "2018-12-31": "$218", "2018-09-30": "$212", "2018-06-30": "$203", "2018-03-31": "$199", "2017-12-31": "$206", "2017-09-30": "$197", "2017-06-30": "$192", "2017-03-31": "$185", "2016-12-31": "$177", "2016-09-30": "$186", "2016-06-30": "$175", "2016-03-31": "$168", "2015-12-31": "$185", "2015-09-30": "$166", "2015-06-30": "$147", "2015-03-31": "$125", "2014-12-31": "$143", "2014-09-30": "$114", "2014-06-30": "$94", "2014-03-31": "$74", "2013-12-31": "$57", "2013-09-30": "$43", "2013-06-30": "$33", "2013-03-31": "$28", "2012-12-31": "$32", "2012-09-30": "$22", "2012-06-30": "", "2012-03-31": "$14", "2011-12-31": "", "2010-12-31": ""}}, "gross-profit": {"FireEye Annual Gross Profit (Millions of US $)": {"2019": "$580", "2018": "$558", "2017": "$508", "2016": "$435", "2015": "$390", "2014": "$251", "2013": "$114", "2012": "$66", "2011": "$26", "2010": "$9"}, "FireEye Quarterly Gross Profit (Millions of US $)": {"2020-09-30": "$154", "2020-06-30": "$149", "2020-03-31": "$143", "2019-12-31": "$154", "2019-09-30": "$147", "2019-06-30": "$140", "2019-03-31": "$139", "2018-12-31": "$148", "2018-09-30": "$144", "2018-06-30": "$135", "2018-03-31": "$131", "2017-12-31": "$137", "2017-09-30": "$128", "2017-06-30": "$124", "2017-03-31": "$119", "2016-12-31": "$113", "2016-09-30": "$117", "2016-06-30": "$108", "2016-03-31": "$97", "2015-12-31": "$122", "2015-09-30": "$104", "2015-06-30": "$91", "2015-03-31": "$73", "2014-12-31": "$90", "2014-09-30": "$69", "2014-06-30": "$53", "2014-03-31": "$39", "2013-12-31": "$40", "2013-09-30": "$29", "2013-06-30": "$23", "2013-03-31": "$22", "2012-12-31": "$22", "2012-09-30": "$17", "2012-06-30": "", "2012-03-31": "$11", "2011-12-31": "", "2010-12-31": ""}}, "operating-income": {"FireEye Annual Operating Income (Millions of US $)": {"2019": "$-210", "2018": "$-182", "2017": "$-240", "2016": "$-450", "2015": "$-508", "2014": "$-479", "2013": "$-172", "2012": "$-34", "2011": "$-16", "2010": "$-9"}, "FireEye Quarterly Operating Income (Millions of US $)": {"2020-09-30": "$-26", "2020-06-30": "$-40", "2020-03-31": "$-63", "2019-12-31": "$-35", "2019-09-30": "$-55", "2019-06-30": "$-57", "2019-03-31": "$-63", "2018-12-31": "$-37", "2018-09-30": "$-36", "2018-06-30": "$-49", "2018-03-31": "$-61", "2017-12-31": "$-59", "2017-09-30": "$-58", "2017-06-30": "$-57", "2017-03-31": "$-66", "2016-12-31": "$-54", "2016-09-30": "$-111", "2016-06-30": "$-128", "2016-03-31": "$-156", "2015-12-31": "$-124", "2015-09-30": "$-123", "2015-06-30": "$-128", "2015-03-31": "$-132", "2014-12-31": "$-115", "2014-09-30": "$-130", "2014-06-30": "$-127", "2014-03-31": "$-107", "2013-12-31": "$-61", "2013-09-30": "$-47", "2013-06-30": "$-39", "2013-03-31": "$-24", "2012-12-31": "$-36", "2012-09-30": "$-8", "2012-06-30": "", "2012-03-31": "$-5", "2011-12-31": "", "2010-12-31": ""}}, "ebitda": {"FireEye Annual EBITDA (Millions of US $)": {"2019": "$-107", "2018": "$-96", "2017": "$-137", "2016": "$-330", "2015": "$-396", "2014": "$-385", "2013": "$-151", "2012": "$-27", "2011": "$-12", "2010": "$-8"}, "FireEye Quarterly EBITDA (Millions of US $)": {"2020-09-30": "$-3", "2020-06-30": "$-16", "2020-03-31": "$-39", "2019-12-31": "$-8", "2019-09-30": "$-27", "2019-06-30": "$-32", "2019-03-31": "$-40", "2018-12-31": "$-17", "2018-09-30": "$-14", "2018-06-30": "$-26", "2018-03-31": "$-38", "2017-12-31": "$-34", "2017-09-30": "$-32", "2017-06-30": "$-31", "2017-03-31": "$-40", "2016-12-31": "$-26", "2016-09-30": "$-82", "2016-06-30": "$-97", "2016-03-31": "$-126", "2015-12-31": "$-94", "2015-09-30": "$-95", "2015-06-30": "$-101", "2015-03-31": "$-106", "2014-12-31": "$-88", "2014-09-30": "$-105", "2014-06-30": "$-105", "2014-03-31": "$-87", "2013-12-31": "$-53", "2013-09-30": "$-42", "2013-06-30": "$-35", "2013-03-31": "$-21", "2012-12-31": "$-34", "2012-09-30": "$-6", "2012-06-30": "$1", "2012-03-31": "$-5", "2011-12-31": "", "2010-12-31": ""}}, "net-income": {"FireEye Annual Net Income (Millions of US $)": {"2019": "$-257", "2018": "$-243", "2017": "$-285", "2016": "$-485", "2015": "$-539", "2014": "$-444", "2013": "$-121", "2012": "$-36", "2011": "$-17", "2010": "$-9"}, "FireEye Quarterly Net Income (Millions of US $)": {"2020-09-30": "$-39", "2020-06-30": "$-53", "2020-03-31": "$-76", "2019-12-31": "$-49", "2019-09-30": "$-65", "2019-06-30": "$-67", "2019-03-31": "$-75", "2018-12-31": "$-48", "2018-09-30": "$-50", "2018-06-30": "$-73", "2018-03-31": "$-72", "2017-12-31": "$-70", "2017-09-30": "$-69", "2017-06-30": "$-68", "2017-03-31": "$-77", "2016-12-31": "$-67", "2016-09-30": "$-123", "2016-06-30": "$-139", "2016-03-31": "$-156", "2015-12-31": "$-136", "2015-09-30": "$-136", "2015-06-30": "$-134", "2015-03-31": "$-134", "2014-12-31": "$-106", "2014-09-30": "$-120", "2014-06-30": "$-117", "2014-03-31": "$-101", "2013-12-31": "$-3", "2013-09-30": "$-51", "2013-06-30": "$-40", "2013-03-31": "$-27", "2012-12-31": "$-13", "2012-09-30": "$-9", "2012-06-30": "", "2012-03-31": "$-6", "2011-12-31": "", "2010-12-31": ""}}, "eps-earnings-per-share-diluted": {"FireEye Annual EPS": {"2019": "$-1.24", "2018": "$-1.27", "2017": "$-1.60", "2016": "$-2.97", "2015": "$-3.50", "2014": "$-3.12", "2013": "$-2.66", "2012": "$-3.28", "2011": "$-1.99", "2010": "$-1.30"}, "FireEye Quarterly EPS": {"2020-09-30": "$-0.17", "2020-06-30": "$-0.24", "2020-03-31": "$-0.35", "2019-12-31": "$-0.22", "2019-09-30": "$-0.31", "2019-06-30": "$-0.33", "2019-03-31": "$-0.38", "2018-12-31": "$-0.24", "2018-09-30": "$-0.26", "2018-06-30": "$-0.38", "2018-03-31": "$-0.39", "2017-12-31": "$-0.37", "2017-09-30": "$-0.39", "2017-06-30": "$-0.39", "2017-03-31": "$-0.45", "2016-12-31": "$-0.38", "2016-09-30": "$-0.75", "2016-06-30": "$-0.86", "2016-03-31": "$-0.98", "2015-12-31": "$-0.87", "2015-09-30": "$-0.88", "2015-06-30": "$-0.87", "2015-03-31": "$-0.88", "2014-12-31": "$-0.71", "2014-09-30": "$-0.83", "2014-06-30": "$-0.82", "2014-03-31": "$-0.76", "2013-12-31": "$2.88", "2013-09-30": "$-1.61", "2013-06-30": "$-2.15", "2013-03-31": "$-1.78", "2012-12-31": "$-0.97", "2012-09-30": "$-0.80", "2012-06-30": "$0.00", "2012-03-31": "$-0.60", "2011-12-31": "$0.00", "2010-12-31": "$0.00"}}, "shares-outstanding": {"FireEye Annual Shares Outstanding (Millions of Shares)": {"2019": "207", "2018": "191", "2017": "178", "2016": "163", "2015": "154", "2014": "142", "2013": "45", "2012": "11", "2011": "8", "2010": "7"}, "FireEye Quarterly Shares Outstanding (Millions of Shares)": {"2020-09-30": "225", "2020-06-30": "221", "2020-03-31": "218", "2019-12-31": "207", "2019-09-30": "212", "2019-06-30": "204", "2019-03-31": "198", "2018-12-31": "191", "2018-09-30": "192", "2018-06-30": "190", "2018-03-31": "186", "2017-12-31": "178", "2017-09-30": "180", "2017-06-30": "177", "2017-03-31": "172", "2016-12-31": "163", "2016-09-30": "165", "2016-06-30": "162", "2016-03-31": "159", "2015-12-31": "154", "2015-09-30": "155", "2015-06-30": "154", "2015-03-31": "152", "2014-12-31": "142", "2014-09-30": "145", "2014-06-30": "142", "2014-03-31": "134", "2013-12-31": "45", "2013-09-30": "32", "2013-06-30": "19", "2013-03-31": "15", "2012-12-31": "13", "2012-09-30": "11", "2012-06-30": "", "2012-03-31": "9", "2011-12-31": "", "2010-12-31": ""}}, "total-assets": {"FireEye Annual Total Assets (Millions of US $)": {"2019": "$2,890", "2018": "$2,696", "2017": "$2,459", "2016": "$2,383", "2015": "$2,441", "2014": "$1,759", "2013": "$1,376", "2012": "$125", "2011": "$36", "2010": "$36"}, "FireEye Quarterly Total Assets (Millions of US $)": {"2020-09-30": "$2,705", "2020-06-30": "$2,681", "2020-03-31": "$2,796", "2019-12-31": "$2,890", "2019-09-30": "$2,851", "2019-06-30": "$2,831", "2019-03-31": "$2,708", "2018-12-31": "$2,696", "2018-09-30": "$2,637", "2018-06-30": "$2,614", "2018-03-31": "$2,426", "2017-12-31": "$2,459", "2017-09-30": "$2,296", "2017-06-30": "$2,286", "2017-03-31": "$2,296", "2016-12-31": "$2,383", "2016-09-30": "$2,403", "2016-06-30": "$2,420", "2016-03-31": "$2,466", "2015-12-31": "$2,441", "2015-09-30": "$2,435", "2015-06-30": "$2,433", "2015-03-31": "$1,706", "2014-12-31": "$1,759", "2014-09-30": "$1,736", "2014-06-30": "$1,755", "2014-03-31": "$1,773", "2013-12-31": "$1,376", "2013-09-30": "$460", "2013-06-30": "$139", "2013-03-31": "$136", "2012-12-31": "$125", "2012-09-30": "$0", "2012-06-30": "$0", "2012-03-31": "$0", "2011-12-31": "$36", "2010-12-31": "$36"}}, "cash-on-hand": {"FireEye Annual Cash on Hand (Millions of US $)": {"2019": "$1,040", "2018": "$1,117", "2017": "$897", "2016": "$936", "2015": "$1,170", "2014": "$402", "2013": "$174", "2012": "$60", "2011": "$11", "2010": "$11"}, "FireEye Quarterly Cash on Hand (Millions of US $)": {"2020-09-30": "$942", "2020-06-30": "$914", "2020-03-31": "$980", "2019-12-31": "$1,040", "2019-09-30": "$997", "2019-06-30": "$988", "2019-03-31": "$1,130", "2018-12-31": "$1,117", "2018-09-30": "$1,088", "2018-06-30": "$1,075", "2018-03-31": "$886", "2017-12-31": "$897", "2017-09-30": "$879", "2017-06-30": "$871", "2017-03-31": "$875", "2016-12-31": "$936", "2016-09-30": "$926", "2016-06-30": "$917", "2016-03-31": "$921", "2015-12-31": "$1,170", "2015-09-30": "$1,170", "2015-06-30": "$1,190", "2015-03-31": "$398", "2014-12-31": "$402", "2014-09-30": "$398", "2014-06-30": "$464", "2014-03-31": "$584", "2013-12-31": "$174", "2013-09-30": "$328", "2013-06-30": "$54", "2013-03-31": "$74", "2012-12-31": "$60", "2012-09-30": "", "2012-06-30": "", "2012-03-31": "", "2011-12-31": "$11", "2010-12-31": "$11"}}, "long-term-debt": {"FireEye Annual Long Term Debt (Millions of US $)": {"2019": "$893", "2018": "$963", "2017": "$780", "2016": "$742", "2015": "$706", "2014": "$", "2013": "$", "2012": "$11", "2011": "$5", "2010": "$5"}, "FireEye Quarterly Long Term Debt (Millions of US $)": {"2020-09-30": "$950", "2020-06-30": "$939", "2020-03-31": "$904", "2019-12-31": "$893", "2019-09-30": "$883", "2019-06-30": "$872", "2019-03-31": "$974", "2018-12-31": "$963", "2018-09-30": "$951", "2018-06-30": "$939", "2018-03-31": "$789", "2017-12-31": "$780", "2017-09-30": "$770", "2017-06-30": "$761", "2017-03-31": "$751", "2016-12-31": "$742", "2016-09-30": "$733", "2016-06-30": "$724", "2016-03-31": "$715", "2015-12-31": "$706", "2015-09-30": "$698", "2015-06-30": "$689", "2015-03-31": "", "2014-12-31": "", "2014-09-30": "", "2014-06-30": "", "2014-03-31": "", "2013-12-31": "", "2013-09-30": "$20", "2013-06-30": "$20", "2013-03-31": "$10", "2012-12-31": "$11", "2012-09-30": "", "2012-06-30": "", "2012-03-31": "", "2011-12-31": "$5", "2010-12-31": "$5"}}, "total-liabilities": {"FireEye Annual Total Liabilities (Millions of US $)": {"2019": "$2,189", "2018": "$2,046", "2017": "$1,827", "2016": "$1,542", "2015": "$1,397", "2014": "$508", "2013": "$328", "2012": "$120", "2011": "$50", "2010": "$50"}, "FireEye Quarterly Total Liabilities (Millions of US $)": {"2020-09-30": "$2,041", "2020-06-30": "$2,021", "2020-03-31": "$2,143", "2019-12-31": "$2,189", "2019-09-30": "$2,148", "2019-06-30": "$2,102", "2019-03-31": "$2,088", "2018-12-31": "$2,046", "2018-09-30": "$1,986", "2018-06-30": "$1,954", "2018-03-31": "$1,807", "2017-12-31": "$1,827", "2017-09-30": "$1,530", "2017-06-30": "$1,493", "2017-03-31": "$1,489", "2016-12-31": "$1,542", "2016-09-30": "$1,543", "2016-06-30": "$1,487", "2016-03-31": "$1,470", "2015-12-31": "$1,397", "2015-09-30": "$1,326", "2015-06-30": "$1,250", "2015-03-31": "$526", "2014-12-31": "$508", "2014-09-30": "$443", "2014-06-30": "$391", "2014-03-31": "$349", "2013-12-31": "$328", "2013-09-30": "$213", "2013-06-30": "$185", "2013-03-31": "$146", "2012-12-31": "$120", "2012-09-30": "$0", "2012-06-30": "$0", "2012-03-31": "$0", "2011-12-31": "$50", "2010-12-31": "$50"}}, "total-share-holder-equity": {"FireEye Annual Share Holder Equity (Millions of US $)": {"2019": "$702", "2018": "$650", "2017": "$632", "2016": "$841", "2015": "$1,044", "2014": "$1,251", "2013": "$1,048", "2012": "$5", "2011": "$-15", "2010": "$-15"}, "FireEye Quarterly Share Holder Equity (Millions of US $)": {"2020-09-30": "$663", "2020-06-30": "$660", "2020-03-31": "$654", "2019-12-31": "$702", "2019-09-30": "$703", "2019-06-30": "$729", "2019-03-31": "$619", "2018-12-31": "$650", "2018-09-30": "$651", "2018-06-30": "$660", "2018-03-31": "$619", "2017-12-31": "$632", "2017-09-30": "$767", "2017-06-30": "$792", "2017-03-31": "$807", "2016-12-31": "$841", "2016-09-30": "$860", "2016-06-30": "$933", "2016-03-31": "$996", "2015-12-31": "$1,044", "2015-09-30": "$1,110", "2015-06-30": "$1,183", "2015-03-31": "$1,180", "2014-12-31": "$1,251", "2014-09-30": "$1,293", "2014-06-30": "$1,364", "2014-03-31": "$1,424", "2013-12-31": "$1,048", "2013-09-30": "$247", "2013-06-30": "$-45", "2013-03-31": "$-11", "2012-12-31": "$5", "2012-09-30": "$0", "2012-06-30": "$0", "2012-03-31": "$0", "2011-12-31": "$-15", "2010-12-31": "$-15"}}, "profit-margins": {"current": "-22.04%"}, "gross margin": {"2020-09-30": "64.66%", "2020-06-30": "64.74%", "2020-03-31": "64.60%", "2019-12-31": "65.17%", "2019-09-30": "65.75%", "2019-06-30": "66.47%", "2019-03-31": "67.06%", "2018-12-31": "67.07%", "2018-09-30": "66.71%", "2018-06-30": "65.96%", "2018-03-31": "65.49%", "2017-12-31": "65.13%", "2017-09-30": "64.45%", "2017-06-30": "63.92%", "2017-03-31": "63.21%", "2016-12-31": "61.61%", "2016-09-30": "62.18%", "2016-06-30": "62.10%", "2016-03-31": "62.16%", "2015-12-31": "62.60%", "2015-09-30": "61.62%", "2015-06-30": "61.06%", "2015-03-31": "59.87%", "2014-12-31": "59.06%", "2014-09-30": "59.29%", "2014-06-30": "60.07%", "2014-03-31": "63.29%", "2013-12-31": "70.81%", "2013-09-30": "70.59%", "2013-06-30": "73.04%", "2012-12-31": "73.53%"}, "operating margin": {"2020-09-30": "-17.67%", "2020-06-30": "-21.07%", "2020-03-31": "-23.23%", "2019-12-31": "-23.60%", "2019-09-30": "-24.28%", "2019-06-30": "-22.47%", "2019-03-31": "-21.92%", "2018-12-31": "-22.00%", "2018-09-30": "-25.00%", "2018-06-30": "-28.20%", "2018-03-31": "-29.60%", "2017-12-31": "-30.77%", "2017-09-30": "-31.29%", "2017-06-30": "-38.92%", "2017-03-31": "-49.65%", "2016-12-31": "-63.60%", "2016-09-30": "-72.69%", "2016-06-30": "-76.51%", "2016-03-31": "-79.73%", "2015-12-31": "-81.38%", "2015-09-30": "-85.71%", "2015-06-30": "-95.46%", "2015-03-31": "-105.88%", "2014-12-31": "-112.71%", "2014-09-30": "-125.37%", "2014-06-30": "-127.61%", "2014-03-31": "-122.71%", "2013-12-31": "-106.21%", "2013-09-30": "-107.35%", "2013-06-30": "-93.04%", "2012-12-31": "-72.06%"}, "ebitda margin": {"2020-09-30": "-7.11%", "2020-06-30": "-9.83%", "2020-03-31": "-11.73%", "2019-12-31": "-12.02%", "2019-09-30": "-13.29%", "2019-06-30": "-11.99%", "2019-03-31": "-11.49%", "2018-12-31": "-11.42%", "2018-09-30": "-13.66%", "2018-06-30": "-16.15%", "2018-03-31": "-17.00%", "2017-12-31": "-17.56%", "2017-09-30": "-17.18%", "2017-06-30": "-24.19%", "2017-03-31": "-33.89%", "2016-12-31": "-46.88%", "2016-09-30": "-55.88%", "2016-06-30": "-59.37%", "2016-03-31": "-62.46%", "2015-12-31": "-63.56%", "2015-09-30": "-67.13%", "2015-06-30": "-75.61%", "2015-03-31": "-84.87%", "2014-12-31": "-90.59%", "2014-09-30": "-103.24%", "2014-06-30": "-107.09%", "2014-03-31": "-104.83%", "2013-12-31": "-93.79%", "2013-09-30": "-97.06%", "2013-06-30": "-83.48%", "2012-12-31": "-64.71%"}, "pre tax profit margin": {"2020-09-30": "-22.84%", "2020-06-30": "-26.09%", "2020-03-31": "-28.10%", "2019-12-31": "-28.31%", "2019-09-30": "-28.87%", "2019-06-30": "-27.36%", "2019-03-31": "-28.32%", "2018-12-31": "-28.49%", "2018-09-30": "-31.59%", "2018-06-30": "-34.66%", "2018-03-31": "-34.63%", "2017-12-31": "-35.90%", "2017-09-30": "-37.02%", "2017-06-30": "-44.86%", "2017-03-31": "-55.88%", "2016-12-31": "-69.97%", "2016-09-30": "-78.71%", "2016-06-30": "-82.85%", "2016-03-31": "-85.44%", "2015-12-31": "-86.04%", "2015-09-30": "-88.98%", "2015-06-30": "-96.79%", "2015-03-31": "-106.30%", "2014-12-31": "-112.94%", "2014-09-30": "-125.37%", "2014-06-30": "-129.48%", "2014-03-31": "-125.60%", "2013-12-31": "-111.80%", "2013-09-30": "-103.68%", "2013-06-30": "-85.22%", "2012-12-31": "-54.41%"}, "net profit margin": {"2020-09-30": "-23.38%", "2020-06-30": "-26.53%", "2020-03-31": "-28.43%", "2019-12-31": "-28.76%", "2019-09-30": "-29.21%", "2019-06-30": "-27.94%", "2019-03-31": "-29.15%", "2018-12-31": "-29.21%", "2018-09-30": "-32.32%", "2018-06-30": "-35.28%", "2018-03-31": "-35.14%", "2017-12-31": "-36.41%", "2017-09-30": "-37.42%", "2017-06-30": "-45.27%", "2017-03-31": "-56.15%", "2016-12-31": "-68.70%", "2016-09-30": "-77.59%", "2016-06-30": "-81.70%", "2016-03-31": "-84.38%", "2015-12-31": "-86.68%", "2015-09-30": "-87.78%", "2015-06-30": "-93.38%", "2015-03-31": "-100.21%", "2014-12-31": "-104.47%", "2014-09-30": "-100.59%", "2014-06-30": "-101.49%", "2014-03-31": "-94.20%", "2013-12-31": "-75.16%", "2013-09-30": "-96.32%", "2013-06-30": "-77.39%", "2012-12-31": "-41.18%"}, "pe ratio": {"current": "0.00", "2021-02-05": "0.00", "2020-09-30": "0.00", "2020-06-30": "0.00", "2020-03-31": "0.00", "2019-12-31": "0.00", "2019-09-30": "0.00", "2019-06-30": "0.00", "2019-03-31": "0.00", "2018-12-31": "0.00", "2018-09-30": "0.00", "2018-06-30": "0.00", "2018-03-31": "0.00", "2017-12-31": "0.00", "2017-09-30": "0.00", "2017-06-30": "0.00", "2017-03-31": "0.00", "2016-12-31": "0.00", "2016-09-30": "0.00", "2016-06-30": "0.00", "2016-03-31": "0.00", "2015-12-31": "0.00", "2015-09-30": "0.00", "2015-06-30": "0.00", "2015-03-31": "0.00", "2014-12-31": "0.00", "2014-09-30": "0.00", "2014-06-30": "0.00"}, "price sales": {"2021-02-05": "4.99", "2020-09-30": "2.89", "2020-06-30": "2.85", "2020-03-31": "2.46", "2019-12-31": "3.82", "2019-09-30": "3.08", "2019-06-30": "3.39", "2019-03-31": "3.84", "2018-12-31": "3.70", "2018-09-30": "3.87", "2018-06-30": "3.50", "2018-03-31": "3.84", "2017-12-31": "3.22", "2017-09-30": "3.87", "2017-06-30": "3.48", "2017-03-31": "2.89", "2016-12-31": "2.73", "2016-09-30": "3.30", "2016-06-30": "3.74", "2016-03-31": "4.20", "2015-12-31": "5.12", "2015-09-30": "8.25", "2015-06-30": "13.68", "2015-03-31": "11.94", "2014-12-31": "10.49", "2014-09-30": "9.34", "2014-06-30": "10.58"}, "price book": {"current": "7.31", "2021-02-05": "7.31", "2020-09-30": "4.24", "2020-06-30": "4.16", "2020-03-31": "3.61", "2019-12-31": "5.17", "2019-09-30": "4.11", "2019-06-30": "4.36", "2019-03-31": "5.51", "2018-12-31": "4.97", "2018-09-30": "5.14", "2018-06-30": "4.54", "2018-03-31": "5.25", "2017-12-31": "4.20", "2017-09-30": "4.03", "2017-06-30": "3.49", "2017-03-31": "2.78", "2016-12-31": "2.47", "2016-09-30": "2.93", "2016-06-30": "2.99", "2016-03-31": "3.00", "2015-12-31": "3.21", "2015-09-30": "4.60", "2015-06-30": "6.59", "2015-03-31": "5.20", "2014-12-31": "3.86", "2014-09-30": "3.55", "2014-06-30": "4.43", "2014-03-31": "6.26", "2013-12-31": "5.73", "2013-09-30": "20.26"}, "price fcf": {"2021-02-05": "", "2020-09-30": "$0.16", "2020-06-30": "$0.07", "2020-03-31": "$-0.12", "2019-12-31": "$0.11", "2019-09-30": "$0.04", "2019-06-30": "$0.06", "2019-03-31": "$-0.09", "2018-12-31": "$-0.18", "2018-09-30": "$-0.18", "2018-06-30": "$-0.21", "2018-03-31": "$-0.03", "2017-12-31": "$-0.15", "2017-09-30": "$-0.24", "2017-06-30": "$-0.22", "2017-03-31": "$-0.23", "2016-12-31": "$-0.31", "2016-09-30": "$-0.35", "2016-06-30": "$-0.54", "2016-03-31": "$-0.24", "2015-12-31": "$-0.11", "2015-09-30": "$-0.18", "2015-06-30": "$-0.51", "2015-03-31": "$-1.23", "2014-12-31": "$-1.40", "2014-09-30": "$-1.55", "2014-06-30": "$-3.63"}, "net worth": {"value": "$4.85B"}, "current ratio": {"2020-09-30": "1.69", "2020-06-30": "1.66", "2020-03-31": "1.50", "2019-12-31": "1.55", "2019-09-30": "1.53", "2019-06-30": "1.56", "2019-03-31": "2.01", "2018-12-31": "2.04", "2018-09-30": "2.02", "2018-06-30": "2.04", "2018-03-31": "1.71", "2017-12-31": "1.73", "2017-09-30": "1.99", "2017-06-30": "2.07", "2017-03-31": "2.06", "2016-12-31": "2.03", "2016-09-30": "1.98", "2016-06-30": "2.13", "2016-03-31": "2.18", "2015-12-31": "3.03", "2015-09-30": "3.42", "2015-06-30": "3.91", "2015-03-31": "1.85", "2014-12-31": "2.01", "2014-09-30": "2.22", "2014-06-30": "2.53", "2014-03-31": "3.32", "2013-12-31": "1.55", "2013-09-30": "2.99", "2013-06-30": "0.88", "2013-03-31": "1.21", "2012-12-31": "1.45", "2012-09-30": "0.00", "2012-06-30": "0.00", "2012-03-31": "0.00", "2011-12-31": "1.08", "2010-12-31": "1.08"}, "quick ratio": {"2020-09-30": "1.68", "2020-06-30": "1.65", "2020-03-31": "1.49", "2019-12-31": "1.54", "2019-09-30": "1.52", "2019-06-30": "1.55", "2019-03-31": "2.00", "2018-12-31": "2.03", "2018-09-30": "2.02", "2018-06-30": "2.02", "2018-03-31": "1.70", "2017-12-31": "1.72", "2017-09-30": "1.98", "2017-06-30": "2.06", "2017-03-31": "2.05", "2016-12-31": "2.02", "2016-09-30": "1.97", "2016-06-30": "2.11", "2016-03-31": "2.16", "2015-12-31": "3.00", "2015-09-30": "3.40", "2015-06-30": "3.88", "2015-03-31": "1.82", "2014-12-31": "1.99", "2014-09-30": "2.20", "2014-06-30": "2.51", "2014-03-31": "3.30", "2013-12-31": "1.52", "2013-09-30": "2.94", "2013-06-30": "0.85", "2013-03-31": "1.18", "2012-12-31": "1.41", "2012-09-30": "0.00", "2012-06-30": "0.00", "2012-03-31": "0.00", "2011-12-31": "1.05", "2010-12-31": "1.05"}, "debt equity ratio": {"current": "1.43", "2020-09-30": "3.08", "2020-06-30": "3.06", "2020-03-31": "3.28", "2019-12-31": "3.12", "2019-09-30": "3.06", "2019-06-30": "2.89", "2019-03-31": "3.37", "2018-12-31": "3.15", "2018-09-30": "3.05", "2018-06-30": "2.96", "2018-03-31": "2.92", "2017-12-31": "2.89", "2017-09-30": "2.00", "2017-06-30": "1.88", "2017-03-31": "1.85", "2016-12-31": "1.83", "2016-09-30": "1.79", "2016-06-30": "1.59", "2016-03-31": "1.48", "2015-12-31": "1.34", "2015-09-30": "1.20", "2015-06-30": "1.06", "2015-03-31": "0.45", "2014-12-31": "0.41", "2014-09-30": "0.34", "2014-06-30": "0.29", "2014-03-31": "0.25", "2013-12-31": "0.31", "2013-09-30": "0.86", "2013-06-30": "-4.10", "2013-03-31": "-13.90", "2012-12-31": "22.24", "2012-09-30": "0.00", "2012-06-30": "0.00", "2012-03-31": "0.00", "2011-12-31": "-3.43", "2010-12-31": "-3.43"}, "return on equity": {"2020-09-30": "-32.40%", "2020-06-30": "-35.75%", "2020-03-31": "-36.87%", "2019-12-31": "-37.20%", "2019-09-30": "-37.76%", "2019-06-30": "-36.24%", "2019-03-31": "-38.14%", "2018-12-31": "-37.67%", "2018-09-30": "-41.37%", "2018-06-30": "-42.42%", "2018-03-31": "-39.72%", "2017-12-31": "-37.89%", "2017-09-30": "-35.05%", "2017-06-30": "-40.61%", "2017-03-31": "-47.20%", "2016-12-31": "-53.44%", "2016-09-30": "-57.81%", "2016-06-30": "-55.55%", "2016-03-31": "-51.88%", "2015-12-31": "-47.82%", "2015-09-30": "-43.18%", "2015-06-30": "-40.27%", "2015-03-31": "-37.50%", "2014-12-31": "-33.31%", "2014-09-30": "-26.59%", "2014-06-30": "-26.65%", "2014-03-31": "-29.17%", "2013-12-31": "-39.06%", "2013-09-30": "-267.35%", "2013-06-30": "698.04%", "2012-12-31": "-2240.00%"}, "return on assets": {"2020-09-30": "-7.84%", "2020-06-30": "-8.66%", "2020-03-31": "-9.04%", "2019-12-31": "-9.08%", "2019-09-30": "-9.20%", "2019-06-30": "-8.83%", "2019-03-31": "-9.24%", "2018-12-31": "-9.37%", "2018-09-30": "-10.46%", "2018-06-30": "-11.60%", "2018-03-31": "-11.79%", "2017-12-31": "-12.17%", "2017-09-30": "-12.14%", "2017-06-30": "-14.30%", "2017-03-31": "-17.09%", "2016-12-31": "-20.06%", "2016-09-30": "-22.77%", "2016-06-30": "-23.23%", "2016-03-31": "-23.00%", "2015-12-31": "-23.96%", "2015-09-30": "-24.48%", "2015-06-30": "-25.88%", "2015-03-31": "-27.43%", "2014-12-31": "-25.29%", "2014-09-30": "-20.54%", "2014-06-30": "-20.28%", "2014-03-31": "-20.81%", "2013-12-31": "-22.93%", "2013-09-30": "-60.93%", "2013-06-30": "-89.00%", "2012-12-31": "-89.60%"}, "return on investments": {"2020-09-30": "-10.31%", "2020-06-30": "-12.18%", "2020-03-31": "-13.25%", "2019-12-31": "-13.18%", "2019-09-30": "-13.26%", "2019-06-30": "-12.04%", "2019-03-31": "-11.55%", "2018-12-31": "-11.76%", "2018-09-30": "-13.61%", "2018-06-30": "-15.24%", "2018-03-31": "-15.90%", "2017-12-31": "-15.84%", "2017-09-30": "-15.09%", "2017-06-30": "-18.32%", "2017-03-31": "-22.47%", "2016-12-31": "-27.44%", "2016-09-30": "-30.93%", "2016-06-30": "-30.67%", "2016-03-31": "-29.74%", "2015-12-31": "-37.35%", "2015-09-30": "-54.15%", "2015-06-30": "-107.91%", "2015-03-31": "inf%", "2014-12-31": "inf%", "2014-09-30": "inf%", "2014-06-30": "-512.36%", "2014-03-31": "-419.83%", "2013-12-31": "-283.82%", "2013-09-30": "-227.24%", "2013-06-30": "4280.00%", "2012-12-31": "-1225.00%"}, "return on tangible equity": {"2020-09-30": "32.73%", "2020-06-30": "36.72%", "2020-03-31": "39.30%", "2019-12-31": "41.98%", "2019-09-30": "44.46%", "2019-06-30": "44.69%", "2019-03-31": "48.79%", "2018-12-31": "47.02%", "2018-09-30": "50.14%", "2018-06-30": "56.24%", "2018-03-31": "58.37%", "2017-12-31": "64.84%", "2017-09-30": "70.56%", "2017-06-30": "85.84%", "2017-03-31": "109.58%", "2016-12-31": "143.81%", "2016-09-30": "249.55%", "2016-06-30": "603.19%", "2016-03-31": "-1617.27%", "2015-12-31": "-368.60%", "2015-09-30": "-273.83%", "2015-06-30": "-224.04%", "2015-03-31": "-187.61%", "2014-12-31": "-138.53%", "2014-09-30": "-123.66%", "2014-06-30": "-101.68%", "2014-03-31": "-112.88%", "2013-12-31": "-209.52%", "2013-09-30": "-306.43%", "2013-06-30": "539.39%", "2012-12-31": "inf%"}, "dividend yield history": {"last payout": "$0.00", "last yield": "0.00%"}}