{"ticker": "FHB", "price": {"title": "First Hawaiian Historical Annual Stock Price Data", "value": 24.62, "historical": {"2020": {"Average Stock Price": "19.5897", "Year Open": "28.7300", "Year High": "30.8700", "Year Low": "13.9800", "Year Close": "23.5800", "Annual % Change": "-18.27%"}, "2019": {"Average Stock Price": "26.5927", "Year Open": "23.1000", "Year High": "29.4300", "Year Low": "22.9300", "Year Close": "28.8500", "Annual % Change": "28.17%"}, "2018": {"Average Stock Price": "27.8096", "Year Open": "29.8700", "Year High": "32.2100", "Year Low": "21.4300", "Year Close": "22.5100", "Annual % Change": "-22.86%"}, "2017": {"Average Stock Price": "29.8300", "Year Open": "34.6600", "Year High": "34.8500", "Year Low": "26.5000", "Year Close": "29.1800", "Annual % Change": "-16.20%"}, "2016": {"Average Stock Price": "28.3440", "Year Open": "24.2500", "Year High": "35.1900", "Year Low": "24.2500", "Year Close": "34.8200", "Annual % Change": "0.00%"}}}, "market cap": {"value": "$3.22B"}, "income statement": {"Revenue": {"2020-12-31": "780.13900", "2019-12-31": "871.22500", "2018-12-31": "825.04400", "2017-12-31": "776.37300", "2016-12-31": "744.55700", "2015-12-31": "702.95700", "2014-12-31": "676.52000"}, "Cost Of Goods Sold": {"2020-12-31": "47.02500", "2019-12-31": "105.29000", "2018-12-31": "79.73300", "2017-12-31": "41.96400", "2016-12-31": "26.84800", "2015-12-31": "22.52100", "2014-12-31": "23.48500"}, "Gross Profit": {"2020-12-31": "733.11400", "2019-12-31": "765.93510", "2018-12-31": "745.31100", "2017-12-31": "734.40900", "2016-12-31": "717.70900", "2015-12-31": "680.43600", "2014-12-31": "653.03500"}, "Research And Development Expenses": {"2020-12-31": "", "2019-12-31": "", "2018-12-31": "", "2017-12-31": "", "2016-12-31": "", "2015-12-31": "", "2014-12-31": ""}, "SG&A Expenses": {"2020-12-31": "489.39000", "2019-12-31": "384.23700", "2018-12-31": "387.13300", "2017-12-31": "366.05400", "2016-12-31": "345.88000", "2015-12-31": "337.20900", "2014-12-31": "308.79100"}, "Other Operating Income Or Expenses": {"2020-12-31": "", "2019-12-31": "", "2018-12-31": "", "2017-12-31": "", "2016-12-31": "", "2015-12-31": "", "2014-12-31": ""}, "Operating Expenses": {"2020-12-31": "536.41500", "2019-12-31": "489.52700", "2018-12-31": "466.86600", "2017-12-31": "408.01800", "2016-12-31": "372.72800", "2015-12-31": "359.73000", "2014-12-31": "332.27600"}, "Operating Income": {"2020-12-31": "243.72390", "2019-12-31": "381.69800", "2018-12-31": "358.17800", "2017-12-31": "368.35500", "2016-12-31": "371.82900", "2015-12-31": "343.22710", "2014-12-31": "344.24400"}, "Total Non-Operating Income/Expense": {"2020-12-31": "", "2019-12-31": "", "2018-12-31": "", "2017-12-31": "", "2016-12-31": "", "2015-12-31": "", "2014-12-31": ""}, "Pre-Tax Income": {"2020-12-31": "243.72400", "2019-12-31": "381.69800", "2018-12-31": "358.17800", "2017-12-31": "368.35500", "2016-12-31": "371.82900", "2015-12-31": "343.22700", "2014-12-31": "344.24400"}, "Income Taxes": {"2020-12-31": "57.97000", "2019-12-31": "97.30600", "2018-12-31": "93.78400", "2017-12-31": "184.67300", "2016-12-31": "141.65100", "2015-12-31": "129.44700", "2014-12-31": "127.57200"}, "Income After Taxes": {"2020-12-31": "185.75400", "2019-12-31": "284.39200", "2018-12-31": "264.39400", "2017-12-31": "183.68200", "2016-12-31": "230.17800", "2015-12-31": "213.78000", "2014-12-31": "216.67200"}, "Other Income": {"2020-12-31": "", "2019-12-31": "", "2018-12-31": "", "2017-12-31": "", "2016-12-31": "", "2015-12-31": "", "2014-12-31": ""}, "Income From Continuous Operations": {"2020-12-31": "185.75400", "2019-12-31": "284.39200", "2018-12-31": "264.39400", "2017-12-31": "183.68200", "2016-12-31": "230.17800", "2015-12-31": "213.78000", "2014-12-31": "216.67200"}, "Income From Discontinued Operations": {"2020-12-31": "", "2019-12-31": "", "2018-12-31": "", "2017-12-31": "", "2016-12-31": "", "2015-12-31": "", "2014-12-31": ""}, "Net Income": {"2020-12-31": "185.75400", "2019-12-31": "284.39200", "2018-12-31": "264.39400", "2017-12-31": "183.68200", "2016-12-31": "230.17800", "2015-12-31": "213.78000", "2014-12-31": "216.67200"}, "EBITDA": {"2020-12-31": "", "2019-12-31": "", "2018-12-31": "", "2017-12-31": "", "2016-12-31": "", "2015-12-31": "", "2014-12-31": ""}, "EBIT": {"2020-12-31": "", "2019-12-31": "", "2018-12-31": "", "2017-12-31": "", "2016-12-31": "", "2015-12-31": "", "2014-12-31": ""}, "Basic Shares Outstanding": {"2020-12-31": "129.89000", "2019-12-31": "133.07600", "2018-12-31": "136.94500", "2017-12-31": "139.56000", "2016-12-31": "139.48780", "2015-12-31": "139.46000", "2014-12-31": "139.46000"}, "Shares Outstanding": {"2020-12-31": "130.22000", "2019-12-31": "133.38700", "2018-12-31": "137.11100", "2017-12-31": "139.65700", "2016-12-31": "139.49300", "2015-12-31": "139.46000", "2014-12-31": "139.46000"}, "Basic EPS": {"2020-12-31": "1.43000", "2019-12-31": "2.14000", "2018-12-31": "1.93000", "2017-12-31": "1.32000", "2016-12-31": "1.65000", "2015-12-31": "1.53000", "2014-12-31": "1.55000"}, "EPS - Earnings Per Share": {"2020-12-31": "1.43000", "2019-12-31": "2.13000", "2018-12-31": "1.93000", "2017-12-31": "1.32000", "2016-12-31": "1.65000", "2015-12-31": "1.53000", "2014-12-31": "1.55000"}}, "income statement, quarterly": {"Revenue": {"2020-12-31": "195.27900", "2020-09-30": "190.82500", "2020-06-30": "186.27500", "2020-03-31": "207.76000", "2019-12-31": "208.84000", "2019-09-30": "220.16100", "2019-06-30": "222.59100", "2019-03-31": "219.63300", "2018-12-31": "201.13510", "2018-09-30": "211.45700", "2018-06-30": "208.81600", "2018-03-31": "203.63600", "2017-12-31": "202.88200", "2017-09-30": "194.93400", "2017-06-30": "190.57700", "2017-03-31": "187.98000", "2016-12-31": "195.77000", "2016-09-30": "178.02400", "2016-06-30": "173.43200", "2016-03-31": "197.33100", "2015-12-31": "", "2015-09-30": "175.60600", "2015-06-30": "176.54300", "2014-12-31": ""}, "Cost Of Goods Sold": {"2020-12-31": "6.45400", "2020-09-30": "7.92500", "2020-06-30": "12.79700", "2020-03-31": "19.84900", "2019-12-31": "22.51300", "2019-09-30": "27.10000", "2019-06-30": "28.20500", "2019-03-31": "27.47200", "2018-12-31": "24.05900", "2018-09-30": "22.79400", "2018-06-30": "17.61600", "2018-03-31": "15.26400", "2017-12-31": "13.67200", "2017-09-30": "11.95100", "2017-06-30": "8.76500", "2017-03-31": "7.57600", "2016-12-31": "7.06300", "2016-09-30": "6.65100", "2016-06-30": "6.63400", "2016-03-31": "6.50000", "2015-12-31": "", "2015-09-30": "5.55400", "2015-06-30": "5.48600", "2014-12-31": ""}, "Gross Profit": {"2020-12-31": "188.82500", "2020-09-30": "182.90000", "2020-06-30": "173.47800", "2020-03-31": "187.91100", "2019-12-31": "186.32700", "2019-09-30": "193.06100", "2019-06-30": "194.38600", "2019-03-31": "192.16100", "2018-12-31": "177.07600", "2018-09-30": "188.66300", "2018-06-30": "191.20000", "2018-03-31": "188.37200", "2017-12-31": "189.21000", "2017-09-30": "182.98300", "2017-06-30": "181.81200", "2017-03-31": "180.40400", "2016-12-31": "188.70700", "2016-09-30": "171.37300", "2016-06-30": "166.79800", "2016-03-31": "190.83100", "2015-12-31": "", "2015-09-30": "170.05200", "2015-06-30": "171.05700", "2014-12-31": ""}, "Research And Development Expenses": {"2020-12-31": "", "2020-09-30": "", "2020-06-30": "", "2020-03-31": "", "2019-12-31": "", "2019-09-30": "", "2019-06-30": "", "2019-03-31": "", "2018-12-31": "", "2018-09-30": "", "2018-06-30": "", "2018-03-31": "", "2017-12-31": "", "2017-09-30": "", "2017-06-30": "", "2017-03-31": "", "2016-12-31": "", "2016-09-30": "", "2016-06-30": "", "2016-03-31": "", "2015-12-31": "", "2015-09-30": "", "2015-06-30": "", "2014-12-31": ""}, "SG&A Expenses": {"2020-12-31": "108.12700", "2020-09-30": "96.70100", "2020-06-30": "146.89600", "2020-03-31": "137.66600", "2019-12-31": "95.30800", "2019-09-30": "93.46600", "2019-06-30": "97.16000", "2019-03-31": "98.30300", "2018-12-31": "95.10400", "2018-09-30": "97.60700", "2018-06-30": "97.88500", "2018-03-31": "96.53700", "2017-12-31": "94.95000", "2017-09-30": "89.28400", "2017-06-30": "91.32900", "2017-03-31": "90.49100", "2016-12-31": "94.83900", "2016-09-30": "84.90400", "2016-06-30": "80.37300", "2016-03-31": "85.76400", "2015-12-31": "", "2015-09-30": "81.92700", "2015-06-30": "83.46500", "2014-12-31": ""}, "Other Operating Income Or Expenses": {"2020-12-31": "", "2020-09-30": "", "2020-06-30": "", "2020-03-31": "", "2019-12-31": "", "2019-09-30": "", "2019-06-30": "", "2019-03-31": "", "2018-12-31": "", "2018-09-30": "", "2018-06-30": "", "2018-03-31": "", "2017-12-31": "", "2017-09-30": "", "2017-06-30": "", "2017-03-31": "", "2016-12-31": "", "2016-09-30": "", "2016-06-30": "", "2016-03-31": "", "2015-12-31": "", "2015-09-30": "", "2015-06-30": "", "2014-12-31": ""}, "Operating Expenses": {"2020-12-31": "114.58100", "2020-09-30": "104.62600", "2020-06-30": "159.69300", "2020-03-31": "157.51500", "2019-12-31": "117.82100", "2019-09-30": "120.56600", "2019-06-30": "125.36500", "2019-03-31": "125.77500", "2018-12-31": "119.16300", "2018-09-30": "120.40100", "2018-06-30": "115.50100", "2018-03-31": "111.80100", "2017-12-31": "108.62200", "2017-09-30": "101.23500", "2017-06-30": "100.09400", "2017-03-31": "98.06700", "2016-12-31": "101.90200", "2016-09-30": "91.55500", "2016-06-30": "87.00700", "2016-03-31": "92.26400", "2015-12-31": "", "2015-09-30": "87.48100", "2015-06-30": "88.95100", "2014-12-31": ""}, "Operating Income": {"2020-12-31": "80.69800", "2020-09-30": "86.19900", "2020-06-30": "26.58200", "2020-03-31": "50.24500", "2019-12-31": "91.01900", "2019-09-30": "99.59500", "2019-06-30": "97.22600", "2019-03-31": "93.85800", "2018-12-31": "81.97210", "2018-09-30": "91.05600", "2018-06-30": "93.31500", "2018-03-31": "91.83500", "2017-12-31": "94.26000", "2017-09-30": "93.69900", "2017-06-30": "90.48300", "2017-03-31": "89.91300", "2016-12-31": "93.86800", "2016-09-30": "86.46900", "2016-06-30": "86.42500", "2016-03-31": "105.06700", "2015-12-31": "", "2015-09-30": "88.12500", "2015-06-30": "87.59200", "2014-12-31": ""}, "Total Non-Operating Income/Expense": {"2020-12-31": "", "2020-09-30": "", "2020-06-30": "", "2020-03-31": "", "2019-12-31": "", "2019-09-30": "", "2019-06-30": "", "2019-03-31": "", "2018-12-31": "", "2018-09-30": "", "2018-06-30": "", "2018-03-31": "", "2017-12-31": "", "2017-09-30": "", "2017-06-30": "", "2017-03-31": "", "2016-12-31": "", "2016-09-30": "", "2016-06-30": "", "2016-03-31": "", "2015-12-31": "", "2015-09-30": "", "2015-06-30": "", "2014-12-31": ""}, "Pre-Tax Income": {"2020-12-31": "80.69800", "2020-09-30": "86.19900", "2020-06-30": "26.58200", "2020-03-31": "50.24500", "2019-12-31": "91.01900", "2019-09-30": "99.59500", "2019-06-30": "97.22600", "2019-03-31": "93.85800", "2018-12-31": "81.97200", "2018-09-30": "91.05600", "2018-06-30": "93.31500", "2018-03-31": "91.83500", "2017-12-31": "94.26000", "2017-09-30": "93.69900", "2017-06-30": "90.48300", "2017-03-31": "89.91300", "2016-12-31": "93.86800", "2016-09-30": "86.46900", "2016-06-30": "86.42500", "2016-03-31": "105.06700", "2015-12-31": "", "2015-09-30": "88.12500", "2015-06-30": "87.59200", "2014-12-31": ""}, "Income Taxes": {"2020-12-31": "18.95900", "2020-09-30": "21.09800", "2020-06-30": "6.53300", "2020-03-31": "11.38000", "2019-12-31": "23.18300", "2019-09-30": "25.39600", "2019-06-30": "24.79300", "2019-03-31": "23.93400", "2018-12-31": "21.97700", "2018-09-30": "23.66800", "2018-06-30": "24.26200", "2018-03-31": "23.87700", "2017-12-31": "82.57600", "2017-09-30": "35.33600", "2017-06-30": "33.58800", "2017-03-31": "33.17300", "2016-12-31": "37.31600", "2016-09-30": "33.23400", "2016-06-30": "31.56500", "2016-03-31": "39.53600", "2015-12-31": "", "2015-09-30": "33.23600", "2015-06-30": "33.03400", "2014-12-31": ""}, "Income After Taxes": {"2020-12-31": "61.73900", "2020-09-30": "65.10100", "2020-06-30": "20.04900", "2020-03-31": "38.86500", "2019-12-31": "67.83600", "2019-09-30": "74.19900", "2019-06-30": "72.43300", "2019-03-31": "69.92400", "2018-12-31": "59.99500", "2018-09-30": "67.38800", "2018-06-30": "69.05300", "2018-03-31": "67.95800", "2017-12-31": "11.68400", "2017-09-30": "58.36300", "2017-06-30": "56.89500", "2017-03-31": "56.74000", "2016-12-31": "56.55200", "2016-09-30": "53.23500", "2016-06-30": "54.86000", "2016-03-31": "65.53100", "2015-12-31": "", "2015-09-30": "54.88900", "2015-06-30": "54.55800", "2014-12-31": ""}, "Other Income": {"2020-12-31": "", "2020-09-30": "", "2020-06-30": "", "2020-03-31": "", "2019-12-31": "", "2019-09-30": "", "2019-06-30": "", "2019-03-31": "", "2018-12-31": "", "2018-09-30": "", "2018-06-30": "", "2018-03-31": "", "2017-12-31": "", "2017-09-30": "", "2017-06-30": "", "2017-03-31": "", "2016-12-31": "", "2016-09-30": "", "2016-06-30": "", "2016-03-31": "", "2015-12-31": "", "2015-09-30": "", "2015-06-30": "", "2014-12-31": ""}, "Income From Continuous Operations": {"2020-12-31": "61.73900", "2020-09-30": "65.10100", "2020-06-30": "20.04900", "2020-03-31": "38.86500", "2019-12-31": "67.83600", "2019-09-30": "74.19900", "2019-06-30": "72.43300", "2019-03-31": "69.92400", "2018-12-31": "59.99500", "2018-09-30": "67.38800", "2018-06-30": "69.05300", "2018-03-31": "67.95800", "2017-12-31": "11.68400", "2017-09-30": "58.36300", "2017-06-30": "56.89500", "2017-03-31": "56.74000", "2016-12-31": "56.55200", "2016-09-30": "53.23500", "2016-06-30": "54.86000", "2016-03-31": "65.53100", "2015-12-31": "", "2015-09-30": "54.88900", "2015-06-30": "54.55800", "2014-12-31": ""}, "Income From Discontinued Operations": {"2020-12-31": "", "2020-09-30": "", "2020-06-30": "", "2020-03-31": "", "2019-12-31": "", "2019-09-30": "", "2019-06-30": "", "2019-03-31": "", "2018-12-31": "", "2018-09-30": "", "2018-06-30": "", "2018-03-31": "", "2017-12-31": "", "2017-09-30": "", "2017-06-30": "", "2017-03-31": "", "2016-12-31": "", "2016-09-30": "", "2016-06-30": "", "2016-03-31": "", "2015-12-31": "", "2015-09-30": "", "2015-06-30": "", "2014-12-31": ""}, "Net Income": {"2020-12-31": "61.73900", "2020-09-30": "65.10100", "2020-06-30": "20.04900", "2020-03-31": "38.86500", "2019-12-31": "67.83600", "2019-09-30": "74.19900", "2019-06-30": "72.43300", "2019-03-31": "69.92400", "2018-12-31": "59.99500", "2018-09-30": "67.38800", "2018-06-30": "69.05300", "2018-03-31": "67.95800", "2017-12-31": "11.68400", "2017-09-30": "58.36300", "2017-06-30": "56.89500", "2017-03-31": "56.74000", "2016-12-31": "56.55200", "2016-09-30": "53.23500", "2016-06-30": "54.86000", "2016-03-31": "65.53100", "2015-12-31": "", "2015-09-30": "54.88900", "2015-06-30": "54.55800", "2014-12-31": ""}, "EBITDA": {"2020-12-31": "", "2020-09-30": "", "2020-06-30": "", "2020-03-31": "", "2019-12-31": "", "2019-09-30": "", "2019-06-30": "", "2019-03-31": "", "2018-12-31": "", "2018-09-30": "", "2018-06-30": "", "2018-03-31": "", "2017-12-31": "", "2017-09-30": "", "2017-06-30": "", "2017-03-31": "", "2016-12-31": "", "2016-09-30": "", "2016-06-30": "", "2016-03-31": "", "2015-12-31": "", "2015-09-30": "", "2015-06-30": "", "2014-12-31": ""}, "EBIT": {"2020-12-31": "", "2020-09-30": "", "2020-06-30": "", "2020-03-31": "", "2019-12-31": "", "2019-09-30": "", "2019-06-30": "", "2019-03-31": "", "2018-12-31": "", "2018-09-30": "", "2018-06-30": "", "2018-03-31": "", "2017-12-31": "", "2017-09-30": "", "2017-06-30": "", "2017-03-31": "", "2016-12-31": "", "2016-09-30": "", "2016-06-30": "", "2016-03-31": "", "2015-12-31": "", "2015-09-30": "", "2015-06-30": "", "2014-12-31": ""}, "Basic Shares Outstanding": {"2020-12-31": "129.91200", "2020-09-30": "129.89600", "2020-06-30": "129.85700", "2020-03-31": "129.89600", "2019-12-31": "133.07600", "2019-09-30": "132.58400", "2019-06-30": "134.42000", "2019-03-31": "134.87900", "2018-12-31": "136.94500", "2018-09-30": "135.46700", "2018-06-30": "137.90700", "2018-03-31": "139.60100", "2017-12-31": "139.56000", "2017-09-30": "139.55700", "2017-06-30": "139.54700", "2017-03-31": "139.54600", "2016-12-31": "139.48780", "2016-09-30": "139.50100", "2016-06-30": "139.46000", "2016-03-31": "139.46000", "2015-12-31": "", "2015-09-30": "139.46000", "2015-06-30": "139.46000", "2014-12-31": ""}, "Shares Outstanding": {"2020-12-31": "130.31400", "2020-09-30": "130.08600", "2020-06-30": "130.00500", "2020-03-31": "130.35200", "2019-12-31": "133.38700", "2019-09-30": "132.87800", "2019-06-30": "134.65200", "2019-03-31": "135.19800", "2018-12-31": "137.11100", "2018-09-30": "135.67500", "2018-06-30": "138.06600", "2018-03-31": "139.73200", "2017-12-31": "139.65700", "2017-09-30": "139.69600", "2017-06-30": "139.64600", "2017-03-31": "139.63700", "2016-12-31": "139.49300", "2016-09-30": "139.50400", "2016-06-30": "139.46000", "2016-03-31": "139.46000", "2015-12-31": "", "2015-09-30": "139.46000", "2015-06-30": "139.46000", "2014-12-31": ""}, "Basic EPS": {"2020-12-31": "0.48000", "2020-09-30": "0.50000", "2020-06-30": "0.15000", "2020-03-31": "0.30000", "2019-12-31": "0.52000", "2019-09-30": "0.56000", "2019-06-30": "0.54000", "2019-03-31": "0.52000", "2018-12-31": "0.44000", "2018-09-30": "0.50000", "2018-06-30": "0.50000", "2018-03-31": "0.49000", "2017-12-31": "0.08000", "2017-09-30": "0.42000", "2017-06-30": "0.41000", "2017-03-31": "0.41000", "2016-12-31": "0.41000", "2016-09-30": "0.38000", "2016-06-30": "0.39000", "2016-03-31": "0.47000", "2015-12-31": "", "2015-09-30": "0.39000", "2015-06-30": "0.39000", "2014-12-31": ""}, "EPS - Earnings Per Share": {"2020-12-31": "0.47000", "2020-09-30": "0.50000", "2020-06-30": "0.15000", "2020-03-31": "0.30000", "2019-12-31": "0.51000", "2019-09-30": "0.56000", "2019-06-30": "0.54000", "2019-03-31": "0.52000", "2018-12-31": "0.44000", "2018-09-30": "0.50000", "2018-06-30": "0.50000", "2018-03-31": "0.49000", "2017-12-31": "0.08000", "2017-09-30": "0.42000", "2017-06-30": "0.41000", "2017-03-31": "0.41000", "2016-12-31": "0.41000", "2016-09-30": "0.38000", "2016-06-30": "0.39000", "2016-03-31": "0.47000", "2015-12-31": "0.00000", "2015-09-30": "0.39000", "2015-06-30": "0.39000", "2014-12-31": "0.00000"}}, "balance sheet": {"Cash On Hand": {"2020-12-31": "1040.94400", "2019-12-31": "694.01700", "2018-12-31": "1003.63700", "2017-12-31": "1034.64400", "2016-12-31": "1052.05800", "2015-12-31": "2650.19500", "2014-12-31": ""}, "Receivables": {"2020-12-31": "", "2019-12-31": "", "2018-12-31": "", "2017-12-31": "", "2016-12-31": "", "2015-12-31": "", "2014-12-31": ""}, "Inventory": {"2020-12-31": "", "2019-12-31": "", "2018-12-31": "", "2017-12-31": "", "2016-12-31": "", "2015-12-31": "", "2014-12-31": ""}, "Pre-Paid Expenses": {"2020-12-31": "", "2019-12-31": "", "2018-12-31": "", "2017-12-31": "", "2016-12-31": "", "2015-12-31": "", "2014-12-31": ""}, "Other Current Assets": {"2020-12-31": "", "2019-12-31": "", "2018-12-31": "", "2017-12-31": "", "2016-12-31": "", "2015-12-31": "", "2014-12-31": ""}, "Total Current Assets": {"2020-12-31": "14192.79000", "2019-12-31": "13821.28000", "2018-12-31": "13987.46000", "2017-12-31": "13223.30000", "2016-12-31": "12478.91000", "2015-12-31": "13270.96000", "2014-12-31": ""}, "Property, Plant, And Equipment": {"2020-12-31": "322.40100", "2019-12-31": "316.88500", "2018-12-31": "304.99600", "2017-12-31": "289.21500", "2016-12-31": "300.78800", "2015-12-31": "305.10400", "2014-12-31": ""}, "Long-Term Investments": {"2020-12-31": "6071.41500", "2019-12-31": "4075.64400", "2018-12-31": "4498.34200", "2017-12-31": "5234.65800", "2016-12-31": "5077.51400", "2015-12-31": "4027.26500", "2014-12-31": ""}, "Goodwill And Intangible Assets": {"2020-12-31": "1006.22300", "2019-12-31": "1008.16000", "2018-12-31": "1011.64700", "2017-12-31": "1008.68800", "2016-12-31": "1012.30100", "2015-12-31": "1016.92700", "2014-12-31": "0.00000"}, "Other Long-Term Assets": {"2020-12-31": "1070.00000", "2019-12-31": "944.76500", "2018-12-31": "893.23100", "2017-12-31": "793.59700", "2016-12-31": "792.31300", "2015-12-31": "732.42900", "2014-12-31": ""}, "Total Long-Term Assets": {"2020-12-31": "8470.03900", "2019-12-31": "6345.45500", "2018-12-31": "6708.21600", "2017-12-31": "7326.15800", "2016-12-31": "7182.91700", "2015-12-31": "6081.72500", "2014-12-31": ""}, "Total Assets": {"2020-12-31": "22662.83000", "2019-12-31": "20166.73000", "2018-12-31": "20695.68000", "2017-12-31": "20549.46000", "2016-12-31": "19661.83000", "2015-12-31": "19352.68000", "2014-12-31": "0.00000"}, "Total Current Liabilities": {"2020-12-31": "19227.72000", "2019-12-31": "16844.99000", "2018-12-31": "17150.07000", "2017-12-31": "17612.12000", "2016-12-31": "16803.68000", "2015-12-31": "16278.08000", "2014-12-31": ""}, "Long Term Debt": {"2020-12-31": "200.01000", "2019-12-31": "200.01900", "2018-12-31": "600.02600", "2017-12-31": "0.03400", "2016-12-31": "0.04100", "2015-12-31": "0.04800", "2014-12-31": ""}, "Other Non-Current Liabilities": {"2020-12-31": "347.62100", "2019-12-31": "343.24100", "2018-12-31": "292.83600", "2017-12-31": "270.53600", "2016-12-31": "248.71600", "2015-12-31": "203.70700", "2014-12-31": ""}, "Total Long Term Liabilities": {"2020-12-31": "547.63100", "2019-12-31": "543.26000", "2018-12-31": "892.86200", "2017-12-31": "270.57000", "2016-12-31": "248.75700", "2015-12-31": "203.75500", "2014-12-31": ""}, "Total Liabilities": {"2020-12-31": "19918.73000", "2019-12-31": "17526.48000", "2018-12-31": "18170.84000", "2017-12-31": "18016.91000", "2016-12-31": "17185.34000", "2015-12-31": "16615.74000", "2014-12-31": "0.00000"}, "Common Stock Net": {"2020-12-31": "1.40200", "2019-12-31": "1.39900", "2018-12-31": "1.39700", "2017-12-31": "1.39600", "2016-12-31": "1.39500", "2015-12-31": "", "2014-12-31": "0.00000"}, "Retained Earnings (Accumulated Deficit)": {"2020-12-31": "473.97400", "2019-12-31": "437.07200", "2018-12-31": "291.91900", "2017-12-31": "139.17700", "2016-12-31": "78.85000", "2015-12-31": "", "2014-12-31": ""}, "Comprehensive Income": {"2020-12-31": "31.60400", "2019-12-31": "-31.74900", "2018-12-31": "-132.19500", "2017-12-31": "-96.38300", "2016-12-31": "-88.01100", "2015-12-31": "-51.25900", "2014-12-31": ""}, "Other Share Holders Equity": {"2020-12-31": "", "2019-12-31": "", "2018-12-31": "", "2017-12-31": "", "2016-12-31": "", "2015-12-31": "2788.20000", "2014-12-31": "0.00000"}, "Share Holder Equity": {"2020-12-31": "2744.10400", "2019-12-31": "2640.25800", "2018-12-31": "2524.83900", "2017-12-31": "2532.55100", "2016-12-31": "2476.48500", "2015-12-31": "2736.94100", "2014-12-31": "0.00000"}, "Total Liabilities And Share Holders Equity": {"2020-12-31": "22662.83000", "2019-12-31": "20166.73000", "2018-12-31": "20695.68000", "2017-12-31": "20549.46000", "2016-12-31": "19661.83000", "2015-12-31": "19352.68000", "2014-12-31": "0.00000"}}, "balance sheet, quarterly": {"Cash On Hand": {"2020-12-31": "1040.94400", "2020-09-30": "816.32900", "2020-06-30": "1855.22200", "2020-03-31": "1052.83200", "2019-12-31": "694.01700", "2019-09-30": "1344.01700", "2019-06-30": "683.51500", "2019-03-31": "617.86700", "2018-12-31": "1003.63700", "2018-09-30": "699.49300", "2018-06-30": "943.80000", "2018-03-31": "692.49200", "2017-12-31": "1034.64400", "2017-09-30": "1114.36500", "2017-06-30": "1227.76500", "2017-03-31": "777.61200", "2016-12-31": "1052.05800", "2016-09-30": "1175.82000", "2016-06-30": "1332.01400", "2016-03-31": "", "2015-12-31": "", "2015-09-30": "", "2015-06-30": "", "2014-12-31": ""}, "Receivables": {"2020-12-31": "", "2020-09-30": "", "2020-06-30": "", "2020-03-31": "", "2019-12-31": "", "2019-09-30": "", "2019-06-30": "", "2019-03-31": "", "2018-12-31": "", "2018-09-30": "", "2018-06-30": "", "2018-03-31": "", "2017-12-31": "", "2017-09-30": "", "2017-06-30": "", "2017-03-31": "", "2016-12-31": "", "2016-09-30": "", "2016-06-30": "", "2016-03-31": "", "2015-12-31": "", "2015-09-30": "", "2015-06-30": "", "2014-12-31": ""}, "Inventory": {"2020-12-31": "", "2020-09-30": "", "2020-06-30": "", "2020-03-31": "", "2019-12-31": "", "2019-09-30": "", "2019-06-30": "", "2019-03-31": "", "2018-12-31": "", "2018-09-30": "", "2018-06-30": "", "2018-03-31": "", "2017-12-31": "", "2017-09-30": "", "2017-06-30": "", "2017-03-31": "", "2016-12-31": "", "2016-09-30": "", "2016-06-30": "", "2016-03-31": "", "2015-12-31": "", "2015-09-30": "", "2015-06-30": "", "2014-12-31": ""}, "Pre-Paid Expenses": {"2020-12-31": "", "2020-09-30": "", "2020-06-30": "", "2020-03-31": "", "2019-12-31": "", "2019-09-30": "", "2019-06-30": "", "2019-03-31": "", "2018-12-31": "", "2018-09-30": "", "2018-06-30": "", "2018-03-31": "", "2017-12-31": "", "2017-09-30": "", "2017-06-30": "", "2017-03-31": "", "2016-12-31": "", "2016-09-30": "", "2016-06-30": "", "2016-03-31": "", "2015-12-31": "", "2015-09-30": "", "2015-06-30": "", "2014-12-31": ""}, "Other Current Assets": {"2020-12-31": "", "2020-09-30": "", "2020-06-30": "", "2020-03-31": "", "2019-12-31": "", "2019-09-30": "", "2019-06-30": "", "2019-03-31": "", "2018-12-31": "", "2018-09-30": "", "2018-06-30": "", "2018-03-31": "", "2017-12-31": "", "2017-09-30": "", "2017-06-30": "", "2017-03-31": "", "2016-12-31": "", "2016-09-30": "", "2016-06-30": "", "2016-03-31": "", "2015-12-31": "", "2015-09-30": "", "2015-06-30": "", "2014-12-31": ""}, "Total Current Assets": {"2020-12-31": "14192.79000", "2020-09-30": "14221.10000", "2020-06-30": "15492.25000", "2020-03-31": "14318.82000", "2019-12-31": "13821.28000", "2019-09-30": "14100.71000", "2019-06-30": "13859.01000", "2019-03-31": "13723.26000", "2018-12-31": "13987.46000", "2018-09-30": "13208.11000", "2018-06-30": "13491.45000", "2018-03-31": "13065.98000", "2017-12-31": "13223.30000", "2017-09-30": "13171.48000", "2017-06-30": "13193.01000", "2017-03-31": "12462.65000", "2016-12-31": "12478.91000", "2016-09-30": "12474.46000", "2016-06-30": "12419.08000", "2016-03-31": "", "2015-12-31": "", "2015-09-30": "", "2015-06-30": "", "2014-12-31": ""}, "Property, Plant, And Equipment": {"2020-12-31": "322.40100", "2020-09-30": "321.22900", "2020-06-30": "322.91900", "2020-03-31": "321.25400", "2019-12-31": "316.88500", "2019-09-30": "315.30900", "2019-06-30": "313.20000", "2019-03-31": "310.90200", "2018-12-31": "304.99600", "2018-09-30": "286.37400", "2018-06-30": "287.74600", "2018-03-31": "288.56500", "2017-12-31": "289.21500", "2017-09-30": "289.68900", "2017-06-30": "292.95900", "2017-03-31": "295.60800", "2016-12-31": "300.78800", "2016-09-30": "302.05900", "2016-06-30": "303.71500", "2016-03-31": "", "2015-12-31": "", "2015-09-30": "", "2015-06-30": "", "2014-12-31": ""}, "Long-Term Investments": {"2020-12-31": "6071.41500", "2020-09-30": "5692.88300", "2020-06-30": "5135.77500", "2020-03-31": "4058.45700", "2019-12-31": "4075.64400", "2019-09-30": "4157.08200", "2019-06-30": "4395.47600", "2019-03-31": "4485.66000", "2018-12-31": "4498.34200", "2018-09-30": "4595.30100", "2018-06-30": "4842.55100", "2018-03-31": "5076.76600", "2017-12-31": "5234.65800", "2017-09-30": "5314.97300", "2017-06-30": "5126.86900", "2017-03-31": "5260.26200", "2016-12-31": "5077.51400", "2016-09-30": "5363.69600", "2016-06-30": "4601.26700", "2016-03-31": "", "2015-12-31": "", "2015-09-30": "", "2015-06-30": "", "2014-12-31": ""}, "Goodwill And Intangible Assets": {"2020-12-31": "1006.22300", "2020-09-30": "1006.41400", "2020-06-30": "1007.08700", "2020-03-31": "1007.47100", "2019-12-31": "1008.16000", "2019-09-30": "1009.12200", "2019-06-30": "1010.06500", "2019-03-31": "1010.89100", "2018-12-31": "1011.64700", "2018-09-30": "1012.42900", "2018-06-30": "1013.15200", "2018-03-31": "1014.15100", "2017-12-31": "1008.68800", "2017-09-30": "1009.47200", "2017-06-30": "1010.36900", "2017-03-31": "1011.29200", "2016-12-31": "1012.30100", "2016-09-30": "1013.04600", "2016-06-30": "1014.55600", "2016-03-31": "0.00000", "2015-12-31": "", "2015-09-30": "0.00000", "2015-06-30": "0.00000", "2014-12-31": "0.00000"}, "Other Long-Term Assets": {"2020-12-31": "1070.00000", "2020-09-30": "1069.07900", "2020-06-30": "1035.68400", "2020-03-31": "1049.88800", "2019-12-31": "944.76500", "2019-09-30": "1015.99300", "2019-06-30": "948.61700", "2019-03-31": "910.41900", "2018-12-31": "893.23100", "2018-09-30": "881.62000", "2018-06-30": "844.82000", "2018-03-31": "797.48100", "2017-12-31": "793.59700", "2017-09-30": "780.01610", "2017-06-30": "750.76400", "2017-03-31": "762.97600", "2016-12-31": "792.31300", "2016-09-30": "739.43500", "2016-06-30": "713.97200", "2016-03-31": "", "2015-12-31": "", "2015-09-30": "", "2015-06-30": "", "2014-12-31": ""}, "Total Long-Term Assets": {"2020-12-31": "8470.03900", "2020-09-30": "8089.60500", "2020-06-30": "7501.46500", "2020-03-31": "6437.07000", "2019-12-31": "6345.45500", "2019-09-30": "6497.50600", "2019-06-30": "6667.35800", "2019-03-31": "6717.87200", "2018-12-31": "6708.21600", "2018-09-30": "6775.72400", "2018-06-30": "6988.26900", "2018-03-31": "7176.96300", "2017-12-31": "7326.15800", "2017-09-30": "7394.15000", "2017-06-30": "7180.96100", "2017-03-31": "7330.13800", "2016-12-31": "7182.91700", "2016-09-30": "7418.23600", "2016-06-30": "6633.51000", "2016-03-31": "", "2015-12-31": "", "2015-09-30": "", "2015-06-30": "", "2014-12-31": ""}, "Total Assets": {"2020-12-31": "22662.83000", "2020-09-30": "22310.70000", "2020-06-30": "22993.71000", "2020-03-31": "20755.89000", "2019-12-31": "20166.73000", "2019-09-30": "20598.22000", "2019-06-30": "20526.37000", "2019-03-31": "20441.14000", "2018-12-31": "20695.68000", "2018-09-30": "19983.84000", "2018-06-30": "20479.72000", "2018-03-31": "20242.94000", "2017-12-31": "20549.46000", "2017-09-30": "20565.63000", "2017-06-30": "20373.97000", "2017-03-31": "19792.79000", "2016-12-31": "19661.83000", "2016-09-30": "19892.69000", "2016-06-30": "19052.59000", "2016-03-31": "0.00000", "2015-12-31": "0.00000", "2015-09-30": "0.00000", "2015-06-30": "0.00000", "2014-12-31": "0.00000"}, "Total Current Liabilities": {"2020-12-31": "19227.72000", "2020-09-30": "18897.76000", "2020-06-30": "19561.63000", "2020-03-31": "17420.00000", "2019-12-31": "16844.99000", "2019-09-30": "17257.25000", "2019-06-30": "16992.08000", "2019-03-31": "16795.24000", "2018-12-31": "17150.07000", "2018-09-30": "16719.27000", "2018-06-30": "17395.54000", "2018-03-31": "17362.42000", "2017-12-31": "17612.12000", "2017-09-30": "17595.48000", "2017-06-30": "17452.26000", "2017-03-31": "16938.18000", "2016-12-31": "16803.68000", "2016-09-30": "16974.68000", "2016-06-30": "16157.05000", "2016-03-31": "", "2015-12-31": "", "2015-09-30": "", "2015-06-30": "", "2014-12-31": ""}, "Long Term Debt": {"2020-12-31": "200.01000", "2020-09-30": "200.01000", "2020-06-30": "200.01900", "2020-03-31": "200.01900", "2019-12-31": "200.01900", "2019-09-30": "200.01800", "2019-06-30": "400.02800", "2019-03-31": "600.02800", "2018-12-31": "600.02600", "2018-09-30": "400.02600", "2018-06-30": "200.03400", "2018-03-31": "0.03400", "2017-12-31": "0.03400", "2017-09-30": "0.03400", "2017-06-30": "0.04100", "2017-03-31": "0.04100", "2016-12-31": "0.04100", "2016-09-30": "0.04100", "2016-06-30": "0.04800", "2016-03-31": "", "2015-12-31": "", "2015-09-30": "", "2015-06-30": "", "2014-12-31": ""}, "Other Non-Current Liabilities": {"2020-12-31": "347.62100", "2020-09-30": "340.18900", "2020-06-30": "391.54100", "2020-03-31": "332.78900", "2019-12-31": "343.24100", "2019-09-30": "357.95600", "2019-06-30": "346.21000", "2019-03-31": "304.81700", "2018-12-31": "292.83600", "2018-09-30": "305.55400", "2018-06-30": "289.83300", "2018-03-31": "224.94000", "2017-12-31": "270.53600", "2017-09-30": "253.16000", "2017-06-30": "234.66900", "2017-03-31": "214.75300", "2016-12-31": "248.71600", "2016-09-30": "254.44400", "2016-06-30": "256.50000", "2016-03-31": "", "2015-12-31": "", "2015-09-30": "", "2015-06-30": "", "2014-12-31": ""}, "Total Long Term Liabilities": {"2020-12-31": "547.63100", "2020-09-30": "540.19900", "2020-06-30": "591.56000", "2020-03-31": "532.80800", "2019-12-31": "543.26000", "2019-09-30": "557.97400", "2019-06-30": "746.23800", "2019-03-31": "904.84500", "2018-12-31": "892.86200", "2018-09-30": "705.58000", "2018-06-30": "489.86700", "2018-03-31": "224.97400", "2017-12-31": "270.57000", "2017-09-30": "253.19400", "2017-06-30": "234.71000", "2017-03-31": "214.79400", "2016-12-31": "248.75700", "2016-09-30": "254.48500", "2016-06-30": "256.54800", "2016-03-31": "", "2015-12-31": "", "2015-09-30": "", "2015-06-30": "", "2014-12-31": ""}, "Total Liabilities": {"2020-12-31": "19918.73000", "2020-09-30": "19576.77000", "2020-06-30": "20291.82000", "2020-03-31": "18091.21000", "2019-12-31": "17526.48000", "2019-09-30": "17943.66000", "2019-06-30": "17866.93000", "2019-03-31": "17827.93000", "2018-12-31": "18170.84000", "2018-09-30": "17560.38000", "2018-06-30": "18020.54000", "2018-03-31": "17722.08000", "2017-12-31": "18016.91000", "2017-09-30": "17983.77000", "2017-06-30": "17821.37000", "2017-03-31": "17286.79000", "2016-12-31": "17185.34000", "2016-09-30": "17368.73000", "2016-06-30": "16551.59000", "2016-03-31": "0.00000", "2015-12-31": "", "2015-09-30": "0.00000", "2015-06-30": "0.00000", "2014-12-31": "0.00000"}, "Common Stock Net": {"2020-12-31": "1.40200", "2020-09-30": "1.40200", "2020-06-30": "1.40100", "2020-03-31": "1.40100", "2019-12-31": "1.39900", "2019-09-30": "1.39900", "2019-06-30": "1.39900", "2019-03-31": "1.39900", "2018-12-31": "1.39700", "2018-09-30": "1.39700", "2018-06-30": "1.39600", "2018-03-31": "1.39600", "2017-12-31": "1.39600", "2017-09-30": "1.39600", "2017-06-30": "1.39500", "2017-03-31": "1.39500", "2016-12-31": "1.39500", "2016-09-30": "1.39500", "2016-06-30": "1.39500", "2016-03-31": "0.00000", "2015-12-31": "", "2015-09-30": "0.00000", "2015-06-30": "0.00000", "2014-12-31": "0.00000"}, "Retained Earnings (Accumulated Deficit)": {"2020-12-31": "473.97400", "2020-09-30": "446.31500", "2020-06-30": "415.29600", "2020-03-31": "429.32300", "2019-12-31": "437.07200", "2019-09-30": "403.31700", "2019-06-30": "363.74800", "2019-03-31": "326.45100", "2018-12-31": "291.91900", "2018-09-30": "264.46300", "2018-06-30": "229.61500", "2018-03-31": "193.52200", "2017-12-31": "139.17700", "2017-09-30": "158.30300", "2017-06-30": "130.76700", "2017-03-31": "104.69500", "2016-12-31": "78.85000", "2016-09-30": "50.20400", "2016-06-30": "24.86000", "2016-03-31": "", "2015-12-31": "", "2015-09-30": "", "2015-06-30": "", "2014-12-31": ""}, "Comprehensive Income": {"2020-12-31": "31.60400", "2020-09-30": "51.25400", "2020-06-30": "52.73100", "2020-03-31": "4.12900", "2019-12-31": "-31.74900", "2019-09-30": "-18.77400", "2019-06-30": "-31.98400", "2019-03-31": "-78.75400", "2018-12-31": "-132.19500", "2018-09-30": "-204.69900", "2018-06-30": "-182.41000", "2018-03-31": "-164.68400", "2017-12-31": "-96.38300", "2017-09-30": "-67.11400", "2017-06-30": "-67.65100", "2017-03-31": "-86.69200", "2016-12-31": "-88.01100", "2016-09-30": "-10.31500", "2016-06-30": "-5.22700", "2016-03-31": "", "2015-12-31": "", "2015-09-30": "", "2015-06-30": "", "2014-12-31": ""}, "Other Share Holders Equity": {"2020-12-31": "", "2020-09-30": "", "2020-06-30": "", "2020-03-31": "", "2019-12-31": "", "2019-09-30": "", "2019-06-30": "", "2019-03-31": "", "2018-12-31": "", "2018-09-30": "", "2018-06-30": "", "2018-03-31": "", "2017-12-31": "", "2017-09-30": "", "2017-06-30": "", "2017-03-31": "", "2016-12-31": "", "2016-09-30": "", "2016-06-30": "", "2016-03-31": "0.00000", "2015-12-31": "", "2015-09-30": "0.00000", "2015-06-30": "0.00000", "2014-12-31": "0.00000"}, "Share Holder Equity": {"2020-12-31": "2744.10400", "2020-09-30": "2733.93400", "2020-06-30": "2701.89700", "2020-03-31": "2664.68500", "2019-12-31": "2640.25800", "2019-09-30": "2654.55800", "2019-06-30": "2659.44100", "2019-03-31": "2613.20200", "2018-12-31": "2524.83900", "2018-09-30": "2423.46200", "2018-06-30": "2459.17500", "2018-03-31": "2520.86200", "2017-12-31": "2532.55100", "2017-09-30": "2581.85800", "2017-06-30": "2552.60200", "2017-03-31": "2505.99400", "2016-12-31": "2476.48500", "2016-09-30": "2523.96300", "2016-06-30": "2501.00800", "2016-03-31": "0.00000", "2015-12-31": "", "2015-09-30": "0.00000", "2015-06-30": "0.00000", "2014-12-31": "0.00000"}, "Total Liabilities And Share Holders Equity": {"2020-12-31": "22662.83000", "2020-09-30": "22310.70000", "2020-06-30": "22993.71000", "2020-03-31": "20755.89000", "2019-12-31": "20166.73000", "2019-09-30": "20598.22000", "2019-06-30": "20526.37000", "2019-03-31": "20441.14000", "2018-12-31": "20695.68000", "2018-09-30": "19983.84000", "2018-06-30": "20479.72000", "2018-03-31": "20242.94000", "2017-12-31": "20549.46000", "2017-09-30": "20565.63000", "2017-06-30": "20373.97000", "2017-03-31": "19792.79000", "2016-12-31": "19661.83000", "2016-09-30": "19892.69000", "2016-06-30": "19052.59000", "2016-03-31": "0.00000", "2015-12-31": "", "2015-09-30": "0.00000", "2015-06-30": "0.00000", "2014-12-31": "0.00000"}}, "cash flow statement": {"Net Income/Loss": {"2020-12-31": "0.00000", "2019-12-31": "284.39200", "2018-12-31": "264.39400", "2017-12-31": "183.68200", "2016-12-31": "230.17800", "2015-12-31": "213.78000", "2014-12-31": "216.67200"}, "Total Depreciation And Amortization - Cash Flow": {"2020-12-31": "", "2019-12-31": "67.82400", "2018-12-31": "54.90300", "2017-12-31": "62.01900", "2016-12-31": "52.17600", "2015-12-31": "25.67500", "2014-12-31": "25.91700"}, "Other Non-Cash Items": {"2020-12-31": "", "2019-12-31": "41.42000", "2018-12-31": "47.78600", "2017-12-31": "75.57600", "2016-12-31": "-10.90300", "2015-12-31": "-20.52200", "2014-12-31": "-20.30800"}, "Total Non-Cash Items": {"2020-12-31": "", "2019-12-31": "109.24400", "2018-12-31": "102.68900", "2017-12-31": "137.59500", "2016-12-31": "41.27300", "2015-12-31": "5.15300", "2014-12-31": "5.60900"}, "Change In Accounts Receivable": {"2020-12-31": "", "2019-12-31": "0.09400", "2018-12-31": "-0.43900", "2017-12-31": "-0.01600", "2016-12-31": "", "2015-12-31": "3.08400", "2014-12-31": "-3.67800"}, "Change In Inventories": {"2020-12-31": "", "2019-12-31": "", "2018-12-31": "", "2017-12-31": "", "2016-12-31": "", "2015-12-31": "", "2014-12-31": ""}, "Change In Accounts Payable": {"2020-12-31": "", "2019-12-31": "", "2018-12-31": "", "2017-12-31": "", "2016-12-31": "", "2015-12-31": "", "2014-12-31": ""}, "Change In Assets/Liabilities": {"2020-12-31": "", "2019-12-31": "-97.22600", "2018-12-31": "-15.23100", "2017-12-31": "-51.48700", "2016-12-31": "-51.35800", "2015-12-31": "-79.41400", "2014-12-31": "28.14800"}, "Total Change In Assets/Liabilities": {"2020-12-31": "", "2019-12-31": "-97.13200", "2018-12-31": "-15.67000", "2017-12-31": "-51.50300", "2016-12-31": "-51.35800", "2015-12-31": "-76.33000", "2014-12-31": "24.47000"}, "Cash Flow From Operating Activities": {"2020-12-31": "", "2019-12-31": "296.50400", "2018-12-31": "351.41300", "2017-12-31": "269.77400", "2016-12-31": "220.09300", "2015-12-31": "142.60300", "2014-12-31": "246.75100"}, "Net Change In Property, Plant, And Equipment": {"2020-12-31": "", "2019-12-31": "-28.59300", "2018-12-31": "-35.09700", "2017-12-31": "-1.00000", "2016-12-31": "-14.43900", "2015-12-31": "-8.28500", "2014-12-31": "-17.39300"}, "Net Change In Intangible Assets": {"2020-12-31": "", "2019-12-31": "", "2018-12-31": "", "2017-12-31": "", "2016-12-31": "", "2015-12-31": "", "2014-12-31": ""}, "Net Acquisitions/Divestitures": {"2020-12-31": "", "2019-12-31": "", "2018-12-31": "", "2017-12-31": "", "2016-12-31": "", "2015-12-31": "", "2014-12-31": ""}, "Net Change In Short-term Investments": {"2020-12-31": "", "2019-12-31": "", "2018-12-31": "", "2017-12-31": "", "2016-12-31": "", "2015-12-31": "", "2014-12-31": ""}, "Net Change In Long-Term Investments": {"2020-12-31": "", "2019-12-31": "520.86210", "2018-12-31": "621.16700", "2017-12-31": "-204.68700", "2016-12-31": "-1091.01500", "2015-12-31": "956.25100", "2014-12-31": "-1026.01400"}, "Net Change In Investments - Total": {"2020-12-31": "", "2019-12-31": "520.86210", "2018-12-31": "621.16700", "2017-12-31": "-204.68700", "2016-12-31": "-1091.01500", "2015-12-31": "956.25100", "2014-12-31": "-1026.01400"}, "Investing Activities - Other": {"2020-12-31": "", "2019-12-31": "-117.05700", "2018-12-31": "-843.87900", "2017-12-31": "-765.39400", "2016-12-31": "-791.23100", "2015-12-31": "-704.13400", "2014-12-31": "-498.74200"}, "Cash Flow From Investing Activities": {"2020-12-31": "", "2019-12-31": "375.21200", "2018-12-31": "-257.80900", "2017-12-31": "-971.08100", "2016-12-31": "-1896.68500", "2015-12-31": "243.83200", "2014-12-31": "-1542.14900"}, "Net Long-Term Debt": {"2020-12-31": "", "2019-12-31": "-0.01000", "2018-12-31": "599.99000", "2017-12-31": "-0.01000", "2016-12-31": "-0.01000", "2015-12-31": "-0.01000", "2014-12-31": "-0.00600"}, "Net Current Debt": {"2020-12-31": "", "2019-12-31": "", "2018-12-31": "", "2017-12-31": "-9.15100", "2016-12-31": "-207.00000", "2015-12-31": "-170.00000", "2014-12-31": "-207.05600"}, "Debt Issuance/Retirement Net - Total": {"2020-12-31": "", "2019-12-31": "-0.01000", "2018-12-31": "599.99000", "2017-12-31": "-9.16100", "2016-12-31": "-207.01000", "2015-12-31": "-170.01000", "2014-12-31": "-207.06200"}, "Net Common Equity Issued/Repurchased": {"2020-12-31": "", "2019-12-31": "-136.24200", "2018-12-31": "-131.45800", "2017-12-31": "0.52800", "2016-12-31": "", "2015-12-31": "", "2014-12-31": ""}, "Net Total Equity Issued/Repurchased": {"2020-12-31": "", "2019-12-31": "-136.24200", "2018-12-31": "-131.45800", "2017-12-31": "0.52800", "2016-12-31": "", "2015-12-31": "", "2014-12-31": ""}, "Total Common And Preferred Stock Dividends Paid": {"2020-12-31": "", "2019-12-31": "-138.24600", "2018-12-31": "-131.03600", "2017-12-31": "-122.81000", "2016-12-31": "-85.79700", "2015-12-31": "", "2014-12-31": ""}, "Financial Activities - Other": {"2020-12-31": "", "2019-12-31": "-706.83800", "2018-12-31": "-462.10700", "2017-12-31": "815.33600", "2016-12-31": "371.26200", "2015-12-31": "1172.31700", "2014-12-31": "954.50600"}, "Cash Flow From Financial Activities": {"2020-12-31": "", "2019-12-31": "-981.33600", "2018-12-31": "-124.61100", "2017-12-31": "683.89300", "2016-12-31": "78.45500", "2015-12-31": "1002.30700", "2014-12-31": "747.44400"}, "Net Cash Flow": {"2020-12-31": "", "2019-12-31": "-309.62000", "2018-12-31": "-31.00700", "2017-12-31": "-17.41400", "2016-12-31": "-1598.13700", "2015-12-31": "1388.74200", "2014-12-31": "-547.95400"}, "Stock-Based Compensation": {"2020-12-31": "", "2019-12-31": "7.82600", "2018-12-31": "6.18500", "2017-12-31": "5.29200", "2016-12-31": "4.50700", "2015-12-31": "0.00000", "2014-12-31": ""}, "Common Stock Dividends Paid": {"2020-12-31": "", "2019-12-31": "-138.24600", "2018-12-31": "-131.03600", "2017-12-31": "-122.81000", "2016-12-31": "-85.79700", "2015-12-31": "0.00000", "2014-12-31": ""}}, "cash flow statement, quarterly": {"Net Income/Loss": {"2020-12-31": -124.015, "2020-09-30": 65.101, "2020-06-30": 20.049, "2020-03-31": "38.86500", "2019-12-31": 67.836, "2019-09-30": 74.199, "2019-06-30": 72.433, "2019-03-31": "69.92400", "2018-12-31": 59.995, "2018-09-30": 67.388, "2018-06-30": 69.053, "2018-03-31": "67.95800", "2017-12-31": 11.684, "2017-09-30": 58.363, "2017-06-30": 56.895, "2017-03-31": "56.74000", "2016-12-31": 56.552, "2016-09-30": 53.235, "2016-06-30": 54.86, "2016-03-31": "65.53100", "2015-12-31": 50.211, "2015-09-30": 54.889, "2015-06-30": -107.99, "2014-12-31": 216.67}, "Total Depreciation And Amortization - Cash Flow": {"2020-12-31": -49.598, "2020-09-30": 15.54, "2020-06-30": 16.937, "2020-03-31": "17.12100", "2019-12-31": 17.848, "2019-09-30": 17.017, "2019-06-30": 18.371, "2019-03-31": "14.58800", "2018-12-31": 13.01, "2018-09-30": 14.336, "2018-06-30": 14.337, "2018-03-31": "13.22000", "2017-12-31": 15.746, "2017-09-30": 16.053, "2017-06-30": 15.857, "2017-03-31": "14.36300", "2016-12-31": 12.39, "2016-09-30": 15.291, "2016-06-30": 18.932, "2016-03-31": "5.56300", "2015-12-31": -7.441, "2015-09-30": 17.854, "2015-06-30": -10.653, "2014-12-31": 25.91}, "Other Non-Cash Items": {"2020-12-31": -98.944, "2020-09-30": 10.395, "2020-06-30": 38.023, "2020-03-31": "50.52600", "2019-12-31": 5.429, "2019-09-30": 4.582, "2019-06-30": 5.087, "2019-03-31": "26.32200", "2018-12-31": 25.161, "2018-09-30": 3.001, "2018-06-30": 4.428, "2018-03-31": "15.19600", "2017-12-31": 67.153, "2017-09-30": -7.763, "2017-06-30": 3.402, "2017-03-31": "12.78400", "2016-12-31": 8.261, "2016-09-30": -2.67, "2016-06-30": -7.255, "2016-03-31": "-9.23900", "2015-12-31": 25.322, "2015-09-30": -8.194, "2015-06-30": -17.128, "2014-12-31": 0}, "Total Non-Cash Items": {"2020-12-31": -148.542, "2020-09-30": 25.935, "2020-06-30": 54.96, "2020-03-31": "67.64700", "2019-12-31": 23.277, "2019-09-30": 21.599, "2019-06-30": 23.458, "2019-03-31": "40.91000", "2018-12-31": 38.171, "2018-09-30": 17.337, "2018-06-30": 18.765, "2018-03-31": "28.41600", "2017-12-31": 82.899, "2017-09-30": 8.29, "2017-06-30": 19.259, "2017-03-31": "27.14700", "2016-12-31": 20.651, "2016-09-30": 12.621, "2016-06-30": 11.677, "2016-03-31": "-3.67600", "2015-12-31": 17.881, "2015-09-30": 9.66, "2015-06-30": -27.781, "2014-12-31": 25.91}, "Change In Accounts Receivable": {"2020-12-31": 20.348, "2020-09-30": -13.406, "2020-06-30": 1.144, "2020-03-31": "-8.08600", "2019-12-31": 0.042, "2019-09-30": -0.165, "2019-06-30": -0.215, "2019-03-31": "0.43200", "2018-12-31": -0.433, "2018-09-30": 2.037, "2018-06-30": -1.646, "2018-03-31": "-0.39700", "2017-12-31": -0.016, "2017-09-30": 0.013, "2017-06-30": -0.013, "2017-03-31": "", "2016-12-31": 0, "2016-09-30": 0, "2016-06-30": 0, "2016-03-31": "", "2015-12-31": 0.611, "2015-09-30": 3.55, "2015-06-30": -4.161, "2014-12-31": 0}, "Change In Inventories": {"2020-12-31": 0, "2020-09-30": 0, "2020-06-30": 0, "2020-03-31": "", "2019-12-31": 0, "2019-09-30": 0, "2019-06-30": 0, "2019-03-31": "", "2018-12-31": 0, "2018-09-30": 0, "2018-06-30": 0, "2018-03-31": "", "2017-12-31": 0, "2017-09-30": 0, "2017-06-30": 0, "2017-03-31": "", "2016-12-31": 0, "2016-09-30": 0, "2016-06-30": 0, "2016-03-31": "", "2015-12-31": 0, "2015-09-30": 0, "2015-06-30": 0, "2014-12-31": 0}, "Change In Accounts Payable": {"2020-12-31": 0, "2020-09-30": 0, "2020-06-30": 0, "2020-03-31": "", "2019-12-31": 0, "2019-09-30": 0, "2019-06-30": 0, "2019-03-31": "", "2018-12-31": 0, "2018-09-30": 0, "2018-06-30": 0, "2018-03-31": "", "2017-12-31": 0, "2017-09-30": 0, "2017-06-30": 0, "2017-03-31": "", "2016-12-31": 0, "2016-09-30": 0, "2016-06-30": 0, "2016-03-31": "", "2015-12-31": 0, "2015-09-30": 0, "2015-06-30": 0, "2014-12-31": 0}, "Change In Assets/Liabilities": {"2020-12-31": 151.272, "2020-09-30": -85.246, "2020-06-30": 84.249, "2020-03-31": "-150.27500", "2019-12-31": 34.282, "2019-09-30": -68.809, "2019-06-30": -14.837, "2019-03-31": "-47.86200", "2018-12-31": -11.831, "2018-09-30": -1.297, "2018-06-30": 40.657, "2018-03-31": "-42.76000", "2017-12-31": -39.295, "2017-09-30": -11.06, "2017-06-30": 17.732, "2017-03-31": "-18.86400", "2016-12-31": -36.348, "2016-09-30": -26.456, "2016-06-30": 21.143, "2016-03-31": "-9.69700", "2015-12-31": 15.761, "2015-09-30": 67.015, "2015-06-30": -82.776, "2014-12-31": 0}, "Total Change In Assets/Liabilities": {"2020-12-31": 171.62, "2020-09-30": -98.652, "2020-06-30": 85.393, "2020-03-31": "-158.36100", "2019-12-31": 34.324, "2019-09-30": -68.974, "2019-06-30": -15.052, "2019-03-31": "-47.43000", "2018-12-31": -12.264, "2018-09-30": 0.74, "2018-06-30": 39.011, "2018-03-31": "-43.15700", "2017-12-31": -39.311, "2017-09-30": -11.047, "2017-06-30": 17.719, "2017-03-31": "-18.86400", "2016-12-31": -36.348, "2016-09-30": -26.456, "2016-06-30": 21.143, "2016-03-31": "-9.69700", "2015-12-31": -59.958, "2015-09-30": 70.565, "2015-06-30": -111.407, "2014-12-31": 24.47}, "Cash Flow From Operating Activities": {"2020-12-31": -100.937, "2020-09-30": -7.616, "2020-06-30": 160.402, "2020-03-31": "-51.84900", "2019-12-31": 125.437, "2019-09-30": 26.824, "2019-06-30": 80.839, "2019-03-31": "63.40400", "2018-12-31": 85.902, "2018-09-30": 85.465, "2018-06-30": 126.829, "2018-03-31": "53.21700", "2017-12-31": 55.272, "2017-09-30": 55.606, "2017-06-30": 93.873, "2017-03-31": "65.02300", "2016-12-31": 40.855, "2016-09-30": 39.4, "2016-06-30": 87.68, "2016-03-31": "52.15800", "2015-12-31": -12.386, "2015-09-30": 135.114, "2015-06-30": -226.878, "2014-12-31": 246.75}, "Net Change In Property, Plant, And Equipment": {"2020-12-31": 26.93, "2020-09-30": -6.6, "2020-06-30": -5.856, "2020-03-31": "-14.47400", "2019-12-31": -6.982, "2019-09-30": -6.101, "2019-06-30": -6.592, "2019-03-31": "-8.91800", "2018-12-31": -21.934, "2018-09-30": -3.743, "2018-06-30": -6.306, "2018-03-31": "-3.11400", "2017-12-31": 0.472, "2017-09-30": 1.885, "2017-06-30": -2.97, "2017-03-31": "-0.38700", "2016-12-31": -3.73, "2016-09-30": -2.361, "2016-06-30": -4.281, "2016-03-31": "-4.06700", "2015-12-31": -0.547, "2015-09-30": -2.742, "2015-06-30": 12.399, "2014-12-31": -17.39}, "Net Change In Intangible Assets": {"2020-12-31": 0, "2020-09-30": 0, "2020-06-30": 0, "2020-03-31": "", "2019-12-31": 0, "2019-09-30": 0, "2019-06-30": 0, "2019-03-31": "", "2018-12-31": 0, "2018-09-30": 0, "2018-06-30": 0, "2018-03-31": "", "2017-12-31": 0, "2017-09-30": 0, "2017-06-30": 0, "2017-03-31": "", "2016-12-31": 0, "2016-09-30": 0, "2016-06-30": 0, "2016-03-31": "", "2015-12-31": 0, "2015-09-30": 0, "2015-06-30": 0, "2014-12-31": 0}, "Net Acquisitions/Divestitures": {"2020-12-31": 0, "2020-09-30": 0, "2020-06-30": 0, "2020-03-31": "", "2019-12-31": 0, "2019-09-30": 0, "2019-06-30": 0, "2019-03-31": "", "2018-12-31": 0, "2018-09-30": 0, "2018-06-30": 0, "2018-03-31": "", "2017-12-31": 0, "2017-09-30": 0, "2017-06-30": 0, "2017-03-31": "", "2016-12-31": 0, "2016-09-30": 0, "2016-06-30": 0, "2016-03-31": "", "2015-12-31": 0, "2015-09-30": 0, "2015-06-30": 0, "2014-12-31": 0}, "Net Change In Short-term Investments": {"2020-12-31": 0, "2020-09-30": 0, "2020-06-30": 0, "2020-03-31": "", "2019-12-31": 0, "2019-09-30": 0, "2019-06-30": 0, "2019-03-31": "", "2018-12-31": 0, "2018-09-30": 0, "2018-06-30": 0, "2018-03-31": "", "2017-12-31": 0, "2017-09-30": 0, "2017-06-30": 0, "2017-03-31": "", "2016-12-31": 0, "2016-09-30": 0, "2016-06-30": 0, "2016-03-31": "", "2015-12-31": 0, "2015-09-30": 0, "2015-06-30": 0, "2014-12-31": 0}, "Net Change In Long-Term Investments": {"2020-12-31": 1542.055, "2020-09-30": -579.38, "2020-06-30": -1027.566, "2020-03-31": "64.89100", "2019-12-31": 50.8551, "2019-09-30": 248.7781, "2019-06-30": 142.9759, "2019-03-31": "78.25300", "2018-12-31": 155.423, "2018-09-30": 197.493, "2018-06-30": 188.124, "2018-03-31": "80.12700", "2017-12-31": 12.674, "2017-09-30": -193.446, "2017-06-30": 158.532, "2017-03-31": "-182.44700", "2016-12-31": 156.414, "2016-09-30": -778.158, "2016-06-30": -724.862, "2016-03-31": "255.59100", "2015-12-31": -328.5122, "2015-09-30": 227.8911, "2015-06-30": 100.6211, "2014-12-31": 0}, "Net Change In Investments - Total": {"2020-12-31": 1542.055, "2020-09-30": -579.38, "2020-06-30": -1027.566, "2020-03-31": "64.89100", "2019-12-31": 50.8551, "2019-09-30": 248.7781, "2019-06-30": 142.9759, "2019-03-31": "78.25300", "2018-12-31": 155.423, "2018-09-30": 197.493, "2018-06-30": 188.124, "2018-03-31": "80.12700", "2017-12-31": 12.674, "2017-09-30": -193.446, "2017-06-30": 158.532, "2017-03-31": "-182.44700", "2016-12-31": 156.414, "2016-09-30": -778.158, "2016-06-30": -724.862, "2016-03-31": "255.59100", "2015-12-31": 627.7378, "2015-09-30": 227.8911, "2015-06-30": 1126.6311, "2014-12-31": -1026.01}, "Investing Activities - Other": {"2020-12-31": 354.332, "2020-09-30": 252.443, "2020-06-30": -432.3, "2020-03-31": "-174.47500", "2019-12-31": -335.771, "2019-09-30": 419.291, "2019-06-30": -73.488, "2019-03-31": "-127.08900", "2018-12-31": -513.619, "2018-09-30": 35.123, "2018-06-30": -175.863, "2018-03-31": "-189.52000", "2017-12-31": -131.935, "2017-09-30": -89.835, "2017-06-30": -282.666, "2017-03-31": "-260.95800", "2016-12-31": -120.824, "2016-09-30": -204.651, "2016-06-30": -226.78, "2016-03-31": "-238.97600", "2015-12-31": -269.547, "2015-09-30": -187.447, "2015-06-30": 251.604, "2014-12-31": -498.74}, "Cash Flow From Investing Activities": {"2020-12-31": 1923.317, "2020-09-30": -333.537, "2020-06-30": -1465.722, "2020-03-31": "-124.05800", "2019-12-31": -291.898, "2019-09-30": 661.968, "2019-06-30": 62.896, "2019-03-31": "-57.75400", "2018-12-31": -380.13, "2018-09-30": 228.873, "2018-06-30": 5.955, "2018-03-31": "-112.50700", "2017-12-31": -118.789, "2017-09-30": -281.396, "2017-06-30": -127.104, "2017-03-31": "-443.79200", "2016-12-31": 31.86, "2016-09-30": -985.17, "2016-06-30": -955.923, "2016-03-31": "12.54800", "2015-12-31": 357.634, "2015-09-30": 37.702, "2015-06-30": 1390.634, "2014-12-31": -1542.14}, "Net Long-Term Debt": {"2020-12-31": 0.009, "2020-09-30": -0.009, "2020-06-30": 0, "2020-03-31": "", "2019-12-31": 0, "2019-09-30": -0.01, "2019-06-30": 0, "2019-03-31": "", "2018-12-31": 200, "2018-09-30": 199.99, "2018-06-30": 200, "2018-03-31": "", "2017-12-31": 0, "2017-09-30": -0.01, "2017-06-30": 0, "2017-03-31": "", "2016-12-31": 0, "2016-09-30": -0.01, "2016-06-30": 0, "2016-03-31": "", "2015-12-31": 0.01, "2015-09-30": -0.01, "2015-06-30": 0, "2014-12-31": 0}, "Net Current Debt": {"2020-12-31": 400, "2020-09-30": -200, "2020-06-30": -200, "2020-03-31": "", "2019-12-31": 0, "2019-09-30": 0, "2019-06-30": 0, "2019-03-31": "", "2018-12-31": -30, "2018-09-30": 30, "2018-06-30": 0, "2018-03-31": "", "2017-12-31": 0, "2017-09-30": 0, "2017-06-30": 0, "2017-03-31": "-9.15100", "2016-12-31": 0, "2016-09-30": -25.8, "2016-06-30": -180.5, "2016-03-31": "-0.70000", "2015-12-31": -88, "2015-09-30": -140.299, "2015-06-30": 265.349, "2014-12-31": -207.05}, "Debt Issuance/Retirement Net - Total": {"2020-12-31": 400.009, "2020-09-30": -200.009, "2020-06-30": -200, "2020-03-31": "", "2019-12-31": 0, "2019-09-30": -0.01, "2019-06-30": 0, "2019-03-31": "", "2018-12-31": 170, "2018-09-30": 229.99, "2018-06-30": 200, "2018-03-31": "", "2017-12-31": 0, "2017-09-30": -0.01, "2017-06-30": 0, "2017-03-31": "-9.15100", "2016-12-31": 0, "2016-09-30": -25.81, "2016-06-30": -180.5, "2016-03-31": "-0.70000", "2015-12-31": 82, "2015-09-30": -140.309, "2015-06-30": 58.305, "2014-12-31": -0.006}, "Net Common Equity Issued/Repurchased": {"2020-12-31": 5, "2020-09-30": 0, "2020-06-30": 0, "2020-03-31": "-5.00000", "2019-12-31": -37.433, "2019-09-30": -58.809, "2019-06-30": -40, "2019-03-31": "", "2018-12-31": 0, "2018-09-30": -50, "2018-06-30": -81.8, "2018-03-31": "0.34200", "2017-12-31": 0, "2017-09-30": 0, "2017-06-30": 0, "2017-03-31": "0.52800", "2016-12-31": 0, "2016-09-30": 0, "2016-06-30": 0, "2016-03-31": "", "2015-12-31": 0, "2015-09-30": 0, "2015-06-30": 0, "2014-12-31": 0}, "Net Total Equity Issued/Repurchased": {"2020-12-31": 5, "2020-09-30": 0, "2020-06-30": 0, "2020-03-31": "-5.00000", "2019-12-31": -37.433, "2019-09-30": -58.809, "2019-06-30": -40, "2019-03-31": "", "2018-12-31": 0, "2018-09-30": -50, "2018-06-30": -81.8, "2018-03-31": "0.34200", "2017-12-31": 0, "2017-09-30": 0, "2017-06-30": 0, "2017-03-31": "0.52800", "2016-12-31": 0, "2016-09-30": 0, "2016-06-30": 0, "2016-03-31": "", "2015-12-31": 0, "2015-09-30": 0, "2015-06-30": 0, "2014-12-31": 0}, "Total Common And Preferred Stock Dividends Paid": {"2020-12-31": 101.322, "2020-09-30": -33.775, "2020-06-30": -33.765, "2020-03-31": "-33.78200", "2019-12-31": -33.854, "2019-09-30": -34.408, "2019-06-30": -34.917, "2019-03-31": "-35.06700", "2018-12-31": -32.37, "2018-09-30": -32.37, "2018-06-30": -32.792, "2018-03-31": "-33.50400", "2017-12-31": -30.709, "2017-09-30": -30.701, "2017-06-30": -30.7, "2017-03-31": "-30.70000", "2016-12-31": -27.906, "2016-09-30": -27.891, "2016-06-30": -30, "2016-03-31": "", "2015-12-31": 0, "2015-09-30": 0, "2015-06-30": 0, "2014-12-31": 0}, "Financial Activities - Other": {"2020-12-31": -2451.023, "2020-09-30": -463.956, "2020-06-30": 2341.475, "2020-03-31": "573.50400", "2019-12-31": -412.252, "2019-09-30": 64.937, "2019-06-30": -3.17, "2019-03-31": "-356.35300", "2018-12-31": 460.742, "2018-09-30": -706.265, "2018-06-30": 33.116, "2018-03-31": "-249.70000", "2017-12-31": 14.505, "2017-09-30": 143.101, "2017-06-30": 514.084, "2017-03-31": "143.64600", "2016-12-31": -168.571, "2016-09-30": 843.277, "2016-06-30": 61.699, "2016-03-31": "-365.14300", "2015-12-31": 527.81, "2015-09-30": 235.302, "2015-06-30": -545.302, "2014-12-31": 954.5}, "Cash Flow From Financial Activities": {"2020-12-31": -1944.692, "2020-09-30": -697.74, "2020-06-30": 2107.71, "2020-03-31": "534.72200", "2019-12-31": -483.539, "2019-09-30": -28.29, "2019-06-30": -78.087, "2019-03-31": "-391.42000", "2018-12-31": 598.372, "2018-09-30": -558.645, "2018-06-30": 118.524, "2018-03-31": "-282.86200", "2017-12-31": -16.204, "2017-09-30": 112.39, "2017-06-30": 483.384, "2017-03-31": "104.32300", "2016-12-31": -196.477, "2016-09-30": 789.576, "2016-06-30": -148.801, "2016-03-31": "-365.84300", "2015-12-31": 439.81, "2015-09-30": 94.993, "2015-06-30": -279.943, "2014-12-31": 747.44}, "Net Cash Flow": {"2020-12-31": -122.312, "2020-09-30": -1038.893, "2020-06-30": 802.39, "2020-03-31": "358.81500", "2019-12-31": -650, "2019-09-30": 660.502, "2019-06-30": 65.648, "2019-03-31": "-385.77000", "2018-12-31": 304.144, "2018-09-30": -244.307, "2018-06-30": 251.308, "2018-03-31": "-342.15200", "2017-12-31": -79.721, "2017-09-30": -113.4, "2017-06-30": 450.153, "2017-03-31": "-274.44600", "2016-12-31": -123.762, "2016-09-30": -156.194, "2016-06-30": -1017.044, "2016-03-31": "-301.13700", "2015-12-31": 785.068, "2015-09-30": 267.809, "2015-06-30": 883.813, "2014-12-31": -547.95}, "Stock-Based Compensation": {"2020-12-31": -8.175, "2020-09-30": 2.579, "2020-06-30": 2.794, "2020-03-31": "2.80200", "2019-12-31": 3.119, "2019-09-30": 1.156, "2019-06-30": 1.957, "2019-03-31": "1.59400", "2018-12-31": 1.301, "2018-09-30": 1.558, "2018-06-30": 1.578, "2018-03-31": "1.74800", "2017-12-31": 1.121, "2017-09-30": 1.177, "2017-06-30": 1.372, "2017-03-31": "1.62200", "2016-12-31": 2.448, "2016-09-30": 2.059, "2016-06-30": 0, "2016-03-31": "", "2015-12-31": 0, "2015-09-30": 0, "2015-06-30": 0, "2014-12-31": 0}, "Common Stock Dividends Paid": {"2020-12-31": 101.322, "2020-09-30": -33.775, "2020-06-30": -33.765, "2020-03-31": "-33.78200", "2019-12-31": -33.854, "2019-09-30": -34.408, "2019-06-30": -34.917, "2019-03-31": "-35.06700", "2018-12-31": -32.37, "2018-09-30": -32.37, "2018-06-30": -32.792, "2018-03-31": "-33.50400", "2017-12-31": -30.709, "2017-09-30": -30.701, "2017-06-30": -30.7, "2017-03-31": "-30.70000", "2016-12-31": -27.906, "2016-09-30": -27.891, "2016-06-30": -30, "2016-03-31": "0.00000", "2015-12-31": 0, "2015-09-30": 0, "2015-06-30": 0, "2014-12-31": 0}}, "financial ratios": {"Current Ratio": {"2019-12-31": "", "2018-12-31": "", "2017-12-31": "", "2016-12-31": "", "2015-12-31": "", "2014-12-31": ""}, "Long-term Debt / Capital": {"2019-12-31": "0.07040", "2018-12-31": "0.19200", "2017-12-31": "0.00000", "2016-12-31": "0.00000", "2015-12-31": "0.00000", "2014-12-31": ""}, "Debt/Equity Ratio": {"2019-12-31": "0.22730", "2018-12-31": "0.23760", "2017-12-31": "0.00000", "2016-12-31": "0.00370", "2015-12-31": "0.07900", "2014-12-31": ""}, "Gross Margin": {"2019-12-31": "", "2018-12-31": "", "2017-12-31": "", "2016-12-31": "", "2015-12-31": "", "2014-12-31": ""}, "Operating Margin": {"2019-12-31": "", "2018-12-31": "", "2017-12-31": "", "2016-12-31": "", "2015-12-31": "", "2014-12-31": ""}, "EBIT Margin": {"2019-12-31": "", "2018-12-31": "", "2017-12-31": "", "2016-12-31": "", "2015-12-31": "", "2014-12-31": ""}, "EBITDA Margin": {"2019-12-31": "", "2018-12-31": "", "2017-12-31": "", "2016-12-31": "", "2015-12-31": "", "2014-12-31": ""}, "Pre-Tax Profit Margin": {"2019-12-31": "50.74860", "2018-12-31": "49.53160", "2017-12-31": "51.45280", "2016-12-31": "52.43610", "2015-12-31": "51.18700", "2014-12-31": "53.62600"}, "Net Profit Margin": {"2019-12-31": "37.81130", "2018-12-31": "36.56240", "2017-12-31": "25.65720", "2016-12-31": "32.46020", "2015-12-31": "31.88200", "2014-12-31": "33.75300"}, "Asset Turnover": {"2019-12-31": "0.03730", "2018-12-31": "0.03490", "2017-12-31": "0.03480", "2016-12-31": "0.03610", "2015-12-31": "0.03460", "2014-12-31": ""}, "Inventory Turnover Ratio": {"2019-12-31": "", "2018-12-31": "", "2017-12-31": "", "2016-12-31": "", "2015-12-31": "", "2014-12-31": ""}, "Receiveable Turnover": {"2019-12-31": "", "2018-12-31": "", "2017-12-31": "", "2016-12-31": "", "2015-12-31": "", "2014-12-31": ""}, "Days Sales In Receivables": {"2019-12-31": "", "2018-12-31": "", "2017-12-31": "", "2016-12-31": "", "2015-12-31": "", "2014-12-31": ""}, "ROE - Return On Equity": {"2019-12-31": "10.77140", "2018-12-31": "10.47170", "2017-12-31": "7.25280", "2016-12-31": "9.29450", "2015-12-31": "7.81090", "2014-12-31": ""}, "Return On Tangible Equity": {"2019-12-31": "17.42490", "2018-12-31": "17.47260", "2017-12-31": "12.05370", "2016-12-31": "15.72060", "2015-12-31": "12.42900", "2014-12-31": ""}, "ROA - Return On Assets": {"2019-12-31": "1.41020", "2018-12-31": "1.27750", "2017-12-31": "0.89390", "2016-12-31": "1.17070", "2015-12-31": "1.10470", "2014-12-31": ""}, "ROI - Return On Investment": {"2019-12-31": "10.01280", "2018-12-31": "8.46100", "2017-12-31": "7.25270", "2016-12-31": "9.29440", "2015-12-31": "7.81080", "2014-12-31": ""}, "Book Value Per Share": {"2019-12-31": "20.32090", "2018-12-31": "18.72000", "2017-12-31": "18.14290", "2016-12-31": "17.74860", "2015-12-31": "19.62530", "2014-12-31": ""}, "Operating Cash Flow Per Share": {"2019-12-31": -0.3401, "2018-12-31": 0.6313, "2017-12-31": 0.3539, "2016-12-31": 0.5553, "2015-12-31": -0.7468, "2014-12-31": 1.7693}, "Free Cash Flow Per Share": {"2019-12-31": -0.2985, "2018-12-31": 0.3825, "2017-12-31": 0.4502, "2016-12-31": 0.5112, "2015-12-31": -0.6815, "2014-12-31": 1.6446}}, "financial ratios, quarterly": {"Current Ratio": {"2020-09-30": "", "2020-06-30": "", "2020-03-31": "", "2019-12-31": "", "2019-09-30": "", "2019-06-30": "", "2019-03-31": "", "2018-12-31": "", "2018-09-30": "", "2018-06-30": "", "2018-03-31": "", "2017-12-31": "", "2017-09-30": "", "2017-06-30": "", "2017-03-31": "", "2016-12-31": "", "2016-09-30": "", "2016-06-30": "", "2016-03-31": "", "2015-12-31": "", "2015-09-30": "", "2015-06-30": "", "2014-12-31": ""}, "Long-term Debt / Capital": {"2020-09-30": "0.06820", "2020-06-30": "0.06890", "2020-03-31": "0.06980", "2019-12-31": "0.07040", "2019-09-30": "0.07010", "2019-06-30": "0.13080", "2019-03-31": "0.18670", "2018-12-31": "0.19200", "2018-09-30": "0.14170", "2018-06-30": "0.07520", "2018-03-31": "0.00000", "2017-12-31": "0.00000", "2017-09-30": "0.00000", "2017-06-30": "0.00000", "2017-03-31": "0.00000", "2016-12-31": "0.00000", "2016-09-30": "0.00000", "2016-06-30": "0.00000", "2016-03-31": "", "2015-12-31": "", "2015-09-30": "", "2015-06-30": "", "2014-12-31": ""}, "Debt/Equity Ratio": {"2020-09-30": "0.07320", "2020-06-30": "0.14810", "2020-03-31": "0.22520", "2019-12-31": "0.22730", "2019-09-30": "0.22600", "2019-06-30": "0.22560", "2019-03-31": "0.22960", "2018-12-31": "0.23760", "2018-09-30": "0.17740", "2018-06-30": "0.08130", "2018-03-31": "0.00000", "2017-12-31": "0.00000", "2017-09-30": "0.00000", "2017-06-30": "0.00000", "2017-03-31": "0.00000", "2016-12-31": "0.00370", "2016-09-30": "0.00360", "2016-06-30": "0.01400", "2016-03-31": "", "2015-12-31": "", "2015-09-30": "", "2015-06-30": "", "2014-12-31": ""}, "Gross Margin": {"2020-09-30": "", "2020-06-30": "", "2020-03-31": "", "2019-12-31": "", "2019-09-30": "", "2019-06-30": "", "2019-03-31": "", "2018-12-31": "", "2018-09-30": "", "2018-06-30": "", "2018-03-31": "", "2017-12-31": "", "2017-09-30": "", "2017-06-30": "", "2017-03-31": "", "2016-12-31": "", "2016-09-30": "", "2016-06-30": "", "2016-03-31": "", "2015-12-31": "", "2015-09-30": "", "2015-06-30": "", "2014-12-31": ""}, "Operating Margin": {"2020-09-30": "", "2020-06-30": "", "2020-03-31": "", "2019-12-31": "", "2019-09-30": "", "2019-06-30": "", "2019-03-31": "", "2018-12-31": "", "2018-09-30": "", "2018-06-30": "", "2018-03-31": "", "2017-12-31": "", "2017-09-30": "", "2017-06-30": "", "2017-03-31": "", "2016-12-31": "", "2016-09-30": "", "2016-06-30": "", "2016-03-31": "", "2015-12-31": "", "2015-09-30": "", "2015-06-30": "", "2014-12-31": ""}, "EBIT Margin": {"2020-09-30": "", "2020-06-30": "", "2020-03-31": "", "2019-12-31": "", "2019-09-30": "", "2019-06-30": "", "2019-03-31": "", "2018-12-31": "", "2018-09-30": "", "2018-06-30": "", "2018-03-31": "", "2017-12-31": "", "2017-09-30": "", "2017-06-30": "", "2017-03-31": "", "2016-12-31": "", "2016-09-30": "", "2016-06-30": "", "2016-03-31": "", "2015-12-31": "", "2015-09-30": "", "2015-06-30": "", "2014-12-31": ""}, "EBITDA Margin": {"2020-09-30": "", "2020-06-30": "", "2020-03-31": "", "2019-12-31": "", "2019-09-30": "", "2019-06-30": "", "2019-03-31": "", "2018-12-31": "", "2018-09-30": "", "2018-06-30": "", "2018-03-31": "", "2017-12-31": "", "2017-09-30": "", "2017-06-30": "", "2017-03-31": "", "2016-12-31": "", "2016-09-30": "", "2016-06-30": "", "2016-03-31": "", "2015-12-31": "", "2015-09-30": "", "2015-06-30": "", "2014-12-31": ""}, "Pre-Tax Profit Margin": {"2020-09-30": "48.47320", "2020-06-30": "22.52100", "2020-03-31": "34.24760", "2019-12-31": "49.98930", "2019-09-30": "51.58730", "2019-06-30": "51.03300", "2019-03-31": "50.33110", "2018-12-31": "47.84560", "2018-09-30": "49.43240", "2018-06-30": "50.39150", "2018-03-31": "50.34210", "2017-12-31": "51.19760", "2017-09-30": "52.49740", "2017-06-30": "51.00160", "2017-03-31": "51.11480", "2016-12-31": "50.79250", "2016-09-30": "51.08260", "2016-06-30": "52.41120", "2016-03-31": "55.26030", "2015-12-31": "", "2015-09-30": "52.61130", "2015-06-30": "51.88880", "2014-12-31": ""}, "Net Profit Margin": {"2020-09-30": "36.60900", "2020-06-30": "16.98610", "2020-03-31": "26.49090", "2019-12-31": "37.25680", "2019-09-30": "38.43290", "2019-06-30": "38.01940", "2019-03-31": "37.49660", "2018-12-31": "35.01800", "2018-09-30": "36.58360", "2018-06-30": "37.28970", "2018-03-31": "37.25320", "2017-12-31": "6.34620", "2017-09-30": "32.69950", "2017-06-30": "32.06940", "2017-03-31": "32.25620", "2016-12-31": "30.60060", "2016-09-30": "31.44920", "2016-06-30": "33.26910", "2016-03-31": "34.46620", "2015-12-31": "", "2015-09-30": "32.76920", "2015-06-30": "32.31980", "2014-12-31": ""}, "Asset Turnover": {"2020-09-30": "0.00800", "2020-06-30": "0.00510", "2020-03-31": "0.00710", "2019-12-31": "0.00900", "2019-09-30": "0.00940", "2019-06-30": "0.00930", "2019-03-31": "0.00910", "2018-12-31": "0.00830", "2018-09-30": "0.00920", "2018-06-30": "0.00900", "2018-03-31": "0.00900", "2017-12-31": "0.00900", "2017-09-30": "0.00870", "2017-06-30": "0.00870", "2017-03-31": "0.00890", "2016-12-31": "0.00940", "2016-09-30": "0.00850", "2016-06-30": "0.00870", "2016-03-31": "", "2015-12-31": "", "2015-09-30": "", "2015-06-30": "", "2014-12-31": ""}, "Inventory Turnover Ratio": {"2020-09-30": "", "2020-06-30": "", "2020-03-31": "", "2019-12-31": "", "2019-09-30": "", "2019-06-30": "", "2019-03-31": "", "2018-12-31": "", "2018-09-30": "", "2018-06-30": "", "2018-03-31": "", "2017-12-31": "", "2017-09-30": "", "2017-06-30": "", "2017-03-31": "", "2016-12-31": "", "2016-09-30": "", "2016-06-30": "", "2016-03-31": "", "2015-12-31": "", "2015-09-30": "", "2015-06-30": "", "2014-12-31": ""}, "Receiveable Turnover": {"2020-09-30": "", "2020-06-30": "", "2020-03-31": "", "2019-12-31": "", "2019-09-30": "", "2019-06-30": "", "2019-03-31": "", "2018-12-31": "", "2018-09-30": "", "2018-06-30": "", "2018-03-31": "", "2017-12-31": "", "2017-09-30": "", "2017-06-30": "", "2017-03-31": "", "2016-12-31": "", "2016-09-30": "", "2016-06-30": "", "2016-03-31": "", "2015-12-31": "", "2015-09-30": "", "2015-06-30": "", "2014-12-31": ""}, "Days Sales In Receivables": {"2020-09-30": "", "2020-06-30": "", "2020-03-31": "", "2019-12-31": "", "2019-09-30": "", "2019-06-30": "", "2019-03-31": "", "2018-12-31": "", "2018-09-30": "", "2018-06-30": "", "2018-03-31": "", "2017-12-31": "", "2017-09-30": "", "2017-06-30": "", "2017-03-31": "", "2016-12-31": "", "2016-09-30": "", "2016-06-30": "", "2016-03-31": "", "2015-12-31": "", "2015-09-30": "", "2015-06-30": "", "2014-12-31": ""}, "ROE - Return On Equity": {"2020-09-30": "2.38120", "2020-06-30": "0.74200", "2020-03-31": "1.45850", "2019-12-31": "2.56930", "2019-09-30": "2.79520", "2019-06-30": "2.72360", "2019-03-31": "2.67580", "2018-12-31": "2.37620", "2018-09-30": "2.78070", "2018-06-30": "2.80800", "2018-03-31": "2.69580", "2017-12-31": "0.46140", "2017-09-30": "2.26050", "2017-06-30": "2.22890", "2017-03-31": "2.26420", "2016-12-31": "2.28360", "2016-09-30": "2.10920", "2016-06-30": "2.19350", "2016-03-31": "", "2015-12-31": "", "2015-09-30": "", "2015-06-30": "", "2014-12-31": ""}, "Return On Tangible Equity": {"2020-09-30": "3.76850", "2020-06-30": "1.18300", "2020-03-31": "2.34520", "2019-12-31": "4.15640", "2019-09-30": "4.50940", "2019-06-30": "4.39150", "2019-03-31": "4.36390", "2018-12-31": "3.96480", "2018-09-30": "4.77580", "2018-06-30": "4.77540", "2018-03-31": "4.51040", "2017-12-31": "0.76670", "2017-09-30": "3.71170", "2017-06-30": "3.68910", "2017-03-31": "3.79610", "2016-12-31": "3.86240", "2016-09-30": "3.52340", "2016-06-30": "3.69070", "2016-03-31": "", "2015-12-31": "", "2015-09-30": "", "2015-06-30": "", "2014-12-31": ""}, "ROA - Return On Assets": {"2020-09-30": "0.29180", "2020-06-30": "0.08720", "2020-03-31": "0.18720", "2019-12-31": "0.33640", "2019-09-30": "0.36020", "2019-06-30": "0.35290", "2019-03-31": "0.34210", "2018-12-31": "0.28990", "2018-09-30": "0.33720", "2018-06-30": "0.33720", "2018-03-31": "0.33570", "2017-12-31": "0.05690", "2017-09-30": "0.28380", "2017-06-30": "0.27930", "2017-03-31": "0.28670", "2016-12-31": "0.28760", "2016-09-30": "0.26760", "2016-06-30": "0.28790", "2016-03-31": "", "2015-12-31": "", "2015-09-30": "", "2015-06-30": "", "2014-12-31": ""}, "ROI - Return On Investment": {"2020-09-30": "2.21890", "2020-06-30": "0.69090", "2020-03-31": "1.35670", "2019-12-31": "2.38840", "2019-09-30": "2.59930", "2019-06-30": "2.36750", "2019-03-31": "2.17610", "2018-12-31": "1.91990", "2018-09-30": "2.38670", "2018-06-30": "2.59680", "2018-03-31": "2.69580", "2017-12-31": "0.46130", "2017-09-30": "2.26050", "2017-06-30": "2.22890", "2017-03-31": "2.26410", "2016-12-31": "2.28350", "2016-09-30": "2.10910", "2016-06-30": "2.19350", "2016-03-31": "", "2015-12-31": "", "2015-09-30": "", "2015-06-30": "", "2014-12-31": ""}, "Book Value Per Share": {"2020-09-30": "21.04450", "2020-06-30": "20.80510", "2020-03-31": "20.52470", "2019-12-31": "20.32090", "2019-09-30": "20.22370", "2019-06-30": "19.91970", "2019-03-31": "19.35530", "2018-12-31": "18.72000", "2018-09-30": "17.96830", "2018-06-30": "17.99720", "2018-03-31": "18.05790", "2017-12-31": "18.14290", "2017-09-30": "18.49650", "2017-06-30": "18.29210", "2017-03-31": "17.95810", "2016-12-31": "17.74860", "2016-09-30": "18.08890", "2016-06-30": "17.93350", "2016-03-31": "", "2015-12-31": "", "2015-09-30": "", "2015-06-30": "", "2014-12-31": ""}, "Operating Cash Flow Per Share": {"2020-09-30": -0.0591, "2020-06-30": 1.2328, "2020-03-31": "-0.39780", "2019-12-31": 0.9355, "2019-09-30": 0.2162, "2019-06-30": 0.6022, "2019-03-31": "0.46900", "2018-12-31": 0.606, "2018-09-30": 0.6529, "2018-06-30": 0.9232, "2018-03-31": "0.38090", "2017-12-31": 0.3962, "2017-09-30": 0.3977, "2017-06-30": 0.6721, "2017-03-31": "0.46570", "2016-12-31": 0.293, "2016-09-30": 0.2821, "2016-06-30": 0.6287, "2016-03-31": "0.37400", "2015-12-31": -1.1113, "2015-09-30": 0.9688, "2015-06-30": 0.1425, "2014-12-31": 0}, "Free Cash Flow Per Share": {"2020-09-30": -0.1097, "2020-06-30": 1.1874, "2020-03-31": "-0.50880", "2019-12-31": 0.8837, "2019-09-30": 0.1688, "2019-06-30": 0.553, "2019-03-31": "0.40300", "2018-12-31": 0.4471, "2018-09-30": 0.6241, "2018-06-30": 0.8772, "2018-03-31": "0.35860", "2017-12-31": 0.3995, "2017-09-30": 0.4112, "2017-06-30": 0.6509, "2017-03-31": "0.46290", "2016-12-31": 0.2662, "2016-09-30": 0.2652, "2016-06-30": 0.5981, "2016-03-31": "0.34480", "2015-12-31": -1.0559, "2015-09-30": 0.9492, "2015-06-30": 0.1067, "2014-12-31": 0}}, "revenue": {"First Hawaiian Annual Revenue (Millions of US $)": {"2020": "$780", "2019": "$871", "2018": "$825", "2017": "$776", "2016": "$745", "2015": "$703", "2014": "$677"}, "First Hawaiian Quarterly Revenue (Millions of US $)": {"2020-12-31": "$195", "2020-09-30": "$191", "2020-06-30": "$186", "2020-03-31": "$208", "2019-12-31": "$209", "2019-09-30": "$220", "2019-06-30": "$223", "2019-03-31": "$220", "2018-12-31": "$201", "2018-09-30": "$211", "2018-06-30": "$209", "2018-03-31": "$204", "2017-12-31": "$203", "2017-09-30": "$195", "2017-06-30": "$191", "2017-03-31": "$188", "2016-12-31": "$196", "2016-09-30": "$178", "2016-06-30": "$173", "2016-03-31": "$197", "2015-12-31": "", "2015-09-30": "$176", "2015-06-30": "$177", "2014-12-31": ""}}, "gross-profit": {"First Hawaiian Annual Gross Profit (Millions of US $)": {"2020": "$733", "2019": "$766", "2018": "$745", "2017": "$734", "2016": "$718", "2015": "$680", "2014": "$653"}, "First Hawaiian Quarterly Gross Profit (Millions of US $)": {"2020-12-31": "$189", "2020-09-30": "$183", "2020-06-30": "$173", "2020-03-31": "$188", "2019-12-31": "$186", "2019-09-30": "$193", "2019-06-30": "$194", "2019-03-31": "$192", "2018-12-31": "$177", "2018-09-30": "$189", "2018-06-30": "$191", "2018-03-31": "$188", "2017-12-31": "$189", "2017-09-30": "$183", "2017-06-30": "$182", "2017-03-31": "$180", "2016-12-31": "$189", "2016-09-30": "$171", "2016-06-30": "$167", "2016-03-31": "$191", "2015-12-31": "", "2015-09-30": "$170", "2015-06-30": "$171", "2014-12-31": ""}}, "operating-income": {"First Hawaiian Annual Operating Income (Millions of US $)": {"2020": "$244", "2019": "$382", "2018": "$358", "2017": "$368", "2016": "$372", "2015": "$343", "2014": "$344"}, "First Hawaiian Quarterly Operating Income (Millions of US $)": {"2020-12-31": "$81", "2020-09-30": "$86", "2020-06-30": "$27", "2020-03-31": "$50", "2019-12-31": "$91", "2019-09-30": "$100", "2019-06-30": "$97", "2019-03-31": "$94", "2018-12-31": "$82", "2018-09-30": "$91", "2018-06-30": "$93", "2018-03-31": "$92", "2017-12-31": "$94", "2017-09-30": "$94", "2017-06-30": "$90", "2017-03-31": "$90", "2016-12-31": "$94", "2016-09-30": "$86", "2016-06-30": "$86", "2016-03-31": "$105", "2015-12-31": "", "2015-09-30": "$88", "2015-06-30": "$88", "2014-12-31": ""}}, "ebitda": {"First Hawaiian Annual EBITDA (Millions of US $)": {"2019": "$", "2018": "$", "2017": "$", "2016": "$", "2015": "$", "2014": "$"}, "First Hawaiian Quarterly EBITDA (Millions of US $)": {"2020-09-30": "", "2020-06-30": "", "2020-03-31": "", "2019-12-31": "", "2019-09-30": "", "2019-06-30": "", "2019-03-31": "", "2018-12-31": "", "2018-09-30": "", "2018-06-30": "", "2018-03-31": "", "2017-12-31": "", "2017-09-30": "", "2017-06-30": "", "2017-03-31": "", "2016-12-31": "", "2016-09-30": "", "2016-06-30": "", "2016-03-31": "", "2015-12-31": "", "2015-09-30": "", "2015-06-30": "", "2014-12-31": ""}}, "net-income": {"First Hawaiian Annual Net Income (Millions of US $)": {"2020": "$186", "2019": "$284", "2018": "$264", "2017": "$184", "2016": "$230", "2015": "$214", "2014": "$217"}, "First Hawaiian Quarterly Net Income (Millions of US $)": {"2020-12-31": "$62", "2020-09-30": "$65", "2020-06-30": "$20", "2020-03-31": "$39", "2019-12-31": "$68", "2019-09-30": "$74", "2019-06-30": "$72", "2019-03-31": "$70", "2018-12-31": "$60", "2018-09-30": "$67", "2018-06-30": "$69", "2018-03-31": "$68", "2017-12-31": "$12", "2017-09-30": "$58", "2017-06-30": "$57", "2017-03-31": "$57", "2016-12-31": "$57", "2016-09-30": "$53", "2016-06-30": "$55", "2016-03-31": "$66", "2015-12-31": "", "2015-09-30": "$55", "2015-06-30": "$55", "2014-12-31": ""}}, "eps-earnings-per-share-diluted": {"First Hawaiian Annual EPS": {"2020": "$1.43", "2019": "$2.13", "2018": "$1.93", "2017": "$1.32", "2016": "$1.65", "2015": "$1.53", "2014": "$1.55"}, "First Hawaiian Quarterly EPS": {"2020-12-31": "$0.47", "2020-09-30": "$0.50", "2020-06-30": "$0.15", "2020-03-31": "$0.30", "2019-12-31": "$0.51", "2019-09-30": "$0.56", "2019-06-30": "$0.54", "2019-03-31": "$0.52", "2018-12-31": "$0.44", "2018-09-30": "$0.50", "2018-06-30": "$0.50", "2018-03-31": "$0.49", "2017-12-31": "$0.08", "2017-09-30": "$0.42", "2017-06-30": "$0.41", "2017-03-31": "$0.41", "2016-12-31": "$0.41", "2016-09-30": "$0.38", "2016-06-30": "$0.39", "2016-03-31": "$0.47", "2015-12-31": "$0.00", "2015-09-30": "$0.39", "2015-06-30": "$0.39", "2014-12-31": "$0.00"}}, "shares-outstanding": {"First Hawaiian Annual Shares Outstanding (Millions of Shares)": {"2020": "130", "2019": "133", "2018": "137", "2017": "140", "2016": "139", "2015": "139", "2014": "139"}, "First Hawaiian Quarterly Shares Outstanding (Millions of Shares)": {"2020-12-31": "130", "2020-09-30": "130", "2020-06-30": "130", "2020-03-31": "130", "2019-12-31": "133", "2019-09-30": "133", "2019-06-30": "135", "2019-03-31": "135", "2018-12-31": "137", "2018-09-30": "136", "2018-06-30": "138", "2018-03-31": "140", "2017-12-31": "140", "2017-09-30": "140", "2017-06-30": "140", "2017-03-31": "140", "2016-12-31": "139", "2016-09-30": "140", "2016-06-30": "139", "2016-03-31": "139", "2015-12-31": "", "2015-09-30": "139", "2015-06-30": "139", "2014-12-31": ""}}, "total-assets": {"First Hawaiian Annual Total Assets (Millions of US $)": {"2019": "$20,167", "2018": "$20,696", "2017": "$20,549", "2016": "$19,662", "2015": "$19,353", "2014": "$0"}, "First Hawaiian Quarterly Total Assets (Millions of US $)": {"2020-09-30": "$22,311", "2020-06-30": "$22,994", "2020-03-31": "$20,756", "2019-12-31": "$20,167", "2019-09-30": "$20,598", "2019-06-30": "$20,526", "2019-03-31": "$20,441", "2018-12-31": "$20,696", "2018-09-30": "$19,984", "2018-06-30": "$20,480", "2018-03-31": "$20,243", "2017-12-31": "$20,549", "2017-09-30": "$20,566", "2017-06-30": "$20,374", "2017-03-31": "$19,793", "2016-12-31": "$19,662", "2016-09-30": "$19,893", "2016-06-30": "$19,053", "2016-03-31": "$0", "2015-12-31": "$0", "2015-09-30": "$0", "2015-06-30": "$0", "2014-12-31": "$0"}}, "cash-on-hand": {"First Hawaiian Annual Cash on Hand (Millions of US $)": {"2019": "$694", "2018": "$1,004", "2017": "$1,035", "2016": "$1,052", "2015": "$2,650", "2014": "$"}, "First Hawaiian Quarterly Cash on Hand (Millions of US $)": {"2020-09-30": "$816", "2020-06-30": "$1,855", "2020-03-31": "$1,053", "2019-12-31": "$694", "2019-09-30": "$1,344", "2019-06-30": "$684", "2019-03-31": "$618", "2018-12-31": "$1,004", "2018-09-30": "$699", "2018-06-30": "$944", "2018-03-31": "$692", "2017-12-31": "$1,035", "2017-09-30": "$1,114", "2017-06-30": "$1,228", "2017-03-31": "$778", "2016-12-31": "$1,052", "2016-09-30": "$1,176", "2016-06-30": "$1,332", "2016-03-31": "", "2015-12-31": "", "2015-09-30": "", "2015-06-30": "", "2014-12-31": ""}}, "long-term-debt": {"First Hawaiian Annual Long Term Debt (Millions of US $)": {"2019": "$200", "2018": "$600", "2017": "$0", "2016": "$0", "2015": "$0", "2014": "$"}, "First Hawaiian Quarterly Long Term Debt (Millions of US $)": {"2020-09-30": "$200", "2020-06-30": "$200", "2020-03-31": "$200", "2019-12-31": "$200", "2019-09-30": "$200", "2019-06-30": "$400", "2019-03-31": "$600", "2018-12-31": "$600", "2018-09-30": "$400", "2018-06-30": "$200", "2018-03-31": "$0", "2017-12-31": "$0", "2017-09-30": "$0", "2017-06-30": "$0", "2017-03-31": "$0", "2016-12-31": "$0", "2016-09-30": "$0", "2016-06-30": "$0", "2016-03-31": "", "2015-12-31": "", "2015-09-30": "", "2015-06-30": "", "2014-12-31": ""}}, "total-liabilities": {"First Hawaiian Annual Total Liabilities (Millions of US $)": {"2019": "$17,526", "2018": "$18,171", "2017": "$18,017", "2016": "$17,185", "2015": "$16,616", "2014": "$0"}, "First Hawaiian Quarterly Total Liabilities (Millions of US $)": {"2020-09-30": "$19,577", "2020-06-30": "$20,292", "2020-03-31": "$18,091", "2019-12-31": "$17,526", "2019-09-30": "$17,944", "2019-06-30": "$17,867", "2019-03-31": "$17,828", "2018-12-31": "$18,171", "2018-09-30": "$17,560", "2018-06-30": "$18,021", "2018-03-31": "$17,722", "2017-12-31": "$18,017", "2017-09-30": "$17,984", "2017-06-30": "$17,821", "2017-03-31": "$17,287", "2016-12-31": "$17,185", "2016-09-30": "$17,369", "2016-06-30": "$16,552", "2016-03-31": "$0", "2015-12-31": "", "2015-09-30": "$0", "2015-06-30": "$0", "2014-12-31": "$0"}}, "total-share-holder-equity": {"First Hawaiian Annual Share Holder Equity (Millions of US $)": {"2019": "$2,640", "2018": "$2,525", "2017": "$2,533", "2016": "$2,476", "2015": "$2,737", "2014": "$0"}, "First Hawaiian Quarterly Share Holder Equity (Millions of US $)": {"2020-09-30": "$2,734", "2020-06-30": "$2,702", "2020-03-31": "$2,665", "2019-12-31": "$2,640", "2019-09-30": "$2,655", "2019-06-30": "$2,659", "2019-03-31": "$2,613", "2018-12-31": "$2,525", "2018-09-30": "$2,423", "2018-06-30": "$2,459", "2018-03-31": "$2,521", "2017-12-31": "$2,533", "2017-09-30": "$2,582", "2017-06-30": "$2,553", "2017-03-31": "$2,506", "2016-12-31": "$2,476", "2016-09-30": "$2,524", "2016-06-30": "$2,501", "2016-03-31": "$0", "2015-12-31": "", "2015-09-30": "$0", "2015-06-30": "$0", "2014-12-31": "$0"}}, "profit-margins": {"current": "23.81%"}, "gross margin": {"2020-12-31": "93.97%", "2020-09-30": "91.94%", "2020-06-30": "89.91%", "2020-03-31": "88.49%", "2019-12-31": "87.73%", "2019-09-30": "87.50%", "2019-06-30": "87.95%", "2019-03-31": "89.06%", "2018-12-31": "90.30%", "2018-09-30": "91.54%", "2018-06-30": "92.60%", "2018-03-31": "93.57%", "2017-12-31": "94.47%", "2017-09-30": "95.32%", "2017-06-30": "95.88%", "2017-03-31": "96.19%", "2016-12-31": "96.51%", "2016-06-30": "96.70%", "2016-03-31": "96.73%"}, "operating margin": {"2020-12-31": "31.28%", "2020-09-30": "31.99%", "2020-06-30": "32.56%", "2020-03-31": "39.30%", "2019-12-31": "43.81%", "2019-09-30": "43.17%", "2019-06-30": "42.57%", "2019-03-31": "42.81%", "2018-12-31": "43.39%", "2018-09-30": "44.74%", "2018-06-30": "45.99%", "2018-03-31": "46.66%", "2017-12-31": "47.36%", "2017-09-30": "47.79%", "2017-06-30": "47.81%", "2017-03-31": "48.44%", "2016-12-31": "49.87%", "2016-06-30": "51.10%", "2016-03-31": "51.09%"}, "ebitda margin": {"2020-09-30": "0.00%", "2020-06-30": "0.00%", "2020-03-31": "0.00%", "2019-12-31": "0.00%", "2019-09-30": "0.00%", "2019-06-30": "0.00%", "2019-03-31": "0.00%", "2018-12-31": "0.00%", "2018-09-30": "0.00%", "2018-06-30": "0.00%", "2018-03-31": "0.00%", "2017-12-31": "0.00%", "2017-09-30": "0.00%", "2017-06-30": "0.00%", "2017-03-31": "0.00%", "2016-12-31": "0.00%", "2016-06-30": "0.00%", "2016-03-31": "0.00%"}, "pre tax profit margin": {"2020-12-31": "31.28%", "2020-09-30": "31.99%", "2020-06-30": "32.56%", "2020-03-31": "39.30%", "2019-12-31": "43.81%", "2019-09-30": "43.17%", "2019-06-30": "42.57%", "2019-03-31": "42.81%", "2018-12-31": "43.39%", "2018-09-30": "44.74%", "2018-06-30": "45.99%", "2018-03-31": "46.66%", "2017-12-31": "47.36%", "2017-09-30": "47.79%", "2017-06-30": "47.81%", "2017-03-31": "48.44%", "2016-12-31": "49.87%", "2016-06-30": "51.10%", "2016-03-31": "51.09%"}, "net profit margin": {"2020-12-31": "23.85%", "2020-09-30": "24.18%", "2020-06-30": "24.42%", "2020-03-31": "29.42%", "2019-12-31": "32.57%", "2019-09-30": "31.94%", "2019-06-30": "31.46%", "2019-03-31": "31.63%", "2018-12-31": "32.00%", "2018-09-30": "26.12%", "2018-06-30": "25.52%", "2018-03-31": "24.59%", "2017-12-31": "23.68%", "2017-09-30": "29.74%", "2017-06-30": "29.75%", "2017-03-31": "30.20%", "2016-12-31": "31.05%", "2016-06-30": "32.23%", "2016-03-31": "32.00%"}, "pe ratio": {"current": "16.86", "2021-02-05": "25.92", "2020-12-31": "24.82", "2020-09-30": "9.73", "2020-06-30": "10.96", "2020-03-31": "8.24", "2019-12-31": "12.78", "2019-09-30": "12.18", "2019-06-30": "12.03", "2019-03-31": "12.23", "2018-12-31": "10.63", "2018-09-30": "15.62", "2018-06-30": "17.44", "2018-03-31": "17.66", "2017-12-31": "19.47", "2017-09-30": "16.04", "2017-06-30": "16.49"}, "price sales": {"2021-02-05": "4.11", "2020-12-31": "3.94", "2020-09-30": "2.36", "2020-06-30": "2.68", "2020-03-31": "2.44", "2019-12-31": "4.21", "2019-09-30": "3.92", "2019-06-30": "3.82", "2019-03-31": "3.89", "2018-12-31": "3.42", "2018-09-30": "4.10", "2018-06-30": "4.47", "2018-03-31": "4.36", "2017-12-31": "4.62", "2017-09-30": "4.80", "2017-06-30": "4.92"}, "price book": {"current": "1.17", "2021-02-05": "1.17", "2020-09-30": "0.68", "2020-06-30": "0.81", "2020-03-31": "0.77", "2019-12-31": "1.35", "2019-09-30": "1.24", "2019-06-30": "1.21", "2019-03-31": "1.24", "2018-12-31": "1.10", "2018-09-30": "1.37", "2018-06-30": "1.44", "2018-03-31": "1.37", "2017-12-31": "1.42", "2017-09-30": "1.43", "2017-06-30": "1.45", "2017-03-31": "1.43", "2016-12-31": "1.68", "2016-09-30": "1.26"}, "price fcf": {"2021-02-05": "", "2020-09-30": "$1.45", "2020-06-30": "$1.73", "2020-03-31": "$1.10", "2019-12-31": "$2.01", "2019-09-30": "$1.57", "2019-06-30": "$2.03", "2019-03-31": "$2.35", "2018-12-31": "$2.31", "2018-09-30": "$2.26", "2018-06-30": "$2.05", "2018-03-31": "$1.82", "2017-12-31": "$1.92", "2017-09-30": "$1.79", "2017-06-30": "$2.59"}, "net worth": {"value": "$3.22B"}, "current ratio": {"2020-12-31": "0.74", "2020-09-30": "0.75", "2020-06-30": "0.79", "2020-03-31": "0.82", "2019-12-31": "0.82", "2019-09-30": "0.82", "2019-06-30": "0.82", "2019-03-31": "0.82", "2018-12-31": "0.82", "2018-09-30": "0.79", "2018-06-30": "0.78", "2018-03-31": "0.75", "2017-12-31": "0.75", "2017-09-30": "0.75", "2017-06-30": "0.76", "2017-03-31": "0.74", "2016-12-31": "0.74", "2016-09-30": "0.74", "2016-06-30": "0.77", "2016-03-31": "0.00", "2015-12-31": "0.00", "2015-09-30": "0.00", "2015-06-30": "0.00", "2014-12-31": "0.00"}, "quick ratio": {"2020-12-31": "0.00", "2020-09-30": "0.00", "2020-06-30": "0.00", "2020-03-31": "0.00", "2019-12-31": "0.00", "2019-09-30": "0.00", "2019-06-30": "0.00", "2019-03-31": "0.00", "2018-12-31": "0.00", "2018-09-30": "0.00", "2018-06-30": "0.00", "2018-03-31": "0.00", "2017-12-31": "0.00", "2017-09-30": "0.00", "2017-06-30": "0.00", "2017-03-31": "0.00", "2016-12-31": "0.00", "2016-09-30": "0.00", "2016-06-30": "0.00", "2016-03-31": "0.00", "2015-12-31": "0.00", "2015-09-30": "0.00", "2015-06-30": "0.00", "2014-12-31": "0.00"}, "debt equity ratio": {"current": "0.07", "2020-12-31": "7.26", "2020-09-30": "7.16", "2020-06-30": "7.51", "2020-03-31": "6.79", "2019-12-31": "6.64", "2019-09-30": "6.76", "2019-06-30": "6.72", "2019-03-31": "6.82", "2018-12-31": "7.20", "2018-09-30": "7.25", "2018-06-30": "7.33", "2018-03-31": "7.03", "2017-12-31": "7.11", "2017-09-30": "6.97", "2017-06-30": "6.98", "2017-03-31": "6.90", "2016-12-31": "6.94", "2016-09-30": "6.88", "2016-06-30": "6.62", "2016-03-31": "0.00", "2015-12-31": "0.00", "2015-09-30": "0.00", "2015-06-30": "0.00", "2014-12-31": "0.00"}, "return on equity": {"2020-12-31": "6.86%", "2020-09-30": "7.15%", "2020-06-30": "7.54%", "2020-03-31": "9.53%", "2019-12-31": "10.75%", "2019-09-30": "10.56%", "2019-06-30": "10.53%", "2019-03-31": "10.62%", "2018-12-31": "10.64%", "2018-09-30": "8.70%", "2018-06-30": "8.20%", "2018-03-31": "7.66%", "2017-12-31": "7.23%", "2017-09-30": "9.05%", "2017-06-30": "8.91%", "2017-03-31": "8.87%", "2016-12-31": "12.32%", "2016-06-30": "28.15%", "2016-03-31": "inf%"}, "return on assets": {"2020-12-31": "0.84%", "2020-09-30": "0.89%", "2020-06-30": "0.95%", "2020-03-31": "1.23%", "2019-12-31": "1.39%", "2019-09-30": "1.34%", "2019-06-30": "1.32%", "2019-03-31": "1.30%", "2018-12-31": "1.30%", "2018-09-30": "1.06%", "2018-06-30": "1.01%", "2018-03-31": "0.95%", "2017-12-31": "0.91%", "2017-09-30": "1.14%", "2017-06-30": "1.12%", "2017-03-31": "1.13%", "2016-12-31": "1.58%", "2016-06-30": "3.69%", "2016-03-31": "inf%"}, "return on investments": {"2020-12-31": "8.38%", "2020-09-30": "8.80%", "2020-06-30": "9.35%", "2020-03-31": "11.64%", "2019-12-31": "12.77%", "2019-09-30": "12.18%", "2019-06-30": "11.91%", "2019-03-31": "12.18%", "2018-12-31": "12.87%", "2018-09-30": "14.05%", "2018-06-30": "14.49%", "2018-03-31": "14.53%", "2017-12-31": "14.47%", "2017-09-30": "14.55%", "2017-06-30": "14.31%", "2017-03-31": "14.23%", "2016-12-31": "19.78%", "2016-06-30": "44.62%", "2016-03-31": "inf%"}, "return on tangible equity": {"2020-09-30": "11.44%", "2020-06-30": "12.13%", "2020-03-31": "15.37%", "2019-12-31": "17.40%", "2019-09-30": "17.23%", "2019-06-30": "17.43%", "2019-03-31": "17.82%", "2018-12-31": "17.97%", "2018-09-30": "14.67%", "2018-06-30": "13.69%", "2018-03-31": "12.69%", "2017-12-31": "12.00%", "2017-09-30": "15.08%", "2017-06-30": "14.90%", "2017-03-31": "14.91%", "2016-12-31": "20.71%", "2016-06-30": "47.38%", "2016-03-31": "inf%"}, "dividend yield history": {"last payout": "$1.04", "last yield": "4.22%"}}