{"ticker": "FHN", "price": {"title": "First Horizon Historical Annual Stock Price Data", "value": 15.15, "historical": {"2021": {"Average Stock Price": "14.5050", "Year Open": "12.8400", "Year High": "15.4700", "Year Low": "12.8400", "Year Close": "15.1500", "Annual % Change": "18.73%"}, "2020": {"Average Stock Price": "11.0033", "Year Open": "16.5200", "Year High": "17.2700", "Year Low": "6.8100", "Year Close": "12.7600", "Annual % Change": "-22.95%"}, "2019": {"Average Stock Price": "15.3261", "Year Open": "13.3700", "Year High": "17.2800", "Year Low": "13.3700", "Year Close": "16.5600", "Annual % Change": "25.84%"}, "2018": {"Average Stock Price": "18.0218", "Year Open": "20.0600", "Year High": "20.6100", "Year Low": "12.4000", "Year Close": "13.1600", "Annual % Change": "-34.17%"}, "2017": {"Average Stock Price": "18.5495", "Year Open": "20.0000", "Year High": "20.7600", "Year Low": "16.0500", "Year Close": "19.9900", "Annual % Change": "-0.10%"}, "2016": {"Average Stock Price": "14.7656", "Year Open": "14.1600", "Year High": "20.6100", "Year Low": "11.6200", "Year Close": "20.0100", "Annual % Change": "37.81%"}, "2015": {"Average Stock Price": "14.5501", "Year Open": "13.4100", "Year High": "16.2000", "Year Low": "12.3100", "Year Close": "14.5200", "Annual % Change": "6.92%"}, "2014": {"Average Stock Price": "12.0794", "Year Open": "11.5600", "Year High": "13.9100", "Year Low": "11.1800", "Year Close": "13.5800", "Annual % Change": "16.57%"}, "2013": {"Average Stock Price": "11.0960", "Year Open": "10.1100", "Year High": "12.5500", "Year Low": "9.7200", "Year Close": "11.6500", "Annual % Change": "17.56%"}, "2012": {"Average Stock Price": "9.1747", "Year Open": "8.2300", "Year High": "10.8900", "Year Low": "7.5500", "Year Close": "9.9100", "Annual % Change": "23.88%"}, "2011": {"Average Stock Price": "9.1919", "Year Open": "12.1600", "Year High": "12.5300", "Year Low": "5.6300", "Year Close": "8.0000", "Annual % Change": "-32.09%"}, "2010": {"Average Stock Price": "12.0306", "Year Open": "13.4000", "Year High": "15.5500", "Year Low": "9.4100", "Year Close": "11.7800", "Annual % Change": "-12.09%"}, "2009": {"Average Stock Price": "11.8934", "Year Open": "11.2000", "Year High": "14.7700", "Year Low": "7.4600", "Year Close": "13.4000", "Annual % Change": "26.77%"}, "2008": {"Average Stock Price": "12.0255", "Year Open": "17.4800", "Year High": "22.1100", "Year Low": "5.0400", "Year Close": "10.5700", "Annual % Change": "-41.76%"}, "2007": {"Average Stock Price": "34.1540", "Year Open": "41.7300", "Year High": "45.1300", "Year Low": "18.0000", "Year Close": "18.1500", "Annual % Change": "-56.56%"}, "2006": {"Average Stock Price": "39.9662", "Year Open": "39.3800", "Year High": "42.7600", "Year Low": "37.2000", "Year Close": "41.7800", "Annual % Change": "8.69%"}, "2005": {"Average Stock Price": "40.5252", "Year Open": "43.0600", "Year High": "44.5500", "Year Low": "35.1300", "Year Close": "38.4400", "Annual % Change": "-10.83%"}, "2004": {"Average Stock Price": "44.3946", "Year Open": "43.3800", "Year High": "48.0100", "Year Low": "41.5900", "Year Close": "43.1100", "Annual % Change": "-2.24%"}, "2003": {"Average Stock Price": "42.0071", "Year Open": "37.1600", "Year High": "47.9800", "Year Low": "36.1400", "Year Close": "44.1000", "Annual % Change": "22.70%"}, "2002": {"Average Stock Price": "36.3704", "Year Open": "35.8000", "Year High": "40.4500", "Year Low": "30.0500", "Year Close": "35.9400", "Annual % Change": "-0.88%"}, "2001": {"Average Stock Price": "33.4647", "Year Open": "27.8800", "Year High": "37.2500", "Year Low": "27.3800", "Year Close": "36.2600", "Annual % Change": "25.29%"}, "2000": {"Average Stock Price": "21.2770", "Year Open": "27.3800", "Year High": "29.0600", "Year Low": "16.0600", "Year Close": "28.9400", "Annual % Change": "1.54%"}, "1999": {"Average Stock Price": "35.8262", "Year Open": "38.1300", "Year High": "45.1900", "Year Low": "27.5600", "Year Close": "28.5000", "Annual % Change": "-25.12%"}, "1998": {"Average Stock Price": "31.5133", "Year Open": "33.0800", "Year High": "38.0600", "Year Low": "23.8100", "Year Close": "38.0600", "Annual % Change": "14.04%"}, "1997": {"Average Stock Price": "25.2197", "Year Open": "18.3750", "Year High": "33.7500", "Year Low": "18.3750", "Year Close": "33.3750", "Annual % Change": "78.00%"}, "1996": {"Average Stock Price": "16.5026", "Year Open": "15.0950", "Year High": "19.3100", "Year Low": "14.4350", "Year Close": "18.7500", "Annual % Change": "23.97%"}, "1995": {"Average Stock Price": "12.0743", "Year Open": "10.2500", "Year High": "15.4375", "Year Low": "9.8125", "Year Close": "15.1250", "Annual % Change": "48.47%"}, "1994": {"Average Stock Price": "10.5810", "Year Open": "9.5625", "Year High": "11.9375", "Year Low": "9.3450", "Year Close": "10.1875", "Annual % Change": "5.84%"}, "1993": {"Average Stock Price": "10.0235", "Year Open": "9.1250", "Year High": "11.7500", "Year Low": "9.0325", "Year Close": "9.6250", "Annual % Change": "4.76%"}, "1992": {"Average Stock Price": "8.5633", "Year Open": "6.7700", "Year High": "9.5000", "Year Low": "6.6050", "Year Close": "9.1875", "Annual % Change": "32.83%"}, "1991": {"Average Stock Price": "5.2989", "Year Open": "3.7717", "Year High": "6.9167", "Year Low": "3.5833", "Year Close": "6.9167", "Annual % Change": "83.38%"}}}, "market cap": {"value": "$8.41B"}, "income statement": {"Revenue": {"2020-12-31": "3390.00000", "2019-12-31": "2278.42000", "2018-12-31": "2268.80900", "2017-12-31": "1480.14900", "2016-12-31": "1370.35000", "2015-12-31": "1253.73000", "2014-12-31": "1259.29300", "2013-12-31": "1316.63000", "2012-12-31": "1470.28200", "2011-12-31": "1618.44800", "2010-12-31": "1813.01100", "2009-12-31": "2227.33600", "2008-12-31": "3075.11500", "2007-12-31": "3112.77100", "2006-12-31": "3496.00400", "2005-12-31": "3147.43000"}, "Cost Of Goods Sold": {"2020-12-31": "235.00000", "2019-12-31": "414.15300", "2018-12-31": "325.70400", "2017-12-31": "147.61600", "2016-12-31": "88.82500", "2015-12-31": "82.68500", "2014-12-31": "81.53100", "2013-12-31": "94.67900", "2012-12-31": "110.28600", "2011-12-31": "131.60500", "2010-12-31": "149.44800", "2009-12-31": "216.47100", "2008-12-31": "711.64300", "2007-12-31": "1365.31700", "2006-12-31": "1332.17400", "2005-12-31": "856.14700"}, "Gross Profit": {"2020-12-31": "3155.00000", "2019-12-31": "1864.26700", "2018-12-31": "1943.10500", "2017-12-31": "1332.53300", "2016-12-31": "1281.52500", "2015-12-31": "1171.04500", "2014-12-31": "1177.76200", "2013-12-31": "1221.95100", "2012-12-31": "1359.99600", "2011-12-31": "1486.84300", "2010-12-31": "1663.56300", "2009-12-31": "2010.86500", "2008-12-31": "2363.47200", "2007-12-31": "1747.45400", "2006-12-31": "2163.83000", "2005-12-31": "2291.28300"}, "Research And Development Expenses": {"2020-12-31": "", "2019-12-31": "", "2018-12-31": "", "2017-12-31": "", "2016-12-31": "", "2015-12-31": "", "2014-12-31": "", "2013-12-31": "", "2012-12-31": "", "2011-12-31": "", "2010-12-31": "", "2009-12-31": "", "2008-12-31": "", "2007-12-31": "", "2006-12-31": "", "2005-12-31": ""}, "SG&A Expenses": {"2020-12-31": "2180.00000", "2019-12-31": "1253.76900", "2018-12-31": "1203.14100", "2017-12-31": "1014.93300", "2016-12-31": "931.00610", "2015-12-31": "1057.53800", "2014-12-31": "855.36110", "2013-12-31": "1199.60700", "2012-12-31": "1457.79100", "2011-12-31": "1332.97900", "2010-12-31": "1607.66100", "2009-12-31": "2264.68900", "2008-12-31": "2654.58200", "2007-12-31": "1938.08700", "2006-12-31": "1814.28700", "2005-12-31": "1683.87200"}, "Other Operating Income Or Expenses": {"2020-12-31": "", "2019-12-31": "", "2018-12-31": "", "2017-12-31": "", "2016-12-31": "", "2015-12-31": "", "2014-12-31": "", "2013-12-31": "", "2012-12-31": "", "2011-12-31": "", "2010-12-31": "", "2009-12-31": "", "2008-12-31": "", "2007-12-31": "", "2006-12-31": "", "2005-12-31": ""}, "Operating Expenses": {"2020-12-31": "2455.00000", "2019-12-31": "1692.75600", "2018-12-31": "1554.70000", "2017-12-31": "1171.27700", "2016-12-31": "1025.02900", "2015-12-31": "1145.47600", "2014-12-31": "941.06210", "2013-12-31": "1298.19800", "2012-12-31": "1571.98700", "2011-12-31": "1468.60000", "2010-12-31": "1761.25800", "2009-12-31": "2485.51200", "2008-12-31": "3374.45400", "2007-12-31": "3397.97700", "2006-12-31": "3157.92300", "2005-12-31": "2550.71900"}, "Operating Income": {"2020-12-31": "935.00000", "2019-12-31": "585.66380", "2018-12-31": "714.10910", "2017-12-31": "308.87190", "2016-12-31": "345.32090", "2015-12-31": "108.25400", "2014-12-31": "318.23090", "2013-12-31": "18.43200", "2012-12-31": "-101.70510", "2011-12-31": "149.84800", "2010-12-31": "51.75310", "2009-12-31": "-258.17600", "2008-12-31": "-299.33910", "2007-12-31": "-285.20610", "2006-12-31": "338.08110", "2005-12-31": "596.71090"}, "Total Non-Operating Income/Expense": {"2020-12-31": "", "2019-12-31": "", "2018-12-31": "", "2017-12-31": "", "2016-12-31": "", "2015-12-31": "", "2014-12-31": "", "2013-12-31": "", "2012-12-31": "", "2011-12-31": "", "2010-12-31": "", "2009-12-31": "-147.77200", "2008-12-31": "-29.50300", "2007-12-31": "-8.46700", "2006-12-31": "", "2005-12-31": ""}, "Pre-Tax Income": {"2020-12-31": "933.00000", "2019-12-31": "585.66400", "2018-12-31": "714.10900", "2017-12-31": "308.87200", "2016-12-31": "345.32100", "2015-12-31": "108.25400", "2014-12-31": "318.23100", "2013-12-31": "18.43200", "2012-12-31": "-101.70500", "2011-12-31": "149.84800", "2010-12-31": "51.75300", "2009-12-31": "-405.94800", "2008-12-31": "-328.84200", "2007-12-31": "-293.67300", "2006-12-31": "338.08000", "2005-12-31": "596.71100"}, "Income Taxes": {"2020-12-31": "76.00000", "2019-12-31": "133.29100", "2018-12-31": "157.60200", "2017-12-31": "131.89200", "2016-12-31": "106.81000", "2015-12-31": "10.94100", "2014-12-31": "84.18500", "2013-12-31": "-19.38900", "2012-12-31": "-85.26200", "2011-12-31": "15.83600", "2010-12-31": "-21.18200", "2009-12-31": "-170.71600", "2008-12-31": "-154.40500", "2007-12-31": "-139.90900", "2006-12-31": "87.27800", "2005-12-31": "185.98800"}, "Income After Taxes": {"2020-12-31": "857.00000", "2019-12-31": "452.37300", "2018-12-31": "556.50700", "2017-12-31": "176.98000", "2016-12-31": "238.51100", "2015-12-31": "97.31300", "2014-12-31": "234.04600", "2013-12-31": "37.82100", "2012-12-31": "-16.44300", "2011-12-31": "134.01200", "2010-12-31": "72.93500", "2009-12-31": "-235.23200", "2008-12-31": "-174.43700", "2007-12-31": "-153.76400", "2006-12-31": "250.80200", "2005-12-31": "410.72300"}, "Other Income": {"2020-12-31": "", "2019-12-31": "", "2018-12-31": "", "2017-12-31": "", "2016-12-31": "", "2015-12-31": "", "2014-12-31": "", "2013-12-31": "", "2012-12-31": "", "2011-12-31": "", "2010-12-31": "", "2009-12-31": "", "2008-12-31": "", "2007-12-31": "", "2006-12-31": "", "2005-12-31": ""}, "Income From Continuous Operations": {"2020-12-31": "857.00000", "2019-12-31": "452.37300", "2018-12-31": "556.50700", "2017-12-31": "176.98000", "2016-12-31": "238.51100", "2015-12-31": "97.31300", "2014-12-31": "234.04600", "2013-12-31": "37.82100", "2012-12-31": "-16.44300", "2011-12-31": "134.01200", "2010-12-31": "72.93500", "2009-12-31": "-235.23200", "2008-12-31": "-174.43700", "2007-12-31": "-153.76400", "2006-12-31": "250.80200", "2005-12-31": "410.72300"}, "Income From Discontinued Operations": {"2020-12-31": "", "2019-12-31": "", "2018-12-31": "", "2017-12-31": "", "2016-12-31": "", "2015-12-31": "", "2014-12-31": "", "2013-12-31": "0.54800", "2012-12-31": "0.14800", "2011-12-31": "8.61800", "2010-12-31": "-11.33200", "2009-12-31": "-23.20300", "2008-12-31": "-3.53400", "2007-12-31": "2.45300", "2006-12-31": "210.76700", "2005-12-31": "17.07200"}, "Net Income": {"2020-12-31": "822.00000", "2019-12-31": "434.70800", "2018-12-31": "538.84200", "2017-12-31": "159.31500", "2016-12-31": "220.84600", "2015-12-31": "79.67900", "2014-12-31": "216.31900", "2013-12-31": "21.06600", "2012-12-31": "-27.75900", "2011-12-31": "131.19600", "2010-12-31": "-57.76900", "2009-12-31": "-329.42200", "2008-12-31": "-199.40000", "2007-12-31": "-170.14600", "2006-12-31": "462.91400", "2005-12-31": "424.69700"}, "EBITDA": {"2020-12-31": "", "2019-12-31": "", "2018-12-31": "", "2017-12-31": "", "2016-12-31": "", "2015-12-31": "", "2014-12-31": "", "2013-12-31": "", "2012-12-31": "", "2011-12-31": "", "2010-12-31": "", "2009-12-31": "", "2008-12-31": "", "2007-12-31": "", "2006-12-31": "", "2005-12-31": ""}, "EBIT": {"2020-12-31": "", "2019-12-31": "", "2018-12-31": "", "2017-12-31": "", "2016-12-31": "", "2015-12-31": "", "2014-12-31": "", "2013-12-31": "", "2012-12-31": "", "2011-12-31": "", "2010-12-31": "", "2009-12-31": "", "2008-12-31": "", "2007-12-31": "", "2006-12-31": "", "2005-12-31": ""}, "Basic Shares Outstanding": {"2020-12-31": "432.00000", "2019-12-31": "313.63700", "2018-12-31": "324.37500", "2017-12-31": "241.43600", "2016-12-31": "232.70000", "2015-12-31": "234.18900", "2014-12-31": "234.99700", "2013-12-31": "237.97200", "2012-12-31": "248.34900", "2011-12-31": "260.57400", "2010-12-31": "235.69900", "2009-12-31": "234.43100", "2008-12-31": "206.68100", "2007-12-31": "151.06810", "2006-12-31": "149.40910", "2005-12-31": "150.63870"}, "Shares Outstanding": {"2020-12-31": "434.00000", "2019-12-31": "315.65700", "2018-12-31": "327.44500", "2017-12-31": "244.45300", "2016-12-31": "235.29200", "2015-12-31": "236.26600", "2014-12-31": "236.73500", "2013-12-31": "239.79400", "2012-12-31": "248.34900", "2011-12-31": "262.86100", "2010-12-31": "235.69900", "2009-12-31": "234.43100", "2008-12-31": "206.68100", "2007-12-31": "151.06810", "2006-12-31": "153.64370", "2005-12-31": "155.30760"}, "Basic EPS": {"2020-12-31": "1.90000", "2019-12-31": "1.39000", "2018-12-31": "1.66000", "2017-12-31": "0.66000", "2016-12-31": "0.95000", "2015-12-31": "0.34000", "2014-12-31": "0.92000", "2013-12-31": "0.09000", "2012-12-31": "-0.11000", "2011-12-31": "0.50000", "2010-12-31": "-0.25000", "2009-12-31": "-1.41000", "2008-12-31": "-0.96000", "2007-12-31": "-1.12820", "2006-12-31": "3.09480", "2005-12-31": "2.81540"}, "EPS - Earnings Per Share": {"2020-12-31": "1.89000", "2019-12-31": "1.38000", "2018-12-31": "1.65000", "2017-12-31": "0.65000", "2016-12-31": "0.94000", "2015-12-31": "0.34000", "2014-12-31": "0.91000", "2013-12-31": "0.09000", "2012-12-31": "-0.11000", "2011-12-31": "0.50000", "2010-12-31": "-0.25000", "2009-12-31": "-1.41000", "2008-12-31": "-0.96000", "2007-12-31": "-1.12820", "2006-12-31": "3.01610", "2005-12-31": "2.73210"}}, "income statement, quarterly": {"Revenue": {"2020-12-31": "862.00000", "2020-09-30": "1421.13400", "2020-06-30": "552.89300", "2020-03-31": "553.12400", "2019-12-31": "587.44890", "2019-09-30": "579.22900", "2019-06-30": "570.08200", "2019-03-31": "541.66000", "2018-12-31": "511.46010", "2018-09-30": "742.64100", "2018-06-30": "515.33600", "2018-03-31": "499.37200", "2017-12-31": "420.82290", "2017-09-30": "360.56200", "2017-06-30": "363.01400", "2017-03-31": "335.75000", "2016-12-31": "343.97400", "2016-09-30": "355.51700", "2016-06-30": "342.89000", "2016-03-31": "327.96900", "2015-12-31": "319.85200", "2015-09-30": "308.79000", "2015-06-30": "317.33100", "2015-03-31": "307.75700", "2014-12-31": "299.04600", "2014-09-30": "336.67300", "2014-06-30": "304.26000", "2014-03-31": "319.31400", "2013-12-31": "314.09600", "2013-09-30": "333.08500", "2013-06-30": "326.62300", "2013-03-31": "342.82600", "2012-12-31": "342.64210", "2012-09-30": "364.05400", "2012-06-30": "359.64200", "2012-03-31": "403.94400", "2011-12-31": "390.91090", "2011-09-30": "429.24700", "2011-06-30": "394.35000", "2011-03-31": "403.94000", "2010-12-31": "420.09400", "2010-09-30": "465.87000", "2010-06-30": "464.30200", "2010-03-31": "462.74500", "2009-12-31": "479.71900", "2009-09-30": "538.50000", "2009-06-30": "539.67800", "2009-03-31": "669.43900", "2008-12-31": "655.74880", "2008-09-30": "679.31600", "2008-06-30": "814.53100", "2008-03-31": "925.51900", "2007-12-31": "584.98600", "2007-09-30": "786.21000", "2007-06-30": "875.20200", "2007-03-31": "866.37300", "2006-12-31": "920.90600", "2006-09-30": "930.52500", "2006-06-30": "913.59400", "2006-03-31": "730.97900", "2005-12-31": "837.14100", "2005-09-30": "844.03700", "2005-06-30": "758.49800", "2005-03-31": "707.75400"}, "Cost Of Goods Sold": {"2020-12-31": "53.00000", "2020-09-30": "65.84600", "2020-06-30": "41.28000", "2020-03-31": "75.56600", "2019-12-31": "92.74900", "2019-09-30": "106.81800", "2019-06-30": "108.47900", "2019-03-31": "106.10700", "2018-12-31": "98.67400", "2018-09-30": "87.96900", "2018-06-30": "76.87900", "2018-03-31": "62.18200", "2017-12-31": "45.54500", "2017-09-30": "38.32800", "2017-06-30": "34.64000", "2017-03-31": "29.10300", "2016-12-31": "24.34600", "2016-09-30": "21.77700", "2016-06-30": "21.11200", "2016-03-31": "21.59000", "2015-12-31": "20.96800", "2015-09-30": "20.12500", "2015-06-30": "20.39000", "2015-03-31": "21.20200", "2014-12-31": "20.39800", "2014-09-30": "19.31700", "2014-06-30": "20.59100", "2014-03-31": "21.22500", "2013-12-31": "21.91800", "2013-09-30": "23.77200", "2013-06-30": "23.97200", "2013-03-31": "25.01700", "2012-12-31": "25.60100", "2012-09-30": "27.05100", "2012-06-30": "28.06000", "2012-03-31": "29.57400", "2011-12-31": "30.83800", "2011-09-30": "32.02000", "2011-06-30": "33.89700", "2011-03-31": "34.85000", "2010-12-31": "35.02400", "2010-09-30": "37.02200", "2010-06-30": "38.30100", "2010-03-31": "39.10100", "2009-12-31": "41.09700", "2009-09-30": "45.45900", "2009-06-30": "56.40900", "2009-03-31": "73.50600", "2008-12-31": "126.60600", "2008-09-30": "160.09600", "2008-06-30": "176.59000", "2008-03-31": "248.35100", "2007-12-31": "319.14900", "2007-09-30": "344.93100", "2007-06-30": "355.47100", "2007-03-31": "345.76600", "2006-12-31": "358.56490", "2006-09-30": "360.97700", "2006-06-30": "324.98400", "2006-03-31": "287.64800", "2005-12-31": "264.66300", "2005-09-30": "237.27800", "2005-06-30": "196.77700", "2005-03-31": "157.42900"}, "Gross Profit": {"2020-12-31": "809.00000", "2020-09-30": "1355.28800", "2020-06-30": "511.61300", "2020-03-31": "477.55800", "2019-12-31": "494.69990", "2019-09-30": "472.41100", "2019-06-30": "461.60300", "2019-03-31": "435.55300", "2018-12-31": "412.78610", "2018-09-30": "654.67200", "2018-06-30": "438.45700", "2018-03-31": "437.19000", "2017-12-31": "375.27790", "2017-09-30": "322.23400", "2017-06-30": "328.37400", "2017-03-31": "306.64700", "2016-12-31": "319.62800", "2016-09-30": "333.74000", "2016-06-30": "321.77800", "2016-03-31": "306.37900", "2015-12-31": "298.88400", "2015-09-30": "288.66500", "2015-06-30": "296.94100", "2015-03-31": "286.55500", "2014-12-31": "278.64800", "2014-09-30": "317.35600", "2014-06-30": "283.66900", "2014-03-31": "298.08900", "2013-12-31": "292.17800", "2013-09-30": "309.31300", "2013-06-30": "302.65100", "2013-03-31": "317.80900", "2012-12-31": "317.04100", "2012-09-30": "337.00300", "2012-06-30": "331.58200", "2012-03-31": "374.37000", "2011-12-31": "360.07300", "2011-09-30": "397.22700", "2011-06-30": "360.45300", "2011-03-31": "369.09000", "2010-12-31": "385.07000", "2010-09-30": "428.84800", "2010-06-30": "426.00100", "2010-03-31": "423.64400", "2009-12-31": "438.62200", "2009-09-30": "493.04100", "2009-06-30": "483.26900", "2009-03-31": "595.93300", "2008-12-31": "529.14280", "2008-09-30": "519.22000", "2008-06-30": "637.94100", "2008-03-31": "677.16800", "2007-12-31": "265.83700", "2007-09-30": "441.27900", "2007-06-30": "519.73100", "2007-03-31": "520.60700", "2006-12-31": "562.34110", "2006-09-30": "569.54800", "2006-06-30": "588.61000", "2006-03-31": "443.33100", "2005-12-31": "572.47800", "2005-09-30": "606.75900", "2005-06-30": "561.72110", "2005-03-31": "550.32500"}, "Research And Development Expenses": {"2020-12-31": "", "2020-09-30": "", "2020-06-30": "", "2020-03-31": "", "2019-12-31": "", "2019-09-30": "", "2019-06-30": "", "2019-03-31": "", "2018-12-31": "", "2018-09-30": "", "2018-06-30": "", "2018-03-31": "", "2017-12-31": "", "2017-09-30": "", "2017-06-30": "", "2017-03-31": "", "2016-12-31": "", "2016-09-30": "", "2016-06-30": "", "2016-03-31": "", "2015-12-31": "", "2015-09-30": "", "2015-06-30": "", "2015-03-31": "", "2014-12-31": "", "2014-09-30": "", "2014-06-30": "", "2014-03-31": "", "2013-12-31": "", "2013-09-30": "", "2013-06-30": "", "2013-03-31": "", "2012-12-31": "", "2012-09-30": "", "2012-06-30": "", "2012-03-31": "", "2011-12-31": "", "2011-09-30": "", "2011-06-30": "", "2011-03-31": "", "2010-12-31": "", "2010-09-30": "", "2010-06-30": "", "2010-03-31": "", "2009-12-31": "", "2009-09-30": "", "2009-06-30": "", "2009-03-31": "", "2008-12-31": "", "2008-09-30": "", "2008-06-30": "", "2008-03-31": "", "2007-12-31": "", "2007-09-30": "", "2007-06-30": "", "2007-03-31": "", "2006-12-31": "", "2006-09-30": "", "2006-06-30": "", "2006-03-31": "", "2005-12-31": "", "2005-09-30": "", "2005-06-30": "", "2005-03-31": ""}, "SG&A Expenses": {"2020-12-31": "494.00000", "2020-09-30": "799.41100", "2020-06-30": "436.88400", "2020-03-31": "451.01100", "2019-12-31": "331.24100", "2019-09-30": "316.46600", "2019-06-30": "307.18800", "2019-03-31": "298.87400", "2018-12-31": "281.39900", "2018-09-30": "289.57100", "2018-06-30": "326.30800", "2018-03-31": "305.79100", "2017-12-31": "343.10200", "2017-09-30": "234.90500", "2017-06-30": "213.95300", "2017-03-31": "219.97300", "2016-12-31": "236.59710", "2016-09-30": "236.25900", "2016-06-30": "229.52300", "2016-03-31": "228.62700", "2015-12-31": "245.01000", "2015-09-30": "215.13800", "2015-06-30": "219.09600", "2015-03-31": "379.92300", "2014-12-31": "212.08400", "2014-09-30": "249.03400", "2014-06-30": "167.18100", "2014-03-31": "227.06200", "2013-12-31": "260.88700", "2013-09-30": "442.62800", "2013-06-30": "241.48000", "2013-03-31": "254.61200", "2012-12-31": "285.38200", "2012-09-30": "302.19000", "2012-06-30": "541.19800", "2012-03-31": "329.02100", "2011-12-31": "382.80200", "2011-09-30": "353.70400", "2011-06-30": "319.88600", "2011-03-31": "276.58700", "2010-12-31": "514.68200", "2010-09-30": "341.74100", "2010-06-30": "350.04500", "2010-03-31": "401.19300", "2009-12-31": "431.20490", "2009-09-30": "507.70600", "2009-06-30": "631.87800", "2009-03-31": "693.90000", "2008-12-31": "540.14090", "2008-09-30": "725.71300", "2008-06-30": "680.81700", "2008-03-31": "671.77600", "2007-12-31": "550.16390", "2007-09-30": "449.31700", "2007-06-30": "499.02500", "2007-03-31": "428.67300", "2006-12-31": "452.15190", "2006-09-30": "473.36000", "2006-06-30": "438.78300", "2006-03-31": "449.99200", "2005-12-31": "423.46800", "2005-09-30": "445.89000", "2005-06-30": "419.40400", "2005-03-31": "395.11000"}, "Other Operating Income Or Expenses": {"2020-12-31": "", "2020-09-30": "", "2020-06-30": "", "2020-03-31": "", "2019-12-31": "", "2019-09-30": "", "2019-06-30": "", "2019-03-31": "", "2018-12-31": "", "2018-09-30": "", "2018-06-30": "", "2018-03-31": "", "2017-12-31": "", "2017-09-30": "", "2017-06-30": "", "2017-03-31": "", "2016-12-31": "", "2016-09-30": "", "2016-06-30": "", "2016-03-31": "", "2015-12-31": "", "2015-09-30": "", "2015-06-30": "", "2015-03-31": "", "2014-12-31": "", "2014-09-30": "", "2014-06-30": "", "2014-03-31": "", "2013-12-31": "", "2013-09-30": "", "2013-06-30": "", "2013-03-31": "", "2012-12-31": "", "2012-09-30": "", "2012-06-30": "", "2012-03-31": "", "2011-12-31": "", "2011-09-30": "", "2011-06-30": "", "2011-03-31": "", "2010-12-31": "", "2010-09-30": "", "2010-06-30": "", "2010-03-31": "", "2009-12-31": "", "2009-09-30": "", "2009-06-30": "", "2009-03-31": "", "2008-12-31": "", "2008-09-30": "", "2008-06-30": "", "2008-03-31": "", "2007-12-31": "", "2007-09-30": "", "2007-06-30": "", "2007-03-31": "", "2006-12-31": "", "2006-09-30": "", "2006-06-30": "", "2006-03-31": "", "2005-12-31": "", "2005-09-30": "", "2005-06-30": "", "2005-03-31": ""}, "Operating Expenses": {"2020-12-31": "562.00000", "2020-09-30": "879.88600", "2020-06-30": "483.44800", "2020-03-31": "531.88500", "2019-12-31": "430.19600", "2019-09-30": "429.49010", "2019-06-30": "421.87300", "2019-03-31": "411.19700", "2018-12-31": "386.53400", "2018-09-30": "384.00000", "2018-06-30": "409.64700", "2018-03-31": "374.44700", "2017-12-31": "392.21500", "2017-09-30": "275.19700", "2017-06-30": "250.55700", "2017-03-31": "250.30800", "2016-12-31": "262.24300", "2016-09-30": "259.33500", "2016-06-30": "251.93400", "2016-03-31": "251.51700", "2015-12-31": "267.33700", "2015-09-30": "236.56100", "2015-06-30": "240.78400", "2015-03-31": "402.42300", "2014-12-31": "233.70700", "2014-09-30": "269.33300", "2014-06-30": "188.75300", "2014-03-31": "249.26900", "2013-12-31": "283.93300", "2013-09-30": "467.32800", "2013-06-30": "266.38000", "2013-03-31": "280.55700", "2012-12-31": "311.96200", "2012-09-30": "330.22000", "2012-06-30": "570.23700", "2012-03-31": "359.56800", "2011-12-31": "414.64000", "2011-09-30": "386.72800", "2011-06-30": "354.78900", "2011-03-31": "312.44300", "2010-12-31": "550.66200", "2010-09-30": "379.80000", "2010-06-30": "389.42400", "2010-03-31": "441.37200", "2009-12-31": "472.06390", "2009-09-30": "554.61000", "2009-06-30": "689.79600", "2009-03-31": "769.04200", "2008-12-31": "668.55190", "2008-09-30": "887.61100", "2008-06-30": "859.58900", "2008-03-31": "922.56700", "2007-12-31": "942.78090", "2007-09-30": "809.90500", "2007-06-30": "857.11900", "2007-03-31": "777.26400", "2006-12-31": "813.17690", "2006-09-30": "837.56990", "2006-06-30": "766.64810", "2006-03-31": "740.52800", "2005-12-31": "690.79790", "2005-09-30": "686.06100", "2005-06-30": "618.78500", "2005-03-31": "555.07500"}, "Operating Income": {"2020-12-31": "300.00000", "2020-09-30": "541.24800", "2020-06-30": "69.44500", "2020-03-31": "21.23900", "2019-12-31": "157.25290", "2019-09-30": "149.73900", "2019-06-30": "148.20900", "2019-03-31": "130.46300", "2018-12-31": "124.92610", "2018-09-30": "358.64100", "2018-06-30": "105.68900", "2018-03-31": "124.92500", "2017-12-31": "28.60790", "2017-09-30": "85.36500", "2017-06-30": "112.45700", "2017-03-31": "85.44200", "2016-12-31": "81.73100", "2016-09-30": "96.18200", "2016-06-30": "90.95600", "2016-03-31": "76.45200", "2015-12-31": "52.51500", "2015-09-30": "72.22900", "2015-06-30": "76.54700", "2015-03-31": "-94.66600", "2014-12-31": "65.33890", "2014-09-30": "67.34000", "2014-06-30": "115.50700", "2014-03-31": "70.04500", "2013-12-31": "30.16300", "2013-09-30": "-134.24300", "2013-06-30": "60.24300", "2013-03-31": "62.26900", "2012-12-31": "30.68000", "2012-09-30": "33.83400", "2012-06-30": "-210.59500", "2012-03-31": "44.37600", "2011-12-31": "-23.72900", "2011-09-30": "42.51900", "2011-06-30": "39.56100", "2011-03-31": "91.49700", "2010-12-31": "-130.56800", "2010-09-30": "86.07000", "2010-06-30": "74.87800", "2010-03-31": "21.37300", "2009-12-31": "7.65510", "2009-09-30": "-16.11000", "2009-06-30": "-150.11800", "2009-03-31": "-99.60300", "2008-12-31": "-12.80310", "2008-09-30": "-208.29500", "2008-06-30": "-45.05800", "2008-03-31": "2.95200", "2007-12-31": "-357.79490", "2007-09-30": "-23.69510", "2007-06-30": "18.08300", "2007-03-31": "89.10900", "2006-12-31": "107.72910", "2006-09-30": "92.95510", "2006-06-30": "146.94590", "2006-03-31": "-9.54900", "2005-12-31": "146.34310", "2005-09-30": "157.97600", "2005-06-30": "139.71310", "2005-03-31": "152.67910"}, "Total Non-Operating Income/Expense": {"2020-12-31": "", "2020-09-30": "", "2020-06-30": "", "2020-03-31": "", "2019-12-31": "", "2019-09-30": "", "2019-06-30": "", "2019-03-31": "", "2018-12-31": "", "2018-09-30": "", "2018-06-30": "", "2018-03-31": "", "2017-12-31": "", "2017-09-30": "", "2017-06-30": "", "2017-03-31": "", "2016-12-31": "", "2016-09-30": "", "2016-06-30": "", "2016-03-31": "", "2015-12-31": "", "2015-09-30": "", "2015-06-30": "", "2015-03-31": "", "2014-12-31": "", "2014-09-30": "", "2014-06-30": "", "2014-03-31": "", "2013-12-31": "", "2013-09-30": "", "2013-06-30": "", "2013-03-31": "", "2012-12-31": "", "2012-09-30": "", "2012-06-30": "", "2012-03-31": "", "2011-12-31": "", "2011-09-30": "", "2011-06-30": "-24.56300", "2011-03-31": "-37.20300", "2010-12-31": "", "2010-09-30": "-48.71200", "2010-06-30": "-56.18800", "2010-03-31": "-40.70700", "2009-12-31": "-82.33400", "2009-09-30": "-24.07200", "2009-06-30": "-29.09900", "2009-03-31": "-12.26700", "2008-12-31": "", "2008-09-30": "", "2008-06-30": "", "2008-03-31": "", "2007-12-31": "", "2007-09-30": "", "2007-06-30": "", "2007-03-31": "", "2006-12-31": "", "2006-09-30": "", "2006-06-30": "", "2006-03-31": "", "2005-12-31": "", "2005-09-30": "", "2005-06-30": "", "2005-03-31": ""}, "Pre-Tax Income": {"2020-12-31": "301.00000", "2020-09-30": "541.24800", "2020-06-30": "69.44500", "2020-03-31": "21.23900", "2019-12-31": "157.25300", "2019-09-30": "149.73900", "2019-06-30": "148.20900", "2019-03-31": "130.46300", "2018-12-31": "124.85400", "2018-09-30": "358.64100", "2018-06-30": "105.68900", "2018-03-31": "124.92500", "2017-12-31": "25.60800", "2017-09-30": "85.36500", "2017-06-30": "112.45700", "2017-03-31": "85.44200", "2016-12-31": "81.73100", "2016-09-30": "96.18200", "2016-06-30": "90.95600", "2016-03-31": "76.45200", "2015-12-31": "54.14400", "2015-09-30": "72.22900", "2015-06-30": "76.54700", "2015-03-31": "-94.66600", "2014-12-31": "65.33900", "2014-09-30": "67.34000", "2014-06-30": "115.50700", "2014-03-31": "70.04500", "2013-12-31": "30.16300", "2013-09-30": "-134.24300", "2013-06-30": "60.24300", "2013-03-31": "62.26900", "2012-12-31": "30.68000", "2012-09-30": "33.83400", "2012-06-30": "-210.59500", "2012-03-31": "44.37600", "2011-12-31": "38.03700", "2011-09-30": "42.51900", "2011-06-30": "14.99800", "2011-03-31": "54.29400", "2010-12-31": "15.03900", "2010-09-30": "37.35800", "2010-06-30": "18.69000", "2010-03-31": "-19.33400", "2009-12-31": "-74.67900", "2009-09-30": "-40.18200", "2009-06-30": "-179.21700", "2009-03-31": "-111.87000", "2008-12-31": "-78.44100", "2008-09-30": "-208.29500", "2008-06-30": "-45.05800", "2008-03-31": "2.95200", "2007-12-31": "-377.17000", "2007-09-30": "-23.69500", "2007-06-30": "18.08300", "2007-03-31": "89.10900", "2006-12-31": "107.72800", "2006-09-30": "92.95500", "2006-06-30": "146.94600", "2006-03-31": "-9.54900", "2005-12-31": "146.34300", "2005-09-30": "157.97600", "2005-06-30": "139.71300", "2005-03-31": "152.67900"}, "Income Taxes": {"2020-12-31": "56.00000", "2020-09-30": "2.21000", "2020-06-30": "12.78000", "2020-03-31": "4.76700", "2019-12-31": "35.97000", "2019-09-30": "35.79600", "2019-06-30": "34.46700", "2019-03-31": "27.05800", "2018-12-31": "24.04900", "2018-09-30": "83.92500", "2018-06-30": "19.69700", "2018-03-31": "29.93100", "2017-12-31": "73.98900", "2017-09-30": "13.59600", "2017-06-30": "17.25300", "2017-03-31": "27.05400", "2016-12-31": "24.00800", "2016-09-30": "28.54700", "2016-06-30": "30.01600", "2016-03-31": "24.23900", "2015-12-31": "2.71500", "2015-09-30": "8.89700", "2015-06-30": "21.59000", "2015-03-31": "-22.26100", "2014-12-31": "13.69900", "2014-09-30": "16.84200", "2014-06-30": "33.57800", "2014-03-31": "20.06600", "2013-12-31": "-21.03300", "2013-09-30": "-31.09400", "2013-06-30": "15.00800", "2013-03-31": "17.73000", "2012-12-31": "-12.91400", "2012-09-30": "5.26000", "2012-06-30": "-88.17800", "2012-03-31": "10.57000", "2011-12-31": "-0.52600", "2011-09-30": "8.36700", "2011-06-30": "-4.16700", "2011-03-31": "12.16200", "2010-12-31": "-6.29500", "2010-09-30": "3.29000", "2010-06-30": "-1.65900", "2010-03-31": "-16.51800", "2009-12-31": "-33.88200", "2009-09-30": "-15.36800", "2009-06-30": "-74.04300", "2009-03-31": "-47.42300", "2008-12-31": "-29.61400", "2008-09-30": "-87.82400", "2008-06-30": "-28.82100", "2008-03-31": "-8.14600", "2007-12-31": "-145.52000", "2007-09-30": "-9.33000", "2007-06-30": "-3.86100", "2007-03-31": "18.80200", "2006-12-31": "31.44800", "2006-09-30": "25.77600", "2006-06-30": "43.01300", "2006-03-31": "-12.95900", "2005-12-31": "42.69500", "2005-09-30": "49.86200", "2005-06-30": "43.56700", "2005-03-31": "49.86400"}, "Income After Taxes": {"2020-12-31": "245.00000", "2020-09-30": "539.03800", "2020-06-30": "56.66500", "2020-03-31": "16.47200", "2019-12-31": "121.28300", "2019-09-30": "113.94300", "2019-06-30": "113.74200", "2019-03-31": "103.40500", "2018-12-31": "100.80500", "2018-09-30": "274.71600", "2018-06-30": "85.99200", "2018-03-31": "94.99400", "2017-12-31": "-48.38100", "2017-09-30": "71.76900", "2017-06-30": "95.20400", "2017-03-31": "58.38800", "2016-12-31": "57.72300", "2016-09-30": "67.63500", "2016-06-30": "60.94000", "2016-03-31": "52.21300", "2015-12-31": "51.42900", "2015-09-30": "63.33200", "2015-06-30": "54.95700", "2015-03-31": "-72.40500", "2014-12-31": "51.64000", "2014-09-30": "50.49800", "2014-06-30": "81.92900", "2014-03-31": "49.97900", "2013-12-31": "51.19600", "2013-09-30": "-103.14900", "2013-06-30": "45.23500", "2013-03-31": "44.53900", "2012-12-31": "43.59400", "2012-09-30": "28.57400", "2012-06-30": "-122.41700", "2012-03-31": "33.80600", "2011-12-31": "38.56300", "2011-09-30": "34.15200", "2011-06-30": "19.16500", "2011-03-31": "42.13200", "2010-12-31": "21.33400", "2010-09-30": "34.06800", "2010-06-30": "20.34900", "2010-03-31": "-2.81600", "2009-12-31": "-40.79700", "2009-09-30": "-24.81400", "2009-06-30": "-105.17400", "2009-03-31": "-64.44700", "2008-12-31": "-48.82700", "2008-09-30": "-120.47100", "2008-06-30": "-16.23700", "2008-03-31": "11.09800", "2007-12-31": "-231.65000", "2007-09-30": "-14.36500", "2007-06-30": "21.94400", "2007-03-31": "70.30700", "2006-12-31": "76.28000", "2006-09-30": "67.17900", "2006-06-30": "103.93300", "2006-03-31": "3.41000", "2005-12-31": "103.64800", "2005-09-30": "108.11400", "2005-06-30": "96.14600", "2005-03-31": "102.81500"}, "Other Income": {"2020-12-31": "", "2020-09-30": "", "2020-06-30": "", "2020-03-31": "", "2019-12-31": "", "2019-09-30": "", "2019-06-30": "", "2019-03-31": "", "2018-12-31": "", "2018-09-30": "", "2018-06-30": "", "2018-03-31": "", "2017-12-31": "", "2017-09-30": "", "2017-06-30": "", "2017-03-31": "", "2016-12-31": "", "2016-09-30": "", "2016-06-30": "", "2016-03-31": "", "2015-12-31": "", "2015-09-30": "", "2015-06-30": "", "2015-03-31": "", "2014-12-31": "", "2014-09-30": "", "2014-06-30": "", "2014-03-31": "", "2013-12-31": "", "2013-09-30": "", "2013-06-30": "", "2013-03-31": "", "2012-12-31": "", "2012-09-30": "", "2012-06-30": "", "2012-03-31": "", "2011-12-31": "", "2011-09-30": "", "2011-06-30": "", "2011-03-31": "", "2010-12-31": "", "2010-09-30": "", "2010-06-30": "", "2010-03-31": "", "2009-12-31": "", "2009-09-30": "", "2009-06-30": "", "2009-03-31": "", "2008-12-31": "", "2008-09-30": "", "2008-06-30": "", "2008-03-31": "", "2007-12-31": "", "2007-09-30": "", "2007-06-30": "", "2007-03-31": "", "2006-12-31": "", "2006-09-30": "", "2006-06-30": "", "2006-03-31": "", "2005-12-31": "", "2005-09-30": "", "2005-06-30": "", "2005-03-31": ""}, "Income From Continuous Operations": {"2020-12-31": "245.00000", "2020-09-30": "539.03800", "2020-06-30": "56.66500", "2020-03-31": "16.47200", "2019-12-31": "121.28300", "2019-09-30": "113.94300", "2019-06-30": "113.74200", "2019-03-31": "103.40500", "2018-12-31": "100.80500", "2018-09-30": "274.71600", "2018-06-30": "85.99200", "2018-03-31": "94.99400", "2017-12-31": "-48.38100", "2017-09-30": "71.76900", "2017-06-30": "95.20400", "2017-03-31": "58.38800", "2016-12-31": "57.72300", "2016-09-30": "67.63500", "2016-06-30": "60.94000", "2016-03-31": "52.21300", "2015-12-31": "51.42900", "2015-09-30": "63.33200", "2015-06-30": "54.95700", "2015-03-31": "-72.40500", "2014-12-31": "51.64000", "2014-09-30": "50.49800", "2014-06-30": "81.92900", "2014-03-31": "49.97900", "2013-12-31": "51.19600", "2013-09-30": "-103.14900", "2013-06-30": "45.23500", "2013-03-31": "44.53900", "2012-12-31": "43.59400", "2012-09-30": "28.57400", "2012-06-30": "-122.41700", "2012-03-31": "33.80600", "2011-12-31": "38.56300", "2011-09-30": "34.15200", "2011-06-30": "19.16500", "2011-03-31": "42.13200", "2010-12-31": "21.33400", "2010-09-30": "34.06800", "2010-06-30": "20.34900", "2010-03-31": "-2.81600", "2009-12-31": "-40.79700", "2009-09-30": "-24.81400", "2009-06-30": "-105.17400", "2009-03-31": "-64.44700", "2008-12-31": "-48.82700", "2008-09-30": "-120.47100", "2008-06-30": "-16.23700", "2008-03-31": "11.09800", "2007-12-31": "-231.65000", "2007-09-30": "-14.36500", "2007-06-30": "21.94400", "2007-03-31": "70.30700", "2006-12-31": "76.28000", "2006-09-30": "67.17900", "2006-06-30": "103.93300", "2006-03-31": "3.41000", "2005-12-31": "103.64800", "2005-09-30": "108.11400", "2005-06-30": "96.14600", "2005-03-31": "102.81500"}, "Income From Discontinued Operations": {"2020-12-31": "", "2020-09-30": "", "2020-06-30": "", "2020-03-31": "", "2019-12-31": "", "2019-09-30": "", "2019-06-30": "", "2019-03-31": "", "2018-12-31": "", "2018-09-30": "", "2018-06-30": "", "2018-03-31": "", "2017-12-31": "", "2017-09-30": "", "2017-06-30": "", "2017-03-31": "", "2016-12-31": "", "2016-09-30": "", "2016-06-30": "", "2016-03-31": "", "2015-12-31": "", "2015-09-30": "", "2015-06-30": "", "2015-03-31": "", "2014-12-31": "", "2014-09-30": "", "2014-06-30": "", "2014-03-31": "", "2013-12-31": "-0.00600", "2013-09-30": "0.12300", "2013-06-30": "0.00100", "2013-03-31": "0.43000", "2012-12-31": "-0.01200", "2012-09-30": "0.10800", "2012-06-30": "0.48700", "2012-03-31": "-0.43500", "2011-12-31": "-0.75200", "2011-09-30": "4.82800", "2011-06-30": "3.67100", "2011-03-31": "0.87100", "2010-12-31": "-4.02600", "2010-09-30": "-0.35800", "2010-06-30": "0.12900", "2010-03-31": "-7.07700", "2009-12-31": "-12.04700", "2009-09-30": "-10.20000", "2009-06-30": "-0.30800", "2009-03-31": "-0.64800", "2008-12-31": "-2.66800", "2008-09-30": "-1.74900", "2008-06-30": "", "2008-03-31": "0.88300", "2007-12-31": "1.82500", "2007-09-30": "0.20900", "2007-06-30": "0.17900", "2007-03-31": "0.24000", "2006-12-31": "0.18700", "2006-09-30": "-0.06900", "2006-06-30": "0.37600", "2006-03-31": "210.27300", "2005-12-31": "5.36900", "2005-09-30": "4.83000", "2005-06-30": "3.85800", "2005-03-31": "3.01500"}, "Net Income": {"2020-12-31": "234.00000", "2020-09-30": "523.33900", "2020-06-30": "52.26400", "2020-03-31": "12.07000", "2019-12-31": "116.82300", "2019-09-30": "109.51000", "2019-06-30": "109.34000", "2019-03-31": "99.03500", "2018-12-31": "96.34500", "2018-09-30": "270.28300", "2018-06-30": "81.59000", "2018-03-31": "90.62400", "2017-12-31": "-52.84100", "2017-09-30": "67.33600", "2017-06-30": "90.80200", "2017-03-31": "54.01800", "2016-12-31": "53.29400", "2016-09-30": "63.20200", "2016-06-30": "56.53800", "2016-03-31": "47.81200", "2015-12-31": "47.03100", "2015-09-30": "58.80500", "2015-06-30": "50.55600", "2015-03-31": "-76.71300", "2014-12-31": "47.11000", "2014-09-30": "46.07300", "2014-06-30": "77.52000", "2014-03-31": "45.61600", "2013-12-31": "46.70600", "2013-09-30": "-107.45100", "2013-06-30": "40.84300", "2013-03-31": "40.96800", "2012-12-31": "40.68100", "2012-09-30": "25.80700", "2012-06-30": "-124.77400", "2012-03-31": "30.52700", "2011-12-31": "34.94000", "2011-09-30": "36.10500", "2011-06-30": "19.99200", "2011-03-31": "40.15900", "2010-12-31": "-48.68500", "2010-09-30": "15.87500", "2010-06-30": "2.69600", "2010-03-31": "-27.65500", "2009-12-31": "-70.58000", "2009-09-30": "-52.85900", "2009-06-30": "-123.18200", "2009-03-31": "-82.80100", "2008-12-31": "-63.14400", "2008-09-30": "-125.09500", "2008-06-30": "-19.08100", "2008-03-31": "7.92000", "2007-12-31": "-248.66000", "2007-09-30": "-14.15600", "2007-06-30": "22.12300", "2007-03-31": "70.54700", "2006-12-31": "76.46700", "2006-09-30": "67.11000", "2006-06-30": "104.30900", "2006-03-31": "215.02800", "2005-12-31": "105.91900", "2005-09-30": "112.94400", "2005-06-30": "100.00400", "2005-03-31": "105.83000"}, "EBITDA": {"2020-12-31": "", "2020-09-30": "", "2020-06-30": "", "2020-03-31": "", "2019-12-31": "", "2019-09-30": "", "2019-06-30": "", "2019-03-31": "", "2018-12-31": "", "2018-09-30": "", "2018-06-30": "", "2018-03-31": "", "2017-12-31": "", "2017-09-30": "", "2017-06-30": "", "2017-03-31": "", "2016-12-31": "", "2016-09-30": "", "2016-06-30": "", "2016-03-31": "", "2015-12-31": "", "2015-09-30": "", "2015-06-30": "", "2015-03-31": "", "2014-12-31": "", "2014-09-30": "", "2014-06-30": "", "2014-03-31": "", "2013-12-31": "", "2013-09-30": "", "2013-06-30": "", "2013-03-31": "", "2012-12-31": "", "2012-09-30": "", "2012-06-30": "", "2012-03-31": "", "2011-12-31": "", "2011-09-30": "", "2011-06-30": "", "2011-03-31": "", "2010-12-31": "", "2010-09-30": "", "2010-06-30": "", "2010-03-31": "", "2009-12-31": "", "2009-09-30": "", "2009-06-30": "", "2009-03-31": "", "2008-12-31": "", "2008-09-30": "", "2008-06-30": "", "2008-03-31": "", "2007-12-31": "", "2007-09-30": "", "2007-06-30": "", "2007-03-31": "", "2006-12-31": "", "2006-09-30": "", "2006-06-30": "", "2006-03-31": "", "2005-12-31": "", "2005-09-30": "", "2005-06-30": "", "2005-03-31": ""}, "EBIT": {"2020-12-31": "", "2020-09-30": "", "2020-06-30": "", "2020-03-31": "", "2019-12-31": "", "2019-09-30": "", "2019-06-30": "", "2019-03-31": "", "2018-12-31": "", "2018-09-30": "", "2018-06-30": "", "2018-03-31": "", "2017-12-31": "", "2017-09-30": "", "2017-06-30": "", "2017-03-31": "", "2016-12-31": "", "2016-09-30": "", "2016-06-30": "", "2016-03-31": "", "2015-12-31": "", "2015-09-30": "", "2015-06-30": "", "2015-03-31": "", "2014-12-31": "", "2014-09-30": "", "2014-06-30": "", "2014-03-31": "", "2013-12-31": "", "2013-09-30": "", "2013-06-30": "", "2013-03-31": "", "2012-12-31": "", "2012-09-30": "", "2012-06-30": "", "2012-03-31": "", "2011-12-31": "", "2011-09-30": "", "2011-06-30": "", "2011-03-31": "", "2010-12-31": "", "2010-09-30": "", "2010-06-30": "", "2010-03-31": "", "2009-12-31": "", "2009-09-30": "", "2009-06-30": "", "2009-03-31": "", "2008-12-31": "", "2008-09-30": "", "2008-06-30": "", "2008-03-31": "", "2007-12-31": "", "2007-09-30": "", "2007-06-30": "", "2007-03-31": "", "2006-12-31": "", "2006-09-30": "", "2006-06-30": "", "2006-03-31": "", "2005-12-31": "", "2005-09-30": "", "2005-06-30": "", "2005-03-31": ""}, "Basic Shares Outstanding": {"2020-12-31": "553.00000", "2020-09-30": "549.69000", "2020-06-30": "312.09000", "2020-03-31": "311.59700", "2019-12-31": "313.63700", "2019-09-30": "311.88800", "2019-06-30": "314.06300", "2019-03-31": "317.43500", "2018-12-31": "324.37500", "2018-09-30": "324.40600", "2018-06-30": "325.15300", "2018-03-31": "326.48900", "2017-12-31": "241.43600", "2017-09-30": "233.74900", "2017-06-30": "233.48200", "2017-03-31": "233.07600", "2016-12-31": "232.70000", "2016-09-30": "231.85600", "2016-06-30": "231.57300", "2016-03-31": "234.65100", "2015-12-31": "234.18900", "2015-09-30": "233.11100", "2015-06-30": "232.80000", "2015-03-31": "232.81600", "2014-12-31": "234.99700", "2014-09-30": "235.32900", "2014-06-30": "235.79700", "2014-03-31": "235.18300", "2013-12-31": "237.97200", "2013-09-30": "236.89500", "2013-06-30": "239.24800", "2013-03-31": "240.87000", "2012-12-31": "248.34900", "2012-09-30": "246.62800", "2012-06-30": "249.10400", "2012-03-31": "253.52700", "2011-12-31": "260.57400", "2011-09-30": "261.28400", "2011-06-30": "261.28900", "2011-03-31": "261.17400", "2010-12-31": "235.69900", "2010-09-30": "234.63800", "2010-06-30": "234.55600", "2010-03-31": "234.46900", "2009-12-31": "234.43100", "2009-09-30": "234.45320", "2009-06-30": "234.40280", "2009-03-31": "234.40520", "2008-12-31": "206.68100", "2008-09-30": "234.34290", "2008-06-30": "206.09680", "2008-03-31": "151.40280", "2007-12-31": "151.06810", "2007-09-30": "151.34050", "2007-06-30": "151.11650", "2007-03-31": "150.47900", "2006-12-31": "149.40910", "2006-09-30": "149.04800", "2006-06-30": "148.46810", "2006-03-31": "150.65550", "2005-12-31": "150.63870", "2005-09-30": "151.07450", "2005-06-30": "150.00360", "2005-03-31": "149.72870"}, "Shares Outstanding": {"2020-12-31": "557.00000", "2020-09-30": "550.84600", "2020-06-30": "312.93600", "2020-03-31": "313.17000", "2019-12-31": "315.65700", "2019-09-30": "313.80500", "2019-06-30": "315.78600", "2019-03-31": "319.58100", "2018-12-31": "327.44500", "2018-09-30": "327.25200", "2018-06-30": "328.42600", "2018-03-31": "330.34400", "2017-12-31": "244.45300", "2017-09-30": "236.34000", "2017-06-30": "236.26300", "2017-03-31": "236.85500", "2016-12-31": "235.29200", "2016-09-30": "234.09200", "2016-06-30": "233.57600", "2016-03-31": "236.66600", "2015-12-31": "236.26600", "2015-09-30": "235.05800", "2015-06-30": "234.66900", "2015-03-31": "232.81600", "2014-12-31": "236.73500", "2014-09-30": "236.86200", "2014-06-30": "237.25000", "2014-03-31": "237.40100", "2013-12-31": "239.79400", "2013-09-30": "236.89500", "2013-06-30": "240.89100", "2013-03-31": "242.79900", "2012-12-31": "248.34900", "2012-09-30": "248.30600", "2012-06-30": "249.10400", "2012-03-31": "255.36900", "2011-12-31": "262.86100", "2011-09-30": "262.80300", "2011-06-30": "262.75600", "2011-03-31": "265.55600", "2010-12-31": "235.69900", "2010-09-30": "238.86700", "2010-06-30": "240.96800", "2010-03-31": "234.46900", "2009-12-31": "234.43100", "2009-09-30": "234.45320", "2009-06-30": "234.40280", "2009-03-31": "234.40520", "2008-12-31": "206.68100", "2008-09-30": "234.34290", "2008-06-30": "206.09680", "2008-03-31": "152.07130", "2007-12-31": "151.06810", "2007-09-30": "151.34050", "2007-06-30": "154.55490", "2007-03-31": "154.51520", "2006-12-31": "153.64370", "2006-09-30": "153.09740", "2006-06-30": "152.80570", "2006-03-31": "154.99070", "2005-12-31": "155.30760", "2005-09-30": "155.97990", "2005-06-30": "155.38440", "2005-03-31": "153.70850"}, "Basic EPS": {"2020-12-31": "0.42000", "2020-09-30": "0.95000", "2020-06-30": "0.17000", "2020-03-31": "0.04000", "2019-12-31": "0.38000", "2019-09-30": "0.35000", "2019-06-30": "0.35000", "2019-03-31": "0.31000", "2018-12-31": "0.30000", "2018-09-30": "0.83000", "2018-06-30": "0.25000", "2018-03-31": "0.28000", "2017-12-31": "-0.25000", "2017-09-30": "0.29000", "2017-06-30": "0.39000", "2017-03-31": "0.23000", "2016-12-31": "0.24000", "2016-09-30": "0.27000", "2016-06-30": "0.24000", "2016-03-31": "0.20000", "2015-12-31": "0.20000", "2015-09-30": "0.25000", "2015-06-30": "0.22000", "2015-03-31": "-0.33000", "2014-12-31": "0.20000", "2014-09-30": "0.20000", "2014-06-30": "0.33000", "2014-03-31": "0.19000", "2013-12-31": "0.20000", "2013-09-30": "-0.45000", "2013-06-30": "0.17000", "2013-03-31": "0.17000", "2012-12-31": "0.17000", "2012-09-30": "0.10000", "2012-06-30": "-0.50000", "2012-03-31": "0.12000", "2011-12-31": "0.13000", "2011-09-30": "0.14000", "2011-06-30": "0.08000", "2011-03-31": "0.15000", "2010-12-31": "-0.21000", "2010-09-30": "0.07000", "2010-06-30": "0.01000", "2010-03-31": "-0.12000", "2009-12-31": "-0.30940", "2009-09-30": "-0.22590", "2009-06-30": "-0.52170", "2009-03-31": "-0.35290", "2008-12-31": "-0.38540", "2008-09-30": "-0.53720", "2008-06-30": "-0.09120", "2008-03-31": "0.05390", "2007-12-31": "-1.65010", "2007-09-30": "-0.09440", "2007-06-30": "0.14990", "2007-03-31": "0.46650", "2006-12-31": "0.52100", "2006-09-30": "0.44980", "2006-06-30": "0.69970", "2006-03-31": "1.42440", "2005-12-31": "0.69140", "2005-09-30": "0.74970", "2005-06-30": "0.66640", "2005-03-31": "0.70800"}, "EPS - Earnings Per Share": {"2020-12-31": "0.42000", "2020-09-30": "0.95000", "2020-06-30": "0.17000", "2020-03-31": "0.04000", "2019-12-31": "0.37000", "2019-09-30": "0.35000", "2019-06-30": "0.35000", "2019-03-31": "0.31000", "2018-12-31": "0.30000", "2018-09-30": "0.83000", "2018-06-30": "0.25000", "2018-03-31": "0.27000", "2017-12-31": "-0.24000", "2017-09-30": "0.28000", "2017-06-30": "0.38000", "2017-03-31": "0.23000", "2016-12-31": "0.23000", "2016-09-30": "0.27000", "2016-06-30": "0.24000", "2016-03-31": "0.20000", "2015-12-31": "0.20000", "2015-09-30": "0.25000", "2015-06-30": "0.22000", "2015-03-31": "-0.33000", "2014-12-31": "0.20000", "2014-09-30": "0.19000", "2014-06-30": "0.33000", "2014-03-31": "0.19000", "2013-12-31": "0.20000", "2013-09-30": "-0.45000", "2013-06-30": "0.17000", "2013-03-31": "0.17000", "2012-12-31": "0.17000", "2012-09-30": "0.10000", "2012-06-30": "-0.50000", "2012-03-31": "0.12000", "2011-12-31": "0.13000", "2011-09-30": "0.14000", "2011-06-30": "0.08000", "2011-03-31": "0.15000", "2010-12-31": "-0.21000", "2010-09-30": "0.07000", "2010-06-30": "0.01000", "2010-03-31": "-0.12000", "2009-12-31": "-0.30940", "2009-09-30": "-0.22590", "2009-06-30": "-0.52170", "2009-03-31": "-0.35290", "2008-12-31": "-0.38540", "2008-09-30": "-0.53720", "2008-06-30": "-0.09120", "2008-03-31": "0.05390", "2007-12-31": "-1.63350", "2007-09-30": "-0.09440", "2007-06-30": "0.14160", "2007-03-31": "0.45810", "2006-12-31": "0.50060", "2006-09-30": "0.44150", "2006-06-30": "0.68300", "2006-03-31": "1.39100", "2005-12-31": "0.67470", "2005-09-30": "0.72470", "2005-06-30": "0.64140", "2005-03-31": "0.69140"}}, "balance sheet": {"Cash On Hand": {"2020-12-31": "11175.00000", "2019-12-31": "3095.50500", "2018-12-31": "4131.10400", "2017-12-31": "4053.99100", "2016-12-31": "2994.89900", "2015-12-31": "2515.34900", "2014-12-31": "3887.76300", "2013-12-31": "2359.92400", "2012-12-31": "2722.35500", "2011-12-31": "2269.32800", "2010-12-31": "2056.26300", "2009-12-31": "2157.79500", "2008-12-31": "2478.33800", "2007-12-31": "4067.90000", "2006-12-31": "4394.87400", "2005-12-31": "4574.86100"}, "Receivables": {"2020-12-31": "", "2019-12-31": "", "2018-12-31": "", "2017-12-31": "", "2016-12-31": "", "2015-12-31": "", "2014-12-31": "", "2013-12-31": "", "2012-12-31": "", "2011-12-31": "", "2010-12-31": "", "2009-12-31": "", "2008-12-31": "", "2007-12-31": "", "2006-12-31": "", "2005-12-31": ""}, "Inventory": {"2020-12-31": "", "2019-12-31": "", "2018-12-31": "", "2017-12-31": "", "2016-12-31": "", "2015-12-31": "", "2014-12-31": "", "2013-12-31": "", "2012-12-31": "", "2011-12-31": "", "2010-12-31": "", "2009-12-31": "", "2008-12-31": "", "2007-12-31": "", "2006-12-31": "", "2005-12-31": ""}, "Pre-Paid Expenses": {"2020-12-31": "", "2019-12-31": "", "2018-12-31": "", "2017-12-31": "", "2016-12-31": "", "2015-12-31": "", "2014-12-31": "", "2013-12-31": "", "2012-12-31": "", "2011-12-31": "", "2010-12-31": "", "2009-12-31": "", "2008-12-31": "", "2007-12-31": "", "2006-12-31": "", "2005-12-31": ""}, "Other Current Assets": {"2020-12-31": "", "2019-12-31": "", "2018-12-31": "", "2017-12-31": "", "2016-12-31": "", "2015-12-31": "", "2014-12-31": "", "2013-12-31": "", "2012-12-31": "", "2011-12-31": "", "2010-12-31": "", "2009-12-31": "", "2008-12-31": "", "2007-12-31": "", "2006-12-31": "", "2005-12-31": ""}, "Total Current Assets": {"2020-12-31": "69466.00000", "2019-12-31": "34590.21000", "2018-12-31": "32204.22000", "2017-12-31": "32291.43000", "2016-12-31": "22551.01000", "2015-12-31": "20181.61000", "2014-12-31": "20069.25000", "2013-12-31": "17910.60000", "2012-12-31": "19673.68000", "2011-12-31": "18860.99000", "2010-12-31": "18695.42000", "2009-12-31": "20171.67000", "2008-12-31": "24652.90000", "2007-12-31": "30105.09000", "2006-12-31": "29889.35000", "2005-12-31": "29932.93000"}, "Property, Plant, And Equipment": {"2020-12-31": "759.00000", "2019-12-31": "455.00600", "2018-12-31": "494.04100", "2017-12-31": "532.25100", "2016-12-31": "289.38500", "2015-12-31": "275.61900", "2014-12-31": "302.99600", "2013-12-31": "305.24400", "2012-12-31": "303.27300", "2011-12-31": "321.25300", "2010-12-31": "322.31900", "2009-12-31": "313.82400", "2008-12-31": "333.93100", "2007-12-31": "399.30500", "2006-12-31": "451.70800", "2005-12-31": "408.53900"}, "Long-Term Investments": {"2020-12-31": "8057.00000", "2019-12-31": "4455.40300", "2018-12-31": "4636.47000", "2017-12-31": "5180.25500", "2016-12-31": "3957.84600", "2015-12-31": "3944.16600", "2014-12-31": "3560.90500", "2013-12-31": "3398.45700", "2012-12-31": "3061.80800", "2011-12-31": "3066.27200", "2010-12-31": "3031.93000", "2009-12-31": "2694.46800", "2008-12-31": "3125.15300", "2007-12-31": "3032.79100", "2006-12-31": "3923.48400", "2005-12-31": "2912.48600"}, "Goodwill And Intangible Assets": {"2020-12-31": "1864.00000", "2019-12-31": "1562.98700", "2018-12-31": "1587.82100", "2017-12-31": "1571.24200", "2016-12-31": "212.38800", "2015-12-31": "217.52200", "2014-12-31": "175.45000", "2013-12-31": "236.72400", "2012-12-31": "271.25300", "2011-12-31": "303.97100", "2010-12-31": "402.38000", "2009-12-31": "506.39500", "2008-12-31": "614.33400", "2007-12-31": "1409.13500", "2006-12-31": "1874.05400", "2005-12-31": "1672.71600"}, "Other Long-Term Assets": {"2020-12-31": "4063.00000", "2019-12-31": "2247.29100", "2018-12-31": "1909.70400", "2017-12-31": "1848.20500", "2016-12-31": "1544.60200", "2015-12-31": "1573.71900", "2014-12-31": "1559.58200", "2013-12-31": "1938.81200", "2012-12-31": "2024.00200", "2011-12-31": "2236.90000", "2010-12-31": "2246.90700", "2009-12-31": "2382.32100", "2008-12-31": "2295.65800", "2007-12-31": "2069.14600", "2006-12-31": "1779.24400", "2005-12-31": "1488.84600"}, "Total Long-Term Assets": {"2020-12-31": "14743.00000", "2019-12-31": "8720.68700", "2018-12-31": "8628.03600", "2017-12-31": "9131.95300", "2016-12-31": "6004.22100", "2015-12-31": "6011.02600", "2014-12-31": "5598.93300", "2013-12-31": "5879.23700", "2012-12-31": "5660.33600", "2011-12-31": "5928.39600", "2010-12-31": "6003.53600", "2009-12-31": "5897.00800", "2008-12-31": "6369.07600", "2007-12-31": "6910.37700", "2006-12-31": "8028.90700", "2005-12-31": "6646.13200"}, "Total Assets": {"2020-12-31": "84209.00000", "2019-12-31": "43310.90000", "2018-12-31": "40832.26000", "2017-12-31": "41423.39000", "2016-12-31": "28555.23000", "2015-12-31": "26192.64000", "2014-12-31": "25668.19000", "2013-12-31": "23789.83000", "2012-12-31": "25334.02000", "2011-12-31": "24789.38000", "2010-12-31": "24698.95000", "2009-12-31": "26068.68000", "2008-12-31": "31021.98000", "2007-12-31": "37015.46000", "2006-12-31": "37918.26000", "2005-12-31": "36579.06000"}, "Total Current Liabilities": {"2020-12-31": "72533.00000", "2019-12-31": "36453.43000", "2018-12-31": "34152.29000", "2017-12-31": "34941.51000", "2016-12-31": "24184.65000", "2015-12-31": "21473.66000", "2014-12-31": "20419.74000", "2013-12-31": "18769.87000", "2012-12-31": "19541.80000", "2011-12-31": "18619.90000", "2010-12-31": "17865.79000", "2009-12-31": "18796.71000", "2008-12-31": "20632.08000", "2007-12-31": "25862.03000", "2006-12-31": "27223.50000", "2005-12-31": "28648.96000"}, "Long Term Debt": {"2020-12-31": "1670.00000", "2019-12-31": "791.36800", "2018-12-31": "1170.96300", "2017-12-31": "1218.09700", "2016-12-31": "1040.65600", "2015-12-31": "1312.67700", "2014-12-31": "1880.10500", "2013-12-31": "1739.85900", "2012-12-31": "2226.48200", "2011-12-31": "2481.66000", "2010-12-31": "3228.07000", "2009-12-31": "2891.13300", "2008-12-31": "4767.66000", "2007-12-31": "6828.41700", "2006-12-31": "5836.36000", "2005-12-31": "3437.64300"}, "Other Non-Current Liabilities": {"2020-12-31": "1699.00000", "2019-12-31": "940.55900", "2018-12-31": "714.04800", "2017-12-31": "634.29500", "2016-12-31": "603.84100", "2015-12-31": "743.64500", "2014-12-31": "768.59800", "2013-12-31": "758.17800", "2012-12-31": "946.20200", "2011-12-31": "838.48300", "2010-12-31": "861.57700", "2009-12-31": "785.38900", "2008-12-31": "932.17600", "2007-12-31": "1307.79300", "2006-12-31": "1294.28300", "2005-12-31": "1136.22100"}, "Total Long Term Liabilities": {"2020-12-31": "3369.00000", "2019-12-31": "1731.92700", "2018-12-31": "1885.01100", "2017-12-31": "1852.39200", "2016-12-31": "1644.49700", "2015-12-31": "2056.32200", "2014-12-31": "2648.70300", "2013-12-31": "2498.03700", "2012-12-31": "3172.68400", "2011-12-31": "3320.14300", "2010-12-31": "4089.64700", "2009-12-31": "3676.52200", "2008-12-31": "5699.83600", "2007-12-31": "8431.48700", "2006-12-31": "7432.87900", "2005-12-31": "4991.16400"}, "Total Liabilities": {"2020-12-31": "75903.00000", "2019-12-31": "38234.89000", "2018-12-31": "36046.88000", "2017-12-31": "36842.90000", "2016-12-31": "25850.15000", "2015-12-31": "23553.05000", "2014-12-31": "23086.60000", "2013-12-31": "21289.08000", "2012-12-31": "22824.81000", "2011-12-31": "22104.75000", "2010-12-31": "22020.95000", "2009-12-31": "22766.21000", "2008-12-31": "27447.35000", "2007-12-31": "34879.86000", "2006-12-31": "35455.87000", "2005-12-31": "34231.52000"}, "Common Stock Net": {"2020-12-31": "347.00000", "2019-12-31": "194.66800", "2018-12-31": "199.10800", "2017-12-31": "204.21100", "2016-12-31": "146.01500", "2015-12-31": "149.11700", "2014-12-31": "146.38700", "2013-12-31": "147.73100", "2012-12-31": "152.24900", "2011-12-31": "160.91800", "2010-12-31": "164.60400", "2009-12-31": "138.73800", "2008-12-31": "128.30200", "2007-12-31": "78.97900", "2006-12-31": "78.04100", "2005-12-31": "78.88900"}, "Retained Earnings (Accumulated Deficit)": {"2020-12-31": "2261.00000", "2019-12-31": "1798.44200", "2018-12-31": "1542.40800", "2017-12-31": "1160.43400", "2016-12-31": "1029.03200", "2015-12-31": "874.30300", "2014-12-31": "851.58500", "2013-12-31": "695.20700", "2012-12-31": "719.67200", "2011-12-31": "757.36400", "2010-12-31": "631.71200", "2009-12-31": "891.58000", "2008-12-31": "1387.85400", "2007-12-31": "1742.89200", "2006-12-31": "2144.27600", "2005-12-31": "1905.93000"}, "Comprehensive Income": {"2020-12-31": "-140.00000", "2019-12-31": "-239.60800", "2018-12-31": "-376.61600", "2017-12-31": "-322.82500", "2016-12-31": "-247.65400", "2015-12-31": "-214.19200", "2014-12-31": "-188.24600", "2013-12-31": "-150.00900", "2012-12-31": "-146.34300", "2011-12-31": "-130.15600", "2010-12-31": "-127.54600", "2009-12-31": "-114.20900", "2008-12-31": "-151.83100", "2007-12-31": "-48.10100", "2006-12-31": "-72.44800", "2005-12-31": "-42.24400"}, "Other Share Holders Equity": {"2020-12-31": "", "2019-12-31": "", "2018-12-31": "", "2017-12-31": "", "2016-12-31": "", "2015-12-31": "", "2014-12-31": "", "2013-12-31": "", "2012-12-31": "", "2011-12-31": "", "2010-12-31": "", "2009-12-31": "", "2008-12-31": "", "2007-12-31": "", "2006-12-31": "", "2005-12-31": ""}, "Share Holder Equity": {"2020-12-31": "8307.00000", "2019-12-31": "5076.00800", "2018-12-31": "4785.38000", "2017-12-31": "4580.48800", "2016-12-31": "2705.08400", "2015-12-31": "2639.58600", "2014-12-31": "2581.59000", "2013-12-31": "2500.75100", "2012-12-31": "2509.20600", "2011-12-31": "2684.63700", "2010-12-31": "2678.00500", "2009-12-31": "3302.46800", "2008-12-31": "3574.63200", "2007-12-31": "2135.59600", "2006-12-31": "2462.39000", "2005-12-31": "2347.53900"}, "Total Liabilities And Share Holders Equity": {"2020-12-31": "84209.00000", "2019-12-31": "43310.90000", "2018-12-31": "40832.26000", "2017-12-31": "41423.39000", "2016-12-31": "28555.23000", "2015-12-31": "26192.64000", "2014-12-31": "25668.19000", "2013-12-31": "23789.83000", "2012-12-31": "25334.02000", "2011-12-31": "24789.38000", "2010-12-31": "24698.95000", "2009-12-31": "26068.68000", "2008-12-31": "31021.98000", "2007-12-31": "37015.46000", "2006-12-31": "37918.26000", "2005-12-31": "36579.06000"}}, "balance sheet, quarterly": {"Cash On Hand": {"2020-12-31": "11175.00000", "2020-09-30": "8497.47400", "2020-06-30": "5271.84100", "2020-03-31": "3678.08800", "2019-12-31": "3095.50500", "2019-09-30": "3255.13500", "2019-06-30": "3511.82700", "2019-03-31": "3907.85100", "2018-12-31": "4131.10400", "2018-09-30": "3905.88200", "2018-06-30": "3877.12400", "2018-03-31": "3501.81200", "2017-12-31": "4053.99100", "2017-09-30": "3161.48300", "2017-06-30": "2968.63700", "2017-03-31": "4509.91400", "2016-12-31": "2994.89900", "2016-09-30": "2697.92000", "2016-06-30": "2690.65200", "2016-03-31": "3260.61000", "2015-12-31": "2515.34900", "2015-09-30": "2939.74700", "2015-06-30": "2646.72000", "2015-03-31": "3128.48900", "2014-12-31": "3887.76300", "2014-09-30": "2523.23800", "2014-06-30": "2499.32200", "2014-03-31": "2952.39000", "2013-12-31": "2359.92400", "2013-09-30": "2552.12900", "2013-06-30": "2648.39400", "2013-03-31": "2870.62400", "2012-12-31": "2722.35500", "2012-09-30": "2530.94800", "2012-06-30": "2702.58200", "2012-03-31": "2963.44800", "2011-12-31": "2269.32800", "2011-09-30": "2645.02900", "2011-06-30": "2371.23700", "2011-03-31": "2098.05500", "2010-12-31": "2056.26300", "2010-09-30": "2415.21400", "2010-06-30": "3049.70400", "2010-03-31": "2151.33800", "2009-12-31": "2157.79500", "2009-09-30": "1818.38600", "2009-06-30": "2741.09900", "2009-03-31": "3061.79700", "2008-12-31": "2478.33800", "2008-09-30": "3335.80000", "2008-06-30": "3608.24100", "2008-03-31": "3349.92500", "2007-12-31": "4067.90000", "2007-09-30": "3798.97700", "2007-06-30": "4270.42500", "2007-03-31": "5077.98000", "2006-12-31": "4394.87400", "2006-09-30": "5395.49600", "2006-06-30": "4656.51200", "2006-03-31": "4769.05000", "2005-12-31": "4574.86100", "2005-09-30": "5029.04200", "2005-06-30": "4969.17500", "2005-03-31": "4207.16500"}, "Receivables": {"2020-12-31": "", "2020-09-30": "", "2020-06-30": "", "2020-03-31": "", "2019-12-31": "", "2019-09-30": "", "2019-06-30": "", "2019-03-31": "", "2018-12-31": "", "2018-09-30": "", "2018-06-30": "", "2018-03-31": "", "2017-12-31": "", "2017-09-30": "", "2017-06-30": "", "2017-03-31": "", "2016-12-31": "", "2016-09-30": "", "2016-06-30": "", "2016-03-31": "", "2015-12-31": "", "2015-09-30": "", "2015-06-30": "", "2015-03-31": "", "2014-12-31": "", "2014-09-30": "", "2014-06-30": "", "2014-03-31": "", "2013-12-31": "", "2013-09-30": "", "2013-06-30": "", "2013-03-31": "", "2012-12-31": "", "2012-09-30": "", "2012-06-30": "", "2012-03-31": "", "2011-12-31": "", "2011-09-30": "", "2011-06-30": "", "2011-03-31": "", "2010-12-31": "", "2010-09-30": "", "2010-06-30": "", "2010-03-31": "", "2009-12-31": "", "2009-09-30": "", "2009-06-30": "", "2009-03-31": "", "2008-12-31": "", "2008-09-30": "", "2008-06-30": "", "2008-03-31": "", "2007-12-31": "", "2007-09-30": "", "2007-06-30": "", "2007-03-31": "", "2006-12-31": "", "2006-09-30": "", "2006-06-30": "", "2006-03-31": "", "2005-12-31": "", "2005-09-30": "", "2005-06-30": "", "2005-03-31": ""}, "Inventory": {"2020-12-31": "", "2020-09-30": "", "2020-06-30": "", "2020-03-31": "", "2019-12-31": "", "2019-09-30": "", "2019-06-30": "", "2019-03-31": "", "2018-12-31": "", "2018-09-30": "", "2018-06-30": "", "2018-03-31": "", "2017-12-31": "", "2017-09-30": "", "2017-06-30": "", "2017-03-31": "", "2016-12-31": "", "2016-09-30": "", "2016-06-30": "", "2016-03-31": "", "2015-12-31": "", "2015-09-30": "", "2015-06-30": "", "2015-03-31": "", "2014-12-31": "", "2014-09-30": "", "2014-06-30": "", "2014-03-31": "", "2013-12-31": "", "2013-09-30": "", "2013-06-30": "", "2013-03-31": "", "2012-12-31": "", "2012-09-30": "", "2012-06-30": "", "2012-03-31": "", "2011-12-31": "", "2011-09-30": "", "2011-06-30": "", "2011-03-31": "", "2010-12-31": "", "2010-09-30": "", "2010-06-30": "", "2010-03-31": "", "2009-12-31": "", "2009-09-30": "", "2009-06-30": "", "2009-03-31": "", "2008-12-31": "", "2008-09-30": "", "2008-06-30": "", "2008-03-31": "", "2007-12-31": "", "2007-09-30": "", "2007-06-30": "", "2007-03-31": "", "2006-12-31": "", "2006-09-30": "", "2006-06-30": "", "2006-03-31": "", "2005-12-31": "", "2005-09-30": "", "2005-06-30": "", "2005-03-31": ""}, "Pre-Paid Expenses": {"2020-12-31": "", "2020-09-30": "", "2020-06-30": "", "2020-03-31": "", "2019-12-31": "", "2019-09-30": "", "2019-06-30": "", "2019-03-31": "", "2018-12-31": "", "2018-09-30": "", "2018-06-30": "", "2018-03-31": "", "2017-12-31": "", "2017-09-30": "", "2017-06-30": "", "2017-03-31": "", "2016-12-31": "", "2016-09-30": "", "2016-06-30": "", "2016-03-31": "", "2015-12-31": "", "2015-09-30": "", "2015-06-30": "", "2015-03-31": "", "2014-12-31": "", "2014-09-30": "", "2014-06-30": "", "2014-03-31": "", "2013-12-31": "", "2013-09-30": "", "2013-06-30": "", "2013-03-31": "", "2012-12-31": "", "2012-09-30": "", "2012-06-30": "", "2012-03-31": "", "2011-12-31": "", "2011-09-30": "", "2011-06-30": "", "2011-03-31": "", "2010-12-31": "", "2010-09-30": "", "2010-06-30": "", "2010-03-31": "", "2009-12-31": "", "2009-09-30": "", "2009-06-30": "", "2009-03-31": "", "2008-12-31": "", "2008-09-30": "", "2008-06-30": "", "2008-03-31": "", "2007-12-31": "", "2007-09-30": "", "2007-06-30": "", "2007-03-31": "", "2006-12-31": "", "2006-09-30": "", "2006-06-30": "", "2006-03-31": "", "2005-12-31": "", "2005-09-30": "", "2005-06-30": "", "2005-03-31": ""}, "Other Current Assets": {"2020-12-31": "", "2020-09-30": "", "2020-06-30": "", "2020-03-31": "", "2019-12-31": "", "2019-09-30": "", "2019-06-30": "", "2019-03-31": "", "2018-12-31": "", "2018-09-30": "", "2018-06-30": "", "2018-03-31": "", "2017-12-31": "", "2017-09-30": "", "2017-06-30": "", "2017-03-31": "", "2016-12-31": "", "2016-09-30": "", "2016-06-30": "", "2016-03-31": "", "2015-12-31": "", "2015-09-30": "", "2015-06-30": "", "2015-03-31": "", "2014-12-31": "", "2014-09-30": "", "2014-06-30": "", "2014-03-31": "", "2013-12-31": "", "2013-09-30": "", "2013-06-30": "", "2013-03-31": "", "2012-12-31": "", "2012-09-30": "", "2012-06-30": "", "2012-03-31": "", "2011-12-31": "", "2011-09-30": "", "2011-06-30": "", "2011-03-31": "", "2010-12-31": "", "2010-09-30": "", "2010-06-30": "", "2010-03-31": "", "2009-12-31": "", "2009-09-30": "", "2009-06-30": "", "2009-03-31": "", "2008-12-31": "", "2008-09-30": "", "2008-06-30": "", "2008-03-31": "", "2007-12-31": "", "2007-09-30": "", "2007-06-30": "", "2007-03-31": "", "2006-12-31": "", "2006-09-30": "", "2006-06-30": "", "2006-03-31": "", "2005-12-31": "", "2005-09-30": "", "2005-06-30": "", "2005-03-31": ""}, "Total Current Assets": {"2020-12-31": "69466.00000", "2020-09-30": "68266.41000", "2020-06-30": "38334.01000", "2020-03-31": "37388.07000", "2019-12-31": "34550.10000", "2019-09-30": "35087.39000", "2019-06-30": "33626.57000", "2019-03-31": "32354.43000", "2018-12-31": "32204.22000", "2018-09-30": "31973.59000", "2018-06-30": "32154.21000", "2018-03-31": "31428.86000", "2017-12-31": "32291.43000", "2017-09-30": "23541.24000", "2017-06-30": "23321.20000", "2017-03-31": "23671.79000", "2016-12-31": "22551.01000", "2016-09-30": "22299.36000", "2016-06-30": "21418.10000", "2016-03-31": "20862.69000", "2015-12-31": "20181.61000", "2015-09-30": "19662.28000", "2015-06-30": "19580.41000", "2015-03-31": "19956.90000", "2014-12-31": "20069.25000", "2014-09-30": "18446.04000", "2014-06-30": "18584.57000", "2014-03-31": "18237.05000", "2013-12-31": "17910.60000", "2013-09-30": "18159.77000", "2013-06-30": "19121.18000", "2013-03-31": "19055.88000", "2012-12-31": "19673.68000", "2012-09-30": "19974.73000", "2012-06-30": "19368.84000", "2012-03-31": "19542.67000", "2011-12-31": "18860.99000", "2011-09-30": "19344.13000", "2011-06-30": "18931.96000", "2011-03-31": "18447.38000", "2010-12-31": "18695.42000", "2010-09-30": "19733.94000", "2010-06-30": "20756.59000", "2010-03-31": "20040.81000", "2009-12-31": "20171.67000", "2009-09-30": "20698.94000", "2009-06-30": "22806.25000", "2009-03-31": "24838.89000", "2008-12-31": "24652.90000", "2008-09-30": "26546.82000", "2008-06-30": "28806.92000", "2008-03-31": "30302.49000", "2007-12-31": "30105.09000", "2007-09-30": "30221.04000", "2007-06-30": "30993.75000", "2007-03-31": "31191.13000", "2006-12-31": "29889.35000", "2006-09-30": "30969.90000", "2006-06-30": "30455.37000", "2006-03-31": "30223.12000", "2005-12-31": "29932.93000", "2005-09-30": "30667.27000", "2005-06-30": "30718.18000", "2005-03-31": "28939.42000"}, "Property, Plant, And Equipment": {"2020-12-31": "759.00000", "2020-09-30": "756.11300", "2020-06-30": "448.02800", "2020-03-31": "447.81200", "2019-12-31": "455.00600", "2019-09-30": "451.60000", "2019-06-30": "454.27100", "2019-03-31": "484.49400", "2018-12-31": "494.04100", "2018-09-30": "506.45300", "2018-06-30": "525.17500", "2018-03-31": "531.98100", "2017-12-31": "532.25100", "2017-09-30": "293.39300", "2017-06-30": "292.46300", "2017-03-31": "290.49700", "2016-12-31": "289.38500", "2016-09-30": "279.17800", "2016-06-30": "279.67600", "2016-03-31": "274.34700", "2015-12-31": "275.61900", "2015-09-30": "269.33200", "2015-06-30": "269.50700", "2015-03-31": "301.06900", "2014-12-31": "302.99600", "2014-09-30": "295.83300", "2014-06-30": "300.53300", "2014-03-31": "299.18300", "2013-12-31": "305.24400", "2013-09-30": "308.77900", "2013-06-30": "314.76400", "2013-03-31": "299.74000", "2012-12-31": "303.27300", "2012-09-30": "305.34600", "2012-06-30": "311.75300", "2012-03-31": "314.90300", "2011-12-31": "321.25300", "2011-09-30": "326.66700", "2011-06-30": "330.39200", "2011-03-31": "320.87100", "2010-12-31": "322.31900", "2010-09-30": "311.94700", "2010-06-30": "307.45200", "2010-03-31": "308.71400", "2009-12-31": "313.82400", "2009-09-30": "321.78800", "2009-06-30": "325.66600", "2009-03-31": "330.29900", "2008-12-31": "333.93100", "2008-09-30": "336.07800", "2008-06-30": "344.41000", "2008-03-31": "382.48800", "2007-12-31": "399.30500", "2007-09-30": "411.51500", "2007-06-30": "438.80700", "2007-03-31": "445.30100", "2006-12-31": "451.70800", "2006-09-30": "441.65900", "2006-06-30": "431.38500", "2006-03-31": "422.34600", "2005-12-31": "408.53900", "2005-09-30": "404.86700", "2005-06-30": "384.28300", "2005-03-31": "377.88700"}, "Long-Term Investments": {"2020-12-31": "8057.00000", "2020-09-30": "7995.87200", "2020-06-30": "5486.15600", "2020-03-31": "4554.90700", "2019-12-31": "4445.40300", "2019-09-30": "4425.84500", "2019-06-30": "4425.60900", "2019-03-31": "4626.32200", "2018-12-31": "4636.47000", "2018-09-30": "4618.38300", "2018-06-30": "4734.41100", "2018-03-31": "4836.15500", "2017-12-31": "5180.25500", "2017-09-30": "3973.13800", "2017-06-30": "3959.59200", "2017-03-31": "3953.63200", "2016-12-31": "3957.84600", "2016-09-30": "4041.93400", "2016-06-30": "4023.57600", "2016-03-31": "4028.73100", "2015-12-31": "3944.16600", "2015-09-30": "3677.95400", "2015-06-30": "3653.16600", "2015-03-31": "3676.63000", "2014-12-31": "3560.90500", "2014-09-30": "3538.95700", "2014-06-30": "3580.82100", "2014-03-31": "3575.45300", "2013-12-31": "3398.45700", "2013-09-30": "3186.94300", "2013-06-30": "3228.37900", "2013-03-31": "3190.21900", "2012-12-31": "3061.80800", "2012-09-30": "3123.62900", "2012-06-30": "3264.86600", "2012-03-31": "3296.60300", "2011-12-31": "3066.27200", "2011-09-30": "3327.84600", "2011-06-30": "3230.47700", "2011-03-31": "3085.47800", "2010-12-31": "3031.93000", "2010-09-30": "2611.46000", "2010-06-30": "2489.81900", "2010-03-31": "2697.71900", "2009-12-31": "2694.46800", "2009-09-30": "2645.92200", "2009-06-30": "2821.07900", "2009-03-31": "3016.01300", "2008-12-31": "3125.15300", "2008-09-30": "2840.73900", "2008-06-30": "2896.92800", "2008-03-31": "3034.79800", "2007-12-31": "3032.79100", "2007-09-30": "3076.36000", "2007-06-30": "3374.85300", "2007-03-31": "3310.96000", "2006-12-31": "3923.48400", "2006-09-30": "4014.00300", "2006-06-30": "3138.05100", "2006-03-31": "2944.82600", "2005-12-31": "2912.48600", "2005-09-30": "2842.01600", "2005-06-30": "2998.49500", "2005-03-31": "2899.91600"}, "Goodwill And Intangible Assets": {"2020-12-31": "1864.00000", "2020-09-30": "1876.13100", "2020-06-30": "1552.39500", "2020-03-31": "1557.67900", "2019-12-31": "1562.98700", "2019-09-30": "1569.19300", "2019-06-30": "1575.39900", "2019-03-31": "1581.60500", "2018-12-31": "1587.82100", "2018-09-30": "1571.31700", "2018-06-30": "1577.23100", "2018-03-31": "1572.91600", "2017-12-31": "1571.24200", "2017-09-30": "279.49200", "2017-06-30": "281.45600", "2017-03-31": "211.15600", "2016-12-31": "212.38800", "2016-09-30": "213.68800", "2016-06-30": "214.92300", "2016-03-31": "216.22200", "2015-12-31": "217.52200", "2015-09-30": "171.55600", "2015-06-30": "172.85400", "2015-03-31": "174.15200", "2014-12-31": "175.45000", "2014-09-30": "160.98700", "2014-06-30": "161.96800", "2014-03-31": "162.95000", "2013-12-31": "236.72400", "2013-09-30": "279.38100", "2013-06-30": "277.47600", "2013-03-31": "265.11600", "2012-12-31": "271.25300", "2012-09-30": "278.45800", "2012-06-30": "288.19200", "2012-03-31": "302.83600", "2011-12-31": "303.97100", "2011-09-30": "311.70500", "2011-06-30": "351.02500", "2011-03-31": "391.37300", "2010-12-31": "402.38000", "2010-09-30": "388.38600", "2010-06-30": "399.57100", "2010-03-31": "464.16600", "2009-12-31": "506.39500", "2009-09-30": "508.16100", "2009-06-30": "571.44100", "2009-03-31": "616.87800", "2008-12-31": "614.33400", "2008-09-30": "1037.78600", "2008-06-30": "1380.41800", "2008-03-31": "1140.34800", "2007-12-31": "1409.13500", "2007-09-30": "1796.55500", "2007-06-30": "1864.73800", "2007-03-31": "1877.29500", "2006-12-31": "1874.05400", "2006-09-30": "1843.42100", "2006-06-30": "1952.37800", "2006-03-31": "1833.58900", "2005-12-31": "1672.71600", "2005-09-30": "1569.36900", "2005-06-30": "1358.63400", "2005-03-31": "1474.26600"}, "Other Long-Term Assets": {"2020-12-31": "4063.00000", "2020-09-30": "4135.05600", "2020-06-30": "2824.07300", "2020-03-31": "3248.90900", "2019-12-31": "2297.40500", "2019-09-30": "2183.65200", "2019-06-30": "2089.92300", "2019-03-31": "2052.15000", "2018-12-31": "1909.70400", "2018-09-30": "1966.18100", "2018-06-30": "2085.76900", "2018-03-31": "2093.28400", "2017-12-31": "1848.20500", "2017-09-30": "1535.37600", "2017-06-30": "1515.25100", "2017-03-31": "1491.52400", "2016-12-31": "1544.60200", "2016-09-30": "1615.06000", "2016-06-30": "1604.79800", "2016-03-31": "1581.68800", "2015-12-31": "1573.71900", "2015-09-30": "1604.95100", "2015-06-30": "1561.45900", "2015-03-31": "1604.56400", "2014-12-31": "1559.58200", "2014-09-30": "1403.04200", "2014-06-30": "1590.45100", "2014-03-31": "1662.20400", "2013-12-31": "1938.81200", "2013-09-30": "1923.88100", "2013-06-30": "1911.00400", "2013-03-31": "1992.09600", "2012-12-31": "2024.00200", "2012-09-30": "2057.67000", "2012-06-30": "2259.30300", "2012-03-31": "2221.95900", "2011-12-31": "2236.90000", "2011-09-30": "2261.12000", "2011-06-30": "2210.20600", "2011-03-31": "2193.24200", "2010-12-31": "2246.90700", "2010-09-30": "2338.44600", "2010-06-30": "2300.79600", "2010-03-31": "2412.16700", "2009-12-31": "2382.32100", "2009-09-30": "2291.03900", "2009-06-30": "2234.51500", "2009-03-31": "2405.94100", "2008-12-31": "2295.65800", "2008-09-30": "2042.95500", "2008-06-30": "2121.28000", "2008-03-31": "2407.82200", "2007-12-31": "2069.14600", "2007-09-30": "1972.77600", "2007-06-30": "1721.93200", "2007-03-31": "2003.72400", "2006-12-31": "1779.24400", "2006-09-30": "1867.46700", "2006-06-30": "1491.35800", "2006-03-31": "1820.39000", "2005-12-31": "1488.84600", "2005-09-30": "1429.42700", "2005-06-30": "1569.14500", "2005-03-31": "1339.72700"}, "Total Long-Term Assets": {"2020-12-31": "14743.00000", "2020-09-30": "14763.17000", "2020-06-30": "10310.65000", "2020-03-31": "9809.30800", "2019-12-31": "8760.80100", "2019-09-30": "8630.29000", "2019-06-30": "8545.20100", "2019-03-31": "8744.57100", "2018-12-31": "8628.03600", "2018-09-30": "8662.33400", "2018-06-30": "8922.58600", "2018-03-31": "9034.33600", "2017-12-31": "9131.95300", "2017-09-30": "6081.39900", "2017-06-30": "6048.76200", "2017-03-31": "5946.80900", "2016-12-31": "6004.22100", "2016-09-30": "6149.86000", "2016-06-30": "6122.97300", "2016-03-31": "6100.98800", "2015-12-31": "6011.02600", "2015-09-30": "5723.79300", "2015-06-30": "5656.98600", "2015-03-31": "5756.41500", "2014-12-31": "5598.93300", "2014-09-30": "5536.56100", "2014-06-30": "5633.77300", "2014-03-31": "5699.79000", "2013-12-31": "5879.23700", "2013-09-30": "5698.98400", "2013-06-30": "5731.62300", "2013-03-31": "5747.17100", "2012-12-31": "5660.33600", "2012-09-30": "5765.10300", "2012-06-30": "6124.11400", "2012-03-31": "6136.30100", "2011-12-31": "5928.39600", "2011-09-30": "6227.33800", "2011-06-30": "6122.10000", "2011-03-31": "5990.96400", "2010-12-31": "6003.53600", "2010-09-30": "5650.23900", "2010-06-30": "5497.63800", "2010-03-31": "5882.76600", "2009-12-31": "5897.00800", "2009-09-30": "5766.91000", "2009-06-30": "5952.70100", "2009-03-31": "6369.13100", "2008-12-31": "6369.07600", "2008-09-30": "6257.55800", "2008-06-30": "6743.03600", "2008-03-31": "6965.45600", "2007-12-31": "6910.37700", "2007-09-30": "7257.20600", "2007-06-30": "7400.33100", "2007-03-31": "7637.63800", "2006-12-31": "8028.90700", "2006-09-30": "9106.27800", "2006-06-30": "7013.86800", "2006-03-31": "7077.86300", "2005-12-31": "6646.13200", "2005-09-30": "6375.03700", "2005-06-30": "6447.60200", "2005-03-31": "6218.00900"}, "Total Assets": {"2020-12-31": "84209.00000", "2020-09-30": "83029.58000", "2020-06-30": "48644.66000", "2020-03-31": "47197.38000", "2019-12-31": "43310.90000", "2019-09-30": "43717.68000", "2019-06-30": "42171.77000", "2019-03-31": "41099.00000", "2018-12-31": "40832.26000", "2018-09-30": "40635.93000", "2018-06-30": "41076.80000", "2018-03-31": "40463.20000", "2017-12-31": "41423.39000", "2017-09-30": "29622.64000", "2017-06-30": "29369.96000", "2017-03-31": "29618.60000", "2016-12-31": "28555.23000", "2016-09-30": "28449.22000", "2016-06-30": "27541.07000", "2016-03-31": "26963.68000", "2015-12-31": "26192.64000", "2015-09-30": "25386.07000", "2015-06-30": "25237.39000", "2015-03-31": "25713.32000", "2014-12-31": "25668.19000", "2014-09-30": "23982.60000", "2014-06-30": "24218.35000", "2014-03-31": "23936.84000", "2013-12-31": "23789.83000", "2013-09-30": "23858.75000", "2013-06-30": "24852.80000", "2013-03-31": "24803.05000", "2012-12-31": "25334.02000", "2012-09-30": "25739.83000", "2012-06-30": "25492.96000", "2012-03-31": "25678.97000", "2011-12-31": "24789.38000", "2011-09-30": "25571.47000", "2011-06-30": "25054.07000", "2011-03-31": "24438.34000", "2010-12-31": "24698.95000", "2010-09-30": "25384.18000", "2010-06-30": "26254.23000", "2010-03-31": "25923.58000", "2009-12-31": "26068.68000", "2009-09-30": "26465.85000", "2009-06-30": "28758.94000", "2009-03-31": "31208.02000", "2008-12-31": "31021.98000", "2008-09-30": "32804.38000", "2008-06-30": "35549.96000", "2008-03-31": "37267.95000", "2007-12-31": "37015.46000", "2007-09-30": "37478.25000", "2007-06-30": "38394.09000", "2007-03-31": "38828.77000", "2006-12-31": "37918.26000", "2006-09-30": "40076.18000", "2006-06-30": "37469.23000", "2006-03-31": "37300.98000", "2005-12-31": "36579.06000", "2005-09-30": "37042.31000", "2005-06-30": "37165.79000", "2005-03-31": "35157.42000"}, "Total Current Liabilities": {"2020-12-31": "72533.00000", "2020-09-30": "71027.70000", "2020-06-30": "40383.79000", "2020-03-31": "40197.54000", "2019-12-31": "36453.43000", "2019-09-30": "36612.64000", "2019-06-30": "35162.33000", "2019-03-31": "34118.54000", "2018-12-31": "34152.29000", "2018-09-30": "33933.68000", "2018-06-30": "34623.25000", "2018-03-31": "34043.32000", "2017-12-31": "34941.51000", "2017-09-30": "25125.22000", "2017-06-30": "24992.38000", "2017-03-31": "25318.64000", "2016-12-31": "24184.65000", "2016-09-30": "23949.42000", "2016-06-30": "22922.55000", "2016-03-31": "22176.84000", "2015-12-31": "21473.66000", "2015-09-30": "20606.99000", "2015-06-30": "20426.01000", "2015-03-31": "20623.09000", "2014-12-31": "20419.74000", "2014-09-30": "18874.63000", "2014-06-30": "19360.33000", "2014-03-31": "19091.48000", "2013-12-31": "18769.87000", "2013-09-30": "18663.70000", "2013-06-30": "19632.17000", "2013-03-31": "19022.35000", "2012-12-31": "19541.80000", "2012-09-30": "19396.22000", "2012-06-30": "19463.24000", "2012-03-31": "19485.54000", "2011-12-31": "18619.90000", "2011-09-30": "18893.32000", "2011-06-30": "18588.84000", "2011-03-31": "18098.59000", "2010-12-31": "17865.79000", "2010-09-30": "18023.49000", "2010-06-30": "18449.63000", "2010-03-31": "18230.55000", "2009-12-31": "18796.71000", "2009-09-30": "18657.12000", "2009-06-30": "20224.43000", "2009-03-31": "21289.43000", "2008-12-31": "20632.08000", "2008-09-30": "22198.89000", "2008-06-30": "24177.00000", "2008-03-31": "25163.17000", "2007-12-31": "25862.03000", "2007-09-30": "25614.56000", "2007-06-30": "26508.28000", "2007-03-31": "27163.99000", "2006-12-31": "27223.50000", "2006-09-30": "29475.26000", "2006-06-30": "26732.07000", "2006-03-31": "27370.75000", "2005-12-31": "28648.96000", "2005-09-30": "29751.80000", "2005-06-30": "29409.59000", "2005-03-31": "27688.18000"}, "Long Term Debt": {"2020-12-31": "1670.00000", "2020-09-30": "2161.87000", "2020-06-30": "2032.47600", "2020-03-31": "792.75100", "2019-12-31": "791.36800", "2019-09-30": "1195.09600", "2019-06-30": "1186.64600", "2019-03-31": "1177.92600", "2018-12-31": "1170.96300", "2018-09-30": "1200.13400", "2018-06-30": "1227.28100", "2018-03-31": "1214.96700", "2017-12-31": "1218.09700", "2017-09-30": "1059.50700", "2017-06-30": "1033.32900", "2017-03-31": "1035.03600", "2016-12-31": "1040.65600", "2016-09-30": "1065.65100", "2016-06-30": "1076.94300", "2016-03-31": "1323.74900", "2015-12-31": "1312.67700", "2015-09-30": "1339.94000", "2015-06-30": "1555.27200", "2015-03-31": "1570.64600", "2014-12-31": "1880.10500", "2014-09-30": "1491.13800", "2014-06-30": "1501.20900", "2014-03-31": "1507.04800", "2013-12-31": "1739.85900", "2013-09-30": "1771.28800", "2013-06-30": "1800.25500", "2013-03-31": "2197.86400", "2012-12-31": "2226.48200", "2012-09-30": "2263.23800", "2012-06-30": "2294.22400", "2012-03-31": "2340.70600", "2011-12-31": "2481.66000", "2011-09-30": "2509.80400", "2011-06-30": "2502.51700", "2011-03-31": "2514.75400", "2010-12-31": "3228.07000", "2010-09-30": "2805.73100", "2010-06-30": "2926.67500", "2010-03-31": "2932.52400", "2009-12-31": "2891.13300", "2009-09-30": "3079.46800", "2009-06-30": "3235.35100", "2009-03-31": "4089.63600", "2008-12-31": "4767.66000", "2008-09-30": "5295.58800", "2008-06-30": "6550.41700", "2008-03-31": "6870.06800", "2007-12-31": "6828.41700", "2007-09-30": "6800.55300", "2007-06-30": "6650.10400", "2007-03-31": "6528.01500", "2006-12-31": "5836.36000", "2006-09-30": "5487.18800", "2006-06-30": "5606.29400", "2006-03-31": "4599.33900", "2005-12-31": "3437.64300", "2005-09-30": "2000.11300", "2005-06-30": "2537.04600", "2005-03-31": "2591.35400"}, "Other Non-Current Liabilities": {"2020-12-31": "1699.00000", "2020-09-30": "1695.86800", "2020-06-30": "995.27290", "2020-03-31": "1060.23100", "2019-12-31": "990.09400", "2019-09-30": "847.06400", "2019-06-30": "830.34700", "2019-03-31": "855.72900", "2018-12-31": "714.04800", "2018-09-30": "723.24500", "2018-06-30": "661.77900", "2018-03-31": "626.21100", "2017-12-31": "634.29500", "2017-09-30": "510.05600", "2017-06-30": "488.79200", "2017-03-31": "503.34400", "2016-12-31": "603.84100", "2016-09-30": "620.66800", "2016-06-30": "759.25500", "2016-03-31": "763.74600", "2015-12-31": "743.64500", "2015-09-30": "763.55100", "2015-06-30": "683.90500", "2015-03-31": "929.15100", "2014-12-31": "768.59800", "2014-09-30": "675.05700", "2014-06-30": "646.23000", "2014-03-31": "766.28300", "2013-12-31": "758.17800", "2013-09-30": "936.69100", "2013-06-30": "783.73400", "2013-03-31": "885.15200", "2012-12-31": "946.20200", "2012-09-30": "974.28800", "2012-06-30": "1017.53400", "2012-03-31": "817.52700", "2011-12-31": "838.48300", "2011-09-30": "915.94500", "2011-06-30": "816.33100", "2011-03-31": "771.60600", "2010-12-31": "861.57700", "2010-09-30": "868.54700", "2010-06-30": "836.60700", "2010-03-31": "748.70800", "2009-12-31": "785.38900", "2009-09-30": "816.22400", "2009-06-30": "939.73600", "2009-03-31": "937.82600", "2008-12-31": "932.17600", "2008-09-30": "791.86700", "2008-06-30": "960.94200", "2008-03-31": "1138.33100", "2007-12-31": "1307.79300", "2007-09-30": "1292.68400", "2007-06-30": "1332.91000", "2007-03-31": "1205.85900", "2006-12-31": "1294.28300", "2006-09-30": "1311.62800", "2006-06-30": "1327.36000", "2006-03-31": "1460.69300", "2005-12-31": "1136.22100", "2005-09-30": "1105.09000", "2005-06-30": "1077.94000", "2005-03-31": "1095.54200"}, "Total Long Term Liabilities": {"2020-12-31": "3369.00000", "2020-09-30": "3857.73800", "2020-06-30": "3027.74900", "2020-03-31": "1852.98200", "2019-12-31": "1781.46200", "2019-09-30": "2042.16000", "2019-06-30": "2016.99300", "2019-03-31": "2033.65500", "2018-12-31": "1885.01100", "2018-09-30": "1923.37900", "2018-06-30": "1889.06000", "2018-03-31": "1841.17800", "2017-12-31": "1852.39200", "2017-09-30": "1569.56300", "2017-06-30": "1522.12100", "2017-03-31": "1538.38000", "2016-12-31": "1644.49700", "2016-09-30": "1686.31900", "2016-06-30": "1836.19800", "2016-03-31": "2087.49500", "2015-12-31": "2056.32200", "2015-09-30": "2103.49100", "2015-06-30": "2239.17700", "2015-03-31": "2499.79700", "2014-12-31": "2648.70300", "2014-09-30": "2166.19500", "2014-06-30": "2147.43900", "2014-03-31": "2273.33100", "2013-12-31": "2498.03700", "2013-09-30": "2707.97900", "2013-06-30": "2583.98900", "2013-03-31": "3083.01600", "2012-12-31": "3172.68400", "2012-09-30": "3237.52600", "2012-06-30": "3311.75800", "2012-03-31": "3158.23300", "2011-12-31": "3320.14300", "2011-09-30": "3425.74900", "2011-06-30": "3318.84800", "2011-03-31": "3286.36000", "2010-12-31": "4089.64700", "2010-09-30": "3674.27800", "2010-06-30": "3763.28200", "2010-03-31": "3681.23200", "2009-12-31": "3676.52200", "2009-09-30": "3895.69200", "2009-06-30": "4175.08700", "2009-03-31": "5027.46200", "2008-12-31": "5699.83600", "2008-09-30": "6087.45500", "2008-06-30": "7511.35900", "2008-03-31": "8008.39900", "2007-12-31": "8431.48700", "2007-09-30": "8388.51400", "2007-06-30": "8278.29100", "2007-03-31": "8061.75900", "2006-12-31": "7432.87900", "2006-09-30": "7101.06700", "2006-06-30": "7237.35000", "2006-03-31": "6588.70800", "2005-12-31": "4991.16400", "2005-09-30": "3490.60200", "2005-06-30": "4020.14400", "2005-03-31": "4060.68000"}, "Total Liabilities": {"2020-12-31": "75903.00000", "2020-09-30": "74885.44000", "2020-06-30": "43436.27000", "2020-03-31": "42141.80000", "2019-12-31": "38234.89000", "2019-09-30": "38721.64000", "2019-06-30": "37245.69000", "2019-03-31": "36252.48000", "2018-12-31": "36046.88000", "2018-09-30": "35893.99000", "2018-06-30": "36527.05000", "2018-03-31": "35890.67000", "2017-12-31": "36842.90000", "2017-09-30": "26739.09000", "2017-06-30": "26543.07000", "2017-03-31": "26878.14000", "2016-12-31": "25850.15000", "2016-09-30": "25704.64000", "2016-06-30": "24849.15000", "2016-03-31": "24320.73000", "2015-12-31": "23553.05000", "2015-09-30": "22805.83000", "2015-06-30": "22719.49000", "2015-03-31": "23214.06000", "2014-12-31": "23086.60000", "2014-09-30": "21370.78000", "2014-06-30": "21603.07000", "2014-03-31": "21404.32000", "2013-12-31": "21289.08000", "2013-09-30": "21425.46000", "2013-06-30": "22306.39000", "2013-03-31": "22203.32000", "2012-12-31": "22824.81000", "2012-09-30": "23207.94000", "2012-06-30": "22978.55000", "2012-03-31": "23004.80000", "2011-12-31": "22104.75000", "2011-09-30": "22828.24000", "2011-06-30": "22372.68000", "2011-03-31": "21798.29000", "2010-12-31": "22020.95000", "2010-09-30": "22077.29000", "2010-06-30": "22966.99000", "2010-03-31": "22652.63000", "2009-12-31": "22766.21000", "2009-09-30": "23095.64000", "2009-06-30": "25364.96000", "2009-03-31": "27700.35000", "2008-12-31": "27447.35000", "2008-09-30": "29931.46000", "2008-06-30": "32557.24000", "2008-03-31": "34860.44000", "2007-12-31": "34879.86000", "2007-09-30": "35056.43000", "2007-06-30": "35930.60000", "2007-03-31": "36314.09000", "2006-12-31": "35455.87000", "2006-09-30": "37565.66000", "2006-06-30": "35027.04000", "2006-03-31": "34901.37000", "2005-12-31": "34231.52000", "2005-09-30": "34749.97000", "2005-06-30": "34948.88000", "2005-03-31": "33032.62000"}, "Common Stock Net": {"2020-12-31": "347.00000", "2020-09-30": "346.74200", "2020-06-30": "195.22400", "2020-03-31": "194.91400", "2019-12-31": "194.66800", "2019-09-30": "194.48700", "2019-06-30": "195.29900", "2019-03-31": "197.10100", "2018-12-31": "199.10800", "2018-09-30": "202.46400", "2018-06-30": "203.12700", "2018-03-31": "204.49600", "2017-12-31": "204.21100", "2017-09-30": "146.39500", "2017-06-30": "146.33600", "2017-03-31": "146.17700", "2016-12-31": "146.01500", "2016-09-30": "145.77200", "2016-06-30": "145.01200", "2016-03-31": "145.34200", "2015-12-31": "149.11700", "2015-09-30": "146.39800", "2015-06-30": "146.26300", "2015-03-31": "145.93700", "2014-12-31": "146.38700", "2014-09-30": "147.03000", "2014-06-30": "148.21700", "2014-03-31": "147.86600", "2013-12-31": "147.73100", "2013-09-30": "147.70500", "2013-06-30": "150.34700", "2013-03-31": "150.76600", "2012-12-31": "152.24900", "2012-09-30": "154.45900", "2012-06-30": "155.50600", "2012-03-31": "157.91700", "2011-12-31": "160.91800", "2011-09-30": "164.76200", "2011-06-30": "164.81200", "2011-03-31": "164.58400", "2010-12-31": "164.60400", "2010-09-30": "145.52600", "2010-06-30": "143.02100", "2010-03-31": "141.04800", "2009-12-31": "138.73800", "2009-09-30": "136.65900", "2009-06-30": "134.50500", "2009-03-31": "132.24700", "2008-12-31": "128.30200", "2008-09-30": "125.99600", "2008-06-30": "122.34500", "2008-03-31": "79.24200", "2007-12-31": "78.97900", "2007-09-30": "78.99200", "2007-06-30": "78.89800", "2007-03-31": "78.59300", "2006-12-31": "78.04100", "2006-09-30": "77.79200", "2006-06-30": "77.46700", "2006-03-31": "77.01900", "2005-12-31": "78.88900", "2005-09-30": "78.75200", "2005-06-30": "78.19400", "2005-03-31": "77.58200"}, "Retained Earnings (Accumulated Deficit)": {"2020-12-31": "2261.00000", "2020-09-30": "2110.99000", "2020-06-30": "1671.62900", "2020-03-31": "1667.10500", "2019-12-31": "1798.44200", "2019-09-30": "1725.84600", "2019-06-30": "1660.52000", "2019-03-31": "1595.56800", "2018-12-31": "1542.40800", "2018-09-30": "1484.95900", "2018-06-30": "1254.06900", "2018-03-31": "1211.65500", "2017-12-31": "1160.43400", "2017-09-30": "1177.12600", "2017-06-30": "1131.16200", "2017-03-31": "1061.40900", "2016-12-31": "1029.03200", "2016-09-30": "992.26400", "2016-06-30": "945.66300", "2016-03-31": "905.59500", "2015-12-31": "874.30300", "2015-09-30": "841.73700", "2015-06-30": "797.12300", "2015-03-31": "760.71300", "2014-12-31": "851.58500", "2014-09-30": "816.48300", "2014-06-30": "782.10200", "2014-03-31": "716.54000", "2013-12-31": "695.20700", "2013-09-30": "657.67600", "2013-06-30": "777.10800", "2013-03-31": "748.42700", "2012-12-31": "719.67200", "2012-09-30": "681.46000", "2012-06-30": "658.15700", "2012-03-31": "785.36100", "2011-12-31": "757.36400", "2011-09-30": "724.97700", "2011-06-30": "691.49000", "2011-03-31": "674.06400", "2010-12-31": "631.71200", "2010-09-30": "737.01400", "2010-06-30": "767.76900", "2010-03-31": "809.62400", "2009-12-31": "891.58000", "2009-09-30": "1005.24400", "2009-06-30": "1100.46200", "2009-03-31": "1265.07300", "2008-12-31": "1387.85400", "2008-09-30": "1483.18400", "2008-06-30": "1646.27200", "2008-03-31": "1704.55900", "2007-12-31": "1742.89200", "2007-09-30": "2048.68900", "2007-06-30": "2120.01400", "2007-03-31": "2155.00700", "2006-12-31": "2144.27600", "2006-09-30": "2124.31200", "2006-06-30": "2113.51400", "2006-03-31": "2065.28500", "2005-12-31": "1905.93000", "2005-09-30": "1856.77600", "2005-06-30": "1797.94200", "2005-03-31": "1751.61800"}, "Comprehensive Income": {"2020-12-31": "-140.00000", "2020-09-30": "-140.47000", "2020-06-30": "-134.79800", "2020-03-31": "-136.16400", "2019-12-31": "-239.60800", "2019-09-30": "-240.65400", "2019-06-30": "-262.48900", "2019-03-31": "-321.15100", "2018-12-31": "-376.61600", "2018-09-30": "-437.64900", "2018-06-30": "-412.11400", "2018-03-31": "-390.08500", "2017-12-31": "-322.82500", "2017-09-30": "-232.38400", "2017-06-30": "-237.46200", "2017-03-31": "-249.95800", "2016-12-31": "-247.65400", "2016-09-30": "-160.82800", "2016-06-30": "-152.33400", "2016-03-31": "-170.44100", "2015-12-31": "-214.19200", "2015-09-30": "-176.67600", "2015-06-30": "-188.24800", "2015-03-31": "-169.15900", "2014-12-31": "-188.24600", "2014-09-30": "-132.83500", "2014-06-30": "-122.11100", "2014-03-31": "-140.11900", "2013-12-31": "-150.00900", "2013-09-30": "-176.39100", "2013-06-30": "-188.66500", "2013-03-31": "-151.63900", "2012-12-31": "-146.34300", "2012-09-30": "-116.68400", "2012-06-30": "-122.58300", "2012-03-31": "-124.61300", "2011-12-31": "-130.15600", "2011-09-30": "-83.55200", "2011-06-30": "-108.50800", "2011-03-31": "-130.37900", "2010-12-31": "-127.54600", "2010-09-30": "-109.95800", "2010-06-30": "-105.92200", "2010-03-31": "-113.29100", "2009-12-31": "-114.20900", "2009-09-30": "-116.26500", "2009-06-30": "-138.89200", "2009-03-31": "-142.50300", "2008-12-31": "-151.83100", "2008-09-30": "-48.03700", "2008-06-30": "-51.59900", "2008-03-31": "-34.39700", "2007-12-31": "-48.10100", "2007-09-30": "-65.87000", "2007-06-30": "-87.56800", "2007-03-31": "-60.41500", "2006-12-31": "-72.44800", "2006-09-30": "6.56300", "2006-06-30": "-31.35100", "2006-03-31": "-12.26000", "2005-12-31": "-42.24400", "2005-09-30": "-33.62100", "2005-06-30": "-13.67900", "2005-03-31": "-36.17900"}, "Other Share Holders Equity": {"2020-12-31": "", "2020-09-30": "", "2020-06-30": "", "2020-03-31": "", "2019-12-31": "", "2019-09-30": "", "2019-06-30": "", "2019-03-31": "", "2018-12-31": "", "2018-09-30": "", "2018-06-30": "", "2018-03-31": "", "2017-12-31": "", "2017-09-30": "", "2017-06-30": "", "2017-03-31": "", "2016-12-31": "", "2016-09-30": "", "2016-06-30": "", "2016-03-31": "", "2015-12-31": "", "2015-09-30": "", "2015-06-30": "", "2015-03-31": "", "2014-12-31": "", "2014-09-30": "", "2014-06-30": "", "2014-03-31": "", "2013-12-31": "", "2013-09-30": "", "2013-06-30": "", "2013-03-31": "", "2012-12-31": "", "2012-09-30": "", "2012-06-30": "", "2012-03-31": "", "2011-12-31": "", "2011-09-30": "", "2011-06-30": "", "2011-03-31": "", "2010-12-31": "", "2010-09-30": "", "2010-06-30": "", "2010-03-31": "", "2009-12-31": "", "2009-09-30": "", "2009-06-30": "", "2009-03-31": "", "2008-12-31": "", "2008-09-30": "", "2008-06-30": "", "2008-03-31": "", "2007-12-31": "", "2007-09-30": "", "2007-06-30": "", "2007-03-31": "", "2006-12-31": "", "2006-09-30": "", "2006-06-30": "", "2006-03-31": "", "2005-12-31": "", "2005-09-30": "", "2005-06-30": "", "2005-03-31": ""}, "Share Holder Equity": {"2020-12-31": "8307.00000", "2020-09-30": "8144.14200", "2020-06-30": "5208.38500", "2020-03-31": "5055.58000", "2019-12-31": "5076.00800", "2019-09-30": "4996.04300", "2019-06-30": "4926.08100", "2019-03-31": "4846.52100", "2018-12-31": "4785.38000", "2018-09-30": "4741.93100", "2018-06-30": "4549.74900", "2018-03-31": "4572.52800", "2017-12-31": "4580.48800", "2017-09-30": "2883.55100", "2017-06-30": "2826.88800", "2017-03-31": "2740.46000", "2016-12-31": "2705.08400", "2016-09-30": "2744.58200", "2016-06-30": "2691.92400", "2016-03-31": "2642.94800", "2015-12-31": "2639.58600", "2015-09-30": "2580.24500", "2015-06-30": "2517.90500", "2015-03-31": "2499.25700", "2014-12-31": "2581.59000", "2014-09-30": "2611.81400", "2014-06-30": "2615.27500", "2014-03-31": "2532.51200", "2013-12-31": "2500.75100", "2013-09-30": "2433.29300", "2013-06-30": "2546.40800", "2013-03-31": "2599.72700", "2012-12-31": "2509.20600", "2012-09-30": "2531.88800", "2012-06-30": "2514.40600", "2012-03-31": "2674.17300", "2011-12-31": "2684.63700", "2011-09-30": "2743.23000", "2011-06-30": "2681.38200", "2011-03-31": "2640.05700", "2010-12-31": "2678.00500", "2010-09-30": "3306.88800", "2010-06-30": "3287.23300", "2010-03-31": "3270.94200", "2009-12-31": "3302.46800", "2009-09-30": "3370.20900", "2009-06-30": "3393.98200", "2009-03-31": "3507.67600", "2008-12-31": "3574.63200", "2008-09-30": "2872.91800", "2008-06-30": "2992.72300", "2008-03-31": "2407.50400", "2007-12-31": "2135.59600", "2007-09-30": "2421.82700", "2007-06-30": "2463.48200", "2007-03-31": "2514.67600", "2006-12-31": "2462.39000", "2006-09-30": "2510.52400", "2006-06-30": "2442.19300", "2006-03-31": "2399.60800", "2005-12-31": "2347.53900", "2005-09-30": "2292.33700", "2005-06-30": "2216.91400", "2005-03-31": "2124.80000"}, "Total Liabilities And Share Holders Equity": {"2020-12-31": "84209.00000", "2020-09-30": "83029.58000", "2020-06-30": "48644.66000", "2020-03-31": "47197.38000", "2019-12-31": "43310.90000", "2019-09-30": "43717.68000", "2019-06-30": "42171.77000", "2019-03-31": "41099.00000", "2018-12-31": "40832.26000", "2018-09-30": "40635.93000", "2018-06-30": "41076.80000", "2018-03-31": "40463.20000", "2017-12-31": "41423.39000", "2017-09-30": "29622.64000", "2017-06-30": "29369.96000", "2017-03-31": "29618.60000", "2016-12-31": "28555.23000", "2016-09-30": "28449.22000", "2016-06-30": "27541.07000", "2016-03-31": "26963.68000", "2015-12-31": "26192.64000", "2015-09-30": "25386.07000", "2015-06-30": "25237.39000", "2015-03-31": "25713.32000", "2014-12-31": "25668.19000", "2014-09-30": "23982.60000", "2014-06-30": "24218.35000", "2014-03-31": "23936.84000", "2013-12-31": "23789.83000", "2013-09-30": "23858.75000", "2013-06-30": "24852.80000", "2013-03-31": "24803.05000", "2012-12-31": "25334.02000", "2012-09-30": "25739.83000", "2012-06-30": "25492.96000", "2012-03-31": "25678.97000", "2011-12-31": "24789.38000", "2011-09-30": "25571.47000", "2011-06-30": "25054.07000", "2011-03-31": "24438.34000", "2010-12-31": "24698.95000", "2010-09-30": "25384.18000", "2010-06-30": "26254.23000", "2010-03-31": "25923.58000", "2009-12-31": "26068.68000", "2009-09-30": "26465.85000", "2009-06-30": "28758.94000", "2009-03-31": "31208.02000", "2008-12-31": "31021.98000", "2008-09-30": "32804.38000", "2008-06-30": "35549.96000", "2008-03-31": "37267.95000", "2007-12-31": "37015.46000", "2007-09-30": "37478.25000", "2007-06-30": "38394.09000", "2007-03-31": "38828.77000", "2006-12-31": "37918.26000", "2006-09-30": "40076.18000", "2006-06-30": "37469.23000", "2006-03-31": "37300.98000", "2005-12-31": "36579.06000", "2005-09-30": "37042.31000", "2005-06-30": "37165.79000", "2005-03-31": "35157.42000"}}, "cash flow statement": {"Net Income/Loss": {"2020-12-31": "0.00000", "2019-12-31": "452.37300", "2018-12-31": "556.50700", "2017-12-31": "176.98000", "2016-12-31": "238.51100", "2015-12-31": "97.31300", "2014-12-31": "234.04600", "2013-12-31": "38.36900", "2012-12-31": "-16.29500", "2011-12-31": "142.63000", "2010-12-31": "61.60300", "2009-12-31": "-258.43500", "2008-12-31": "-177.97100", "2007-12-31": "-151.31100", "2006-12-31": "462.91400", "2005-12-31": "424.69700"}, "Total Depreciation And Amortization - Cash Flow": {"2020-12-31": "", "2019-12-31": "65.23900", "2018-12-31": "59.12500", "2017-12-31": "70.92400", "2016-12-31": "64.67300", "2015-12-31": "60.74300", "2014-12-31": "56.89400", "2013-12-31": "71.61300", "2012-12-31": "117.97200", "2011-12-31": "99.42100", "2010-12-31": "85.84800", "2009-12-31": "97.99800", "2008-12-31": "97.44800", "2007-12-31": "215.71800", "2006-12-31": "144.80600", "2005-12-31": "377.07500"}, "Other Non-Cash Items": {"2020-12-31": "", "2019-12-31": "97.95500", "2018-12-31": "-85.80600", "2017-12-31": "172.17800", "2016-12-31": "90.24400", "2015-12-31": "50.03400", "2014-12-31": "178.71100", "2013-12-31": "340.74200", "2012-12-31": "366.34800", "2011-12-31": "268.71900", "2010-12-31": "706.43500", "2009-12-31": "914.92590", "2008-12-31": "645.72710", "2007-12-31": "61.34900", "2006-12-31": "67.10900", "2005-12-31": "130.65600"}, "Total Non-Cash Items": {"2020-12-31": "", "2019-12-31": "163.19400", "2018-12-31": "-26.68100", "2017-12-31": "243.10200", "2016-12-31": "154.91700", "2015-12-31": "110.77700", "2014-12-31": "235.60500", "2013-12-31": "412.35500", "2012-12-31": "484.32000", "2011-12-31": "368.14000", "2010-12-31": "792.28300", "2009-12-31": "1012.92400", "2008-12-31": "743.17510", "2007-12-31": "277.06700", "2006-12-31": "211.91500", "2005-12-31": "507.73100"}, "Change In Accounts Receivable": {"2020-12-31": "", "2019-12-31": "-1260.93400", "2018-12-31": "-1425.06000", "2017-12-31": "-262.63700", "2016-12-31": "16.72100", "2015-12-31": "19.74700", "2014-12-31": "230.77800", "2013-12-31": "35.35600", "2012-12-31": "17.96700", "2011-12-31": "-33.15900", "2010-12-31": "85.78800", "2009-12-31": "129.21400", "2008-12-31": "2972.87200", "2007-12-31": "-569.45700", "2006-12-31": "1527.56500", "2005-12-31": "693.67300"}, "Change In Inventories": {"2020-12-31": "", "2019-12-31": "1592.81800", "2018-12-31": "1053.66200", "2017-12-31": "-304.39000", "2016-12-31": "-22.22100", "2015-12-31": "282.91500", "2014-12-31": "-166.84000", "2013-12-31": "259.43900", "2012-12-31": "-66.09500", "2011-12-31": "-240.99600", "2010-12-31": "-16.87500", "2009-12-31": "115.75700", "2008-12-31": "491.15600", "2007-12-31": "228.16900", "2006-12-31": "-100.99800", "2005-12-31": "-88.17200"}, "Change In Accounts Payable": {"2020-12-31": "", "2019-12-31": "0.33900", "2018-12-31": "15.16500", "2017-12-31": "5.93400", "2016-12-31": "-4.53500", "2015-12-31": "-9.12400", "2014-12-31": "0.16900", "2013-12-31": "-4.30100", "2012-12-31": "-2.38600", "2011-12-31": "-7.94500", "2010-12-31": "-6.74100", "2009-12-31": "-31.14400", "2008-12-31": "-51.76500", "2007-12-31": "-8.73900", "2006-12-31": "33.98800", "2005-12-31": "50.73600"}, "Change In Assets/Liabilities": {"2020-12-31": "", "2019-12-31": "-117.49600", "2018-12-31": "60.71200", "2017-12-31": "112.21300", "2016-12-31": "-203.40200", "2015-12-31": "-134.23400", "2014-12-31": "170.95000", "2013-12-31": "-309.84500", "2012-12-31": "-45.95900", "2011-12-31": "-184.69700", "2010-12-31": "-147.98400", "2009-12-31": "-184.04400", "2008-12-31": "202.96400", "2007-12-31": "356.36300", "2006-12-31": "-509.30000", "2005-12-31": "-766.99690"}, "Total Change In Assets/Liabilities": {"2020-12-31": "", "2019-12-31": "214.72700", "2018-12-31": "-295.52110", "2017-12-31": "-448.88000", "2016-12-31": "-213.43700", "2015-12-31": "159.30400", "2014-12-31": "235.05700", "2013-12-31": "-19.35100", "2012-12-31": "-96.47300", "2011-12-31": "-466.79700", "2010-12-31": "-85.81200", "2009-12-31": "29.78300", "2008-12-31": "3615.22700", "2007-12-31": "6.33600", "2006-12-31": "951.25490", "2005-12-31": "-110.75990"}, "Cash Flow From Operating Activities": {"2020-12-31": "", "2019-12-31": "830.29400", "2018-12-31": "234.30500", "2017-12-31": "-28.79800", "2016-12-31": "179.99100", "2015-12-31": "367.39400", "2014-12-31": "704.70800", "2013-12-31": "431.37300", "2012-12-31": "371.55200", "2011-12-31": "43.97300", "2010-12-31": "768.07400", "2009-12-31": "784.27200", "2008-12-31": "4180.43100", "2007-12-31": "132.09200", "2006-12-31": "1626.08400", "2005-12-31": "821.66800"}, "Net Change In Property, Plant, And Equipment": {"2020-12-31": "", "2019-12-31": "-29.10100", "2018-12-31": "-17.52200", "2017-12-31": "-49.63000", "2016-12-31": "-51.15800", "2015-12-31": "1.19600", "2014-12-31": "-27.89700", "2013-12-31": "-26.58400", "2012-12-31": "-14.50800", "2011-12-31": "-35.40800", "2010-12-31": "-42.63100", "2009-12-31": "-21.18000", "2008-12-31": "-23.66600", "2007-12-31": "-33.53900", "2006-12-31": "-100.21300", "2005-12-31": "-94.91700"}, "Net Change In Intangible Assets": {"2020-12-31": "", "2019-12-31": "", "2018-12-31": "", "2017-12-31": "", "2016-12-31": "", "2015-12-31": "", "2014-12-31": "", "2013-12-31": "", "2012-12-31": "", "2011-12-31": "", "2010-12-31": "", "2009-12-31": "", "2008-12-31": "", "2007-12-31": "", "2006-12-31": "", "2005-12-31": ""}, "Net Acquisitions/Divestitures": {"2020-12-31": "", "2019-12-31": "", "2018-12-31": "-73.62200", "2017-12-31": "-336.63400", "2016-12-31": "", "2015-12-31": "-5.08700", "2014-12-31": "413.35200", "2013-12-31": "54.93100", "2012-12-31": "5.27800", "2011-12-31": "24.46700", "2010-12-31": "", "2009-12-31": "0.80300", "2008-12-31": "-40.60800", "2007-12-31": "23.31800", "2006-12-31": "293.35800", "2005-12-31": "-822.85000"}, "Net Change In Short-term Investments": {"2020-12-31": "", "2019-12-31": "795.69500", "2018-12-31": "-91.21100", "2017-12-31": "-120.56900", "2016-12-31": "-454.76900", "2015-12-31": "1020.86200", "2014-12-31": "-889.97800", "2013-12-31": "-344.45800", "2012-12-31": "108.21900", "2011-12-31": "72.77700", "2010-12-31": "32.34400", "2009-12-31": "-267.51400", "2008-12-31": "-121.03400", "2007-12-31": "-21.38100", "2006-12-31": "-7.35000", "2005-12-31": "-5.35800"}, "Net Change In Long-Term Investments": {"2020-12-31": "", "2019-12-31": "363.61900", "2018-12-31": "463.27800", "2017-12-31": "-34.27800", "2016-12-31": "-58.73400", "2015-12-31": "-342.20900", "2014-12-31": "-116.04900", "2013-12-31": "-385.14800", "2012-12-31": "-24.84600", "2011-12-31": "29.80300", "2010-12-31": "-361.18600", "2009-12-31": "471.93100", "2008-12-31": "21.01600", "2007-12-31": "927.40390", "2006-12-31": "-949.93070", "2005-12-31": "-286.85800"}, "Net Change In Investments - Total": {"2020-12-31": "", "2019-12-31": "1159.31400", "2018-12-31": "372.06700", "2017-12-31": "-154.84700", "2016-12-31": "-513.50310", "2015-12-31": "678.65300", "2014-12-31": "-1006.02700", "2013-12-31": "-729.60600", "2012-12-31": "83.37310", "2011-12-31": "102.58000", "2010-12-31": "-328.84200", "2009-12-31": "204.41700", "2008-12-31": "-100.01800", "2007-12-31": "906.02290", "2006-12-31": "-957.28060", "2005-12-31": "-292.21600"}, "Investing Activities - Other": {"2020-12-31": "", "2019-12-31": "-3520.05500", "2018-12-31": "199.44900", "2017-12-31": "-783.49100", "2016-12-31": "-1901.15100", "2015-12-31": "-1193.16600", "2014-12-31": "-864.80200", "2013-12-31": "1464.21200", "2012-12-31": "-489.30800", "2011-12-31": "75.35000", "2010-12-31": "993.70000", "2009-12-31": "2259.47700", "2008-12-31": "418.98500", "2007-12-31": "-754.80600", "2006-12-31": "-1639.76100", "2005-12-31": "-4204.24000"}, "Cash Flow From Investing Activities": {"2020-12-31": "", "2019-12-31": "-2389.84200", "2018-12-31": "480.37200", "2017-12-31": "-1324.60200", "2016-12-31": "-2465.81200", "2015-12-31": "-518.40400", "2014-12-31": "-1485.37400", "2013-12-31": "762.95300", "2012-12-31": "-415.16500", "2011-12-31": "166.98900", "2010-12-31": "622.22700", "2009-12-31": "2443.51700", "2008-12-31": "254.69300", "2007-12-31": "140.99600", "2006-12-31": "-2403.89700", "2005-12-31": "-5414.22300"}, "Net Long-Term Debt": {"2020-12-31": "", "2019-12-31": "-395.92700", "2018-12-31": "-48.54800", "2017-12-31": "-18.26900", "2016-12-31": "-267.42700", "2015-12-31": "-531.15300", "2014-12-31": "375.13100", "2013-12-31": "-425.03600", "2012-12-31": "-223.91500", "2011-12-31": "-770.31700", "2010-12-31": "128.78200", "2009-12-31": "-1802.47100", "2008-12-31": "-2189.13300", "2007-12-31": "937.88310", "2006-12-31": "2391.28800", "2005-12-31": "849.19490"}, "Net Current Debt": {"2020-12-31": "", "2019-12-31": "2384.39100", "2018-12-31": "-2548.71200", "2017-12-31": "2080.03900", "2016-12-31": "10.27700", "2015-12-31": "-816.32400", "2014-12-31": "89.91600", "2013-12-31": "-738.65000", "2012-12-31": "288.06000", "2011-12-31": "-236.04100", "2010-12-31": "-1340.46800", "2009-12-31": "-2394.65700", "2008-12-31": "-2242.79100", "2007-12-31": "2063.12100", "2006-12-31": "1682.55300", "2005-12-31": "1127.55800"}, "Debt Issuance/Retirement Net - Total": {"2020-12-31": "", "2019-12-31": "1988.46400", "2018-12-31": "-2597.26000", "2017-12-31": "2061.77000", "2016-12-31": "-257.15000", "2015-12-31": "-1347.47700", "2014-12-31": "465.04700", "2013-12-31": "-1163.68600", "2012-12-31": "64.14500", "2011-12-31": "-1006.35800", "2010-12-31": "-1211.68600", "2009-12-31": "-4197.12800", "2008-12-31": "-4431.92400", "2007-12-31": "3001.00400", "2006-12-31": "4073.84100", "2005-12-31": "1976.75300"}, "Net Common Equity Issued/Repurchased": {"2020-12-31": "", "2019-12-31": "-125.14800", "2018-12-31": "-100.28600", "2017-12-31": "0.57800", "2016-12-31": "-74.91700", "2015-12-31": "-25.42900", "2014-12-31": "-41.71500", "2013-12-31": "-90.88200", "2012-12-31": "-133.61300", "2011-12-31": "-124.81100", "2010-12-31": "261.85100", "2009-12-31": "-0.38900", "2008-12-31": "659.86400", "2007-12-31": "33.43800", "2006-12-31": "-108.49000", "2005-12-31": "40.80100"}, "Net Total Equity Issued/Repurchased": {"2020-12-31": "", "2019-12-31": "-125.14800", "2018-12-31": "-100.28600", "2017-12-31": "0.57800", "2016-12-31": "-74.91700", "2015-12-31": "-25.42900", "2014-12-31": "-41.71500", "2013-12-31": "4.74200", "2012-12-31": "-133.61300", "2011-12-31": "-124.81100", "2010-12-31": "-604.68900", "2009-12-31": "-0.38900", "2008-12-31": "1526.29200", "2007-12-31": "33.44500", "2006-12-31": "-108.49000", "2005-12-31": "336.20100"}, "Total Common And Preferred Stock Dividends Paid": {"2020-12-31": "", "2019-12-31": "-188.74100", "2018-12-31": "-156.37100", "2017-12-31": "-97.53800", "2016-12-31": "-81.13800", "2015-12-31": "-71.70600", "2014-12-31": "-65.03100", "2013-12-31": "-53.98200", "2012-12-31": "-21.47200", "2011-12-31": "-19.31900", "2010-12-31": "-59.18600", "2009-12-31": "-56.18800", "2008-12-31": "-135.03400", "2007-12-31": "-243.90100", "2006-12-31": "-223.38600", "2005-12-31": "-214.02400"}, "Financial Activities - Other": {"2020-12-31": "", "2019-12-31": "-253.45900", "2018-12-31": "2092.51900", "2017-12-31": "-197.15800", "2016-12-31": "2705.75700", "2015-12-31": "1555.28000", "2014-12-31": "665.86100", "2013-12-31": "-259.75300", "2012-12-31": "412.56000", "2011-12-31": "999.00700", "2010-12-31": "335.43900", "2009-12-31": "619.73100", "2008-12-31": "-2329.39300", "2007-12-31": "-2950.01300", "2006-12-31": "-3220.94300", "2005-12-31": "3599.61000"}, "Cash Flow From Financial Activities": {"2020-12-31": "", "2019-12-31": "1421.11600", "2018-12-31": "-761.39800", "2017-12-31": "1767.65200", "2016-12-31": "2292.55200", "2015-12-31": "110.66800", "2014-12-31": "1024.16200", "2013-12-31": "-1472.67900", "2012-12-31": "321.62000", "2011-12-31": "-151.48100", "2010-12-31": "-1540.12200", "2009-12-31": "-3633.97400", "2008-12-31": "-5370.05900", "2007-12-31": "-159.46500", "2006-12-31": "521.02200", "2005-12-31": "5698.54000"}, "Net Cash Flow": {"2020-12-31": "", "2019-12-31": "-138.43200", "2018-12-31": "-46.72100", "2017-12-31": "414.25200", "2016-12-31": "6.73100", "2015-12-31": "-40.34200", "2014-12-31": "243.49600", "2013-12-31": "-278.35300", "2012-12-31": "278.00700", "2011-12-31": "59.48100", "2010-12-31": "-149.82100", "2009-12-31": "-406.18500", "2008-12-31": "-934.93500", "2007-12-31": "113.62300", "2006-12-31": "-256.79100", "2005-12-31": "1105.98500"}, "Stock-Based Compensation": {"2020-12-31": "", "2019-12-31": "22.73000", "2018-12-31": "23.17100", "2017-12-31": "20.62700", "2016-12-31": "17.53600", "2015-12-31": "13.79600", "2014-12-31": "11.35100", "2013-12-31": "16.14400", "2012-12-31": "16.20100", "2011-12-31": "14.17300", "2010-12-31": "11.98700", "2009-12-31": "8.96900", "2008-12-31": "9.03400", "2007-12-31": "11.33800", "2006-12-31": "15.89100", "2005-12-31": "30.34300"}, "Common Stock Dividends Paid": {"2020-12-31": "", "2019-12-31": "-171.07600", "2018-12-31": "-138.70600", "2017-12-31": "-79.90400", "2016-12-31": "-63.50400", "2015-12-31": "-53.94700", "2014-12-31": "-47.36600", "2013-12-31": "-38.22900", "2012-12-31": "-10.06600", "2011-12-31": "-7.94400", "2010-12-31": "0.00000", "2009-12-31": "0.00000", "2008-12-31": "-120.57500", "2007-12-31": "-225.01100", "2006-12-31": "-223.38600", "2005-12-31": "-214.02400"}}, "cash flow statement, quarterly": {"Net Income/Loss": {"2020-12-31": -612.175, "2020-09-30": 539.038, "2020-06-30": 56.665, "2020-03-31": "16.47200", "2019-12-31": 121.283, "2019-09-30": 113.943, "2019-06-30": 113.742, "2019-03-31": "103.40500", "2018-12-31": 100.805, "2018-09-30": 274.716, "2018-06-30": 85.992, "2018-03-31": "94.99400", "2017-12-31": -48.381, "2017-09-30": 71.769, "2017-06-30": 95.204, "2017-03-31": "58.38800", "2016-12-31": 57.723, "2016-09-30": 67.635, "2016-06-30": 60.94, "2016-03-31": "52.21300", "2015-12-31": 51.429, "2015-09-30": 63.332, "2015-06-30": 54.957, "2015-03-31": "-72.40500", "2014-12-31": 51.64, "2014-09-30": 50.498, "2014-06-30": 81.929, "2014-03-31": "49.97900", "2013-12-31": 51.19, "2013-09-30": -103.026, "2013-06-30": 45.236, "2013-03-31": "44.96900", "2012-12-31": 43.582, "2012-09-30": 28.682, "2012-06-30": -121.93, "2012-03-31": "33.37100", "2011-12-31": 37.812, "2011-09-30": 38.98, "2011-06-30": 22.835, "2011-03-31": "43.00300", "2010-12-31": 17.307, "2010-09-30": 33.711, "2010-06-30": 20.478, "2010-03-31": "-9.89300", "2009-12-31": -52.844, "2009-09-30": -35.014, "2009-06-30": -105.482, "2009-03-31": "-65.09500", "2008-12-31": -51.495, "2008-09-30": -122.22, "2008-06-30": -16.237, "2008-03-31": "11.98100", "2007-12-31": -229.825, "2007-09-30": -14.156, "2007-06-30": 22.123, "2007-03-31": "70.54700", "2006-12-31": 76.467, "2006-09-30": 67.11, "2006-06-30": 104.309, "2006-03-31": "215.02800", "2005-12-31": 105.919, "2005-09-30": 112.944, "2005-06-30": 100.004, "2005-03-31": "105.83000"}, "Total Depreciation And Amortization - Cash Flow": {"2020-12-31": -43.991, "2020-09-30": 4.521, "2020-06-30": 19.982, "2020-03-31": "19.48800", "2019-12-31": 11.837, "2019-09-30": 20.958, "2019-06-30": 13.571, "2019-03-31": "18.87300", "2018-12-31": 14.022, "2018-09-30": 17.353, "2018-06-30": 10.911, "2018-03-31": "16.83900", "2017-12-31": 17.791, "2017-09-30": 19.032, "2017-06-30": 18.511, "2017-03-31": "15.59000", "2016-12-31": 17.207, "2016-09-30": 18.109, "2016-06-30": 15.205, "2016-03-31": "14.15200", "2015-12-31": 17.888, "2015-09-30": 10.299, "2015-06-30": 17.5, "2015-03-31": "15.05600", "2014-12-31": 14.572, "2014-09-30": 14.34, "2014-06-30": 13.907, "2014-03-31": "14.07500", "2013-12-31": 15.935, "2013-09-30": 16.762, "2013-06-30": 19.364, "2013-03-31": "19.55200", "2012-12-31": 29.56, "2012-09-30": 29.852, "2012-06-30": 29.274, "2012-03-31": "29.28600", "2011-12-31": 23.566, "2011-09-30": 21.2, "2011-06-30": 21.619, "2011-03-31": "33.03600", "2010-12-31": 22.253, "2010-09-30": 21.199, "2010-06-30": 19.69, "2010-03-31": "22.70600", "2009-12-31": 21.535, "2009-09-30": 32.868, "2009-06-30": 22.037, "2009-03-31": "21.55800", "2008-12-31": 24.793, "2008-09-30": 21.057, "2008-06-30": 24.534, "2008-03-31": "27.06400", "2007-12-31": 114.359, "2007-09-30": 26.294, "2007-06-30": 40.434, "2007-03-31": "34.63100", "2006-12-31": 34.655, "2006-09-30": 34.757, "2006-06-30": 33.673, "2006-03-31": "41.72100", "2005-12-31": 87.116, "2005-09-30": 86.49, "2005-06-30": 108.458, "2005-03-31": "95.01100"}, "Other Non-Cash Items": {"2020-12-31": 126.644, "2020-09-30": -356.164, "2020-06-30": 93.813, "2020-03-31": "135.70700", "2019-12-31": -37.706, "2019-09-30": 32.773, "2019-06-30": 81.355, "2019-03-31": "21.53300", "2018-12-31": 9.117, "2018-09-30": -138.984, "2018-06-30": 37.388, "2018-03-31": "6.67300", "2017-12-31": 163.047, "2017-09-30": 40.246, "2017-06-30": -41.68, "2017-03-31": "10.56500", "2016-12-31": 4.596, "2016-09-30": 40.54, "2016-06-30": 32.301, "2016-03-31": "12.80700", "2015-12-31": 8.421, "2015-09-30": 31.016, "2015-06-30": -134.76, "2015-03-31": "145.35700", "2014-12-31": 12.686, "2014-09-30": 59.565, "2014-06-30": 24.93, "2014-03-31": "81.53000", "2013-12-31": 103.148, "2013-09-30": 153.9, "2013-06-30": 48.262, "2013-03-31": "35.43200", "2012-12-31": 42.979, "2012-09-30": 49.143, "2012-06-30": 198.325, "2012-03-31": "75.90100", "2011-12-31": 85.07, "2011-09-30": 44.37, "2011-06-30": 97.499, "2011-03-31": "41.78000", "2010-12-31": 225.39, "2010-09-30": 74.331, "2010-06-30": 143.093, "2010-03-31": "263.62100", "2009-12-31": 148.1759, "2009-09-30": 259.351, "2009-06-30": 265.464, "2009-03-31": "241.93500", "2008-12-31": 103.8371, "2008-09-30": 176.984, "2008-06-30": 188.148, "2008-03-31": "176.75800", "2007-12-31": -59.241, "2007-09-30": 36.345, "2007-06-30": 45.814, "2007-03-31": "38.43100", "2006-12-31": 73.926, "2006-09-30": 49.89, "2006-06-30": 39.106, "2006-03-31": "-95.81300", "2005-12-31": 20.675, "2005-09-30": 44.456, "2005-06-30": 43.535, "2005-03-31": "21.99000"}, "Total Non-Cash Items": {"2020-12-31": 82.653, "2020-09-30": -351.643, "2020-06-30": 113.795, "2020-03-31": "155.19500", "2019-12-31": -25.869, "2019-09-30": 53.731, "2019-06-30": 94.926, "2019-03-31": "40.40600", "2018-12-31": 23.139, "2018-09-30": -121.631, "2018-06-30": 48.299, "2018-03-31": "23.51200", "2017-12-31": 180.838, "2017-09-30": 59.278, "2017-06-30": -23.169, "2017-03-31": "26.15500", "2016-12-31": 21.803, "2016-09-30": 58.649, "2016-06-30": 47.506, "2016-03-31": "26.95900", "2015-12-31": 26.309, "2015-09-30": 41.315, "2015-06-30": -117.26, "2015-03-31": "160.41300", "2014-12-31": 27.258, "2014-09-30": 73.905, "2014-06-30": 38.837, "2014-03-31": "95.60500", "2013-12-31": 119.083, "2013-09-30": 170.662, "2013-06-30": 67.626, "2013-03-31": "54.98400", "2012-12-31": 72.539, "2012-09-30": 78.995, "2012-06-30": 227.599, "2012-03-31": "105.18700", "2011-12-31": 108.636, "2011-09-30": 65.57, "2011-06-30": 119.118, "2011-03-31": "74.81600", "2010-12-31": 247.643, "2010-09-30": 95.53, "2010-06-30": 162.783, "2010-03-31": "286.32700", "2009-12-31": 169.711, "2009-09-30": 292.219, "2009-06-30": 287.501, "2009-03-31": "263.49300", "2008-12-31": 128.6301, "2008-09-30": 198.041, "2008-06-30": 212.682, "2008-03-31": "203.82200", "2007-12-31": 55.118, "2007-09-30": 62.639, "2007-06-30": 86.248, "2007-03-31": "73.06200", "2006-12-31": 108.581, "2006-09-30": 84.647, "2006-06-30": 72.779, "2006-03-31": "-54.09200", "2005-12-31": 107.791, "2005-09-30": 130.946, "2005-06-30": 151.993, "2005-03-31": "117.00100"}, "Change In Accounts Receivable": {"2020-12-31": 1202.802, "2020-09-30": -428.1041, "2020-06-30": -365.6969, "2020-03-31": "-409.00100", "2019-12-31": -353.494, "2019-09-30": -294.873, "2019-06-30": -247.955, "2019-03-31": "-364.61200", "2018-12-31": -450.58, "2018-09-30": -348.1599, "2018-06-30": -204.4551, "2018-03-31": "-421.86500", "2017-12-31": -258.128, "2017-09-30": 83.369, "2017-06-30": -94.725, "2017-03-31": "6.84700", "2016-12-31": 47.608, "2016-09-30": -46.004, "2016-06-30": 13.397, "2016-03-31": "1.72000", "2015-12-31": 1.425, "2015-09-30": -5.722, "2015-06-30": 22.132, "2015-03-31": "1.91200", "2014-12-31": 15.092, "2014-09-30": 202.407, "2014-06-30": 8.292, "2014-03-31": "4.98700", "2013-12-31": 4.169, "2013-09-30": 12.473, "2013-06-30": 17.583, "2013-03-31": "1.13100", "2012-12-31": 20.876, "2012-09-30": 4.417, "2012-06-30": 18.526, "2012-03-31": "-25.85200", "2011-12-31": -15.584, "2011-09-30": 1.762, "2011-06-30": -16.163, "2011-03-31": "-3.17400", "2010-12-31": 43.421, "2010-09-30": 92.52, "2010-06-30": 7.757, "2010-03-31": "-57.91000", "2009-12-31": 57.025, "2009-09-30": -25.443, "2009-06-30": 175.735, "2009-03-31": "-78.10300", "2008-12-31": 172.936, "2008-09-30": 1831.854, "2008-06-30": 1076.959, "2008-03-31": "-108.87700", "2007-12-31": -546.036, "2007-09-30": 422.478, "2007-06-30": -400.915, "2007-03-31": "-44.98400", "2006-12-31": -69.529, "2006-09-30": 401.82, "2006-06-30": 352.2, "2006-03-31": "843.07400", "2005-12-31": 710.742, "2005-09-30": 625.7931, "2005-06-30": -529.4341, "2005-03-31": "-113.42800"}, "Change In Inventories": {"2020-12-31": 0, "2020-09-30": -560.644, "2020-06-30": 747.369, "2020-03-31": "-186.72500", "2019-12-31": 1592.818, "2019-09-30": -804.154, "2019-06-30": 517.764, "2019-03-31": "286.39000", "2018-12-31": 560.072, "2018-09-30": 21.908, "2018-06-30": 292.678, "2018-03-31": "179.00400", "2017-12-31": 112.327, "2017-09-30": -130.527, "2017-06-30": -302.037, "2017-03-31": "15.84700", "2016-12-31": 282.777, "2016-09-30": -245.236, "2016-06-30": 114.162, "2016-03-31": "-173.92400", "2015-12-31": 124.866, "2015-09-30": -40.091, "2015-06-30": 317.91, "2015-03-31": "-119.77000", "2014-12-31": 205.195, "2014-09-30": -362.114, "2014-06-30": 83.06, "2014-03-31": "-92.98100", "2013-12-31": 322.401, "2013-09-30": -87.946, "2013-06-30": -55.454, "2013-03-31": "80.43800", "2012-12-31": -12.716, "2012-09-30": 201.994, "2012-06-30": -224.171, "2012-03-31": "-31.20200", "2011-12-31": 113.456, "2011-09-30": -60.755, "2011-06-30": -158.695, "2011-03-31": "-135.00200", "2010-12-31": 388.889, "2010-09-30": 522.7929, "2010-06-30": -721.1179, "2010-03-31": "-207.43900", "2009-12-31": -124.515, "2009-09-30": 538.721, "2009-06-30": -257.641, "2009-03-31": "-40.80800", "2008-12-31": 589.765, "2008-09-30": -177.942, "2008-06-30": -96.275, "2008-03-31": "175.60800", "2007-12-31": -21.026, "2007-09-30": 441.578, "2007-06-30": 131.375, "2007-03-31": "-323.75800", "2006-12-31": 224.503, "2006-09-30": -411.883, "2006-06-30": 488.728, "2006-03-31": "-402.34600", "2005-12-31": -232.111, "2005-09-30": -234.454, "2005-06-30": 30.113, "2005-03-31": "348.28000"}, "Change In Accounts Payable": {"2020-12-31": 0, "2020-09-30": 9.85, "2020-06-30": -0.968, "2020-03-31": "-8.88200", "2019-12-31": 0.339, "2019-09-30": -12.435, "2019-06-30": -4.135, "2019-03-31": "16.57000", "2018-12-31": -1.445, "2018-09-30": 12.837, "2018-06-30": -6.257, "2018-03-31": "10.03000", "2017-12-31": -2.935, "2017-09-30": 7.566, "2017-06-30": -6.057, "2017-03-31": "7.36000", "2016-12-31": -5.04, "2016-09-30": 5.53, "2016-06-30": -15.231, "2016-03-31": "10.20600", "2015-12-31": -10.487, "2015-09-30": 8.976, "2015-06-30": -15.363, "2015-03-31": "7.75000", "2014-12-31": -6.989, "2014-09-30": 7.766, "2014-06-30": -10.052, "2014-03-31": "9.44400", "2013-12-31": -10.111, "2013-09-30": 7.928, "2013-06-30": -17.441, "2013-03-31": "15.32300", "2012-12-31": -15.07, "2012-09-30": 13.256, "2012-06-30": -16.283, "2012-03-31": "15.71100", "2011-12-31": -14.638, "2011-09-30": 11.405, "2011-06-30": -14.746, "2011-03-31": "10.03400", "2010-12-31": -4.424, "2010-09-30": 1.034, "2010-06-30": -6.621, "2010-03-31": "3.27000", "2009-12-31": -4.889, "2009-09-30": -4.917, "2009-06-30": -10.634, "2009-03-31": "-10.70400", "2008-12-31": -12.973, "2008-09-30": 0.984, "2008-06-30": -28.389, "2008-03-31": "-11.38700", "2007-12-31": -13.723, "2007-09-30": -0.616, "2007-06-30": -20.435, "2007-03-31": "26.03500", "2006-12-31": -15.078, "2006-09-30": 27.432, "2006-06-30": 9.57, "2006-03-31": "12.06400", "2005-12-31": 3.282, "2005-09-30": 13.617, "2005-06-30": -1.532, "2005-03-31": "35.36900"}, "Change In Assets/Liabilities": {"2020-12-31": 325.43, "2020-09-30": 295.748, "2020-06-30": 345.886, "2020-03-31": "-967.06400", "2019-12-31": 66.356, "2019-09-30": 25.363, "2019-06-30": -249.545, "2019-03-31": "40.33000", "2018-12-31": 133.159, "2018-09-30": -14.398, "2018-06-30": 32.004, "2018-03-31": "-90.05300", "2017-12-31": 298.754, "2017-09-30": 43.41, "2017-06-30": -43.875, "2017-03-31": "-186.07600", "2016-12-31": 37.43, "2016-09-30": -79.464, "2016-06-30": -132.461, "2016-03-31": "-28.90700", "2015-12-31": -38.779, "2015-09-30": 33.729, "2015-06-30": -9.698, "2015-03-31": "-119.48600", "2014-12-31": -178.127, "2014-09-30": 227.602, "2014-06-30": -153.981, "2014-03-31": "275.45600", "2013-12-31": -169.57, "2013-09-30": 25.912, "2013-06-30": -21.631, "2013-03-31": "-144.55600", "2012-12-31": 149.902, "2012-09-30": 100.598, "2012-06-30": -36.958, "2012-03-31": "-259.50100", "2011-12-31": -149.669, "2011-09-30": 204.444, "2011-06-30": -24.995, "2011-03-31": "-214.47700", "2010-12-31": -59.435, "2010-09-30": -93.753, "2010-06-30": 142.198, "2010-03-31": "-136.99400", "2009-12-31": 77.029, "2009-09-30": -437.908, "2009-06-30": 281.075, "2009-03-31": "-104.24000", "2008-12-31": 418.321, "2008-09-30": 349.304, "2008-06-30": -286.625, "2008-03-31": "-278.03600", "2007-12-31": 742.383, "2007-09-30": -252.018, "2007-06-30": 325.208, "2007-03-31": "-459.21000", "2006-12-31": 901.478, "2006-09-30": -1102.749, "2006-06-30": -263.654, "2006-03-31": "-44.37500", "2005-12-31": -219.869, "2005-09-30": 86.9831, "2005-06-30": 795.733, "2005-03-31": "-1429.84400"}, "Total Change In Assets/Liabilities": {"2020-12-31": 1528.232, "2020-09-30": -683.15, "2020-06-30": 726.59, "2020-03-31": "-1571.67200", "2019-12-31": 1306.019, "2019-09-30": -1086.099, "2019-06-30": 16.129, "2019-03-31": "-21.32200", "2018-12-31": 241.2059, "2018-09-30": -327.813, "2018-06-30": 113.97, "2018-03-31": "-322.88400", "2017-12-31": 150.018, "2017-09-30": 3.818, "2017-06-30": -446.694, "2017-03-31": "-156.02200", "2016-12-31": 362.775, "2016-09-30": -365.174, "2016-06-30": -20.133, "2016-03-31": "-190.90500", "2015-12-31": 77.025, "2015-09-30": -3.108, "2015-06-30": 314.981, "2015-03-31": "-229.59400", "2014-12-31": 35.1711, "2014-09-30": 75.6609, "2014-06-30": -72.681, "2014-03-31": "196.90600", "2013-12-31": 146.889, "2013-09-30": -41.633, "2013-06-30": -76.943, "2013-03-31": "-47.66400", "2012-12-31": 142.992, "2012-09-30": 320.265, "2012-06-30": -258.886, "2012-03-31": "-300.84400", "2011-12-31": -66.435, "2011-09-30": 156.856, "2011-06-30": -214.599, "2011-03-31": "-342.61900", "2010-12-31": 368.4511, "2010-09-30": 522.5939, "2010-06-30": -577.784, "2010-03-31": "-399.07300", "2009-12-31": 4.65, "2009-09-30": 70.453, "2009-06-30": 188.535, "2009-03-31": "-233.85500", "2008-12-31": 1168.049, "2008-09-30": 2004.2, "2008-06-30": 665.67, "2008-03-31": "-222.69200", "2007-12-31": 161.598, "2007-09-30": 611.422, "2007-06-30": 35.233, "2007-03-31": "-801.91700", "2006-12-31": 1041.3739, "2006-09-30": -1085.3799, "2006-06-30": 586.844, "2006-03-31": "408.41690", "2005-12-31": 262.044, "2005-09-30": 491.9391, "2005-06-30": 294.88, "2005-03-31": "-1159.62300"}, "Cash Flow From Operating Activities": {"2020-12-31": 272.897, "2020-09-30": 230.058, "2020-06-30": 897.05, "2020-03-31": "-1400.00500", "2019-12-31": 113.722, "2019-09-30": 369.286, "2019-06-30": 224.797, "2019-03-31": "122.48900", "2018-12-31": 365.15, "2018-09-30": -174.728, "2018-06-30": 248.261, "2018-03-31": "-204.37800", "2017-12-31": 282.475, "2017-09-30": 134.865, "2017-06-30": -374.659, "2017-03-31": "-71.47900", "2016-12-31": 442.301, "2016-09-30": -238.89, "2016-06-30": 88.313, "2016-03-31": "-111.73300", "2015-12-31": 154.763, "2015-09-30": 101.539, "2015-06-30": 252.678, "2015-03-31": "-141.58600", "2014-12-31": 114.069, "2014-09-30": 200.064, "2014-06-30": 48.085, "2014-03-31": "342.49000", "2013-12-31": 317.162, "2013-09-30": 26.003, "2013-06-30": 35.919, "2013-03-31": "52.28900", "2012-12-31": 259.113, "2012-09-30": 427.942, "2012-06-30": -153.217, "2012-03-31": "-162.28600", "2011-12-31": 80.013, "2011-09-30": 261.406, "2011-06-30": -72.646, "2011-03-31": "-224.80000", "2010-12-31": 633.401, "2010-09-30": 651.835, "2010-06-30": -394.523, "2010-03-31": "-122.63900", "2009-12-31": 121.517, "2009-09-30": 327.658, "2009-06-30": 370.554, "2009-03-31": "-35.45700", "2008-12-31": 1245.184, "2008-09-30": 2080.021, "2008-06-30": 862.115, "2008-03-31": "-6.88900", "2007-12-31": -13.109, "2007-09-30": 659.905, "2007-06-30": 143.604, "2007-03-31": "-658.30800", "2006-12-31": 1226.422, "2006-09-30": -933.623, "2006-06-30": 763.932, "2006-03-31": "569.35300", "2005-12-31": 475.754, "2005-09-30": 735.829, "2005-06-30": 546.877, "2005-03-31": "-936.79200"}, "Net Change In Property, Plant, And Equipment": {"2020-12-31": 26.644, "2020-09-30": -8.175, "2020-06-30": -13.051, "2020-03-31": "-5.41800", "2019-12-31": -14.702, "2019-09-30": -10.069, "2019-06-30": -1.415, "2019-03-31": "-2.91500", "2018-12-31": -7.388, "2018-09-30": 8.35, "2018-06-30": -3.083, "2018-03-31": "-15.40100", "2017-12-31": -21.812, "2017-09-30": -9.423, "2017-06-30": -9.095, "2017-03-31": "-9.30000", "2016-12-31": -19.49, "2016-09-30": -7.42, "2016-06-30": -13.714, "2016-03-31": "-10.53400", "2015-12-31": -14.228, "2015-09-30": -9.194, "2015-06-30": 31.822, "2015-03-31": "-7.20400", "2014-12-31": -7.261, "2014-09-30": -5.217, "2014-06-30": -11.667, "2014-03-31": "-3.75200", "2013-12-31": -7.635, "2013-09-30": -3.004, "2013-06-30": -10.289, "2013-03-31": "-5.65600", "2012-12-31": -6.527, "2012-09-30": 0.584, "2012-06-30": -6.13, "2012-03-31": "-2.43500", "2011-12-31": -4.739, "2011-09-30": -5.126, "2011-06-30": -18.381, "2011-03-31": "-7.16200", "2010-12-31": -19.362, "2010-09-30": -13.48, "2010-06-30": -6.571, "2010-03-31": "-3.21800", "2009-12-31": -2.753, "2009-09-30": -18.427, "2009-06-30": 6.43, "2009-03-31": "-6.43000", "2008-12-31": 13.384, "2008-09-30": -48.788, "2008-06-30": 19.757, "2008-03-31": "-8.01900", "2007-12-31": -9.345, "2007-09-30": -8.872, "2007-06-30": -7.426, "2007-03-31": "-7.89600", "2006-12-31": -24.29, "2006-09-30": -25.237, "2006-06-30": -23.243, "2006-03-31": "-27.44300", "2005-12-31": -27.875, "2005-09-30": -29.678, "2005-06-30": -19.673, "2005-03-31": "-17.69100"}, "Net Change In Intangible Assets": {"2020-12-31": 0, "2020-09-30": 0, "2020-06-30": 0, "2020-03-31": "", "2019-12-31": 0, "2019-09-30": 0, "2019-06-30": 0, "2019-03-31": "", "2018-12-31": 0, "2018-09-30": 0, "2018-06-30": 0, "2018-03-31": "", "2017-12-31": 0, "2017-09-30": 0, "2017-06-30": 0, "2017-03-31": "", "2016-12-31": 0, "2016-09-30": 0, "2016-06-30": 0, "2016-03-31": "", "2015-12-31": 0, "2015-09-30": 0, "2015-06-30": 0, "2015-03-31": "", "2014-12-31": 0, "2014-09-30": 0, "2014-06-30": 0, "2014-03-31": "", "2013-12-31": 0, "2013-09-30": 0, "2013-06-30": 0, "2013-03-31": "", "2012-12-31": 0, "2012-09-30": 0, "2012-06-30": 0, "2012-03-31": "", "2011-12-31": 0, "2011-09-30": 0, "2011-06-30": 0, "2011-03-31": "", "2010-12-31": 0, "2010-09-30": 0, "2010-06-30": 0, "2010-03-31": "", "2009-12-31": 0, "2009-09-30": 0, "2009-06-30": 0, "2009-03-31": "", "2008-12-31": 0, "2008-09-30": 0, "2008-06-30": 0, "2008-03-31": "", "2007-12-31": 0, "2007-09-30": 0, "2007-06-30": 0, "2007-03-31": "", "2006-12-31": 0, "2006-09-30": 0, "2006-06-30": 0, "2006-03-31": "", "2005-12-31": 0, "2005-09-30": 0, "2005-06-30": 0, "2005-03-31": ""}, "Net Acquisitions/Divestitures": {"2020-12-31": -1805.546, "2020-09-30": 1805.546, "2020-06-30": 0, "2020-03-31": "", "2019-12-31": 0, "2019-09-30": 0, "2019-06-30": 0, "2019-03-31": "", "2018-12-31": -0.006, "2018-09-30": 0, "2018-06-30": -45.999, "2018-03-31": "-27.61700", "2017-12-31": -212.663, "2017-09-30": 0, "2017-06-30": -123.971, "2017-03-31": "", "2016-12-31": 0, "2016-09-30": 0, "2016-06-30": 0, "2016-03-31": "", "2015-12-31": -5.087, "2015-09-30": 0, "2015-06-30": 0, "2015-03-31": "", "2014-12-31": 413.352, "2014-09-30": 0, "2014-06-30": 0, "2014-03-31": "", "2013-12-31": 2.359, "2013-09-30": -3.938, "2013-06-30": 54.872, "2013-03-31": "1.63800", "2012-12-31": 0, "2012-09-30": 3, "2012-06-30": 2.278, "2012-03-31": "", "2011-12-31": -0.127, "2011-09-30": 8.226, "2011-06-30": 16.368, "2011-03-31": "", "2010-12-31": 0, "2010-09-30": 0, "2010-06-30": 0, "2010-03-31": "", "2009-12-31": 0.803, "2009-09-30": 0, "2009-06-30": 0, "2009-03-31": "", "2008-12-31": -20.09, "2008-09-30": 92.782, "2008-06-30": -97.644, "2008-03-31": "-15.65600", "2007-12-31": 23.318, "2007-09-30": 0, "2007-06-30": 0, "2007-03-31": "", "2006-12-31": 13.804, "2006-09-30": -141.715, "2006-06-30": -0.282, "2006-03-31": "421.55100", "2005-12-31": 19.1, "2005-09-30": 1.593, "2005-06-30": 0, "2005-03-31": "-843.54300"}, "Net Change In Short-term Investments": {"2020-12-31": 3012.954, "2020-09-30": -359.645, "2020-06-30": -2465.253, "2020-03-31": "-188.05600", "2019-12-31": -117.504, "2019-09-30": 228.47, "2019-06-30": 420.224, "2019-03-31": "264.50500", "2018-12-31": -745.861, "2018-09-30": 219.117, "2018-06-30": -440.9571, "2018-03-31": "876.49010", "2017-12-31": -581.057, "2017-09-30": -30.409, "2017-06-30": 1537.204, "2017-03-31": "-1046.30700", "2016-12-31": -839.891, "2016-09-30": 102.255, "2016-06-30": 630.464, "2016-03-31": "-347.59700", "2015-12-31": -5.827, "2015-09-30": -251.345, "2015-06-30": 94.175, "2015-03-31": "1183.85900", "2014-12-31": -1345.966, "2014-09-30": -19.078, "2014-06-30": 429.891, "2014-03-31": "45.17500", "2013-12-31": -544.724, "2013-09-30": 161.231, "2013-06-30": 115.431, "2013-03-31": "-76.39600", "2012-12-31": 89.364, "2012-09-30": 45.21, "2012-06-30": 280.223, "2012-03-31": "-306.57800", "2011-12-31": -92.63, "2011-09-30": -92.953, "2011-06-30": 47.028, "2011-03-31": "211.33200", "2010-12-31": -248.06, "2010-09-30": 11.269, "2010-06-30": 111.11, "2010-03-31": "158.02500", "2009-12-31": -369.088, "2009-09-30": 512.552, "2009-06-30": 573.887, "2009-03-31": "-984.86500", "2008-12-31": -166.147, "2008-09-30": 10.244, "2008-06-30": 26.94, "2008-03-31": "7.92900", "2007-12-31": -8.429, "2007-09-30": 27.248, "2007-06-30": -42.502, "2007-03-31": "2.30200", "2006-12-31": -0.239, "2006-09-30": 58.105, "2006-06-30": -50.584, "2006-03-31": "-14.63200", "2005-12-31": -4.314, "2005-09-30": -1.202, "2005-06-30": 5.56, "2005-03-31": "-5.40200"}, "Net Change In Long-Term Investments": {"2020-12-31": -76.366, "2020-09-30": 994.299, "2020-06-30": -937.092, "2020-03-31": "19.15900", "2019-12-31": -28.826, "2019-09-30": 26.241, "2019-06-30": 279.202, "2019-03-31": "87.00200", "2018-12-31": 59.918, "2018-09-30": 324.617, "2018-06-30": 72.79, "2018-03-31": "5.95300", "2017-12-31": -36.385, "2017-09-30": -5.081, "2017-06-30": 7.774, "2017-03-31": "-0.58600", "2016-12-31": -29.173, "2016-09-30": -34.813, "2016-06-30": 27.854, "2016-03-31": "-22.60200", "2015-12-31": -239.519, "2015-09-30": -2.572, "2015-06-30": -11.718, "2015-03-31": "-88.40000", "2014-12-31": -0.693, "2014-09-30": 19.447, "2014-06-30": 23.408, "2014-03-31": "-158.21100", "2013-12-31": -254.245, "2013-09-30": 42.155, "2013-06-30": -30.927, "2013-03-31": "-142.13100", "2012-12-31": 40.061, "2012-09-30": 139.005, "2012-06-30": 28.671, "2012-03-31": "-232.58300", "2011-12-31": 238.88, "2011-09-30": -29.426, "2011-06-30": -115.61, "2011-03-31": "-64.04100", "2010-12-31": -436.67, "2010-09-30": -133.329, "2010-06-30": 216.052, "2010-03-31": "-7.23900", "2009-12-31": -53.018, "2009-09-30": 203.622, "2009-06-30": 185.089, "2009-03-31": "136.23800", "2008-12-31": -239.26, "2008-09-30": 62.251, "2008-06-30": 110.024, "2008-03-31": "88.00100", "2007-12-31": 69.1309, "2007-09-30": 335.194, "2007-06-30": -108.279, "2007-03-31": "631.35800", "2006-12-31": 102.9203, "2006-09-30": -797.2011, "2006-06-30": -192.6589, "2006-03-31": "-62.99100", "2005-12-31": -90.248, "2005-09-30": 127.182, "2005-06-30": -60.53, "2005-03-31": "-263.26200"}, "Net Change In Investments - Total": {"2020-12-31": 2936.588, "2020-09-30": 634.654, "2020-06-30": -3402.345, "2020-03-31": "-168.89700", "2019-12-31": -146.33, "2019-09-30": 254.711, "2019-06-30": 699.426, "2019-03-31": "351.50700", "2018-12-31": -685.943, "2018-09-30": 543.734, "2018-06-30": -368.1671, "2018-03-31": "882.44310", "2017-12-31": -617.442, "2017-09-30": -35.49, "2017-06-30": 1544.978, "2017-03-31": "-1046.89300", "2016-12-31": -869.0641, "2016-09-30": 67.442, "2016-06-30": 658.318, "2016-03-31": "-370.19900", "2015-12-31": -245.346, "2015-09-30": -253.917, "2015-06-30": 82.457, "2015-03-31": "1095.45900", "2014-12-31": -1346.659, "2014-09-30": 0.369, "2014-06-30": 453.299, "2014-03-31": "-113.03600", "2013-12-31": -798.969, "2013-09-30": 203.386, "2013-06-30": 84.504, "2013-03-31": "-218.52700", "2012-12-31": 129.4251, "2012-09-30": 184.215, "2012-06-30": 308.894, "2012-03-31": "-539.16100", "2011-12-31": 146.25, "2011-09-30": -122.379, "2011-06-30": -68.582, "2011-03-31": "147.29100", "2010-12-31": -684.73, "2010-09-30": -122.06, "2010-06-30": 327.162, "2010-03-31": "150.78600", "2009-12-31": -422.106, "2009-09-30": 716.174, "2009-06-30": 758.976, "2009-03-31": "-848.62700", "2008-12-31": -405.407, "2008-09-30": 72.495, "2008-06-30": 136.964, "2008-03-31": "95.93000", "2007-12-31": 60.7019, "2007-09-30": 362.442, "2007-06-30": -150.781, "2007-03-31": "633.66000", "2006-12-31": 102.6814, "2006-09-30": -739.0961, "2006-06-30": -243.2429, "2006-03-31": "-77.62300", "2005-12-31": -94.562, "2005-09-30": 125.98, "2005-06-30": -54.97, "2005-03-31": "-268.66400"}, "Investing Activities - Other": {"2020-12-31": 2290.952, "2020-09-30": -654.406, "2020-06-30": 671.082, "2020-03-31": "-2307.62800", "2019-12-31": 216.436, "2019-09-30": -1591.325, "2019-06-30": -1703.844, "2019-03-31": "-441.32200", "2018-12-31": -171.858, "2018-09-30": 364.629, "2018-06-30": -422.517, "2018-03-31": "429.19500", "2017-12-31": -212.15, "2017-09-30": -179.992, "2017-06-30": -893.561, "2017-03-31": "502.21200", "2016-12-31": -28.693, "2016-09-30": -969.538, "2016-06-30": -1016.092, "2016-03-31": "113.17200", "2015-12-31": -675.544, "2015-09-30": 204.44, "2015-06-30": -214.172, "2015-03-31": "-507.89000", "2014-12-31": -420.431, "2014-09-30": -17.437, "2014-06-30": -675.464, "2014-03-31": "248.53000", "2013-12-31": 2.534, "2013-09-30": 772.139, "2013-06-30": -106.285, "2013-03-31": "795.82400", "2012-12-31": -198.266, "2012-09-30": -423.227, "2012-06-30": -246.496, "2012-03-31": "378.68100", "2011-12-31": -230.854, "2011-09-30": -290.504, "2011-06-30": -144.537, "2011-03-31": "741.24500", "2010-12-31": 182.493, "2010-09-30": -42.071, "2010-06-30": 189.112, "2010-03-31": "664.16600", "2009-12-31": 194.487, "2009-09-30": 845.499, "2009-06-30": 743.645, "2009-03-31": "475.84600", "2008-12-31": 146.87, "2008-09-30": 448.469, "2008-06-30": -264.516, "2008-03-31": "88.16200", "2007-12-31": -173.438, "2007-09-30": -213.966, "2007-06-30": -162.268, "2007-03-31": "-205.13400", "2006-12-31": -140.211, "2006-09-30": -306.892, "2006-06-30": -492.528, "2006-03-31": "-700.13000", "2005-12-31": -1476.679, "2005-09-30": -687.505, "2005-06-30": -1267.869, "2005-03-31": "-772.18700"}, "Cash Flow From Investing Activities": {"2020-12-31": 3448.638, "2020-09-30": 1777.619, "2020-06-30": -2744.314, "2020-03-31": "-2481.94300", "2019-12-31": 55.404, "2019-09-30": -1346.683, "2019-06-30": -1005.833, "2019-03-31": "-92.73000", "2018-12-31": -865.195, "2018-09-30": 916.713, "2018-06-30": -839.766, "2018-03-31": "1268.62000", "2017-12-31": -1064.067, "2017-09-30": -224.905, "2017-06-30": 518.351, "2017-03-31": "-553.98100", "2016-12-31": -917.247, "2016-09-30": -909.516, "2016-06-30": -371.488, "2016-03-31": "-267.56100", "2015-12-31": -940.205, "2015-09-30": -58.671, "2015-06-30": -99.893, "2015-03-31": "580.36500", "2014-12-31": -1360.999, "2014-09-30": -22.285, "2014-06-30": -233.832, "2014-03-31": "131.74200", "2013-12-31": -801.711, "2013-09-30": 968.583, "2013-06-30": 22.802, "2013-03-31": "573.27900", "2012-12-31": -75.368, "2012-09-30": -235.428, "2012-06-30": 58.546, "2012-03-31": "-162.91500", "2011-12-31": -89.47, "2011-09-30": -409.783, "2011-06-30": -215.132, "2011-03-31": "881.37400", "2010-12-31": -521.599, "2010-09-30": -177.611, "2010-06-30": 509.703, "2010-03-31": "811.73400", "2009-12-31": -229.569, "2009-09-30": 1543.246, "2009-06-30": 1509.051, "2009-03-31": "-379.21100", "2008-12-31": -265.243, "2008-09-30": 564.958, "2008-06-30": -205.439, "2008-03-31": "160.41700", "2007-12-31": -98.763, "2007-09-30": 139.604, "2007-06-30": -320.475, "2007-03-31": "420.63000", "2006-12-31": -48.016, "2006-09-30": -1212.94, "2006-06-30": -759.296, "2006-03-31": "-383.64500", "2005-12-31": -1580.016, "2005-09-30": -589.61, "2005-06-30": -1342.512, "2005-03-31": "-1902.08500"}, "Net Long-Term Debt": {"2020-12-31": -165.9851, "2020-09-30": -1070.0659, "2020-06-30": 1239.707, "2020-03-31": "-3.65600", "2019-12-31": -404.918, "2019-09-30": 5.69, "2019-06-30": 1.36, "2019-03-31": "1.94100", "2018-12-31": -36.629, "2018-09-30": -27.663, "2018-06-30": 18.21, "2018-03-31": "-2.46600", "2017-12-31": -23.399, "2017-09-30": 12.369, "2017-06-30": -3.933, "2017-03-31": "-3.30600", "2016-12-31": -2.928, "2016-09-30": -4.561, "2016-06-30": -253.783, "2016-03-31": "-6.15500", "2015-12-31": -11.608, "2015-09-30": -206.737, "2015-06-30": -4.974, "2015-03-31": "-307.83400", "2014-12-31": 389.72, "2014-09-30": -3.063, "2014-06-30": -2.277, "2014-03-31": "-9.24900", "2013-12-31": -18.42, "2013-09-30": -22.604, "2013-06-30": -372.902, "2013-03-31": "-11.11000", "2012-12-31": -20.9, "2012-09-30": -28.572, "2012-06-30": -43.616, "2012-03-31": "-130.82700", "2011-12-31": -17.468, "2011-09-30": -29.496, "2011-06-30": -35.085, "2011-03-31": "-688.26800", "2010-12-31": 454.964, "2010-09-30": -134.007, "2010-06-30": -31.811, "2010-03-31": "-160.36400", "2009-12-31": -166.267, "2009-09-30": -159.877, "2009-06-30": -806.688, "2009-03-31": "-669.63900", "2008-12-31": -647.614, "2008-09-30": -1246.305, "2008-06-30": -252.452, "2008-03-31": "-42.76200", "2007-12-31": -19.4919, "2007-09-30": 108.0699, "2007-06-30": 162.6541, "2007-03-31": "686.65100", "2006-12-31": 346.795, "2006-09-30": -170.949, "2006-06-30": 1036.418, "2006-03-31": "1179.02400", "2005-12-31": 1450.7689, "2005-09-30": -501.406, "2005-06-30": -100.099, "2005-03-31": "-0.06900"}, "Net Current Debt": {"2020-12-31": 1585.328, "2020-09-30": -458.711, "2020-06-30": -2933.584, "2020-03-31": "1806.96700", "2019-12-31": -429.888, "2019-09-30": 1652.54, "2019-06-30": 1069.682, "2019-03-31": "92.05700", "2018-12-31": -1051.973, "2018-09-30": -715.763, "2018-06-30": 504.65, "2018-03-31": "-1285.62600", "2017-12-31": 818.644, "2017-09-30": 343.702, "2017-06-30": 877.517, "2017-03-31": "40.17600", "2016-12-31": -722.581, "2016-09-30": 170.187, "2016-06-30": 392.478, "2016-03-31": "170.19300", "2015-12-31": -13.048, "2015-09-30": -65.764, "2015-06-30": -152.422, "2015-03-31": "-585.09000", "2014-12-31": -441.139, "2014-09-30": -299.103, "2014-06-30": 745.243, "2014-03-31": "84.91500", "2013-12-31": -127.251, "2013-09-30": -229.6, "2013-06-30": -70.715, "2013-03-31": "-311.08400", "2012-12-31": -303.472, "2012-09-30": -224.035, "2012-06-30": 892.365, "2012-03-31": "-76.79800", "2011-12-31": -664.349, "2011-09-30": 530.05, "2011-06-30": -169.475, "2011-03-31": "67.73300", "2010-12-31": -337.26, "2010-09-30": -133.436, "2010-06-30": -36.592, "2010-03-31": "-833.18000", "2009-12-31": -370.734, "2009-09-30": -953.844, "2009-06-30": -1130.666, "2009-03-31": "60.58700", "2008-12-31": -2008.986, "2008-09-30": -579.07, "2008-06-30": 175.453, "2008-03-31": "169.81200", "2007-12-31": 1811.458, "2007-09-30": 2383.909, "2007-06-30": 94.822, "2007-03-31": "-2227.06800", "2006-12-31": 2877.046, "2006-09-30": -765.672, "2006-06-30": -978.284, "2006-03-31": "549.46300", "2005-12-31": 961.882, "2005-09-30": -3055.673, "2005-06-30": 2875.691, "2005-03-31": "345.65800"}, "Debt Issuance/Retirement Net - Total": {"2020-12-31": 1419.343, "2020-09-30": -1528.7771, "2020-06-30": -1693.8769, "2020-03-31": "1803.31100", "2019-12-31": -834.806, "2019-09-30": 1658.23, "2019-06-30": 1071.042, "2019-03-31": "93.99800", "2018-12-31": -1088.602, "2018-09-30": -743.426, "2018-06-30": 522.86, "2018-03-31": "-1288.09200", "2017-12-31": 795.245, "2017-09-30": 356.071, "2017-06-30": 873.584, "2017-03-31": "36.87000", "2016-12-31": -725.509, "2016-09-30": 165.626, "2016-06-30": 138.695, "2016-03-31": "164.03800", "2015-12-31": -24.656, "2015-09-30": -272.501, "2015-06-30": -157.3959, "2015-03-31": "-892.92410", "2014-12-31": -51.419, "2014-09-30": -302.166, "2014-06-30": 742.966, "2014-03-31": "75.66600", "2013-12-31": -145.671, "2013-09-30": -252.204, "2013-06-30": -443.617, "2013-03-31": "-322.19400", "2012-12-31": -324.372, "2012-09-30": -252.607, "2012-06-30": 848.749, "2012-03-31": "-207.62500", "2011-12-31": -681.817, "2011-09-30": 500.554, "2011-06-30": -204.56, "2011-03-31": "-620.53500", "2010-12-31": 117.704, "2010-09-30": -267.443, "2010-06-30": -68.403, "2010-03-31": "-993.54400", "2009-12-31": -537.001, "2009-09-30": -1113.721, "2009-06-30": -1937.3539, "2009-03-31": "-609.05210", "2008-12-31": -2656.6, "2008-09-30": -1825.375, "2008-06-30": -76.999, "2008-03-31": "127.05000", "2007-12-31": 1791.966, "2007-09-30": 2491.979, "2007-06-30": 257.476, "2007-03-31": "-1540.41700", "2006-12-31": 3223.8411, "2006-09-30": -936.6211, "2006-06-30": 58.134, "2006-03-31": "1728.48700", "2005-12-31": 2412.651, "2005-09-30": -3557.079, "2005-06-30": 2775.592, "2005-03-31": "345.58900"}, "Net Common Equity Issued/Repurchased": {"2020-12-31": 7.904, "2020-09-30": -6.614, "2020-06-30": -1.478, "2020-03-31": "0.18800", "2019-12-31": 0.1, "2019-09-30": -23.054, "2019-06-30": -49.278, "2019-03-31": "-52.91600", "2018-12-31": -80.732, "2018-09-30": -19.184, "2018-06-30": -2.513, "2018-03-31": "2.14300", "2017-12-31": 0.69, "2017-09-30": 2.018, "2017-06-30": -2.159, "2017-03-31": "0.02900", "2016-12-31": 3.174, "2016-09-30": 10.8, "2016-06-30": -13.285, "2016-03-31": "-75.60600", "2015-12-31": -12.237, "2015-09-30": 2.124, "2015-06-30": -1.889, "2015-03-31": "-13.42700", "2014-12-31": -13.756, "2014-09-30": -23.712, "2014-06-30": -2.125, "2014-03-31": "-2.12200", "2013-12-31": -0.095, "2013-09-30": -9.888, "2013-06-30": -48.42, "2013-03-31": "-32.47900", "2012-12-31": -34.844, "2012-09-30": -14.831, "2012-06-30": -37.314, "2012-03-31": "-46.62400", "2011-12-31": -44.191, "2011-09-30": -0.033, "2011-06-30": -0.416, "2011-03-31": "-80.17100", "2010-12-31": 263.098, "2010-09-30": -0.859, "2010-06-30": -0.397, "2010-03-31": "0.00900", "2009-12-31": -0.004, "2009-09-30": -0.023, "2009-06-30": -0.253, "2009-03-31": "-0.10900", "2008-12-31": -0.046, "2008-09-30": -0.149, "2008-06-30": 659.616, "2008-03-31": "0.44300", "2007-12-31": 0.087, "2007-09-30": 3.876, "2007-06-30": 5.163, "2007-03-31": "24.31200", "2006-12-31": 7.631, "2006-09-30": 14.771, "2006-06-30": 7.567, "2006-03-31": "-138.45900", "2005-12-31": 4.746, "2005-09-30": 9.082, "2005-06-30": 14.418, "2005-03-31": "12.55500"}, "Net Total Equity Issued/Repurchased": {"2020-12-31": -136.761, "2020-09-30": -6.614, "2020-06-30": 143.187, "2020-03-31": "0.18800", "2019-12-31": 0.1, "2019-09-30": -23.054, "2019-06-30": -49.278, "2019-03-31": "-52.91600", "2018-12-31": -80.732, "2018-09-30": -19.184, "2018-06-30": -2.513, "2018-03-31": "2.14300", "2017-12-31": 0.69, "2017-09-30": 2.018, "2017-06-30": -2.159, "2017-03-31": "0.02900", "2016-12-31": 3.174, "2016-09-30": 10.8, "2016-06-30": -13.285, "2016-03-31": "-75.60600", "2015-12-31": -12.237, "2015-09-30": 2.124, "2015-06-30": -1.889, "2015-03-31": "-13.42700", "2014-12-31": -13.756, "2014-09-30": -23.712, "2014-06-30": -2.125, "2014-03-31": "-2.12200", "2013-12-31": -0.095, "2013-09-30": -9.888, "2013-06-30": -48.42, "2013-03-31": "63.14500", "2012-12-31": -34.844, "2012-09-30": -14.831, "2012-06-30": -37.314, "2012-03-31": "-46.62400", "2011-12-31": -44.191, "2011-09-30": -0.033, "2011-06-30": -0.416, "2011-03-31": "-80.17100", "2010-12-31": -603.442, "2010-09-30": -0.859, "2010-06-30": -0.397, "2010-03-31": "0.00900", "2009-12-31": -0.004, "2009-09-30": -0.023, "2009-06-30": -0.253, "2009-03-31": "-0.10900", "2008-12-31": 866.382, "2008-09-30": -0.149, "2008-06-30": 659.616, "2008-03-31": "0.44300", "2007-12-31": 0.087, "2007-09-30": 3.876, "2007-06-30": 5.163, "2007-03-31": "24.31900", "2006-12-31": 7.631, "2006-09-30": 14.771, "2006-06-30": 7.567, "2006-03-31": "-138.45900", "2005-12-31": 4.746, "2005-09-30": 9.082, "2005-06-30": 14.418, "2005-03-31": "307.95500"}, "Total Common And Preferred Stock Dividends Paid": {"2020-12-31": 155.777, "2020-09-30": -55.018, "2020-06-30": -52.249, "2020-03-31": "-48.51000", "2019-12-31": -48.081, "2019-09-30": -48.146, "2019-06-30": -49.322, "2019-03-31": "-43.19200", "2018-12-31": -43.413, "2018-09-30": -43.403, "2018-06-30": -43.769, "2018-03-31": "-25.78600", "2017-12-31": -25.515, "2017-09-30": -25.442, "2017-06-30": -25.714, "2017-03-31": "-20.86700", "2016-12-31": -20.821, "2016-09-30": -20.585, "2016-06-30": -21.015, "2016-03-31": "-18.71700", "2015-12-31": -18.523, "2015-09-30": -18.36, "2015-06-30": -18.579, "2015-03-31": "-16.24400", "2014-12-31": -16.191, "2014-09-30": -16.175, "2014-06-30": -16.345, "2014-03-31": "-16.32000", "2013-12-31": -16.246, "2013-09-30": -16.367, "2013-06-30": -16.006, "2013-03-31": "-5.36300", "2012-12-31": -5.337, "2012-09-30": -5.31, "2012-06-30": -5.406, "2012-03-31": "-5.41900", "2011-12-31": -5.486, "2011-09-30": -5.565, "2011-06-30": -5.455, "2011-03-31": "-2.81300", "2010-12-31": -18.191, "2010-09-30": -13.643, "2010-06-30": -13.676, "2010-03-31": "-13.67600", "2009-12-31": -13.769, "2009-09-30": -15.141, "2009-06-30": -12.117, "2009-03-31": "-15.16100", "2008-12-31": -59.381, "2008-09-30": -41.693, "2008-06-30": -4.061, "2008-03-31": "-29.89900", "2007-12-31": -75.395, "2007-09-30": -56.421, "2007-06-30": -56.264, "2007-03-31": "-55.82100", "2006-12-31": -55.835, "2006-09-30": -55.601, "2006-06-30": -55.27, "2006-03-31": "-56.68000", "2005-12-31": -54.063, "2005-09-30": -53.626, "2005-06-30": -53.315, "2005-03-31": "-53.02000"}, "Financial Activities - Other": {"2020-12-31": -5561.114, "2020-09-30": 231.298, "2020-06-30": 3339.701, "2020-03-31": "1990.11500", "2019-12-31": 484.874, "2019-09-30": -363.658, "2019-06-30": -154.571, "2019-03-31": "-220.10400", "2018-12-31": 1674.907, "2018-09-30": 30.218, "2018-06-30": 158.916, "2018-03-31": "228.47800", "2017-12-31": 375.463, "2017-09-30": -233.932, "2017-06-30": -1146.33, "2017-03-31": "807.64100", "2016-12-31": 1098.345, "2016-09-30": 944.166, "2016-06-30": 302.561, "2016-03-31": "360.68500", "2015-12-31": 758.043, "2015-09-30": 191.461, "2015-06-30": 35.972, "2015-03-31": "569.80400", "2014-12-31": 1489.97, "2014-09-30": -19.117, "2014-06-30": -517.728, "2014-03-31": "-287.26400", "2013-12-31": 449.654, "2013-09-30": -728.207, "2013-06-30": 444.522, "2013-03-31": "-425.72200", "2012-12-31": 401.404, "2012-09-30": 109.465, "2012-06-30": -819.232, "2012-03-31": "720.92300", "2011-12-31": 509.911, "2011-09-30": -198.7, "2011-06-30": 545.06, "2011-03-31": "142.73600", "2010-12-31": 226.751, "2010-09-30": -225.896, "2010-06-30": 132.096, "2010-03-31": "202.48800", "2009-12-31": 626.538, "2009-09-30": -742.47, "2009-06-30": 67.414, "2009-03-31": "668.24900", "2008-12-31": 457.208, "2008-09-30": -1045.89, "2008-06-30": -980.364, "2008-03-31": "-760.34700", "2007-12-31": -1378.402, "2007-09-30": -3126.092, "2007-06-30": -727.923, "2007-03-31": "2282.40400", "2006-12-31": -5072.905, "2006-09-30": 3591.461, "2006-06-30": 176.061, "2006-03-31": "-1915.56000", "2005-12-31": -1842.258, "2005-09-30": 3564.143, "2005-06-30": -1412.539, "2005-03-31": "3290.26400"}, "Cash Flow From Financial Activities": {"2020-12-31": -4122.755, "2020-09-30": -1359.111, "2020-06-30": 1736.762, "2020-03-31": "3745.10400", "2019-12-31": -397.913, "2019-09-30": 1223.372, "2019-06-30": 817.871, "2019-03-31": "-222.21400", "2018-12-31": 462.16, "2018-09-30": -775.795, "2018-06-30": 635.494, "2018-03-31": "-1083.25700", "2017-12-31": 1145.883, "2017-09-30": 98.715, "2017-06-30": -300.619, "2017-03-31": "823.67300", "2016-12-31": 355.189, "2016-09-30": 1100.007, "2016-06-30": 406.956, "2016-03-31": "430.40000", "2015-12-31": 702.627, "2015-09-30": -97.276, "2015-06-30": -141.892, "2015-03-31": "-352.79100", "2014-12-31": 1408.604, "2014-09-30": -361.17, "2014-06-30": 206.768, "2014-03-31": "-230.04000", "2013-12-31": 287.642, "2013-09-30": -1006.666, "2013-06-30": -63.521, "2013-03-31": "-690.13400", "2012-12-31": 36.851, "2012-09-30": -163.283, "2012-06-30": -13.203, "2012-03-31": "461.25500", "2011-12-31": -221.583, "2011-09-30": 296.256, "2011-06-30": 334.629, "2011-03-31": "-560.78300", "2010-12-31": -277.178, "2010-09-30": -507.841, "2010-06-30": 49.62, "2010-03-31": "-804.72300", "2009-12-31": 75.764, "2009-09-30": -1871.355, "2009-06-30": -1882.31, "2009-03-31": "43.92700", "2008-12-31": -1392.391, "2008-09-30": -2913.107, "2008-06-30": -401.808, "2008-03-31": "-662.75300", "2007-12-31": 338.256, "2007-09-30": -686.658, "2007-06-30": -521.548, "2007-03-31": "710.48500", "2006-12-31": -1897.268, "2006-09-30": 2614.01, "2006-06-30": 186.492, "2006-03-31": "-382.21200", "2005-12-31": 521.076, "2005-09-30": -37.48, "2005-06-30": 1324.156, "2005-03-31": "3890.78800"}, "Net Cash Flow": {"2020-12-31": -401.22, "2020-09-30": 648.566, "2020-06-30": -110.502, "2020-03-31": "-136.84400", "2019-12-31": -228.787, "2019-09-30": 245.975, "2019-06-30": 36.835, "2019-03-31": "-192.45500", "2018-12-31": -37.885, "2018-09-30": -33.81, "2018-06-30": 43.989, "2018-03-31": "-19.01500", "2017-12-31": 364.291, "2017-09-30": 8.675, "2017-06-30": -156.927, "2017-03-31": "198.21300", "2016-12-31": -119.757, "2016-09-30": -48.399, "2016-06-30": 123.781, "2016-03-31": "51.10600", "2015-12-31": -82.815, "2015-09-30": -54.408, "2015-06-30": 10.893, "2015-03-31": "85.98800", "2014-12-31": 161.674, "2014-09-30": -183.391, "2014-06-30": 21.021, "2014-03-31": "244.19200", "2013-12-31": -196.907, "2013-09-30": -12.08, "2013-06-30": -4.8, "2013-03-31": "-64.56600", "2012-12-31": 220.596, "2012-09-30": 29.231, "2012-06-30": -107.874, "2012-03-31": "136.05400", "2011-12-31": -231.04, "2011-09-30": 147.879, "2011-06-30": 46.851, "2011-03-31": "95.79100", "2010-12-31": -165.376, "2010-09-30": -33.617, "2010-06-30": 164.8, "2010-03-31": "-115.62800", "2009-12-31": -32.288, "2009-09-30": -0.451, "2009-06-30": -2.705, "2009-03-31": "-370.74100", "2008-12-31": -412.45, "2008-09-30": -268.128, "2008-06-30": 254.868, "2008-03-31": "-509.22500", "2007-12-31": 226.384, "2007-09-30": 112.851, "2007-06-30": -698.419, "2007-03-31": "472.80700", "2006-12-31": -718.862, "2006-09-30": 467.447, "2006-06-30": 191.128, "2006-03-31": "-196.50400", "2005-12-31": -583.186, "2005-09-30": 108.739, "2005-06-30": 528.521, "2005-03-31": "1051.91100"}, "Stock-Based Compensation": {"2020-12-31": -22.587, "2020-09-30": 11.588, "2020-06-30": 3.718, "2020-03-31": "7.28100", "2019-12-31": 6.252, "2019-09-30": 5.822, "2019-06-30": 5.224, "2019-03-31": "5.43200", "2018-12-31": 5.706, "2018-09-30": 6.012, "2018-06-30": 5.547, "2018-03-31": "5.90600", "2017-12-31": 5.656, "2017-09-30": 5.131, "2017-06-30": 4.811, "2017-03-31": "5.02900", "2016-12-31": 5.158, "2016-09-30": 4.582, "2016-06-30": 3.855, "2016-03-31": "3.94100", "2015-12-31": 3.844, "2015-09-30": 3.478, "2015-06-30": 3.45, "2015-03-31": "3.02400", "2014-12-31": 2.996, "2014-09-30": 2.668, "2014-06-30": 2.927, "2014-03-31": "2.76000", "2013-12-31": 3.692, "2013-09-30": 4.161, "2013-06-30": 4.071, "2013-03-31": "4.22000", "2012-12-31": 3.803, "2012-09-30": 4.314, "2012-06-30": 4.226, "2012-03-31": "3.85800", "2011-12-31": 4.659, "2011-09-30": 4.367, "2011-06-30": 2.603, "2011-03-31": "2.54400", "2010-12-31": 1.7, "2010-09-30": 6.171, "2010-06-30": 2.441, "2010-03-31": "1.67500", "2009-12-31": 3.61, "2009-09-30": 2.02, "2009-06-30": 1.063, "2009-03-31": "2.27600", "2008-12-31": 3.772, "2008-09-30": 1.883, "2008-06-30": 1.641, "2008-03-31": "1.73800", "2007-12-31": 2.322, "2007-09-30": 4.007, "2007-06-30": 3.726, "2007-03-31": "1.28300", "2006-12-31": 6.256, "2006-09-30": 5.068, "2006-06-30": 5.895, "2006-03-31": "-1.32800", "2005-12-31": 9.415, "2005-09-30": 7.533, "2005-06-30": 7.036, "2005-03-31": "6.35900"}, "Common Stock Dividends Paid": {"2020-12-31": 138.942, "2020-09-30": -47.017, "2020-06-30": -47.848, "2020-03-31": "-44.07700", "2019-12-31": -43.621, "2019-09-30": -43.744, "2019-06-30": -44.952, "2019-03-31": "-38.75900", "2018-12-31": -38.953, "2018-09-30": -39.001, "2018-06-30": -39.399, "2018-03-31": "-21.35300", "2017-12-31": -21.054, "2017-09-30": -21.041, "2017-06-30": -21.344, "2017-03-31": "-16.46500", "2016-12-31": -16.36, "2016-09-30": -16.184, "2016-06-30": -16.613, "2016-03-31": "-14.34700", "2015-12-31": -13.969, "2015-09-30": -13.958, "2015-06-30": -14.271, "2015-03-31": "-11.74900", "2014-12-31": -11.707, "2014-09-30": -11.781, "2014-06-30": -11.983, "2014-03-31": "-11.89500", "2013-12-31": -11.762, "2013-09-30": -11.973, "2013-06-30": -12.006, "2013-03-31": "-2.48800", "2012-12-31": -2.462, "2012-09-30": -2.467, "2012-06-30": -2.562, "2012-03-31": "-2.57500", "2011-12-31": -2.611, "2011-09-30": -2.621, "2011-06-30": -2.712, "2011-03-31": "0.00000", "2010-12-31": 0, "2010-09-30": 0, "2010-06-30": 0, "2010-03-31": "", "2009-12-31": 0, "2009-09-30": 0, "2009-06-30": 0, "2009-03-31": "", "2008-12-31": -56.506, "2008-09-30": -38.849, "2008-06-30": 0, "2008-03-31": "-25.22000", "2007-12-31": -56.505, "2007-09-30": -56.421, "2007-06-30": -56.264, "2007-03-31": "-55.82100", "2006-12-31": -55.835, "2006-09-30": -55.601, "2006-06-30": -55.27, "2006-03-31": "-56.68000", "2005-12-31": -54.063, "2005-09-30": -53.626, "2005-06-30": -53.315, "2005-03-31": "-53.02000"}}, "financial ratios": {"Current Ratio": {"2019-12-31": "", "2018-12-31": "", "2017-12-31": "", "2016-12-31": "", "2015-12-31": "", "2014-12-31": "", "2013-12-31": "", "2012-12-31": "", "2011-12-31": "", "2010-12-31": "", "2009-12-31": "", "2008-12-31": "", "2007-12-31": "", "2006-12-31": "", "2005-12-31": ""}, "Long-term Debt / Capital": {"2019-12-31": "0.13490", "2018-12-31": "0.19660", "2017-12-31": "0.21010", "2016-12-31": "0.27780", "2015-12-31": "0.33210", "2014-12-31": "0.42140", "2013-12-31": "0.41030", "2012-12-31": "0.47010", "2011-12-31": "0.48040", "2010-12-31": "0.54660", "2009-12-31": "0.46680", "2008-12-31": "0.57150", "2007-12-31": "0.76180", "2006-12-31": "0.70330", "2005-12-31": "0.59420"}, "Debt/Equity Ratio": {"2019-12-31": "0.94860", "2018-12-31": "0.55170", "2017-12-31": "1.20930", "2016-12-31": "0.94380", "2015-12-31": "1.06790", "2014-12-31": "1.63890", "2013-12-31": "1.50950", "2012-12-31": "2.04790", "2011-12-31": "1.82090", "2010-12-31": "2.19780", "2009-12-31": "2.06530", "2008-12-31": "3.12140", "2007-12-31": "7.33200", "2006-12-31": "5.21710", "2005-12-31": "3.73540"}, "Gross Margin": {"2019-12-31": "", "2018-12-31": "", "2017-12-31": "", "2016-12-31": "", "2015-12-31": "", "2014-12-31": "", "2013-12-31": "", "2012-12-31": "", "2011-12-31": "", "2010-12-31": "", "2009-12-31": "", "2008-12-31": "", "2007-12-31": "", "2006-12-31": "", "2005-12-31": ""}, "Operating Margin": {"2019-12-31": "", "2018-12-31": "", "2017-12-31": "", "2016-12-31": "", "2015-12-31": "", "2014-12-31": "", "2013-12-31": "", "2012-12-31": "", "2011-12-31": "", "2010-12-31": "", "2009-12-31": "", "2008-12-31": "", "2007-12-31": "", "2006-12-31": "", "2005-12-31": ""}, "EBIT Margin": {"2019-12-31": "", "2018-12-31": "", "2017-12-31": "", "2016-12-31": "", "2015-12-31": "", "2014-12-31": "", "2013-12-31": "", "2012-12-31": "", "2011-12-31": "", "2010-12-31": "", "2009-12-31": "", "2008-12-31": "", "2007-12-31": "", "2006-12-31": "", "2005-12-31": ""}, "EBITDA Margin": {"2019-12-31": "", "2018-12-31": "", "2017-12-31": "", "2016-12-31": "", "2015-12-31": "", "2014-12-31": "", "2013-12-31": "", "2012-12-31": "", "2011-12-31": "", "2010-12-31": "", "2009-12-31": "", "2008-12-31": "", "2007-12-31": "", "2006-12-31": "", "2005-12-31": ""}, "Pre-Tax Profit Margin": {"2019-12-31": "32.22770", "2018-12-31": "36.88380", "2017-12-31": "23.17930", "2016-12-31": "27.17940", "2015-12-31": "9.31580", "2014-12-31": "27.65390", "2013-12-31": "1.57950", "2012-12-31": "-7.93330", "2011-12-31": "10.38560", "2010-12-31": "3.71370", "2009-12-31": "-35.89710", "2008-12-31": "-25.62130", "2007-12-31": "-19.91420", "2006-12-31": "16.24840", "2005-12-31": "26.83530"}, "Net Profit Margin": {"2019-12-31": "23.92100", "2018-12-31": "27.83120", "2017-12-31": "11.95580", "2016-12-31": "17.38230", "2015-12-31": "6.85680", "2014-12-31": "18.79790", "2013-12-31": "1.80520", "2012-12-31": "-2.16530", "2011-12-31": "9.09290", "2010-12-31": "-4.14540", "2009-12-31": "-29.13010", "2008-12-31": "-15.53600", "2007-12-31": "-11.53780", "2006-12-31": "22.24800", "2005-12-31": "19.09950"}, "Asset Turnover": {"2019-12-31": "0.04200", "2018-12-31": "0.04740", "2017-12-31": "0.03220", "2016-12-31": "0.04450", "2015-12-31": "0.04440", "2014-12-31": "0.04480", "2013-12-31": "0.04910", "2012-12-31": "0.05060", "2011-12-31": "0.05820", "2010-12-31": "0.05640", "2009-12-31": "0.04340", "2008-12-31": "0.04140", "2007-12-31": "0.03980", "2006-12-31": "0.05490", "2005-12-31": "0.06080"}, "Inventory Turnover Ratio": {"2019-12-31": "", "2018-12-31": "", "2017-12-31": "", "2016-12-31": "", "2015-12-31": "", "2014-12-31": "", "2013-12-31": "", "2012-12-31": "", "2011-12-31": "", "2010-12-31": "", "2009-12-31": "", "2008-12-31": "", "2007-12-31": "", "2006-12-31": "", "2005-12-31": ""}, "Receiveable Turnover": {"2019-12-31": "", "2018-12-31": "", "2017-12-31": "", "2016-12-31": "", "2015-12-31": "", "2014-12-31": "", "2013-12-31": "", "2012-12-31": "", "2011-12-31": "", "2010-12-31": "", "2009-12-31": "", "2008-12-31": "", "2007-12-31": "", "2006-12-31": "", "2005-12-31": ""}, "Days Sales In Receivables": {"2019-12-31": "", "2018-12-31": "", "2017-12-31": "", "2016-12-31": "", "2015-12-31": "", "2014-12-31": "", "2013-12-31": "", "2012-12-31": "", "2011-12-31": "", "2010-12-31": "", "2009-12-31": "", "2008-12-31": "", "2007-12-31": "", "2006-12-31": "", "2005-12-31": ""}, "ROE - Return On Equity": {"2019-12-31": "9.08310", "2018-12-31": "11.86640", "2017-12-31": "3.94620", "2016-12-31": "9.14020", "2015-12-31": "3.82530", "2014-12-31": "9.41470", "2013-12-31": "1.57250", "2012-12-31": "-0.65530", "2011-12-31": "4.99180", "2010-12-31": "2.72350", "2009-12-31": "-9.39510", "2008-12-31": "-6.24790", "2007-12-31": "-7.20010", "2006-12-31": "10.18530", "2005-12-31": "17.49590"}, "Return On Tangible Equity": {"2019-12-31": "12.87700", "2018-12-31": "17.40410", "2017-12-31": "5.88120", "2016-12-31": "9.56840", "2015-12-31": "4.01780", "2014-12-31": "9.72700", "2013-12-31": "1.67050", "2012-12-31": "-0.73470", "2011-12-31": "5.62920", "2010-12-31": "3.20510", "2009-12-31": "-8.41290", "2008-12-31": "-5.89260", "2007-12-31": "-21.16600", "2006-12-31": "42.62900", "2005-12-31": "60.86380"}, "ROA - Return On Assets": {"2019-12-31": "1.04450", "2018-12-31": "1.36290", "2017-12-31": "0.42720", "2016-12-31": "0.83530", "2015-12-31": "0.37150", "2014-12-31": "0.91180", "2013-12-31": "0.15900", "2012-12-31": "-0.06490", "2011-12-31": "0.54060", "2010-12-31": "0.29530", "2009-12-31": "-0.90240", "2008-12-31": "-0.56230", "2007-12-31": "-0.41540", "2006-12-31": "0.66140", "2005-12-31": "1.12280"}, "ROI - Return On Investment": {"2019-12-31": "7.71000", "2018-12-31": "9.34310", "2017-12-31": "3.05210", "2016-12-31": "6.36750", "2015-12-31": "2.46220", "2014-12-31": "5.24570", "2013-12-31": "0.89190", "2012-12-31": "-0.34720", "2011-12-31": "2.59400", "2010-12-31": "1.23490", "2009-12-31": "-3.79800", "2008-12-31": "-2.09100", "2007-12-31": "-1.71530", "2006-12-31": "3.02220", "2005-12-31": "7.09960"}, "Book Value Per Share": {"2019-12-31": "16.29700", "2018-12-31": "15.02130", "2017-12-31": "14.01890", "2016-12-31": "11.57880", "2015-12-31": "11.06340", "2014-12-31": "11.02210", "2013-12-31": "10.57980", "2012-12-31": "10.30060", "2011-12-31": "10.42710", "2010-12-31": "10.16840", "2009-12-31": "13.98770", "2008-12-31": "15.22430", "2007-12-31": "14.07720", "2006-12-31": "16.42610", "2005-12-31": "15.49170"}, "Operating Cash Flow Per Share": {"2019-12-31": 1.9148, "2018-12-31": 0.8334, "2017-12-31": -0.8828, "2016-12-31": -0.79, "2015-12-31": -1.4218, "2014-12-31": 1.1779, "2013-12-31": 0.3028, "2012-12-31": 1.3288, "2011-12-31": -3.0914, "2010-12-31": -0.0867, "2009-12-31": -16.8811, "2008-12-31": 19.3521, "2007-12-31": -9.7091, "2006-12-31": 5.2929, "2005-12-31": 5.2906}, "Free Cash Flow Per Share": {"2019-12-31": 1.8762, "2018-12-31": 0.9828, "2017-12-31": -0.8683, "2016-12-31": -1.0126, "2015-12-31": -1.2988, "2014-12-31": 1.1708, "2013-12-31": 0.2504, "2012-12-31": 1.4051, "2011-12-31": -3.0452, "2010-12-31": -0.1773, "2009-12-31": -16.8569, "2008-12-31": 19.4596, "2007-12-31": -9.2788, "2006-12-31": 5.2518, "2005-12-31": 4.6794}}, "financial ratios, quarterly": {"Current Ratio": {"2020-09-30": "", "2020-06-30": "", "2020-03-31": "", "2019-12-31": "", "2019-09-30": "", "2019-06-30": "", "2019-03-31": "", "2018-12-31": "", "2018-09-30": "", "2018-06-30": "", "2018-03-31": "", "2017-12-31": "", "2017-09-30": "", "2017-06-30": "", "2017-03-31": "", "2016-12-31": "", "2016-09-30": "", "2016-06-30": "", "2016-03-31": "", "2015-12-31": "", "2015-09-30": "", "2015-06-30": "", "2015-03-31": "", "2014-12-31": "", "2014-09-30": "", "2014-06-30": "", "2014-03-31": "", "2013-12-31": "", "2013-09-30": "", "2013-06-30": "", "2013-03-31": "", "2012-12-31": "", "2012-09-30": "", "2012-06-30": "", "2012-03-31": "", "2011-12-31": "", "2011-09-30": "", "2011-06-30": "", "2011-03-31": "", "2010-12-31": "", "2010-09-30": "", "2010-06-30": "", "2010-03-31": "", "2009-12-31": "", "2009-09-30": "", "2009-06-30": "", "2009-03-31": "", "2008-12-31": "", "2008-09-30": "", "2008-06-30": "", "2008-03-31": "", "2007-12-31": "", "2007-09-30": "", "2007-06-30": "", "2007-03-31": "", "2006-12-31": "", "2006-09-30": "", "2006-06-30": "", "2006-03-31": "", "2005-12-31": "", "2005-09-30": "", "2005-06-30": "", "2005-03-31": ""}, "Long-term Debt / Capital": {"2020-09-30": "0.20980", "2020-06-30": "0.28070", "2020-03-31": "0.13560", "2019-12-31": "0.13490", "2019-09-30": "0.19300", "2019-06-30": "0.19410", "2019-03-31": "0.19550", "2018-12-31": "0.19660", "2018-09-30": "0.20200", "2018-06-30": "0.21240", "2018-03-31": "0.20990", "2017-12-31": "0.21010", "2017-09-30": "0.26870", "2017-06-30": "0.26770", "2017-03-31": "0.27410", "2016-12-31": "0.27780", "2016-09-30": "0.27970", "2016-06-30": "0.28570", "2016-03-31": "0.33370", "2015-12-31": "0.33210", "2015-09-30": "0.34180", "2015-06-30": "0.38180", "2015-03-31": "0.38590", "2014-12-31": "0.42140", "2014-09-30": "0.36340", "2014-06-30": "0.36470", "2014-03-31": "0.37310", "2013-12-31": "0.41030", "2013-09-30": "0.42130", "2013-06-30": "0.41420", "2013-03-31": "0.45810", "2012-12-31": "0.47010", "2012-09-30": "0.47200", "2012-06-30": "0.47710", "2012-03-31": "0.46680", "2011-12-31": "0.48040", "2011-09-30": "0.47780", "2011-06-30": "0.48270", "2011-03-31": "0.48780", "2010-12-31": "0.54660", "2010-09-30": "0.45900", "2010-06-30": "0.47100", "2010-03-31": "0.47270", "2009-12-31": "0.46680", "2009-09-30": "0.47750", "2009-06-30": "0.48800", "2009-03-31": "0.53830", "2008-12-31": "0.57150", "2008-09-30": "0.64830", "2008-06-30": "0.68640", "2008-03-31": "0.74050", "2007-12-31": "0.76180", "2007-09-30": "0.73740", "2007-06-30": "0.72970", "2007-03-31": "0.72190", "2006-12-31": "0.70330", "2006-09-30": "0.68610", "2006-06-30": "0.69660", "2006-03-31": "0.65710", "2005-12-31": "0.59420", "2005-09-30": "0.46600", "2005-06-30": "0.53370", "2005-03-31": "0.54950"}, "Debt/Equity Ratio": {"2020-09-30": "0.58700", "2020-06-30": "0.89410", "2020-03-31": "1.29970", "2019-12-31": "0.94860", "2019-09-30": "1.17350", "2019-06-30": "0.82030", "2019-03-31": "0.58470", "2018-12-31": "0.55170", "2018-09-30": "0.87010", "2018-06-30": "1.07100", "2018-03-31": "0.97090", "2017-12-31": "1.20930", "2017-09-30": "1.41680", "2017-06-30": "1.30620", "2017-03-31": "1.04870", "2016-12-31": "0.94380", "2016-09-30": "1.25370", "2016-06-30": "1.25160", "2016-03-31": "1.20050", "2015-12-31": "1.06790", "2015-09-30": "1.19430", "2015-06-30": "1.31330", "2015-03-31": "1.42250", "2014-12-31": "1.63890", "2014-09-30": "1.61610", "2014-06-30": "1.79870", "2014-03-31": "1.55020", "2013-12-31": "1.50950", "2013-09-30": "1.70600", "2013-06-30": "1.73600", "2013-03-31": "1.92930", "2012-12-31": "2.04790", "2012-09-30": "2.14520", "2012-06-30": "2.24310", "2012-03-31": "1.82900", "2011-12-31": "1.82090", "2011-09-30": "2.07960", "2011-06-30": "1.93760", "2011-03-31": "1.99330", "2010-12-31": "2.19780", "2010-09-30": "1.77000", "2010-06-30": "1.87830", "2010-03-31": "1.86290", "2009-12-31": "2.06530", "2009-09-30": "2.22590", "2009-06-30": "2.49920", "2009-03-31": "2.98460", "2008-12-31": "3.12140", "2008-09-30": "4.77430", "2008-06-30": "5.22380", "2008-03-31": "6.58140", "2007-12-31": "7.33200", "2007-09-30": "5.68980", "2007-06-30": "4.62630", "2007-03-31": "4.45390", "2006-12-31": "5.21710", "2006-09-30": "3.85490", "2006-06-30": "4.35880", "2006-03-31": "4.35610", "2005-12-31": "3.73540", "2005-09-30": "2.82800", "2005-06-30": "4.67340", "2005-03-31": "3.42210"}, "Gross Margin": {"2020-09-30": "", "2020-06-30": "", "2020-03-31": "", "2019-12-31": "", "2019-09-30": "", "2019-06-30": "", "2019-03-31": "", "2018-12-31": "", "2018-09-30": "", "2018-06-30": "", "2018-03-31": "", "2017-12-31": "", "2017-09-30": "", "2017-06-30": "", "2017-03-31": "", "2016-12-31": "", "2016-09-30": "", "2016-06-30": "", "2016-03-31": "", "2015-12-31": "", "2015-09-30": "", "2015-06-30": "", "2015-03-31": "", "2014-12-31": "", "2014-09-30": "", "2014-06-30": "", "2014-03-31": "", "2013-12-31": "", "2013-09-30": "", "2013-06-30": "", "2013-03-31": "", "2012-12-31": "", "2012-09-30": "", "2012-06-30": "", "2012-03-31": "", "2011-12-31": "", "2011-09-30": "", "2011-06-30": "", "2011-03-31": "", "2010-12-31": "", "2010-09-30": "", "2010-06-30": "", "2010-03-31": "", "2009-12-31": "", "2009-09-30": "", "2009-06-30": "", "2009-03-31": "", "2008-12-31": "", "2008-09-30": "", "2008-06-30": "", "2008-03-31": "", "2007-12-31": "", "2007-09-30": "", "2007-06-30": "", "2007-03-31": "", "2006-12-31": "", "2006-09-30": "", "2006-06-30": "", "2006-03-31": "", "2005-12-31": "", "2005-09-30": "", "2005-06-30": "", "2005-03-31": ""}, "Operating Margin": {"2020-09-30": "", "2020-06-30": "", "2020-03-31": "", "2019-12-31": "", "2019-09-30": "", "2019-06-30": "", "2019-03-31": "", "2018-12-31": "", "2018-09-30": "", "2018-06-30": "", "2018-03-31": "", "2017-12-31": "", "2017-09-30": "", "2017-06-30": "", "2017-03-31": "", "2016-12-31": "", "2016-09-30": "", "2016-06-30": "", "2016-03-31": "", "2015-12-31": "", "2015-09-30": "", "2015-06-30": "", "2015-03-31": "", "2014-12-31": "", "2014-09-30": "", "2014-06-30": "", "2014-03-31": "", "2013-12-31": "", "2013-09-30": "", "2013-06-30": "", "2013-03-31": "", "2012-12-31": "", "2012-09-30": "", "2012-06-30": "", "2012-03-31": "", "2011-12-31": "", "2011-09-30": "", "2011-06-30": "", "2011-03-31": "", "2010-12-31": "", "2010-09-30": "", "2010-06-30": "", "2010-03-31": "", "2009-12-31": "", "2009-09-30": "", "2009-06-30": "", "2009-03-31": "", "2008-12-31": "", "2008-09-30": "", "2008-06-30": "", "2008-03-31": "", "2007-12-31": "", "2007-09-30": "", "2007-06-30": "", "2007-03-31": "", "2006-12-31": "", "2006-09-30": "", "2006-06-30": "", "2006-03-31": "", "2005-12-31": "", "2005-09-30": "", "2005-06-30": "", "2005-03-31": ""}, "EBIT Margin": {"2020-09-30": "", "2020-06-30": "", "2020-03-31": "", "2019-12-31": "", "2019-09-30": "", "2019-06-30": "", "2019-03-31": "", "2018-12-31": "", "2018-09-30": "", "2018-06-30": "", "2018-03-31": "", "2017-12-31": "", "2017-09-30": "", "2017-06-30": "", "2017-03-31": "", "2016-12-31": "", "2016-09-30": "", "2016-06-30": "", "2016-03-31": "", "2015-12-31": "", "2015-09-30": "", "2015-06-30": "", "2015-03-31": "", "2014-12-31": "", "2014-09-30": "", "2014-06-30": "", "2014-03-31": "", "2013-12-31": "", "2013-09-30": "", "2013-06-30": "", "2013-03-31": "", "2012-12-31": "", "2012-09-30": "", "2012-06-30": "", "2012-03-31": "", "2011-12-31": "", "2011-09-30": "", "2011-06-30": "", "2011-03-31": "", "2010-12-31": "", "2010-09-30": "", "2010-06-30": "", "2010-03-31": "", "2009-12-31": "", "2009-09-30": "", "2009-06-30": "", "2009-03-31": "", "2008-12-31": "", "2008-09-30": "", "2008-06-30": "", "2008-03-31": "", "2007-12-31": "", "2007-09-30": "", "2007-06-30": "", "2007-03-31": "", "2006-12-31": "", "2006-09-30": "", "2006-06-30": "", "2006-03-31": "", "2005-12-31": "", "2005-09-30": "", "2005-06-30": "", "2005-03-31": ""}, "EBITDA Margin": {"2020-09-30": "", "2020-06-30": "", "2020-03-31": "", "2019-12-31": "", "2019-09-30": "", "2019-06-30": "", "2019-03-31": "", "2018-12-31": "", "2018-09-30": "", "2018-06-30": "", "2018-03-31": "", "2017-12-31": "", "2017-09-30": "", "2017-06-30": "", "2017-03-31": "", "2016-12-31": "", "2016-09-30": "", "2016-06-30": "", "2016-03-31": "", "2015-12-31": "", "2015-09-30": "", "2015-06-30": "", "2015-03-31": "", "2014-12-31": "", "2014-09-30": "", "2014-06-30": "", "2014-03-31": "", "2013-12-31": "", "2013-09-30": "", "2013-06-30": "", "2013-03-31": "", "2012-12-31": "", "2012-09-30": "", "2012-06-30": "", "2012-03-31": "", "2011-12-31": "", "2011-09-30": "", "2011-06-30": "", "2011-03-31": "", "2010-12-31": "", "2010-09-30": "", "2010-06-30": "", "2010-03-31": "", "2009-12-31": "", "2009-09-30": "", "2009-06-30": "", "2009-03-31": "", "2008-12-31": "", "2008-09-30": "", "2008-06-30": "", "2008-03-31": "", "2007-12-31": "", "2007-09-30": "", "2007-06-30": "", "2007-03-31": "", "2006-12-31": "", "2006-09-30": "", "2006-06-30": "", "2006-03-31": "", "2005-12-31": "", "2005-09-30": "", "2005-06-30": "", "2005-03-31": ""}, "Pre-Tax Profit Margin": {"2020-09-30": "47.97070", "2020-06-30": "17.29150", "2020-03-31": "6.38660", "2019-12-31": "32.48590", "2019-09-30": "32.69090", "2019-06-30": "33.03790", "2019-03-31": "30.58540", "2018-12-31": "30.69280", "2018-09-30": "54.94970", "2018-06-30": "24.10480", "2018-03-31": "28.50930", "2017-12-31": "6.87870", "2017-09-30": "26.49160", "2017-06-30": "34.03930", "2017-03-31": "27.77270", "2016-12-31": "25.57070", "2016-09-30": "29.16900", "2016-06-30": "28.62250", "2016-03-31": "25.20020", "2015-12-31": "18.17620", "2015-09-30": "25.10870", "2015-06-30": "25.95330", "2015-03-31": "-33.62260", "2014-12-31": "23.96460", "2014-09-30": "21.62800", "2014-06-30": "41.44950", "2014-03-31": "24.31370", "2013-12-31": "10.88220", "2013-09-30": "-44.85040", "2013-06-30": "20.94310", "2013-03-31": "20.56380", "2012-12-31": "10.15760", "2012-09-30": "11.39180", "2012-06-30": "-66.52150", "2012-03-31": "12.11240", "2011-12-31": "10.86550", "2011-09-30": "11.64180", "2011-06-30": "4.17250", "2011-03-31": "14.75020", "2010-12-31": "4.42230", "2010-09-30": "9.86090", "2010-06-30": "5.25000", "2010-03-31": "-6.06760", "2009-12-31": "-24.59610", "2009-09-30": "-13.04440", "2009-06-30": "-80.26950", "2009-03-31": "-37.80250", "2008-12-31": "-31.48430", "2008-09-30": "-116.22310", "2008-06-30": "-10.78100", "2008-03-31": "0.67530", "2007-12-31": "-345.02100", "2007-09-30": "-5.95460", "2007-06-30": "3.80440", "2007-03-31": "18.10710", "2006-12-31": "19.97340", "2006-09-30": "17.02930", "2006-06-30": "25.78190", "2006-03-31": "-2.24400", "2005-12-31": "26.30630", "2005-09-30": "27.04370", "2005-06-30": "25.59150", "2005-03-31": "28.42040"}, "Net Profit Margin": {"2020-09-30": "46.38350", "2020-06-30": "13.01350", "2020-03-31": "3.62940", "2019-12-31": "24.13370", "2019-09-30": "23.90810", "2019-06-30": "24.37350", "2019-03-31": "23.21750", "2018-12-31": "23.68440", "2018-09-30": "41.41180", "2018-06-30": "18.60840", "2018-03-31": "20.68140", "2017-12-31": "-14.19400", "2017-09-30": "20.89660", "2017-06-30": "27.48460", "2017-03-31": "17.55840", "2016-12-31": "16.67380", "2016-09-30": "19.16720", "2016-06-30": "17.79170", "2016-03-31": "15.75980", "2015-12-31": "15.78840", "2015-09-30": "20.44220", "2015-06-30": "17.14110", "2015-03-31": "-27.24620", "2014-12-31": "17.27870", "2014-09-30": "14.79750", "2014-06-30": "27.81800", "2014-03-31": "15.83400", "2013-12-31": "16.85050", "2013-09-30": "-35.89920", "2013-06-30": "14.19880", "2013-03-31": "13.52930", "2012-12-31": "13.46870", "2012-09-30": "8.68910", "2012-06-30": "-39.41290", "2012-03-31": "8.33230", "2011-12-31": "9.98080", "2011-09-30": "9.88560", "2011-06-30": "5.56180", "2011-03-31": "10.91010", "2010-12-31": "-14.31620", "2010-09-30": "4.19030", "2010-06-30": "0.75730", "2010-03-31": "-8.67900", "2009-12-31": "-23.24600", "2009-09-30": "-17.15970", "2009-06-30": "-55.17200", "2009-03-31": "-27.97960", "2008-12-31": "-25.34450", "2008-09-30": "-69.79970", "2008-06-30": "-4.56550", "2008-03-31": "1.81170", "2007-12-31": "-227.46480", "2007-09-30": "-3.55740", "2007-06-30": "4.65430", "2007-03-31": "14.33530", "2006-12-31": "14.17740", "2006-09-30": "12.29450", "2006-06-30": "18.30120", "2006-03-31": "50.53160", "2005-12-31": "19.03980", "2005-09-30": "19.33470", "2005-06-30": "18.31790", "2005-03-31": "19.69970"}, "Asset Turnover": {"2020-09-30": "0.01360", "2020-06-30": "0.00830", "2020-03-31": "0.00700", "2019-12-31": "0.01120", "2019-09-30": "0.01050", "2019-06-30": "0.01060", "2019-03-31": "0.01040", "2018-12-31": "0.01000", "2018-09-30": "0.01610", "2018-06-30": "0.01070", "2018-03-31": "0.01080", "2017-12-31": "0.00900", "2017-09-30": "0.01090", "2017-06-30": "0.01120", "2017-03-31": "0.01040", "2016-12-31": "0.01120", "2016-09-30": "0.01160", "2016-06-30": "0.01150", "2016-03-31": "0.01130", "2015-12-31": "0.01140", "2015-09-30": "0.01130", "2015-06-30": "0.01170", "2015-03-31": "0.01090", "2014-12-31": "0.01060", "2014-09-30": "0.01300", "2014-06-30": "0.01150", "2014-03-31": "0.01200", "2013-12-31": "0.01170", "2013-09-30": "0.01250", "2013-06-30": "0.01160", "2013-03-31": "0.01220", "2012-12-31": "0.01190", "2012-09-30": "0.01150", "2012-06-30": "0.01240", "2012-03-31": "0.01430", "2011-12-31": "0.01410", "2011-09-30": "0.01430", "2011-06-30": "0.01430", "2011-03-31": "0.01510", "2010-12-31": "0.01380", "2010-09-30": "0.01490", "2010-06-30": "0.01360", "2010-03-31": "0.01230", "2009-12-31": "0.01160", "2009-09-30": "0.01160", "2009-06-30": "0.00780", "2009-03-31": "0.00950", "2008-12-31": "0.00800", "2008-09-30": "0.00550", "2008-06-30": "0.01180", "2008-03-31": "0.01170", "2007-12-31": "0.00300", "2007-09-30": "0.01060", "2007-06-30": "0.01240", "2007-03-31": "0.01270", "2006-12-31": "0.01420", "2006-09-30": "0.01360", "2006-06-30": "0.01520", "2006-03-31": "0.01140", "2005-12-31": "0.01520", "2005-09-30": "0.01580", "2005-06-30": "0.01470", "2005-03-31": "0.01530"}, "Inventory Turnover Ratio": {"2020-09-30": "", "2020-06-30": "", "2020-03-31": "", "2019-12-31": "", "2019-09-30": "", "2019-06-30": "", "2019-03-31": "", "2018-12-31": "", "2018-09-30": "", "2018-06-30": "", "2018-03-31": "", "2017-12-31": "", "2017-09-30": "", "2017-06-30": "", "2017-03-31": "", "2016-12-31": "", "2016-09-30": "", "2016-06-30": "", "2016-03-31": "", "2015-12-31": "", "2015-09-30": "", "2015-06-30": "", "2015-03-31": "", "2014-12-31": "", "2014-09-30": "", "2014-06-30": "", "2014-03-31": "", "2013-12-31": "", "2013-09-30": "", "2013-06-30": "", "2013-03-31": "", "2012-12-31": "", "2012-09-30": "", "2012-06-30": "", "2012-03-31": "", "2011-12-31": "", "2011-09-30": "", "2011-06-30": "", "2011-03-31": "", "2010-12-31": "", "2010-09-30": "", "2010-06-30": "", "2010-03-31": "", "2009-12-31": "", "2009-09-30": "", "2009-06-30": "", "2009-03-31": "", "2008-12-31": "", "2008-09-30": "", "2008-06-30": "", "2008-03-31": "", "2007-12-31": "", "2007-09-30": "", "2007-06-30": "", "2007-03-31": "", "2006-12-31": "", "2006-09-30": "", "2006-06-30": "", "2006-03-31": "", "2005-12-31": "", "2005-09-30": "", "2005-06-30": "", "2005-03-31": ""}, "Receiveable Turnover": {"2020-09-30": "", "2020-06-30": "", "2020-03-31": "", "2019-12-31": "", "2019-09-30": "", "2019-06-30": "", "2019-03-31": "", "2018-12-31": "", "2018-09-30": "", "2018-06-30": "", "2018-03-31": "", "2017-12-31": "", "2017-09-30": "", "2017-06-30": "", "2017-03-31": "", "2016-12-31": "", "2016-09-30": "", "2016-06-30": "", "2016-03-31": "", "2015-12-31": "", "2015-09-30": "", "2015-06-30": "", "2015-03-31": "", "2014-12-31": "", "2014-09-30": "", "2014-06-30": "", "2014-03-31": "", "2013-12-31": "", "2013-09-30": "", "2013-06-30": "", "2013-03-31": "", "2012-12-31": "", "2012-09-30": "", "2012-06-30": "", "2012-03-31": "", "2011-12-31": "", "2011-09-30": "", "2011-06-30": "", "2011-03-31": "", "2010-12-31": "", "2010-09-30": "", "2010-06-30": "", "2010-03-31": "", "2009-12-31": "", "2009-09-30": "", "2009-06-30": "", "2009-03-31": "", "2008-12-31": "", "2008-09-30": "", "2008-06-30": "", "2008-03-31": "", "2007-12-31": "", "2007-09-30": "", "2007-06-30": "", "2007-03-31": "", "2006-12-31": "", "2006-09-30": "", "2006-06-30": "", "2006-03-31": "", "2005-12-31": "", "2005-09-30": "", "2005-06-30": "", "2005-03-31": ""}, "Days Sales In Receivables": {"2020-09-30": "", "2020-06-30": "", "2020-03-31": "", "2019-12-31": "", "2019-09-30": "", "2019-06-30": "", "2019-03-31": "", "2018-12-31": "", "2018-09-30": "", "2018-06-30": "", "2018-03-31": "", "2017-12-31": "", "2017-09-30": "", "2017-06-30": "", "2017-03-31": "", "2016-12-31": "", "2016-09-30": "", "2016-06-30": "", "2016-03-31": "", "2015-12-31": "", "2015-09-30": "", "2015-06-30": "", "2015-03-31": "", "2014-12-31": "", "2014-09-30": "", "2014-06-30": "", "2014-03-31": "", "2013-12-31": "", "2013-09-30": "", "2013-06-30": "", "2013-03-31": "", "2012-12-31": "", "2012-09-30": "", "2012-06-30": "", "2012-03-31": "", "2011-12-31": "", "2011-09-30": "", "2011-06-30": "", "2011-03-31": "", "2010-12-31": "", "2010-09-30": "", "2010-06-30": "", "2010-03-31": "", "2009-12-31": "", "2009-09-30": "", "2009-06-30": "", "2009-03-31": "", "2008-12-31": "", "2008-09-30": "", "2008-06-30": "", "2008-03-31": "", "2007-12-31": "", "2007-09-30": "", "2007-06-30": "", "2007-03-31": "", "2006-12-31": "", "2006-09-30": "", "2006-06-30": "", "2006-03-31": "", "2005-12-31": "", "2005-09-30": "", "2005-06-30": "", "2005-03-31": ""}, "ROE - Return On Equity": {"2020-09-30": "7.02440", "2020-06-30": "1.14060", "2020-03-31": "0.33210", "2019-12-31": "2.43520", "2019-09-30": "2.32520", "2019-06-30": "2.35470", "2019-03-31": "2.17650", "2018-12-31": "2.14950", "2018-09-30": "5.91260", "2018-06-30": "1.93060", "2018-03-31": "2.12190", "2017-12-31": "-1.07880", "2017-09-30": "2.57430", "2017-06-30": "3.48570", "2017-03-31": "2.20760", "2016-12-31": "2.21210", "2016-09-30": "2.55330", "2016-06-30": "2.34720", "2016-03-31": "2.04970", "2015-12-31": "2.02160", "2015-09-30": "2.54900", "2015-06-30": "2.26880", "2015-03-31": "-3.01230", "2014-12-31": "2.07730", "2014-09-30": "2.00690", "2014-06-30": "3.25160", "2014-03-31": "2.05090", "2013-12-31": "2.12860", "2013-09-30": "-4.41250", "2013-06-30": "1.84570", "2013-03-31": "1.77860", "2012-12-31": "1.73740", "2012-09-30": "1.12860", "2012-06-30": "-4.86860", "2012-03-31": "1.26420", "2011-12-31": "1.43640", "2011-09-30": "1.24500", "2011-06-30": "0.71470", "2011-03-31": "1.59590", "2010-12-31": "0.79660", "2010-09-30": "1.36500", "2010-06-30": "0.82040", "2010-03-31": "-0.11410", "2009-12-31": "-1.62940", "2009-09-30": "-0.96340", "2009-06-30": "-4.03990", "2009-03-31": "-2.36840", "2008-12-31": "-1.74880", "2008-09-30": "-4.19330", "2008-06-30": "-0.54250", "2008-03-31": "0.46100", "2007-12-31": "-10.84710", "2007-09-30": "-0.59310", "2007-06-30": "0.89080", "2007-03-31": "2.79590", "2006-12-31": "3.09780", "2006-09-30": "2.67590", "2006-06-30": "4.25570", "2006-03-31": "0.14210", "2005-12-31": "4.41520", "2005-09-30": "4.71630", "2005-06-30": "4.33690", "2005-03-31": "4.83880"}, "Return On Tangible Equity": {"2020-09-30": "8.59980", "2020-06-30": "1.54990", "2020-03-31": "0.47090", "2019-12-31": "3.45240", "2019-09-30": "3.32500", "2019-06-30": "3.39460", "2019-03-31": "3.16720", "2018-12-31": "3.15260", "2018-09-30": "8.66440", "2018-06-30": "2.89290", "2018-03-31": "3.16690", "2017-12-31": "-1.60770", "2017-09-30": "2.75600", "2017-06-30": "3.74020", "2017-03-31": "2.30850", "2016-12-31": "2.31570", "2016-09-30": "2.67240", "2016-06-30": "2.46020", "2016-03-31": "2.15160", "2015-12-31": "2.12340", "2015-09-30": "2.62930", "2015-06-30": "2.34350", "2015-03-31": "-3.11410", "2014-12-31": "2.14620", "2014-09-30": "2.06040", "2014-06-30": "3.33950", "2014-03-31": "2.10920", "2013-12-31": "2.26130", "2013-09-30": "-4.78890", "2013-06-30": "1.99370", "2013-03-31": "1.90780", "2012-12-31": "1.94790", "2012-09-30": "1.26800", "2012-06-30": "-5.49890", "2012-03-31": "1.42560", "2011-12-31": "1.61980", "2011-09-30": "1.40460", "2011-06-30": "0.82240", "2011-03-31": "1.87360", "2010-12-31": "0.93750", "2010-09-30": "1.16730", "2010-06-30": "0.70470", "2010-03-31": "-0.10030", "2009-12-31": "-1.45910", "2009-09-30": "-0.86700", "2009-06-30": "-3.72620", "2009-03-31": "-2.22940", "2008-12-31": "-1.64940", "2008-09-30": "-6.56470", "2008-06-30": "-1.00710", "2008-03-31": "0.87580", "2007-12-31": "-31.88720", "2007-09-30": "-2.29740", "2007-06-30": "3.66500", "2007-03-31": "11.03060", "2006-12-31": "12.96540", "2006-09-30": "10.07030", "2006-06-30": "21.21890", "2006-03-31": "0.60250", "2005-12-31": "15.35930", "2005-09-30": "14.95410", "2005-06-30": "11.20220", "2005-03-31": "15.80470"}, "ROA - Return On Assets": {"2020-09-30": "0.64920", "2020-06-30": "0.11650", "2020-03-31": "0.03490", "2019-12-31": "0.28000", "2019-09-30": "0.26060", "2019-06-30": "0.26970", "2019-03-31": "0.25160", "2018-12-31": "0.24690", "2018-09-30": "0.67600", "2018-06-30": "0.20930", "2018-03-31": "0.23480", "2017-12-31": "-0.11680", "2017-09-30": "0.24230", "2017-06-30": "0.32420", "2017-03-31": "0.19710", "2016-12-31": "0.20210", "2016-09-30": "0.23770", "2016-06-30": "0.22130", "2016-03-31": "0.19360", "2015-12-31": "0.19630", "2015-09-30": "0.24950", "2015-06-30": "0.21780", "2015-03-31": "-0.28160", "2014-12-31": "0.20120", "2014-09-30": "0.21060", "2014-06-30": "0.33830", "2014-03-31": "0.20880", "2013-12-31": "0.21520", "2013-09-30": "-0.43230", "2013-06-30": "0.18200", "2013-03-31": "0.17960", "2012-12-31": "0.17210", "2012-09-30": "0.11100", "2012-06-30": "-0.48020", "2012-03-31": "0.13160", "2011-12-31": "0.15560", "2011-09-30": "0.13360", "2011-06-30": "0.07650", "2011-03-31": "0.17240", "2010-12-31": "0.08640", "2010-09-30": "0.13420", "2010-06-30": "0.07750", "2010-03-31": "-0.01090", "2009-12-31": "-0.15650", "2009-09-30": "-0.09380", "2009-06-30": "-0.36570", "2009-03-31": "-0.20650", "2008-12-31": "-0.15740", "2008-09-30": "-0.36720", "2008-06-30": "-0.04570", "2008-03-31": "0.02980", "2007-12-31": "-0.62580", "2007-09-30": "-0.03830", "2007-06-30": "0.05720", "2007-03-31": "0.18110", "2006-12-31": "0.20120", "2006-09-30": "0.16760", "2006-06-30": "0.27740", "2006-03-31": "0.00910", "2005-12-31": "0.28340", "2005-09-30": "0.29190", "2005-06-30": "0.25870", "2005-03-31": "0.29240"}, "ROI - Return On Investment": {"2020-09-30": "5.23030", "2020-06-30": "0.78260", "2020-03-31": "0.28170", "2019-12-31": "2.06710", "2019-09-30": "1.84040", "2019-06-30": "1.86070", "2019-03-31": "1.71640", "2018-12-31": "1.69240", "2018-09-30": "4.62320", "2018-06-30": "1.48850", "2018-03-31": "1.64140", "2017-12-31": "-0.83440", "2017-09-30": "1.82010", "2017-06-30": "2.46630", "2017-03-31": "1.54650", "2016-12-31": "1.54100", "2016-09-30": "1.77510", "2016-06-30": "1.61690", "2016-03-31": "1.31630", "2015-12-31": "1.30130", "2015-09-30": "1.61550", "2015-06-30": "1.34920", "2015-03-31": "-1.77900", "2014-12-31": "1.15740", "2014-09-30": "1.23080", "2014-06-30": "1.99030", "2014-03-31": "1.23720", "2013-12-31": "1.20730", "2013-09-30": "-2.45330", "2013-06-30": "1.04070", "2013-03-31": "0.92840", "2012-12-31": "0.92050", "2012-09-30": "0.59590", "2012-06-30": "-2.54580", "2012-03-31": "0.67410", "2011-12-31": "0.74640", "2011-09-30": "0.65010", "2011-06-30": "0.36970", "2011-03-31": "0.81730", "2010-12-31": "0.36120", "2010-09-30": "0.55730", "2010-06-30": "0.32750", "2010-03-31": "-0.04540", "2009-12-31": "-0.65870", "2009-09-30": "-0.38470", "2009-06-30": "-1.58650", "2009-03-31": "-0.84830", "2008-12-31": "-0.58530", "2008-09-30": "-1.47480", "2008-06-30": "-0.17010", "2008-03-31": "0.11960", "2007-12-31": "-2.58420", "2007-09-30": "-0.15580", "2007-06-30": "0.24080", "2007-03-31": "0.77750", "2006-12-31": "0.91920", "2006-09-30": "0.84000", "2006-06-30": "1.29130", "2006-03-31": "0.04870", "2005-12-31": "1.79160", "2005-09-30": "2.51870", "2005-06-30": "2.02240", "2005-03-31": "2.18010"}, "Book Value Per Share": {"2020-09-30": "14.67970", "2020-06-30": "16.67440", "2020-03-31": "16.21090", "2019-12-31": "16.29700", "2019-09-30": "16.05520", "2019-06-30": "15.76460", "2019-03-31": "15.36820", "2018-12-31": "15.02130", "2018-09-30": "14.63820", "2018-06-30": "13.99910", "2018-03-31": "13.97500", "2017-12-31": "14.01890", "2017-09-30": "12.31070", "2017-06-30": "12.07380", "2017-03-31": "11.71720", "2016-12-31": "11.57880", "2016-09-30": "11.76750", "2016-06-30": "11.60220", "2016-03-31": "11.36520", "2015-12-31": "11.06340", "2015-09-30": "11.01550", "2015-06-30": "10.75930", "2015-03-31": "10.70350", "2014-12-31": "11.02210", "2014-09-30": "11.10230", "2014-06-30": "11.02810", "2014-03-31": "10.70440", "2013-12-31": "10.57980", "2013-09-30": "10.29630", "2013-06-30": "10.58560", "2013-03-31": "10.77720", "2012-12-31": "10.30060", "2012-09-30": "10.24500", "2012-06-30": "10.10570", "2012-03-31": "10.58380", "2011-12-31": "10.42710", "2011-09-30": "10.40600", "2011-06-30": "10.16830", "2011-03-31": "10.02550", "2010-12-31": "10.16840", "2010-09-30": "13.94950", "2010-06-30": "13.87960", "2010-03-31": "13.82570", "2009-12-31": "13.98770", "2009-09-30": "14.27830", "2009-06-30": "14.38020", "2009-03-31": "14.88070", "2008-12-31": "15.22430", "2008-09-30": "12.23460", "2008-06-30": "12.73530", "2008-03-31": "15.81730", "2007-12-31": "14.07720", "2007-09-30": "15.96070", "2007-06-30": "16.25490", "2007-03-31": "16.65710", "2006-12-31": "16.42610", "2006-09-30": "16.80080", "2006-06-30": "16.41210", "2006-03-31": "16.21980", "2005-12-31": "15.49170", "2005-09-30": "15.15370", "2005-06-30": "14.75960", "2005-03-31": "14.25800"}, "Operating Cash Flow Per Share": {"2020-09-30": 1.1118, "2020-06-30": 2.8632, "2020-03-31": "-4.47040", "2019-12-31": 0.3469, "2019-09-30": 1.1837, "2019-06-30": 0.7165, "2019-03-31": "0.38330", "2018-12-31": 1.1154, "2018-09-30": -0.5334, "2018-06-30": 0.7523, "2018-03-31": "-0.61870", "2017-12-31": 1.1993, "2017-09-30": 0.5712, "2017-06-30": -1.5865, "2017-03-31": "-0.30180", "2016-12-31": 1.8855, "2016-09-30": -1.0202, "2016-06-30": 0.3718, "2016-03-31": "-0.47210", "2015-12-31": 0.6504, "2015-09-30": 0.4312, "2015-06-30": 1.0815, "2015-03-31": "-0.60810", "2014-12-31": 0.4832, "2014-09-30": 0.8473, "2014-06-30": 0.2036, "2014-03-31": "1.44270", "2013-12-31": 1.3168, "2013-09-30": 0.1159, "2013-06-30": 0.1508, "2013-03-31": "0.21540", "2012-12-31": 1.0433, "2012-09-30": 1.7194, "2012-06-30": -0.6311, "2012-03-31": "-0.63550", "2011-12-31": 0.3044, "2011-09-30": 0.9949, "2011-06-30": -0.2855, "2011-03-31": "-0.84650", "2010-12-31": 2.6949, "2010-09-30": 2.71, "2010-06-30": -1.6231, "2010-03-31": "-0.52310", "2009-12-31": 0.5186, "2009-09-30": 1.3972, "2009-06-30": 1.5809, "2009-03-31": "-0.15130", "2008-12-31": 7.7011, "2008-09-30": 8.3758, "2008-06-30": 4.1949, "2008-03-31": "-0.04530", "2007-12-31": -0.085, "2007-09-30": 4.2896, "2007-06-30": 0.9303, "2007-03-31": "-4.26050", "2006-12-31": 7.973, "2006-09-30": -6.1149, "2006-06-30": 5.0519, "2006-03-31": "3.67350", "2005-12-31": 3.0729, "2005-09-30": 4.7271, "2005-06-30": 3.5852, "2005-03-31": "-6.09460"}, "Free Cash Flow Per Share": {"2020-09-30": 1.1224, "2020-06-30": 2.8215, "2020-03-31": "-4.48770", "2019-12-31": 0.3006, "2019-09-30": 1.1516, "2019-06-30": 0.7118, "2019-03-31": "0.37420", "2018-12-31": 1.0928, "2018-09-30": -0.5081, "2018-06-30": 0.7426, "2018-03-31": "-0.66530", "2017-12-31": 1.114, "2017-09-30": 0.5314, "2017-06-30": -1.6252, "2017-03-31": "-0.34100", "2016-12-31": 1.8033, "2016-09-30": -1.0517, "2016-06-30": 0.3125, "2016-03-31": "-0.51660", "2015-12-31": 0.5899, "2015-09-30": 0.3919, "2015-06-30": 1.2174, "2015-03-31": "-0.63910", "2014-12-31": 0.4524, "2014-09-30": 0.8252, "2014-06-30": 0.1544, "2014-03-31": "1.42690", "2013-12-31": 1.286, "2013-09-30": 0.1021, "2013-06-30": 0.1079, "2013-03-31": "0.19210", "2012-12-31": 1.017, "2012-09-30": 1.7216, "2012-06-30": -0.6559, "2012-03-31": "-0.64500", "2011-12-31": 0.2864, "2011-09-30": 0.9754, "2011-06-30": -0.3557, "2011-03-31": "-0.87350", "2010-12-31": 2.6114, "2010-09-30": 2.6532, "2010-06-30": -1.65, "2010-03-31": "-0.53680", "2009-12-31": 0.5069, "2009-09-30": 1.3186, "2009-06-30": 1.6083, "2009-03-31": "-0.17870", "2008-12-31": 7.7447, "2008-09-30": 8.1607, "2008-06-30": 4.3046, "2008-03-31": "-0.09800", "2007-12-31": -0.1472, "2007-09-30": 4.229, "2007-06-30": 0.8822, "2007-03-31": "-4.31160", "2006-12-31": 7.8166, "2006-09-30": -6.2791, "2006-06-30": 4.8973, "2006-03-31": "3.49640", "2005-12-31": 2.8915, "2005-09-30": 4.5377, "2005-06-30": 3.4599, "2005-03-31": "-6.20970"}}, "revenue": {"First Horizon Annual Revenue (Millions of US $)": {"2020": "$3,390", "2019": "$2,278", "2018": "$2,269", "2017": "$1,480", "2016": "$1,370", "2015": "$1,254", "2014": "$1,259", "2013": "$1,317", "2012": "$1,470", "2011": "$1,618", "2010": "$1,813", "2009": "$2,227", "2008": "$3,075", "2007": "$3,113", "2006": "$3,496", "2005": "$3,147"}, "First Horizon Quarterly Revenue (Millions of US $)": {"2020-12-31": "$862", "2020-09-30": "$1,421", "2020-06-30": "$553", "2020-03-31": "$553", "2019-12-31": "$587", "2019-09-30": "$579", "2019-06-30": "$570", "2019-03-31": "$542", "2018-12-31": "$511", "2018-09-30": "$743", "2018-06-30": "$515", "2018-03-31": "$499", "2017-12-31": "$421", "2017-09-30": "$361", "2017-06-30": "$363", "2017-03-31": "$336", "2016-12-31": "$344", "2016-09-30": "$356", "2016-06-30": "$343", "2016-03-31": "$328", "2015-12-31": "$320", "2015-09-30": "$309", "2015-06-30": "$317", "2015-03-31": "$308", "2014-12-31": "$299", "2014-09-30": "$337", "2014-06-30": "$304", "2014-03-31": "$319", "2013-12-31": "$314", "2013-09-30": "$333", "2013-06-30": "$327", "2013-03-31": "$343", "2012-12-31": "$343", "2012-09-30": "$364", "2012-06-30": "$360", "2012-03-31": "$404", "2011-12-31": "$391", "2011-09-30": "$429", "2011-06-30": "$394", "2011-03-31": "$404", "2010-12-31": "$420", "2010-09-30": "$466", "2010-06-30": "$464", "2010-03-31": "$463", "2009-12-31": "$480", "2009-09-30": "$539", "2009-06-30": "$540", "2009-03-31": "$669", "2008-12-31": "$656", "2008-09-30": "$679", "2008-06-30": "$815", "2008-03-31": "$926", "2007-12-31": "$585", "2007-09-30": "$786", "2007-06-30": "$875", "2007-03-31": "$866", "2006-12-31": "$921", "2006-09-30": "$931", "2006-06-30": "$914", "2006-03-31": "$731", "2005-12-31": "$837", "2005-09-30": "$844", "2005-06-30": "$758", "2005-03-31": "$708"}}, "gross-profit": {"First Horizon Annual Gross Profit (Millions of US $)": {"2020": "$3,155", "2019": "$1,864", "2018": "$1,943", "2017": "$1,333", "2016": "$1,282", "2015": "$1,171", "2014": "$1,178", "2013": "$1,222", "2012": "$1,360", "2011": "$1,487", "2010": "$1,664", "2009": "$2,011", "2008": "$2,363", "2007": "$1,747", "2006": "$2,164", "2005": "$2,291"}, "First Horizon Quarterly Gross Profit (Millions of US $)": {"2020-12-31": "$809", "2020-09-30": "$1,355", "2020-06-30": "$512", "2020-03-31": "$478", "2019-12-31": "$495", "2019-09-30": "$472", "2019-06-30": "$462", "2019-03-31": "$436", "2018-12-31": "$413", "2018-09-30": "$655", "2018-06-30": "$438", "2018-03-31": "$437", "2017-12-31": "$375", "2017-09-30": "$322", "2017-06-30": "$328", "2017-03-31": "$307", "2016-12-31": "$320", "2016-09-30": "$334", "2016-06-30": "$322", "2016-03-31": "$306", "2015-12-31": "$299", "2015-09-30": "$289", "2015-06-30": "$297", "2015-03-31": "$287", "2014-12-31": "$279", "2014-09-30": "$317", "2014-06-30": "$284", "2014-03-31": "$298", "2013-12-31": "$292", "2013-09-30": "$309", "2013-06-30": "$303", "2013-03-31": "$318", "2012-12-31": "$317", "2012-09-30": "$337", "2012-06-30": "$332", "2012-03-31": "$374", "2011-12-31": "$360", "2011-09-30": "$397", "2011-06-30": "$360", "2011-03-31": "$369", "2010-12-31": "$385", "2010-09-30": "$429", "2010-06-30": "$426", "2010-03-31": "$424", "2009-12-31": "$439", "2009-09-30": "$493", "2009-06-30": "$483", "2009-03-31": "$596", "2008-12-31": "$529", "2008-09-30": "$519", "2008-06-30": "$638", "2008-03-31": "$677", "2007-12-31": "$266", "2007-09-30": "$441", "2007-06-30": "$520", "2007-03-31": "$521", "2006-12-31": "$562", "2006-09-30": "$570", "2006-06-30": "$589", "2006-03-31": "$443", "2005-12-31": "$572", "2005-09-30": "$607", "2005-06-30": "$562", "2005-03-31": "$550"}}, "operating-income": {"First Horizon Annual Operating Income (Millions of US $)": {"2020": "$935", "2019": "$586", "2018": "$714", "2017": "$309", "2016": "$345", "2015": "$108", "2014": "$318", "2013": "$18", "2012": "$-102", "2011": "$150", "2010": "$52", "2009": "$-258", "2008": "$-299", "2007": "$-285", "2006": "$338", "2005": "$597"}, "First Horizon Quarterly Operating Income (Millions of US $)": {"2020-12-31": "$300", "2020-09-30": "$541", "2020-06-30": "$69", "2020-03-31": "$21", "2019-12-31": "$157", "2019-09-30": "$150", "2019-06-30": "$148", "2019-03-31": "$130", "2018-12-31": "$125", "2018-09-30": "$359", "2018-06-30": "$106", "2018-03-31": "$125", "2017-12-31": "$29", "2017-09-30": "$85", "2017-06-30": "$112", "2017-03-31": "$85", "2016-12-31": "$82", "2016-09-30": "$96", "2016-06-30": "$91", "2016-03-31": "$76", "2015-12-31": "$53", "2015-09-30": "$72", "2015-06-30": "$77", "2015-03-31": "$-95", "2014-12-31": "$65", "2014-09-30": "$67", "2014-06-30": "$116", "2014-03-31": "$70", "2013-12-31": "$30", "2013-09-30": "$-134", "2013-06-30": "$60", "2013-03-31": "$62", "2012-12-31": "$31", "2012-09-30": "$34", "2012-06-30": "$-211", "2012-03-31": "$44", "2011-12-31": "$-24", "2011-09-30": "$43", "2011-06-30": "$40", "2011-03-31": "$91", "2010-12-31": "$-131", "2010-09-30": "$86", "2010-06-30": "$75", "2010-03-31": "$21", "2009-12-31": "$8", "2009-09-30": "$-16", "2009-06-30": "$-150", "2009-03-31": "$-100", "2008-12-31": "$-13", "2008-09-30": "$-208", "2008-06-30": "$-45", "2008-03-31": "$3", "2007-12-31": "$-358", "2007-09-30": "$-24", "2007-06-30": "$18", "2007-03-31": "$89", "2006-12-31": "$108", "2006-09-30": "$93", "2006-06-30": "$147", "2006-03-31": "$-10", "2005-12-31": "$146", "2005-09-30": "$158", "2005-06-30": "$140", "2005-03-31": "$153"}}, "ebitda": {"First Horizon Annual EBITDA (Millions of US $)": {"2019": "$", "2018": "$", "2017": "$", "2016": "$", "2015": "$", "2014": "$", "2013": "$", "2012": "$", "2011": "$", "2010": "$", "2009": "$", "2008": "$", "2007": "$", "2006": "$", "2005": "$"}, "First Horizon Quarterly EBITDA (Millions of US $)": {"2020-09-30": "", "2020-06-30": "", "2020-03-31": "", "2019-12-31": "", "2019-09-30": "", "2019-06-30": "", "2019-03-31": "", "2018-12-31": "", "2018-09-30": "", "2018-06-30": "", "2018-03-31": "", "2017-12-31": "", "2017-09-30": "", "2017-06-30": "", "2017-03-31": "", "2016-12-31": "", "2016-09-30": "", "2016-06-30": "", "2016-03-31": "", "2015-12-31": "", "2015-09-30": "", "2015-06-30": "", "2015-03-31": "", "2014-12-31": "", "2014-09-30": "", "2014-06-30": "", "2014-03-31": "", "2013-12-31": "", "2013-09-30": "", "2013-06-30": "", "2013-03-31": "", "2012-12-31": "", "2012-09-30": "", "2012-06-30": "", "2012-03-31": "", "2011-12-31": "", "2011-09-30": "", "2011-06-30": "", "2011-03-31": "", "2010-12-31": "", "2010-09-30": "", "2010-06-30": "", "2010-03-31": "", "2009-12-31": "", "2009-09-30": "", "2009-06-30": "", "2009-03-31": "", "2008-12-31": "", "2008-09-30": "", "2008-06-30": "", "2008-03-31": "", "2007-12-31": "", "2007-09-30": "", "2007-06-30": "", "2007-03-31": "", "2006-12-31": "", "2006-09-30": "", "2006-06-30": "", "2006-03-31": "", "2005-12-31": "", "2005-09-30": "", "2005-06-30": "", "2005-03-31": ""}}, "net-income": {"First Horizon Annual Net Income (Millions of US $)": {"2020": "$822", "2019": "$435", "2018": "$539", "2017": "$159", "2016": "$221", "2015": "$80", "2014": "$216", "2013": "$21", "2012": "$-28", "2011": "$131", "2010": "$-58", "2009": "$-329", "2008": "$-199", "2007": "$-170", "2006": "$463", "2005": "$425"}, "First Horizon Quarterly Net Income (Millions of US $)": {"2020-12-31": "$234", "2020-09-30": "$523", "2020-06-30": "$52", "2020-03-31": "$12", "2019-12-31": "$117", "2019-09-30": "$110", "2019-06-30": "$109", "2019-03-31": "$99", "2018-12-31": "$96", "2018-09-30": "$270", "2018-06-30": "$82", "2018-03-31": "$91", "2017-12-31": "$-53", "2017-09-30": "$67", "2017-06-30": "$91", "2017-03-31": "$54", "2016-12-31": "$53", "2016-09-30": "$63", "2016-06-30": "$57", "2016-03-31": "$48", "2015-12-31": "$47", "2015-09-30": "$59", "2015-06-30": "$51", "2015-03-31": "$-77", "2014-12-31": "$47", "2014-09-30": "$46", "2014-06-30": "$78", "2014-03-31": "$46", "2013-12-31": "$47", "2013-09-30": "$-107", "2013-06-30": "$41", "2013-03-31": "$41", "2012-12-31": "$41", "2012-09-30": "$26", "2012-06-30": "$-125", "2012-03-31": "$31", "2011-12-31": "$35", "2011-09-30": "$36", "2011-06-30": "$20", "2011-03-31": "$40", "2010-12-31": "$-49", "2010-09-30": "$16", "2010-06-30": "$3", "2010-03-31": "$-28", "2009-12-31": "$-71", "2009-09-30": "$-53", "2009-06-30": "$-123", "2009-03-31": "$-83", "2008-12-31": "$-63", "2008-09-30": "$-125", "2008-06-30": "$-19", "2008-03-31": "$8", "2007-12-31": "$-249", "2007-09-30": "$-14", "2007-06-30": "$22", "2007-03-31": "$71", "2006-12-31": "$76", "2006-09-30": "$67", "2006-06-30": "$104", "2006-03-31": "$215", "2005-12-31": "$106", "2005-09-30": "$113", "2005-06-30": "$100", "2005-03-31": "$106"}}, "eps-earnings-per-share-diluted": {"First Horizon Annual EPS": {"2020": "$1.89", "2019": "$1.38", "2018": "$1.65", "2017": "$0.65", "2016": "$0.94", "2015": "$0.34", "2014": "$0.91", "2013": "$0.09", "2012": "$-0.11", "2011": "$0.50", "2010": "$-0.25", "2009": "$-1.41", "2008": "$-0.96", "2007": "$-1.13", "2006": "$3.02", "2005": "$2.73"}, "First Horizon Quarterly EPS": {"2020-12-31": "$0.42", "2020-09-30": "$0.95", "2020-06-30": "$0.17", "2020-03-31": "$0.04", "2019-12-31": "$0.37", "2019-09-30": "$0.35", "2019-06-30": "$0.35", "2019-03-31": "$0.31", "2018-12-31": "$0.30", "2018-09-30": "$0.83", "2018-06-30": "$0.25", "2018-03-31": "$0.27", "2017-12-31": "$-0.24", "2017-09-30": "$0.28", "2017-06-30": "$0.38", "2017-03-31": "$0.23", "2016-12-31": "$0.23", "2016-09-30": "$0.27", "2016-06-30": "$0.24", "2016-03-31": "$0.20", "2015-12-31": "$0.20", "2015-09-30": "$0.25", "2015-06-30": "$0.22", "2015-03-31": "$-0.33", "2014-12-31": "$0.20", "2014-09-30": "$0.19", "2014-06-30": "$0.33", "2014-03-31": "$0.19", "2013-12-31": "$0.20", "2013-09-30": "$-0.45", "2013-06-30": "$0.17", "2013-03-31": "$0.17", "2012-12-31": "$0.17", "2012-09-30": "$0.10", "2012-06-30": "$-0.50", "2012-03-31": "$0.12", "2011-12-31": "$0.13", "2011-09-30": "$0.14", "2011-06-30": "$0.08", "2011-03-31": "$0.15", "2010-12-31": "$-0.21", "2010-09-30": "$0.07", "2010-06-30": "$0.01", "2010-03-31": "$-0.12", "2009-12-31": "$-0.31", "2009-09-30": "$-0.23", "2009-06-30": "$-0.52", "2009-03-31": "$-0.35", "2008-12-31": "$-0.39", "2008-09-30": "$-0.54", "2008-06-30": "$-0.09", "2008-03-31": "$0.05", "2007-12-31": "$-1.63", "2007-09-30": "$-0.09", "2007-06-30": "$0.14", "2007-03-31": "$0.46", "2006-12-31": "$0.50", "2006-09-30": "$0.44", "2006-06-30": "$0.68", "2006-03-31": "$1.39", "2005-12-31": "$0.68", "2005-09-30": "$0.73", "2005-06-30": "$0.64", "2005-03-31": "$0.69"}}, "shares-outstanding": {"First Horizon Annual Shares Outstanding (Millions of Shares)": {"2020": "434", "2019": "316", "2018": "327", "2017": "244", "2016": "235", "2015": "236", "2014": "237", "2013": "240", "2012": "248", "2011": "263", "2010": "236", "2009": "234", "2008": "207", "2007": "151", "2006": "154", "2005": "155"}, "First Horizon Quarterly Shares Outstanding (Millions of Shares)": {"2020-12-31": "557", "2020-09-30": "551", "2020-06-30": "313", "2020-03-31": "313", "2019-12-31": "316", "2019-09-30": "314", "2019-06-30": "316", "2019-03-31": "320", "2018-12-31": "327", "2018-09-30": "327", "2018-06-30": "328", "2018-03-31": "330", "2017-12-31": "244", "2017-09-30": "236", "2017-06-30": "236", "2017-03-31": "237", "2016-12-31": "235", "2016-09-30": "234", "2016-06-30": "234", "2016-03-31": "237", "2015-12-31": "236", "2015-09-30": "235", "2015-06-30": "235", "2015-03-31": "233", "2014-12-31": "237", "2014-09-30": "237", "2014-06-30": "237", "2014-03-31": "237", "2013-12-31": "240", "2013-09-30": "237", "2013-06-30": "241", "2013-03-31": "243", "2012-12-31": "248", "2012-09-30": "248", "2012-06-30": "249", "2012-03-31": "255", "2011-12-31": "263", "2011-09-30": "263", "2011-06-30": "263", "2011-03-31": "266", "2010-12-31": "236", "2010-09-30": "239", "2010-06-30": "241", "2010-03-31": "234", "2009-12-31": "234", "2009-09-30": "234", "2009-06-30": "234", "2009-03-31": "234", "2008-12-31": "207", "2008-09-30": "234", "2008-06-30": "206", "2008-03-31": "152", "2007-12-31": "151", "2007-09-30": "151", "2007-06-30": "155", "2007-03-31": "155", "2006-12-31": "154", "2006-09-30": "153", "2006-06-30": "153", "2006-03-31": "155", "2005-12-31": "155", "2005-09-30": "156", "2005-06-30": "155", "2005-03-31": "154"}}, "total-assets": {"First Horizon Annual Total Assets (Millions of US $)": {"2019": "$43,311", "2018": "$40,832", "2017": "$41,423", "2016": "$28,555", "2015": "$26,193", "2014": "$25,668", "2013": "$23,790", "2012": "$25,334", "2011": "$24,789", "2010": "$24,699", "2009": "$26,069", "2008": "$31,022", "2007": "$37,015", "2006": "$37,918", "2005": "$36,579"}, "First Horizon Quarterly Total Assets (Millions of US $)": {"2020-09-30": "$83,030", "2020-06-30": "$48,645", "2020-03-31": "$47,197", "2019-12-31": "$43,311", "2019-09-30": "$43,718", "2019-06-30": "$42,172", "2019-03-31": "$41,099", "2018-12-31": "$40,832", "2018-09-30": "$40,636", "2018-06-30": "$41,077", "2018-03-31": "$40,463", "2017-12-31": "$41,423", "2017-09-30": "$29,623", "2017-06-30": "$29,370", "2017-03-31": "$29,619", "2016-12-31": "$28,555", "2016-09-30": "$28,449", "2016-06-30": "$27,541", "2016-03-31": "$26,964", "2015-12-31": "$26,193", "2015-09-30": "$25,386", "2015-06-30": "$25,237", "2015-03-31": "$25,713", "2014-12-31": "$25,668", "2014-09-30": "$23,983", "2014-06-30": "$24,218", "2014-03-31": "$23,937", "2013-12-31": "$23,790", "2013-09-30": "$23,859", "2013-06-30": "$24,853", "2013-03-31": "$24,803", "2012-12-31": "$25,334", "2012-09-30": "$25,740", "2012-06-30": "$25,493", "2012-03-31": "$25,679", "2011-12-31": "$24,789", "2011-09-30": "$25,571", "2011-06-30": "$25,054", "2011-03-31": "$24,438", "2010-12-31": "$24,699", "2010-09-30": "$25,384", "2010-06-30": "$26,254", "2010-03-31": "$25,924", "2009-12-31": "$26,069", "2009-09-30": "$26,466", "2009-06-30": "$28,759", "2009-03-31": "$31,208", "2008-12-31": "$31,022", "2008-09-30": "$32,804", "2008-06-30": "$35,550", "2008-03-31": "$37,268", "2007-12-31": "$37,015", "2007-09-30": "$37,478", "2007-06-30": "$38,394", "2007-03-31": "$38,829", "2006-12-31": "$37,918", "2006-09-30": "$40,076", "2006-06-30": "$37,469", "2006-03-31": "$37,301", "2005-12-31": "$36,579", "2005-09-30": "$37,042", "2005-06-30": "$37,166", "2005-03-31": "$35,157"}}, "cash-on-hand": {"First Horizon Annual Cash on Hand (Millions of US $)": {"2019": "$3,096", "2018": "$4,131", "2017": "$4,054", "2016": "$2,995", "2015": "$2,515", "2014": "$3,888", "2013": "$2,360", "2012": "$2,722", "2011": "$2,269", "2010": "$2,056", "2009": "$2,158", "2008": "$2,478", "2007": "$4,068", "2006": "$4,395", "2005": "$4,575"}, "First Horizon Quarterly Cash on Hand (Millions of US $)": {"2020-09-30": "$8,497", "2020-06-30": "$5,272", "2020-03-31": "$3,678", "2019-12-31": "$3,096", "2019-09-30": "$3,255", "2019-06-30": "$3,512", "2019-03-31": "$3,908", "2018-12-31": "$4,131", "2018-09-30": "$3,906", "2018-06-30": "$3,877", "2018-03-31": "$3,502", "2017-12-31": "$4,054", "2017-09-30": "$3,161", "2017-06-30": "$2,969", "2017-03-31": "$4,510", "2016-12-31": "$2,995", "2016-09-30": "$2,698", "2016-06-30": "$2,691", "2016-03-31": "$3,261", "2015-12-31": "$2,515", "2015-09-30": "$2,940", "2015-06-30": "$2,647", "2015-03-31": "$3,128", "2014-12-31": "$3,888", "2014-09-30": "$2,523", "2014-06-30": "$2,499", "2014-03-31": "$2,952", "2013-12-31": "$2,360", "2013-09-30": "$2,552", "2013-06-30": "$2,648", "2013-03-31": "$2,871", "2012-12-31": "$2,722", "2012-09-30": "$2,531", "2012-06-30": "$2,703", "2012-03-31": "$2,963", "2011-12-31": "$2,269", "2011-09-30": "$2,645", "2011-06-30": "$2,371", "2011-03-31": "$2,098", "2010-12-31": "$2,056", "2010-09-30": "$2,415", "2010-06-30": "$3,050", "2010-03-31": "$2,151", "2009-12-31": "$2,158", "2009-09-30": "$1,818", "2009-06-30": "$2,741", "2009-03-31": "$3,062", "2008-12-31": "$2,478", "2008-09-30": "$3,336", "2008-06-30": "$3,608", "2008-03-31": "$3,350", "2007-12-31": "$4,068", "2007-09-30": "$3,799", "2007-06-30": "$4,270", "2007-03-31": "$5,078", "2006-12-31": "$4,395", "2006-09-30": "$5,395", "2006-06-30": "$4,657", "2006-03-31": "$4,769", "2005-12-31": "$4,575", "2005-09-30": "$5,029", "2005-06-30": "$4,969", "2005-03-31": "$4,207"}}, "long-term-debt": {"First Horizon Annual Long Term Debt (Millions of US $)": {"2019": "$791", "2018": "$1,171", "2017": "$1,218", "2016": "$1,041", "2015": "$1,313", "2014": "$1,880", "2013": "$1,740", "2012": "$2,226", "2011": "$2,482", "2010": "$3,228", "2009": "$2,891", "2008": "$4,768", "2007": "$6,828", "2006": "$5,836", "2005": "$3,438"}, "First Horizon Quarterly Long Term Debt (Millions of US $)": {"2020-09-30": "$2,162", "2020-06-30": "$2,032", "2020-03-31": "$793", "2019-12-31": "$791", "2019-09-30": "$1,195", "2019-06-30": "$1,187", "2019-03-31": "$1,178", "2018-12-31": "$1,171", "2018-09-30": "$1,200", "2018-06-30": "$1,227", "2018-03-31": "$1,215", "2017-12-31": "$1,218", "2017-09-30": "$1,060", "2017-06-30": "$1,033", "2017-03-31": "$1,035", "2016-12-31": "$1,041", "2016-09-30": "$1,066", "2016-06-30": "$1,077", "2016-03-31": "$1,324", "2015-12-31": "$1,313", "2015-09-30": "$1,340", "2015-06-30": "$1,555", "2015-03-31": "$1,571", "2014-12-31": "$1,880", "2014-09-30": "$1,491", "2014-06-30": "$1,501", "2014-03-31": "$1,507", "2013-12-31": "$1,740", "2013-09-30": "$1,771", "2013-06-30": "$1,800", "2013-03-31": "$2,198", "2012-12-31": "$2,226", "2012-09-30": "$2,263", "2012-06-30": "$2,294", "2012-03-31": "$2,341", "2011-12-31": "$2,482", "2011-09-30": "$2,510", "2011-06-30": "$2,503", "2011-03-31": "$2,515", "2010-12-31": "$3,228", "2010-09-30": "$2,806", "2010-06-30": "$2,927", "2010-03-31": "$2,933", "2009-12-31": "$2,891", "2009-09-30": "$3,079", "2009-06-30": "$3,235", "2009-03-31": "$4,090", "2008-12-31": "$4,768", "2008-09-30": "$5,296", "2008-06-30": "$6,550", "2008-03-31": "$6,870", "2007-12-31": "$6,828", "2007-09-30": "$6,801", "2007-06-30": "$6,650", "2007-03-31": "$6,528", "2006-12-31": "$5,836", "2006-09-30": "$5,487", "2006-06-30": "$5,606", "2006-03-31": "$4,599", "2005-12-31": "$3,438", "2005-09-30": "$2,000", "2005-06-30": "$2,537", "2005-03-31": "$2,591"}}, "total-liabilities": {"First Horizon Annual Total Liabilities (Millions of US $)": {"2019": "$38,235", "2018": "$36,047", "2017": "$36,843", "2016": "$25,850", "2015": "$23,553", "2014": "$23,087", "2013": "$21,289", "2012": "$22,825", "2011": "$22,105", "2010": "$22,021", "2009": "$22,766", "2008": "$27,447", "2007": "$34,880", "2006": "$35,456", "2005": "$34,232"}, "First Horizon Quarterly Total Liabilities (Millions of US $)": {"2020-09-30": "$74,885", "2020-06-30": "$43,436", "2020-03-31": "$42,142", "2019-12-31": "$38,235", "2019-09-30": "$38,722", "2019-06-30": "$37,246", "2019-03-31": "$36,252", "2018-12-31": "$36,047", "2018-09-30": "$35,894", "2018-06-30": "$36,527", "2018-03-31": "$35,891", "2017-12-31": "$36,843", "2017-09-30": "$26,739", "2017-06-30": "$26,543", "2017-03-31": "$26,878", "2016-12-31": "$25,850", "2016-09-30": "$25,705", "2016-06-30": "$24,849", "2016-03-31": "$24,321", "2015-12-31": "$23,553", "2015-09-30": "$22,806", "2015-06-30": "$22,719", "2015-03-31": "$23,214", "2014-12-31": "$23,087", "2014-09-30": "$21,371", "2014-06-30": "$21,603", "2014-03-31": "$21,404", "2013-12-31": "$21,289", "2013-09-30": "$21,425", "2013-06-30": "$22,306", "2013-03-31": "$22,203", "2012-12-31": "$22,825", "2012-09-30": "$23,208", "2012-06-30": "$22,979", "2012-03-31": "$23,005", "2011-12-31": "$22,105", "2011-09-30": "$22,828", "2011-06-30": "$22,373", "2011-03-31": "$21,798", "2010-12-31": "$22,021", "2010-09-30": "$22,077", "2010-06-30": "$22,967", "2010-03-31": "$22,653", "2009-12-31": "$22,766", "2009-09-30": "$23,096", "2009-06-30": "$25,365", "2009-03-31": "$27,700", "2008-12-31": "$27,447", "2008-09-30": "$29,931", "2008-06-30": "$32,557", "2008-03-31": "$34,860", "2007-12-31": "$34,880", "2007-09-30": "$35,056", "2007-06-30": "$35,931", "2007-03-31": "$36,314", "2006-12-31": "$35,456", "2006-09-30": "$37,566", "2006-06-30": "$35,027", "2006-03-31": "$34,901", "2005-12-31": "$34,232", "2005-09-30": "$34,750", "2005-06-30": "$34,949", "2005-03-31": "$33,033"}}, "total-share-holder-equity": {"First Horizon Annual Share Holder Equity (Millions of US $)": {"2019": "$5,076", "2018": "$4,785", "2017": "$4,580", "2016": "$2,705", "2015": "$2,640", "2014": "$2,582", "2013": "$2,501", "2012": "$2,509", "2011": "$2,685", "2010": "$2,678", "2009": "$3,302", "2008": "$3,575", "2007": "$2,136", "2006": "$2,462", "2005": "$2,348"}, "First Horizon Quarterly Share Holder Equity (Millions of US $)": {"2020-09-30": "$8,144", "2020-06-30": "$5,208", "2020-03-31": "$5,056", "2019-12-31": "$5,076", "2019-09-30": "$4,996", "2019-06-30": "$4,926", "2019-03-31": "$4,847", "2018-12-31": "$4,785", "2018-09-30": "$4,742", "2018-06-30": "$4,550", "2018-03-31": "$4,573", "2017-12-31": "$4,580", "2017-09-30": "$2,884", "2017-06-30": "$2,827", "2017-03-31": "$2,740", "2016-12-31": "$2,705", "2016-09-30": "$2,745", "2016-06-30": "$2,692", "2016-03-31": "$2,643", "2015-12-31": "$2,640", "2015-09-30": "$2,580", "2015-06-30": "$2,518", "2015-03-31": "$2,499", "2014-12-31": "$2,582", "2014-09-30": "$2,612", "2014-06-30": "$2,615", "2014-03-31": "$2,533", "2013-12-31": "$2,501", "2013-09-30": "$2,433", "2013-06-30": "$2,546", "2013-03-31": "$2,600", "2012-12-31": "$2,509", "2012-09-30": "$2,532", "2012-06-30": "$2,514", "2012-03-31": "$2,674", "2011-12-31": "$2,685", "2011-09-30": "$2,743", "2011-06-30": "$2,681", "2011-03-31": "$2,640", "2010-12-31": "$2,678", "2010-09-30": "$3,307", "2010-06-30": "$3,287", "2010-03-31": "$3,271", "2009-12-31": "$3,302", "2009-09-30": "$3,370", "2009-06-30": "$3,394", "2009-03-31": "$3,508", "2008-12-31": "$3,575", "2008-09-30": "$2,873", "2008-06-30": "$2,993", "2008-03-31": "$2,408", "2007-12-31": "$2,136", "2007-09-30": "$2,422", "2007-06-30": "$2,463", "2007-03-31": "$2,515", "2006-12-31": "$2,462", "2006-09-30": "$2,511", "2006-06-30": "$2,442", "2006-03-31": "$2,400", "2005-12-31": "$2,348", "2005-09-30": "$2,292", "2005-06-30": "$2,217", "2005-03-31": "$2,125"}}, "profit-margins": {"current": "24.95%"}, "gross margin": {"2020-12-31": "93.07%", "2020-09-30": "91.20%", "2020-06-30": "86.14%", "2020-03-31": "83.31%", "2019-12-31": "81.87%", "2019-09-30": "80.97%", "2019-06-30": "83.09%", "2019-03-31": "84.03%", "2018-12-31": "85.67%", "2018-09-30": "87.47%", "2018-06-30": "87.53%", "2018-03-31": "88.93%", "2017-12-31": "89.94%", "2017-09-30": "90.95%", "2017-06-30": "92.14%", "2017-03-31": "93.04%", "2016-12-31": "93.51%", "2016-09-30": "93.62%", "2016-06-30": "93.54%", "2016-03-31": "93.49%", "2015-12-31": "93.46%", "2015-09-30": "93.43%", "2015-06-30": "93.58%", "2015-03-31": "93.51%", "2014-12-31": "93.57%", "2014-09-30": "93.49%", "2014-06-30": "93.15%", "2014-03-31": "92.96%", "2013-12-31": "92.79%", "2013-09-30": "92.64%", "2013-06-30": "92.59%", "2013-03-31": "92.48%", "2012-12-31": "92.45%", "2012-09-30": "92.36%", "2012-06-30": "92.36%", "2012-03-31": "92.15%", "2011-12-31": "91.84%", "2011-09-30": "91.74%", "2011-06-30": "91.63%", "2011-03-31": "91.73%", "2010-12-31": "91.78%", "2010-09-30": "91.72%", "2010-06-30": "91.57%", "2010-03-31": "90.95%", "2009-12-31": "90.26%", "2009-09-30": "87.40%", "2009-06-30": "83.61%", "2009-03-31": "80.95%", "2008-12-31": "76.82%", "2008-09-30": "69.88%", "2008-06-30": "64.97%", "2008-03-31": "60.03%", "2007-12-31": "56.17%", "2007-09-30": "59.28%", "2007-06-30": "60.48%", "2007-03-31": "61.73%", "2006-12-31": "61.88%", "2006-09-30": "63.70%", "2006-06-30": "66.48%", "2006-03-31": "68.90%", "2005-12-31": "72.80%"}, "operating margin": {"2020-12-31": "27.47%", "2020-09-30": "25.31%", "2020-06-30": "17.47%", "2020-03-31": "20.80%", "2019-12-31": "25.68%", "2019-09-30": "25.11%", "2019-06-30": "32.21%", "2019-03-31": "31.16%", "2018-12-31": "31.53%", "2018-09-30": "28.42%", "2018-06-30": "19.21%", "2018-03-31": "21.35%", "2017-12-31": "21.00%", "2017-09-30": "25.93%", "2017-06-30": "26.80%", "2017-03-31": "25.67%", "2016-12-31": "25.16%", "2016-09-30": "23.46%", "2016-06-30": "22.46%", "2016-03-31": "21.82%", "2015-12-31": "8.53%", "2015-09-30": "9.65%", "2015-06-30": "9.04%", "2015-03-31": "12.26%", "2014-12-31": "25.26%", "2014-09-30": "22.21%", "2014-06-30": "6.46%", "2014-03-31": "2.01%", "2013-12-31": "1.37%", "2013-09-30": "1.41%", "2013-06-30": "13.58%", "2013-03-31": "-5.96%", "2012-12-31": "-6.93%", "2012-09-30": "-10.34%", "2012-06-30": "-9.34%", "2012-03-31": "6.37%", "2011-12-31": "9.27%", "2011-09-30": "2.61%", "2011-06-30": "5.11%", "2011-03-31": "6.90%", "2010-12-31": "2.81%", "2010-09-30": "10.14%", "2010-06-30": "4.52%", "2010-03-31": "-6.78%", "2009-12-31": "-11.58%", "2009-09-30": "-11.61%", "2009-06-30": "-18.51%", "2009-03-31": "-12.98%", "2008-12-31": "-8.55%", "2008-09-30": "-20.23%", "2008-06-30": "-13.62%", "2008-03-31": "-11.38%", "2007-12-31": "-8.84%", "2007-09-30": "5.54%", "2007-06-30": "8.57%", "2007-03-31": "12.03%", "2006-12-31": "9.67%", "2006-09-30": "11.02%", "2006-06-30": "13.26%", "2006-03-31": "13.69%", "2005-12-31": "18.97%"}, "ebitda margin": {"2020-09-30": "0.00%", "2020-06-30": "0.00%", "2020-03-31": "0.00%", "2019-12-31": "0.00%", "2019-09-30": "0.00%", "2019-06-30": "0.00%", "2019-03-31": "0.00%", "2018-12-31": "0.00%", "2018-09-30": "0.00%", "2018-06-30": "0.00%", "2018-03-31": "0.00%", "2017-12-31": "0.00%", "2017-09-30": "0.00%", "2017-06-30": "0.00%", "2017-03-31": "0.00%", "2016-12-31": "0.00%", "2016-09-30": "0.00%", "2016-06-30": "0.00%", "2016-03-31": "0.00%", "2015-12-31": "0.00%", "2015-09-30": "0.00%", "2015-06-30": "0.00%", "2015-03-31": "0.00%", "2014-12-31": "0.00%", "2014-09-30": "0.00%", "2014-06-30": "0.00%", "2014-03-31": "0.00%", "2013-12-31": "0.00%", "2013-09-30": "0.00%", "2013-06-30": "0.00%", "2013-03-31": "0.00%", "2012-12-31": "0.00%", "2012-09-30": "0.00%", "2012-06-30": "0.00%", "2012-03-31": "0.00%", "2011-12-31": "0.00%", "2011-09-30": "0.00%", "2011-06-30": "0.00%", "2011-03-31": "0.00%", "2010-12-31": "0.00%", "2010-09-30": "0.00%", "2010-06-30": "0.00%", "2010-03-31": "0.00%", "2009-12-31": "0.00%", "2009-09-30": "0.00%", "2009-06-30": "0.00%", "2009-03-31": "0.00%", "2008-12-31": "0.00%", "2008-09-30": "0.00%", "2008-06-30": "0.00%", "2008-03-31": "0.00%", "2007-12-31": "0.00%", "2007-09-30": "0.00%", "2007-06-30": "0.00%", "2007-03-31": "0.00%", "2006-12-31": "0.00%", "2006-09-30": "0.00%", "2006-06-30": "0.00%", "2006-03-31": "0.00%", "2005-12-31": "0.00%"}, "pre tax profit margin": {"2020-12-31": "27.50%", "2020-09-30": "25.31%", "2020-06-30": "17.47%", "2020-03-31": "20.80%", "2019-12-31": "25.68%", "2019-09-30": "25.11%", "2019-06-30": "32.21%", "2019-03-31": "31.16%", "2018-12-31": "31.53%", "2018-09-30": "28.28%", "2018-06-30": "19.04%", "2018-03-31": "21.17%", "2017-12-31": "20.80%", "2017-09-30": "25.93%", "2017-06-30": "26.80%", "2017-03-31": "25.67%", "2016-12-31": "25.16%", "2016-09-30": "23.53%", "2016-06-30": "22.54%", "2016-03-31": "21.90%", "2015-12-31": "8.61%", "2015-09-30": "9.65%", "2015-06-30": "9.04%", "2015-03-31": "12.26%", "2014-12-31": "25.26%", "2014-09-30": "22.21%", "2014-06-30": "6.46%", "2014-03-31": "2.01%", "2013-12-31": "1.37%", "2013-09-30": "1.41%", "2013-06-30": "13.58%", "2013-03-31": "-5.96%", "2012-12-31": "-6.93%", "2012-09-30": "-6.25%", "2012-06-30": "-5.43%", "2012-03-31": "8.65%", "2011-12-31": "9.27%", "2011-09-30": "7.71%", "2011-06-30": "7.19%", "2011-03-31": "7.13%", "2010-12-31": "2.87%", "2010-09-30": "-2.03%", "2010-06-30": "-5.91%", "2010-03-31": "-15.48%", "2009-12-31": "-18.22%", "2009-09-30": "-17.01%", "2009-06-30": "-22.68%", "2009-03-31": "-15.71%", "2008-12-31": "-10.66%", "2008-09-30": "-20.87%", "2008-06-30": "-14.24%", "2008-03-31": "-11.98%", "2007-12-31": "-9.45%", "2007-09-30": "5.54%", "2007-06-30": "8.57%", "2007-03-31": "12.03%", "2006-12-31": "9.67%", "2006-09-30": "11.02%", "2006-06-30": "13.26%", "2006-03-31": "13.69%", "2005-12-31": "18.97%"}, "net profit margin": {"2020-12-31": "24.23%", "2020-09-30": "22.61%", "2020-06-30": "12.81%", "2020-03-31": "15.20%", "2019-12-31": "19.10%", "2019-09-30": "18.80%", "2019-06-30": "24.26%", "2019-03-31": "23.67%", "2018-12-31": "23.77%", "2018-09-30": "17.91%", "2018-06-30": "10.41%", "2018-03-31": "11.92%", "2017-12-31": "10.74%", "2017-09-30": "18.87%", "2017-06-30": "18.66%", "2017-03-31": "16.46%", "2016-12-31": "16.12%", "2016-09-30": "15.96%", "2016-06-30": "16.23%", "2016-03-31": "16.09%", "2015-12-31": "6.38%", "2015-09-30": "6.49%", "2015-06-30": "5.31%", "2015-03-31": "7.53%", "2014-12-31": "17.24%", "2014-09-30": "17.03%", "2014-06-30": "5.04%", "2014-03-31": "2.09%", "2013-12-31": "1.67%", "2013-09-30": "1.19%", "2013-06-30": "10.82%", "2013-03-31": "-1.21%", "2012-12-31": "-1.84%", "2012-09-30": "-2.17%", "2012-06-30": "-1.45%", "2012-03-31": "7.54%", "2011-12-31": "8.10%", "2011-09-30": "2.85%", "2011-06-30": "1.60%", "2011-03-31": "0.57%", "2010-12-31": "-3.20%", "2010-09-30": "-4.27%", "2010-06-30": "-7.66%", "2010-03-31": "-13.60%", "2009-12-31": "-14.81%", "2009-09-30": "-13.39%", "2009-06-30": "-15.49%", "2009-03-31": "-10.29%", "2008-12-31": "-6.47%", "2008-09-30": "-12.81%", "2008-06-30": "-8.80%", "2008-03-31": "-7.35%", "2007-12-31": "-5.46%", "2007-09-30": "4.50%", "2007-06-30": "6.57%", "2007-03-31": "8.76%", "2006-12-31": "13.21%", "2006-09-30": "14.42%", "2006-06-30": "16.18%", "2006-03-31": "16.85%", "2005-12-31": "13.50%"}, "pe ratio": {"current": "14.29", "2021-02-05": "13.06", "2020-12-31": "11.00", "2020-09-30": "6.09", "2020-06-30": "10.42", "2020-03-31": "6.95", "2019-12-31": "11.30", "2019-09-30": "11.55", "2019-06-30": "7.72", "2019-03-31": "7.59", "2018-12-31": "7.25", "2018-09-30": "13.52", "2018-06-30": "26.61", "2018-03-31": "22.94", "2017-12-31": "25.61", "2017-09-30": "15.04", "2017-06-30": "13.73", "2017-03-31": "16.60", "2016-12-31": "18.44", "2016-09-30": "14.45", "2016-06-30": "12.73", "2016-03-31": "12.31", "2015-12-31": "32.49", "2015-09-30": "31.60", "2015-06-30": "47.20", "2015-03-31": "31.59", "2014-12-31": "12.62", "2014-09-30": "11.25", "2014-06-30": "36.46", "2014-03-31": "85.00", "2013-12-31": "95.90", "2013-09-30": "150.11", "2013-06-30": "14.98", "2013-03-31": "0.00", "2012-12-31": "0.00", "2012-09-30": "0.00", "2012-06-30": "0.00", "2012-03-31": "15.21", "2011-12-31": "11.10", "2011-09-30": "19.17", "2011-06-30": "42.55", "2011-03-31": "299.66", "2010-12-31": "0.00", "2010-09-30": "0.00", "2010-06-30": "0.00", "2010-03-31": "0.00", "2009-12-31": "0.00", "2009-09-30": "0.00", "2009-06-30": "0.00", "2009-03-31": "0.00", "2008-12-31": "0.00", "2008-09-30": "0.00", "2008-06-30": "0.00", "2008-03-31": "0.00", "2007-12-31": "0.00", "2007-09-30": "8.71", "2007-06-30": "8.25", "2007-03-31": "6.44", "2006-12-31": "4.44"}, "price sales": {"2021-02-05": "1.98", "2020-12-31": "1.67", "2020-09-30": "1.17", "2020-06-30": "1.34", "2020-03-31": "1.06", "2019-12-31": "2.16", "2019-09-30": "2.19", "2019-06-30": "1.89", "2019-03-31": "1.81", "2018-12-31": "1.73", "2018-09-30": "2.20", "2018-06-30": "2.52", "2018-03-31": "2.66", "2017-12-31": "2.85", "2017-09-30": "2.84", "2017-06-30": "2.57", "2017-03-31": "2.74", "2016-12-31": "2.97", "2016-09-30": "2.30", "2016-06-30": "2.14", "2016-03-31": "2.07", "2015-12-31": "2.31", "2015-09-30": "2.29", "2015-06-30": "2.47", "2015-03-31": "2.27", "2014-12-31": "2.14", "2014-09-30": "1.91", "2014-06-30": "1.84", "2014-03-31": "1.88", "2013-12-31": "1.75", "2013-09-30": "1.62", "2013-06-30": "1.63", "2013-03-31": "1.52", "2012-12-31": "1.36", "2012-09-30": "1.30", "2012-06-30": "1.14", "2012-03-31": "1.35", "2011-12-31": "1.05", "2011-09-30": "0.74", "2011-06-30": "1.13", "2011-03-31": "1.25", "2010-12-31": "1.24", "2010-09-30": "1.06", "2010-06-30": "0.93", "2010-03-31": "1.00", "2009-12-31": "0.80", "2009-09-30": "0.66", "2009-06-30": "0.53", "2009-03-31": "0.38", "2008-12-31": "0.27", "2008-09-30": "0.21", "2008-06-30": "0.13", "2008-03-31": "0.23", "2007-12-31": "0.30", "2007-09-30": "0.39", "2007-06-30": "0.54", "2007-03-31": "0.57", "2006-12-31": "0.59"}, "price book": {"current": "1.07", "2021-02-05": "1.03", "2020-09-30": "0.64", "2020-06-30": "0.58", "2020-03-31": "0.48", "2019-12-31": "0.96", "2019-09-30": "0.94", "2019-06-30": "0.88", "2019-03-31": "0.83", "2018-12-31": "0.80", "2018-09-30": "1.06", "2018-06-30": "1.14", "2018-03-31": "1.20", "2017-12-31": "1.26", "2017-09-30": "1.37", "2017-06-30": "1.26", "2017-03-31": "1.37", "2016-12-31": "1.50", "2016-09-30": "1.12", "2016-06-30": "1.02", "2016-03-31": "0.99", "2015-12-31": "1.12", "2015-09-30": "1.09", "2015-06-30": "1.23", "2015-03-31": "1.12", "2014-12-31": "1.03", "2014-09-30": "0.92", "2014-06-30": "0.89", "2014-03-31": "0.95", "2013-12-31": "0.91", "2013-09-30": "0.87", "2013-06-30": "0.86", "2013-03-31": "0.80", "2012-12-31": "0.78", "2012-09-30": "0.76", "2012-06-30": "0.69", "2012-03-31": "0.79", "2011-12-31": "0.62", "2011-09-30": "0.46", "2011-06-30": "0.75", "2011-03-31": "0.90", "2010-12-31": "0.93", "2010-09-30": "0.60", "2010-06-30": "0.55", "2010-03-31": "0.62", "2009-12-31": "0.55", "2009-09-30": "0.49", "2009-06-30": "0.41", "2009-03-31": "0.33", "2008-12-31": "0.29", "2008-09-30": "0.29", "2008-06-30": "0.20", "2008-03-31": "0.30", "2007-12-31": "0.43", "2007-09-30": "0.55", "2007-06-30": "0.78", "2007-03-31": "0.81", "2006-12-31": "0.81", "2006-09-30": "0.72", "2006-06-30": "0.77", "2006-03-31": "0.80"}, "price fcf": {"2021-02-05": "", "2020-09-30": "$-0.24", "2020-06-30": "$-0.21", "2020-03-31": "$-2.32", "2019-12-31": "$2.54", "2019-09-30": "$3.33", "2019-06-30": "$1.67", "2019-03-31": "$1.70", "2018-12-31": "$0.66", "2018-09-30": "$0.68", "2018-06-30": "$1.72", "2018-03-31": "$-0.65", "2017-12-31": "$-0.32", "2017-09-30": "$0.37", "2017-06-30": "$-1.21", "2017-03-31": "$0.72", "2016-12-31": "$0.55", "2016-09-30": "$-0.67", "2016-06-30": "$0.78", "2016-03-31": "$1.68", "2015-12-31": "$1.56", "2015-09-30": "$1.42", "2015-06-30": "$1.86", "2015-03-31": "$0.79", "2014-12-31": "$2.86", "2014-09-30": "$3.69", "2014-06-30": "$2.97", "2014-03-31": "$2.92", "2013-12-31": "$1.69", "2013-09-30": "$1.42", "2013-06-30": "$3.04", "2013-03-31": "$2.27", "2012-12-31": "$1.44", "2012-09-30": "$0.71", "2012-06-30": "$-0.04", "2012-03-31": "$0.26", "2011-12-31": "$0.03", "2011-09-30": "$2.36", "2011-06-30": "$4.04", "2011-03-31": "$2.74", "2010-12-31": "$3.08", "2010-09-30": "$0.97", "2010-06-30": "$-0.36", "2010-03-31": "$2.90", "2009-12-31": "$3.26", "2009-09-30": "$10.49", "2009-06-30": "$17.34", "2009-03-31": "$20.03", "2008-12-31": "$20.11", "2008-09-30": "$12.22", "2008-06-30": "$8.29", "2008-03-31": "$4.87", "2007-12-31": "$0.65", "2007-09-30": "$8.62", "2007-06-30": "$-1.89", "2007-03-31": "$2.12", "2006-12-31": "$9.93"}, "net worth": {"value": "$8.41B"}, "current ratio": {"2020-12-31": "0.96", "2020-09-30": "0.96", "2020-06-30": "0.95", "2020-03-31": "0.93", "2019-12-31": "0.95", "2019-09-30": "0.96", "2019-06-30": "0.96", "2019-03-31": "0.95", "2018-12-31": "0.94", "2018-09-30": "0.94", "2018-06-30": "0.93", "2018-03-31": "0.92", "2017-12-31": "0.92", "2017-09-30": "0.94", "2017-06-30": "0.93", "2017-03-31": "0.94", "2016-12-31": "0.93", "2016-09-30": "0.93", "2016-06-30": "0.93", "2016-03-31": "0.94", "2015-12-31": "0.94", "2015-09-30": "0.95", "2015-06-30": "0.96", "2015-03-31": "0.97", "2014-12-31": "0.98", "2014-09-30": "0.98", "2014-06-30": "0.96", "2014-03-31": "0.96", "2013-12-31": "0.95", "2013-09-30": "0.97", "2013-06-30": "0.97", "2013-03-31": "1.00", "2012-12-31": "1.01", "2012-09-30": "1.03", "2012-06-30": "1.00", "2012-03-31": "1.00", "2011-12-31": "1.01", "2011-09-30": "1.02", "2011-06-30": "1.02", "2011-03-31": "1.02", "2010-12-31": "1.05", "2010-09-30": "1.10", "2010-06-30": "1.13", "2010-03-31": "1.10", "2009-12-31": "1.07", "2009-09-30": "1.11", "2009-06-30": "1.13", "2009-03-31": "1.17", "2008-12-31": "1.20", "2008-09-30": "1.20", "2008-06-30": "1.19", "2008-03-31": "1.20", "2007-12-31": "1.16", "2007-09-30": "1.18", "2007-06-30": "1.17", "2007-03-31": "1.15", "2006-12-31": "1.10", "2006-09-30": "1.05", "2006-06-30": "1.14", "2006-03-31": "1.10", "2005-12-31": "1.05", "2005-09-30": "1.03", "2005-06-30": "1.04", "2005-03-31": "1.05"}, "quick ratio": {"2020-12-31": "0.00", "2020-09-30": "0.00", "2020-06-30": "0.00", "2020-03-31": "0.00", "2019-12-31": "0.00", "2019-09-30": "0.00", "2019-06-30": "0.00", "2019-03-31": "0.00", "2018-12-31": "0.00", "2018-09-30": "0.00", "2018-06-30": "0.00", "2018-03-31": "0.00", "2017-12-31": "0.00", "2017-09-30": "0.00", "2017-06-30": "0.00", "2017-03-31": "0.00", "2016-12-31": "0.00", "2016-09-30": "0.00", "2016-06-30": "0.00", "2016-03-31": "0.00", "2015-12-31": "0.00", "2015-09-30": "0.00", "2015-06-30": "0.00", "2015-03-31": "0.00", "2014-12-31": "0.00", "2014-09-30": "0.00", "2014-06-30": "0.00", "2014-03-31": "0.00", "2013-12-31": "0.00", "2013-09-30": "0.00", "2013-06-30": "0.00", "2013-03-31": "0.00", "2012-12-31": "0.00", "2012-09-30": "0.00", "2012-06-30": "0.00", "2012-03-31": "0.00", "2011-12-31": "0.00", "2011-09-30": "0.00", "2011-06-30": "0.00", "2011-03-31": "0.00", "2010-12-31": "0.00", "2010-09-30": "0.00", "2010-06-30": "0.00", "2010-03-31": "0.00", "2009-12-31": "0.00", "2009-09-30": "0.00", "2009-06-30": "0.00", "2009-03-31": "0.00", "2008-12-31": "0.00", "2008-09-30": "0.00", "2008-06-30": "0.00", "2008-03-31": "0.00", "2007-12-31": "0.00", "2007-09-30": "0.00", "2007-06-30": "0.00", "2007-03-31": "0.00", "2006-12-31": "0.00", "2006-09-30": "0.00", "2006-06-30": "0.00", "2006-03-31": "0.00", "2005-12-31": "0.00", "2005-09-30": "0.00", "2005-06-30": "0.00", "2005-03-31": "0.00"}, "debt equity ratio": {"current": "0.21", "2020-12-31": "9.14", "2020-09-30": "9.20", "2020-06-30": "8.34", "2020-03-31": "8.34", "2019-12-31": "7.53", "2019-09-30": "7.75", "2019-06-30": "7.56", "2019-03-31": "7.48", "2018-12-31": "7.53", "2018-09-30": "7.57", "2018-06-30": "8.03", "2018-03-31": "7.85", "2017-12-31": "8.04", "2017-09-30": "9.27", "2017-06-30": "9.39", "2017-03-31": "9.81", "2016-12-31": "9.56", "2016-09-30": "9.37", "2016-06-30": "9.23", "2016-03-31": "9.20", "2015-12-31": "8.92", "2015-09-30": "8.84", "2015-06-30": "9.02", "2015-03-31": "9.29", "2014-12-31": "8.94", "2014-09-30": "8.18", "2014-06-30": "8.26", "2014-03-31": "8.45", "2013-12-31": "8.51", "2013-09-30": "8.81", "2013-06-30": "8.76", "2013-03-31": "8.54", "2012-12-31": "9.10", "2012-09-30": "9.17", "2012-06-30": "9.14", "2012-03-31": "8.60", "2011-12-31": "8.23", "2011-09-30": "8.32", "2011-06-30": "8.34", "2011-03-31": "8.26", "2010-12-31": "8.22", "2010-09-30": "6.68", "2010-06-30": "6.99", "2010-03-31": "6.93", "2009-12-31": "6.89", "2009-09-30": "6.85", "2009-06-30": "7.47", "2009-03-31": "7.90", "2008-12-31": "7.68", "2008-09-30": "10.42", "2008-06-30": "10.88", "2008-03-31": "14.48", "2007-12-31": "16.33", "2007-09-30": "14.48", "2007-06-30": "14.59", "2007-03-31": "14.44", "2006-12-31": "14.40", "2006-09-30": "14.96", "2006-06-30": "14.34", "2006-03-31": "14.55", "2005-12-31": "14.58", "2005-09-30": "15.16", "2005-06-30": "15.77", "2005-03-31": "15.55"}, "return on equity": {"2020-12-31": "12.29%", "2020-09-30": "11.99%", "2020-06-30": "5.72%", "2020-03-31": "6.94%", "2019-12-31": "8.77%", "2019-09-30": "8.47%", "2019-06-30": "11.90%", "2019-03-31": "11.56%", "2018-12-31": "11.56%", "2018-09-30": "8.46%", "2018-06-30": "4.51%", "2018-03-31": "5.27%", "2017-12-31": "4.88%", "2017-09-30": "9.50%", "2017-06-30": "9.48%", "2017-03-31": "8.34%", "2016-12-31": "8.20%", "2016-09-30": "8.02%", "2016-06-30": "8.00%", "2016-03-31": "7.90%", "2015-12-31": "3.13%", "2015-09-30": "3.14%", "2015-06-30": "2.62%", "2015-03-31": "3.65%", "2014-12-31": "8.39%", "2014-09-30": "8.46%", "2014-06-30": "2.54%", "2014-03-31": "1.08%", "2013-12-31": "0.87%", "2013-09-30": "0.63%", "2013-06-30": "5.85%", "2013-03-31": "-0.67%", "2012-12-31": "-1.06%", "2012-09-30": "-1.27%", "2012-06-30": "-0.87%", "2012-03-31": "4.53%", "2011-12-31": "4.87%", "2011-09-30": "1.75%", "2011-06-30": "0.96%", "2011-03-31": "0.34%", "2010-12-31": "-1.85%", "2010-09-30": "-2.43%", "2010-06-30": "-4.50%", "2010-03-31": "-8.25%", "2009-12-31": "-9.72%", "2009-09-30": "-9.30%", "2009-06-30": "-11.81%", "2009-03-31": "-8.96%", "2008-12-31": "-6.72%", "2008-09-30": "-14.79%", "2008-06-30": "-11.01%", "2008-03-31": "-9.88%", "2007-12-31": "-7.13%", "2007-09-30": "6.29%", "2007-06-30": "9.49%", "2007-03-31": "12.81%", "2006-12-31": "18.83%", "2006-09-30": "20.29%", "2006-06-30": "22.70%", "2006-03-31": "23.07%", "2005-12-31": "18.93%"}, "return on assets": {"2020-12-31": "1.25%", "2020-09-30": "1.27%", "2020-06-30": "0.64%", "2020-03-31": "0.79%", "2019-12-31": "1.02%", "2019-09-30": "0.99%", "2019-06-30": "1.39%", "2019-03-31": "1.34%", "2018-12-31": "1.32%", "2018-09-30": "0.95%", "2018-06-30": "0.49%", "2018-03-31": "0.56%", "2017-12-31": "0.49%", "2017-09-30": "0.90%", "2017-06-30": "0.90%", "2017-03-31": "0.80%", "2016-12-31": "0.79%", "2016-09-30": "0.79%", "2016-06-30": "0.80%", "2016-03-31": "0.79%", "2015-12-31": "0.31%", "2015-09-30": "0.31%", "2015-06-30": "0.27%", "2015-03-31": "0.38%", "2014-12-31": "0.89%", "2014-09-30": "0.90%", "2014-06-30": "0.27%", "2014-03-31": "0.11%", "2013-12-31": "0.09%", "2013-09-30": "0.06%", "2013-06-30": "0.59%", "2013-03-31": "-0.07%", "2012-12-31": "-0.11%", "2012-09-30": "-0.13%", "2012-06-30": "-0.09%", "2012-03-31": "0.48%", "2011-12-31": "0.52%", "2011-09-30": "0.19%", "2011-06-30": "0.11%", "2011-03-31": "0.04%", "2010-12-31": "-0.23%", "2010-09-30": "-0.31%", "2010-06-30": "-0.57%", "2010-03-31": "-1.03%", "2009-12-31": "-1.17%", "2009-09-30": "-1.10%", "2009-06-30": "-1.27%", "2009-03-31": "-0.89%", "2008-12-31": "-0.58%", "2008-09-30": "-1.08%", "2008-06-30": "-0.74%", "2008-03-31": "-0.62%", "2007-12-31": "-0.45%", "2007-09-30": "0.41%", "2007-06-30": "0.61%", "2007-03-31": "0.82%", "2006-12-31": "1.21%", "2006-09-30": "1.30%", "2006-06-30": "1.45%", "2006-03-31": "1.44%", "2005-12-31": "1.16%"}, "return on investments": {"2020-12-31": "11.16%", "2020-09-30": "10.77%", "2020-06-30": "6.31%", "2020-03-31": "7.93%", "2019-12-31": "9.67%", "2019-09-30": "9.11%", "2019-06-30": "12.68%", "2019-03-31": "12.15%", "2018-12-31": "12.19%", "2018-09-30": "10.62%", "2018-06-30": "6.48%", "2018-03-31": "7.24%", "2017-12-31": "7.16%", "2017-09-30": "9.50%", "2017-06-30": "9.87%", "2017-03-31": "9.38%", "2016-12-31": "9.02%", "2016-09-30": "8.16%", "2016-06-30": "7.48%", "2016-03-31": "6.99%", "2015-12-31": "2.67%", "2015-09-30": "2.88%", "2015-06-30": "2.73%", "2015-03-31": "3.65%", "2014-12-31": "7.61%", "2014-09-30": "6.86%", "2014-06-30": "1.98%", "2014-03-31": "0.62%", "2013-12-31": "0.41%", "2013-09-30": "0.42%", "2013-06-30": "4.01%", "2013-03-31": "-1.76%", "2012-12-31": "-2.11%", "2012-09-30": "-3.17%", "2012-06-30": "-2.92%", "2012-03-31": "2.00%", "2011-12-31": "2.89%", "2011-09-30": "0.80%", "2011-06-30": "1.54%", "2011-03-31": "2.07%", "2010-12-31": "0.83%", "2010-09-30": "3.07%", "2010-06-30": "1.40%", "2010-03-31": "-2.15%", "2009-12-31": "-3.84%", "2009-09-30": "-3.85%", "2009-06-30": "-6.13%", "2009-03-31": "-4.35%", "2008-12-31": "-2.98%", "2008-09-30": "-6.76%", "2008-06-30": "-4.58%", "2008-03-31": "-3.95%", "2007-12-31": "-3.03%", "2007-09-30": "2.14%", "2007-06-30": "3.58%", "2007-03-31": "5.24%", "2006-12-31": "4.31%", "2006-09-30": "5.22%", "2006-06-30": "7.02%", "2006-03-31": "7.95%", "2005-12-31": "12.22%"}, "return on tangible equity": {"2020-09-30": "16.63%", "2020-06-30": "8.26%", "2020-03-31": "10.10%", "2019-12-31": "12.84%", "2019-09-30": "12.51%", "2019-06-30": "17.68%", "2019-03-31": "17.36%", "2018-12-31": "17.47%", "2018-09-30": "12.84%", "2018-06-30": "6.46%", "2018-03-31": "7.03%", "2017-12-31": "5.95%", "2017-09-30": "10.42%", "2017-06-30": "10.34%", "2017-03-31": "9.05%", "2016-12-31": "8.90%", "2016-09-30": "8.72%", "2016-06-30": "8.67%", "2016-03-31": "8.54%", "2015-12-31": "3.37%", "2015-09-30": "3.37%", "2015-06-30": "2.81%", "2015-03-31": "3.90%", "2014-12-31": "8.97%", "2014-09-30": "9.10%", "2014-06-30": "2.77%", "2014-03-31": "1.19%", "2013-12-31": "0.98%", "2013-09-30": "0.71%", "2013-06-30": "6.55%", "2013-03-31": "-0.75%", "2012-12-31": "-1.19%", "2012-09-30": "-1.43%", "2012-06-30": "-0.98%", "2012-03-31": "5.13%", "2011-12-31": "5.58%", "2011-09-30": "2.02%", "2011-06-30": "1.10%", "2011-03-31": "0.39%", "2010-12-31": "-2.13%", "2010-09-30": "-2.80%", "2010-06-30": "-5.25%", "2010-03-31": "-9.74%", "2009-12-31": "-11.61%", "2009-09-30": "-11.17%", "2009-06-30": "-15.00%", "2009-03-31": "-12.48%", "2008-12-31": "-10.37%", "2008-09-30": "-28.31%", "2008-06-30": "-25.91%", "2008-03-31": "-28.97%", "2007-12-31": "-26.29%", "2007-09-30": "25.32%", "2007-06-30": "37.90%", "2007-03-31": "53.40%", "2006-12-31": "79.97%", "2006-09-30": "82.07%", "2006-06-30": "87.69%", "2006-03-31": "75.69%", "2005-12-31": "58.48%"}, "dividend yield history": {"last payout": "$0.60", "last yield": "3.96%"}}