{"ticker": "FCNCA", "price": {"title": "First Citizens BancShares Historical Annual Stock Price Data", "value": 663.35, "historical": {"2021": {"Average Stock Price": "624.7338", "Year Open": "568.4600", "Year High": "663.3500", "Year Low": "568.4600", "Year Close": "663.3500", "Annual % Change": "15.51%"}, "2020": {"Average Stock Price": "429.9681", "Year Open": "537.4800", "Year High": "613.2200", "Year Low": "282.9000", "Year Close": "574.2700", "Annual % Change": "7.90%"}, "2019": {"Average Stock Price": "453.9434", "Year Open": "379.4900", "Year High": "538.2300", "Year Low": "379.4900", "Year Close": "532.2100", "Annual % Change": "41.15%"}, "2018": {"Average Stock Price": "430.5719", "Year Open": "404.5000", "Year High": "477.2700", "Year Low": "360.2000", "Year Close": "377.0500", "Annual % Change": "-6.44%"}, "2017": {"Average Stock Price": "364.8850", "Year Open": "354.9900", "Year High": "433.9200", "Year Low": "322.9700", "Year Close": "403.0000", "Annual % Change": "13.52%"}, "2016": {"Average Stock Price": "272.8365", "Year Open": "249.4000", "Year High": "365.0900", "Year Low": "220.0400", "Year Close": "355.0000", "Annual % Change": "37.51%"}, "2015": {"Average Stock Price": "247.4001", "Year Open": "250.6500", "Year High": "268.8900", "Year Low": "217.8400", "Year Close": "258.1700", "Annual % Change": "2.13%"}, "2014": {"Average Stock Price": "231.7692", "Year Open": "221.6300", "Year High": "267.5000", "Year Low": "210.3100", "Year Close": "252.7900", "Annual % Change": "13.55%"}, "2013": {"Average Stock Price": "197.7969", "Year Open": "167.5000", "Year High": "226.3800", "Year Low": "167.5000", "Year Close": "222.6300", "Annual % Change": "36.17%"}, "2012": {"Average Stock Price": "169.8591", "Year Open": "179.2900", "Year High": "186.4500", "Year Low": "156.4800", "Year Close": "163.5000", "Annual % Change": "-6.57%"}, "2011": {"Average Stock Price": "179.9456", "Year Open": "193.0000", "Year High": "207.3400", "Year Low": "138.7100", "Year Close": "174.9900", "Annual % Change": "-7.44%"}, "2010": {"Average Stock Price": "189.4318", "Year Open": "170.0400", "Year High": "212.0000", "Year Low": "167.7100", "Year Close": "189.0500", "Annual % Change": "15.27%"}, "2009": {"Average Stock Price": "138.8135", "Year Open": "152.5500", "Year High": "165.9800", "Year Low": "76.9500", "Year Close": "164.0100", "Annual % Change": "7.34%"}, "2008": {"Average Stock Price": "145.7821", "Year Open": "142.9500", "Year High": "179.0000", "Year Low": "122.8100", "Year Close": "152.8000", "Annual % Change": "4.77%"}, "2007": {"Average Stock Price": "185.6375", "Year Open": "207.8000", "Year High": "213.5000", "Year Low": "144.6300", "Year Close": "145.8500", "Annual % Change": "-28.03%"}, "2006": {"Average Stock Price": "193.0108", "Year Open": "180.5000", "Year High": "214.4000", "Year Low": "174.8400", "Year Close": "202.6400", "Annual % Change": "16.18%"}, "2005": {"Average Stock Price": "154.4967", "Year Open": "144.4400", "Year High": "190.6200", "Year Low": "126.2000", "Year Close": "174.4200", "Annual % Change": "17.65%"}, "2004": {"Average Stock Price": "122.2521", "Year Open": "121.9400", "Year High": "151.9700", "Year Low": "110.6400", "Year Close": "148.2500", "Annual % Change": "23.03%"}, "2003": {"Average Stock Price": "104.2930", "Year Open": "98.2000", "Year High": "126.0000", "Year Low": "90.5500", "Year Close": "120.5000", "Annual % Change": "24.74%"}, "2002": {"Average Stock Price": "103.5540", "Year Open": "98.1500", "Year High": "114.9000", "Year Low": "91.5000", "Year Close": "96.6000", "Annual % Change": "-1.18%"}, "2001": {"Average Stock Price": "95.3900", "Year Open": "79.8800", "Year High": "110.0000", "Year Low": "79.8800", "Year Close": "97.7500", "Annual % Change": "21.05%"}, "2000": {"Average Stock Price": "65.2928", "Year Open": "69.0600", "Year High": "80.7500", "Year Low": "56.4400", "Year Close": "80.7500", "Annual % Change": "15.77%"}, "1999": {"Average Stock Price": "79.2495", "Year Open": "88.9400", "Year High": "94.0000", "Year Low": "69.5600", "Year Close": "69.7500", "Annual % Change": "-22.50%"}, "1998": {"Average Stock Price": "100.3477", "Year Open": "105.9000", "Year High": "122.0000", "Year Low": "79.0000", "Year Close": "90.0000", "Annual % Change": "-13.46%"}, "1997": {"Average Stock Price": "89.4739", "Year Open": "77.0000", "Year High": "117.0000", "Year Low": "73.0000", "Year Close": "104.0000", "Annual % Change": "35.06%"}, "1996": {"Average Stock Price": "63.7072", "Year Open": "55.0000", "Year High": "83.0000", "Year Low": "54.0000", "Year Close": "77.0000", "Annual % Change": "39.67%"}, "1995": {"Average Stock Price": "48.8467", "Year Open": "43.5000", "Year High": "55.1300", "Year Low": "43.5000", "Year Close": "55.1300", "Annual % Change": "26.74%"}, "1994": {"Average Stock Price": "43.1448", "Year Open": "43.5000", "Year High": "46.5000", "Year Low": "40.0000", "Year Close": "43.5000", "Annual % Change": "-6.45%"}, "1993": {"Average Stock Price": "50.4622", "Year Open": "52.5000", "Year High": "62.5000", "Year Low": "45.5000", "Year Close": "46.5000", "Annual % Change": "-8.37%"}}}, "market cap": {"value": "$6.51B"}, "income statement": {"Revenue": {"2019-12-31": "1819.87200", "2018-12-31": "1645.90600", "2017-12-31": "1625.65300", "2016-12-31": "1364.85600", "2015-12-31": "1436.29700", "2014-12-31": "1103.66100", "2013-12-31": "1064.18600", "2012-12-31": "1197.09000", "2011-12-31": "1479.52500", "2010-12-31": "1375.58200", "2009-12-31": "1141.61000", "2008-12-31": "1120.85700", "2007-12-31": "1199.52600", "2006-12-31": "1101.68200", "2005-12-31": "927.20590"}, "Cost Of Goods Sold": {"2019-12-31": "92.64200", "2018-12-31": "36.85700", "2017-12-31": "43.79400", "2016-12-31": "43.08200", "2015-12-31": "44.30400", "2014-12-31": "50.35100", "2013-12-31": "56.61800", "2012-12-31": "90.14800", "2011-12-31": "144.19200", "2010-12-31": "195.12500", "2009-12-31": "227.64400", "2008-12-31": "314.94500", "2007-12-31": "423.71400", "2006-12-31": "353.73700", "2005-12-31": "218.15100"}, "Gross Profit": {"2019-12-31": "1727.23000", "2018-12-31": "1609.04900", "2017-12-31": "1581.85900", "2016-12-31": "1321.77400", "2015-12-31": "1391.99300", "2014-12-31": "1053.31000", "2013-12-31": "1007.56800", "2012-12-31": "1106.94200", "2011-12-31": "1335.33300", "2010-12-31": "1180.45700", "2009-12-31": "913.96600", "2008-12-31": "805.91200", "2007-12-31": "775.81200", "2006-12-31": "747.94500", "2005-12-31": "709.05490"}, "Research And Development Expenses": {"2019-12-31": "", "2018-12-31": "", "2017-12-31": "", "2016-12-31": "", "2015-12-31": "", "2014-12-31": "", "2013-12-31": "", "2012-12-31": "", "2011-12-31": "", "2010-12-31": "", "2009-12-31": "", "2008-12-31": "", "2007-12-31": "", "2006-12-31": "", "2005-12-31": ""}, "SG&A Expenses": {"2019-12-31": "1088.46400", "2018-12-31": "1068.96000", "2017-12-31": "1003.47300", "2016-12-31": "946.39000", "2015-12-31": "1045.40500", "2014-12-31": "836.65200", "2013-12-31": "738.73400", "2012-12-31": "909.02700", "2011-12-31": "1025.20200", "2010-12-31": "876.89500", "2009-12-31": "730.86700", "2008-12-31": "666.30800", "2007-12-31": "608.25800", "2006-12-31": "551.99900", "2005-12-31": "530.38500"}, "Other Operating Income Or Expenses": {"2019-12-31": "", "2018-12-31": "", "2017-12-31": "", "2016-12-31": "", "2015-12-31": "", "2014-12-31": "", "2013-12-31": "", "2012-12-31": "", "2011-12-31": "", "2010-12-31": "", "2009-12-31": "", "2008-12-31": "", "2007-12-31": "", "2006-12-31": "", "2005-12-31": ""}, "Operating Expenses": {"2019-12-31": "1181.10600", "2018-12-31": "1105.81700", "2017-12-31": "1047.26700", "2016-12-31": "989.47190", "2015-12-31": "1089.70900", "2014-12-31": "887.00310", "2013-12-31": "795.35200", "2012-12-31": "999.17500", "2011-12-31": "1169.39400", "2010-12-31": "1072.02000", "2009-12-31": "958.51100", "2008-12-31": "981.25300", "2007-12-31": "1031.97200", "2006-12-31": "905.73600", "2005-12-31": "748.53600"}, "Operating Income": {"2019-12-31": "638.76600", "2018-12-31": "540.08900", "2017-12-31": "578.38600", "2016-12-31": "375.38400", "2015-12-31": "346.58800", "2014-12-31": "216.65800", "2013-12-31": "268.83400", "2012-12-31": "197.91500", "2011-12-31": "310.13100", "2010-12-31": "303.56200", "2009-12-31": "183.09900", "2008-12-31": "139.60410", "2007-12-31": "167.55410", "2006-12-31": "195.94600", "2005-12-31": "178.66990"}, "Total Non-Operating Income/Expense": {"2019-12-31": "-46.71800", "2018-12-31": "-36.47900", "2017-12-31": "-34.68800", "2016-12-31": "-24.31700", "2015-12-31": "-14.17400", "2014-12-31": "-13.06400", "2013-12-31": "-0.39100", "2012-12-31": "-0.79100", "2011-12-31": "", "2010-12-31": "", "2009-12-31": "", "2008-12-31": "", "2007-12-31": "", "2006-12-31": "", "2005-12-31": ""}, "Pre-Tax Income": {"2019-12-31": "592.04800", "2018-12-31": "503.61000", "2017-12-31": "543.69800", "2016-12-31": "351.06700", "2015-12-31": "332.41400", "2014-12-31": "203.59400", "2013-12-31": "268.44300", "2012-12-31": "197.12400", "2011-12-31": "310.13100", "2010-12-31": "303.56200", "2009-12-31": "183.09900", "2008-12-31": "139.60400", "2007-12-31": "167.55400", "2006-12-31": "195.94600", "2005-12-31": "178.67000"}, "Income Taxes": {"2019-12-31": "134.67700", "2018-12-31": "103.29700", "2017-12-31": "219.94600", "2016-12-31": "125.58500", "2015-12-31": "122.02800", "2014-12-31": "65.03200", "2013-12-31": "101.57400", "2012-12-31": "64.72900", "2011-12-31": "115.10300", "2010-12-31": "110.51800", "2009-12-31": "66.76800", "2008-12-31": "48.54600", "2007-12-31": "58.93700", "2006-12-31": "69.45500", "2005-12-31": "65.80800"}, "Income After Taxes": {"2019-12-31": "457.37100", "2018-12-31": "400.31300", "2017-12-31": "323.75200", "2016-12-31": "225.48200", "2015-12-31": "210.38600", "2014-12-31": "138.56200", "2013-12-31": "166.86900", "2012-12-31": "132.39500", "2011-12-31": "195.02800", "2010-12-31": "193.04400", "2009-12-31": "116.33100", "2008-12-31": "91.05800", "2007-12-31": "108.61700", "2006-12-31": "126.49100", "2005-12-31": "112.86200"}, "Other Income": {"2019-12-31": "", "2018-12-31": "", "2017-12-31": "", "2016-12-31": "", "2015-12-31": "", "2014-12-31": "", "2013-12-31": "", "2012-12-31": "", "2011-12-31": "", "2010-12-31": "", "2009-12-31": "", "2008-12-31": "", "2007-12-31": "", "2006-12-31": "", "2005-12-31": ""}, "Income From Continuous Operations": {"2019-12-31": "457.37100", "2018-12-31": "400.31300", "2017-12-31": "323.75200", "2016-12-31": "225.48200", "2015-12-31": "210.38600", "2014-12-31": "138.56200", "2013-12-31": "166.86900", "2012-12-31": "132.39500", "2011-12-31": "195.02800", "2010-12-31": "193.04400", "2009-12-31": "116.33100", "2008-12-31": "91.05800", "2007-12-31": "108.61700", "2006-12-31": "126.49100", "2005-12-31": "112.86200"}, "Income From Discontinued Operations": {"2019-12-31": "", "2018-12-31": "", "2017-12-31": "", "2016-12-31": "", "2015-12-31": "", "2014-12-31": "", "2013-12-31": "", "2012-12-31": "", "2011-12-31": "", "2010-12-31": "", "2009-12-31": "", "2008-12-31": "", "2007-12-31": "", "2006-12-31": "", "2005-12-31": ""}, "Net Income": {"2019-12-31": "457.37100", "2018-12-31": "400.31300", "2017-12-31": "323.75200", "2016-12-31": "225.48200", "2015-12-31": "210.38600", "2014-12-31": "138.56200", "2013-12-31": "166.86900", "2012-12-31": "132.39500", "2011-12-31": "195.02800", "2010-12-31": "193.04400", "2009-12-31": "116.33100", "2008-12-31": "91.05800", "2007-12-31": "108.61700", "2006-12-31": "126.49100", "2005-12-31": "112.86200"}, "EBITDA": {"2019-12-31": "", "2018-12-31": "", "2017-12-31": "", "2016-12-31": "", "2015-12-31": "", "2014-12-31": "", "2013-12-31": "", "2012-12-31": "", "2011-12-31": "", "2010-12-31": "", "2009-12-31": "", "2008-12-31": "", "2007-12-31": "", "2006-12-31": "", "2005-12-31": ""}, "EBIT": {"2019-12-31": "", "2018-12-31": "", "2017-12-31": "", "2016-12-31": "", "2015-12-31": "", "2014-12-31": "", "2013-12-31": "", "2012-12-31": "", "2011-12-31": "", "2010-12-31": "", "2009-12-31": "", "2008-12-31": "", "2007-12-31": "", "2006-12-31": "", "2005-12-31": ""}, "Basic Shares Outstanding": {"2019-12-31": "11.14100", "2018-12-31": "11.93800", "2017-12-31": "12.01000", "2016-12-31": "12.01000", "2015-12-31": "12.01000", "2014-12-31": "10.22200", "2013-12-31": "9.61900", "2012-12-31": "10.24400", "2011-12-31": "10.37600", "2010-12-31": "10.43400", "2009-12-31": "10.43400", "2008-12-31": "10.43400", "2007-12-31": "10.43400", "2006-12-31": "10.43400", "2005-12-31": "10.43400"}, "Shares Outstanding": {"2019-12-31": "11.14100", "2018-12-31": "11.93800", "2017-12-31": "12.01000", "2016-12-31": "12.01000", "2015-12-31": "12.01000", "2014-12-31": "10.22200", "2013-12-31": "9.61900", "2012-12-31": "10.24400", "2011-12-31": "10.37600", "2010-12-31": "10.43400", "2009-12-31": "10.43400", "2008-12-31": "10.43400", "2007-12-31": "10.43400", "2006-12-31": "10.43400", "2005-12-31": "10.43400"}, "Basic EPS": {"2019-12-31": "41.05000", "2018-12-31": "33.53000", "2017-12-31": "29.96000", "2016-12-31": "18.77000", "2015-12-31": "17.52000", "2014-12-31": "13.56000", "2013-12-31": "17.35000", "2012-12-31": "12.92000", "2011-12-31": "18.80000", "2010-12-31": "18.50000", "2009-12-31": "11.15000", "2008-12-31": "8.73000", "2007-12-31": "10.41000", "2006-12-31": "12.12000", "2005-12-31": "10.82000"}, "EPS - Earnings Per Share": {"2019-12-31": "41.05000", "2018-12-31": "33.53000", "2017-12-31": "29.96000", "2016-12-31": "18.77000", "2015-12-31": "17.52000", "2014-12-31": "13.56000", "2013-12-31": "17.35000", "2012-12-31": "12.92000", "2011-12-31": "18.80000", "2010-12-31": "18.50000", "2009-12-31": "11.15000", "2008-12-31": "8.73000", "2007-12-31": "10.41000", "2006-12-31": "12.12000", "2005-12-31": "10.82000"}}, "income statement, quarterly": {"Revenue": {"2020-09-30": "494.90600", "2020-06-30": "528.65900", "2020-03-31": "433.57000", "2019-12-31": "458.44100", "2019-09-30": "463.24800", "2019-06-30": "457.59600", "2019-03-31": "440.58700", "2018-12-31": "415.57990", "2018-09-30": "410.23700", "2018-06-30": "404.80400", "2018-03-31": "415.28500", "2017-12-31": "394.57100", "2017-09-30": "380.39500", "2017-06-30": "490.18300", "2017-03-31": "360.50400", "2016-12-31": "268.50790", "2016-09-30": "364.33500", "2016-06-30": "383.61900", "2016-03-31": "348.39400", "2015-12-31": "340.99590", "2015-09-30": "359.57500", "2015-06-30": "353.46300", "2015-03-31": "382.26300", "2014-12-31": "367.83300", "2014-09-30": "256.22000", "2014-06-30": "243.90000", "2014-03-31": "235.70800", "2013-12-31": "262.59600", "2013-09-30": "264.55200", "2013-06-30": "258.92100", "2013-03-31": "278.11700", "2012-12-31": "317.06400", "2012-09-30": "288.51600", "2012-06-30": "297.81500", "2012-03-31": "293.69500", "2011-12-31": "377.41400", "2011-09-30": "415.07800", "2011-06-30": "312.25300", "2011-03-31": "374.78000", "2010-12-31": "324.27910", "2010-09-30": "328.59700", "2010-06-30": "310.05700", "2010-03-31": "412.64900", "2009-12-31": "273.46600", "2009-09-30": "370.54300", "2009-06-30": "248.25700", "2009-03-31": "249.34400", "2008-12-31": "261.57010", "2008-09-30": "276.61600", "2008-06-30": "281.60000", "2008-03-31": "301.07100", "2007-12-31": "307.36000", "2007-09-30": "309.40500", "2007-06-30": "296.09300", "2007-03-31": "286.66800", "2006-12-31": "287.36600", "2006-09-30": "286.45800", "2006-06-30": "272.10800", "2006-03-31": "255.75000", "2005-12-31": "247.32590", "2005-09-30": "241.64000", "2005-06-30": "228.77200", "2005-03-31": "209.46800"}, "Cost Of Goods Sold": {"2020-09-30": "20.67500", "2020-06-30": "25.86300", "2020-03-31": "31.15900", "2019-12-31": "26.92400", "2019-09-30": "25.89300", "2019-06-30": "23.37300", "2019-03-31": "16.45200", "2018-12-31": "12.69100", "2018-09-30": "8.34400", "2018-06-30": "7.65800", "2018-03-31": "8.16400", "2017-12-31": "11.18900", "2017-09-30": "11.15800", "2017-06-30": "10.93300", "2017-03-31": "10.51400", "2016-12-31": "10.86500", "2016-09-30": "10.64500", "2016-06-30": "11.18000", "2016-03-31": "10.39200", "2015-12-31": "11.14200", "2015-09-30": "10.45400", "2015-06-30": "11.36300", "2015-03-31": "11.34500", "2014-12-31": "14.87600", "2014-09-30": "11.39900", "2014-06-30": "11.61300", "2014-03-31": "12.46300", "2013-12-31": "13.04700", "2013-09-30": "13.45100", "2013-06-30": "14.39800", "2013-03-31": "15.72200", "2012-12-31": "17.94300", "2012-09-30": "21.31800", "2012-06-30": "25.08700", "2012-03-31": "25.80000", "2011-12-31": "29.75800", "2011-09-30": "34.99200", "2011-06-30": "38.22900", "2011-03-31": "41.21300", "2010-12-31": "44.20000", "2010-09-30": "48.68800", "2010-06-30": "52.57300", "2010-03-31": "49.66400", "2009-12-31": "49.57500", "2009-09-30": "54.41300", "2009-06-30": "59.80900", "2009-03-31": "63.84700", "2008-12-31": "71.21100", "2008-09-30": "71.76100", "2008-06-30": "77.14700", "2008-03-31": "94.82600", "2007-12-31": "109.19700", "2007-09-30": "111.18500", "2007-06-30": "103.88400", "2007-03-31": "99.44800", "2006-12-31": "101.21500", "2006-09-30": "96.77300", "2006-06-30": "83.56600", "2006-03-31": "72.18300", "2005-12-31": "66.73100", "2005-09-30": "59.30600", "2005-06-30": "49.53600", "2005-03-31": "42.57800"}, "Gross Profit": {"2020-09-30": "474.23100", "2020-06-30": "502.79600", "2020-03-31": "402.41100", "2019-12-31": "431.51700", "2019-09-30": "437.35500", "2019-06-30": "434.22300", "2019-03-31": "424.13500", "2018-12-31": "402.88890", "2018-09-30": "401.89300", "2018-06-30": "397.14600", "2018-03-31": "407.12100", "2017-12-31": "383.38200", "2017-09-30": "369.23700", "2017-06-30": "479.25000", "2017-03-31": "349.99000", "2016-12-31": "257.64290", "2016-09-30": "353.69000", "2016-06-30": "372.43900", "2016-03-31": "338.00200", "2015-12-31": "329.85390", "2015-09-30": "349.12100", "2015-06-30": "342.10000", "2015-03-31": "370.91800", "2014-12-31": "352.95700", "2014-09-30": "244.82100", "2014-06-30": "232.28700", "2014-03-31": "223.24500", "2013-12-31": "249.54900", "2013-09-30": "251.10100", "2013-06-30": "244.52300", "2013-03-31": "262.39500", "2012-12-31": "299.12100", "2012-09-30": "267.19800", "2012-06-30": "272.72800", "2012-03-31": "267.89500", "2011-12-31": "347.65600", "2011-09-30": "380.08600", "2011-06-30": "274.02400", "2011-03-31": "333.56700", "2010-12-31": "280.07910", "2010-09-30": "279.90900", "2010-06-30": "257.48400", "2010-03-31": "362.98500", "2009-12-31": "223.89100", "2009-09-30": "316.13000", "2009-06-30": "188.44800", "2009-03-31": "185.49700", "2008-12-31": "190.35910", "2008-09-30": "204.85500", "2008-06-30": "204.45300", "2008-03-31": "206.24500", "2007-12-31": "198.16300", "2007-09-30": "198.22000", "2007-06-30": "192.20900", "2007-03-31": "187.22000", "2006-12-31": "186.15100", "2006-09-30": "189.68500", "2006-06-30": "188.54200", "2006-03-31": "183.56700", "2005-12-31": "180.59490", "2005-09-30": "182.33400", "2005-06-30": "179.23600", "2005-03-31": "166.89000"}, "Research And Development Expenses": {"2020-09-30": "", "2020-06-30": "", "2020-03-31": "", "2019-12-31": "", "2019-09-30": "", "2019-06-30": "", "2019-03-31": "", "2018-12-31": "", "2018-09-30": "", "2018-06-30": "", "2018-03-31": "", "2017-12-31": "", "2017-09-30": "", "2017-06-30": "", "2017-03-31": "", "2016-12-31": "", "2016-09-30": "", "2016-06-30": "", "2016-03-31": "", "2015-12-31": "", "2015-09-30": "", "2015-06-30": "", "2015-03-31": "", "2014-12-31": "", "2014-09-30": "", "2014-06-30": "", "2014-03-31": "", "2013-12-31": "", "2013-09-30": "", "2013-06-30": "", "2013-03-31": "", "2012-12-31": "", "2012-09-30": "", "2012-06-30": "", "2012-03-31": "", "2011-12-31": "", "2011-09-30": "", "2011-06-30": "", "2011-03-31": "", "2010-12-31": "", "2010-09-30": "", "2010-06-30": "", "2010-03-31": "", "2009-12-31": "", "2009-09-30": "", "2009-06-30": "", "2009-03-31": "", "2008-12-31": "", "2008-09-30": "", "2008-06-30": "", "2008-03-31": "", "2007-12-31": "", "2007-09-30": "", "2007-06-30": "", "2007-03-31": "", "2006-12-31": "", "2006-09-30": "", "2006-06-30": "", "2006-03-31": "", "2005-12-31": "", "2005-09-30": "", "2005-06-30": "", "2005-03-31": ""}, "SG&A Expenses": {"2020-09-30": "280.27000", "2020-06-30": "297.67600", "2020-03-31": "313.72200", "2019-12-31": "283.94600", "2019-09-30": "266.04900", "2019-06-30": "267.87000", "2019-03-31": "270.59900", "2018-12-31": "278.00300", "2018-09-30": "259.95400", "2018-06-30": "264.12900", "2018-03-31": "266.87400", "2017-12-31": "233.83100", "2017-09-30": "265.02600", "2017-06-30": "260.51800", "2017-03-31": "244.09800", "2016-12-31": "157.45800", "2016-09-30": "270.97600", "2016-06-30": "261.48000", "2016-03-31": "256.47600", "2015-12-31": "260.00700", "2015-09-30": "256.60000", "2015-06-30": "267.83700", "2015-03-31": "260.96100", "2014-12-31": "259.86500", "2014-09-30": "201.84200", "2014-06-30": "188.27100", "2014-03-31": "186.67400", "2013-12-31": "203.20000", "2013-09-30": "184.46000", "2013-06-30": "175.32500", "2013-03-31": "175.74900", "2012-12-31": "262.81700", "2012-09-30": "207.70000", "2012-06-30": "224.46400", "2012-03-31": "214.04600", "2011-12-31": "300.83600", "2011-09-30": "248.46000", "2011-06-30": "241.45900", "2011-03-31": "234.44700", "2010-12-31": "236.68900", "2010-09-30": "236.72400", "2010-06-30": "213.60200", "2010-03-31": "189.88000", "2009-12-31": "195.00800", "2009-09-30": "182.76400", "2009-06-30": "179.87900", "2009-03-31": "173.21600", "2008-12-31": "171.96400", "2008-09-30": "175.75400", "2008-06-30": "162.83100", "2008-03-31": "155.75900", "2007-12-31": "155.46100", "2007-09-30": "164.23900", "2007-06-30": "143.81200", "2007-03-31": "142.12700", "2006-12-31": "137.48900", "2006-09-30": "137.88100", "2006-06-30": "138.18000", "2006-03-31": "138.44900", "2005-12-31": "136.89300", "2005-09-30": "135.87600", "2005-06-30": "130.94500", "2005-03-31": "126.67100"}, "Other Operating Income Or Expenses": {"2020-09-30": "", "2020-06-30": "", "2020-03-31": "", "2019-12-31": "", "2019-09-30": "", "2019-06-30": "", "2019-03-31": "", "2018-12-31": "", "2018-09-30": "", "2018-06-30": "", "2018-03-31": "", "2017-12-31": "", "2017-09-30": "", "2017-06-30": "", "2017-03-31": "", "2016-12-31": "", "2016-09-30": "", "2016-06-30": "", "2016-03-31": "", "2015-12-31": "", "2015-09-30": "", "2015-06-30": "", "2015-03-31": "", "2014-12-31": "", "2014-09-30": "", "2014-06-30": "", "2014-03-31": "", "2013-12-31": "", "2013-09-30": "", "2013-06-30": "", "2013-03-31": "", "2012-12-31": "", "2012-09-30": "", "2012-06-30": "", "2012-03-31": "", "2011-12-31": "", "2011-09-30": "", "2011-06-30": "", "2011-03-31": "", "2010-12-31": "", "2010-09-30": "", "2010-06-30": "", "2010-03-31": "", "2009-12-31": "", "2009-09-30": "", "2009-06-30": "", "2009-03-31": "", "2008-12-31": "", "2008-09-30": "", "2008-06-30": "", "2008-03-31": "", "2007-12-31": "", "2007-09-30": "", "2007-06-30": "", "2007-03-31": "", "2006-12-31": "", "2006-09-30": "", "2006-06-30": "", "2006-03-31": "", "2005-12-31": "", "2005-09-30": "", "2005-06-30": "", "2005-03-31": ""}, "Operating Expenses": {"2020-09-30": "300.94500", "2020-06-30": "323.53900", "2020-03-31": "344.88100", "2019-12-31": "310.87000", "2019-09-30": "291.94200", "2019-06-30": "291.24300", "2019-03-31": "287.05100", "2018-12-31": "290.69400", "2018-09-30": "268.29800", "2018-06-30": "271.78700", "2018-03-31": "275.03800", "2017-12-31": "245.02000", "2017-09-30": "276.18400", "2017-06-30": "271.45100", "2017-03-31": "254.61200", "2016-12-31": "168.32300", "2016-09-30": "281.62100", "2016-06-30": "272.66000", "2016-03-31": "266.86800", "2015-12-31": "271.14900", "2015-09-30": "267.05400", "2015-06-30": "279.20000", "2015-03-31": "272.30600", "2014-12-31": "274.74100", "2014-09-30": "213.24100", "2014-06-30": "199.88400", "2014-03-31": "199.13700", "2013-12-31": "216.24700", "2013-09-30": "197.91100", "2013-06-30": "189.72300", "2013-03-31": "191.47100", "2012-12-31": "280.76000", "2012-09-30": "229.01800", "2012-06-30": "249.55100", "2012-03-31": "239.84600", "2011-12-31": "330.59400", "2011-09-30": "283.45200", "2011-06-30": "279.68800", "2011-03-31": "275.66000", "2010-12-31": "280.88900", "2010-09-30": "285.41200", "2010-06-30": "266.17500", "2010-03-31": "239.54400", "2009-12-31": "244.58300", "2009-09-30": "237.17700", "2009-06-30": "239.68800", "2009-03-31": "237.06300", "2008-12-31": "243.17500", "2008-09-30": "247.51500", "2008-06-30": "239.97800", "2008-03-31": "250.58500", "2007-12-31": "264.65800", "2007-09-30": "275.42400", "2007-06-30": "247.69600", "2007-03-31": "241.57500", "2006-12-31": "238.70400", "2006-09-30": "234.65400", "2006-06-30": "221.74600", "2006-03-31": "210.63200", "2005-12-31": "203.62400", "2005-09-30": "195.18200", "2005-06-30": "180.48100", "2005-03-31": "169.24900"}, "Operating Income": {"2020-09-30": "193.96100", "2020-06-30": "205.12000", "2020-03-31": "88.68900", "2019-12-31": "147.57100", "2019-09-30": "171.30600", "2019-06-30": "166.35300", "2019-03-31": "153.53600", "2018-12-31": "124.88590", "2018-09-30": "141.93900", "2018-06-30": "133.01700", "2018-03-31": "140.24700", "2017-12-31": "149.55090", "2017-09-30": "104.21100", "2017-06-30": "218.73200", "2017-03-31": "105.89200", "2016-12-31": "100.18490", "2016-09-30": "82.71410", "2016-06-30": "110.95900", "2016-03-31": "81.52600", "2015-12-31": "69.84690", "2015-09-30": "92.52100", "2015-06-30": "74.26300", "2015-03-31": "109.95700", "2014-12-31": "93.09200", "2014-09-30": "42.97900", "2014-06-30": "44.01600", "2014-03-31": "36.57100", "2013-12-31": "46.34900", "2013-09-30": "66.64100", "2013-06-30": "69.19800", "2013-03-31": "86.64600", "2012-12-31": "36.30400", "2012-09-30": "59.49800", "2012-06-30": "48.26400", "2012-03-31": "53.84900", "2011-12-31": "46.82000", "2011-09-30": "131.62600", "2011-06-30": "32.56500", "2011-03-31": "99.12000", "2010-12-31": "43.39010", "2010-09-30": "43.18500", "2010-06-30": "43.88200", "2010-03-31": "173.10500", "2009-12-31": "28.88300", "2009-09-30": "133.36600", "2009-06-30": "8.56900", "2009-03-31": "12.28100", "2008-12-31": "18.39510", "2008-09-30": "29.10100", "2008-06-30": "41.62200", "2008-03-31": "50.48600", "2007-12-31": "42.70200", "2007-09-30": "33.98100", "2007-06-30": "48.39700", "2007-03-31": "45.09300", "2006-12-31": "48.66200", "2006-09-30": "51.80400", "2006-06-30": "50.36200", "2006-03-31": "45.11800", "2005-12-31": "43.70190", "2005-09-30": "46.45800", "2005-06-30": "48.29100", "2005-03-31": "40.21900"}, "Total Non-Operating Income/Expense": {"2020-09-30": "-15.43400", "2020-06-30": "-14.55500", "2020-03-31": "-14.60400", "2019-12-31": "-16.04300", "2019-09-30": "-11.14200", "2019-06-30": "-10.72500", "2019-03-31": "-8.80800", "2018-12-31": "-8.96000", "2018-09-30": "-8.42300", "2018-06-30": "-10.30200", "2018-03-31": "-8.79400", "2017-12-31": "-26.44000", "2017-09-30": "-0.56200", "2017-06-30": "-6.85300", "2017-03-31": "-0.83300", "2016-12-31": "-19.13000", "2016-09-30": "-3.76400", "2016-06-30": "-1.38500", "2016-03-31": "-0.03800", "2015-12-31": "-2.92500", "2015-09-30": "-3.67900", "2015-06-30": "-4.57300", "2015-03-31": "-2.99700", "2014-12-31": "-5.65600", "2014-09-30": "-1.50500", "2014-06-30": "-3.45000", "2014-03-31": "-2.45300", "2013-12-31": "", "2013-09-30": "", "2013-06-30": "", "2013-03-31": "", "2012-12-31": "", "2012-09-30": "", "2012-06-30": "", "2012-03-31": "", "2011-12-31": "", "2011-09-30": "", "2011-06-30": "", "2011-03-31": "", "2010-12-31": "", "2010-09-30": "", "2010-06-30": "", "2010-03-31": "", "2009-12-31": "", "2009-09-30": "", "2009-06-30": "", "2009-03-31": "", "2008-12-31": "", "2008-09-30": "", "2008-06-30": "", "2008-03-31": "", "2007-12-31": "", "2007-09-30": "", "2007-06-30": "", "2007-03-31": "", "2006-12-31": "", "2006-09-30": "", "2006-06-30": "", "2006-03-31": "", "2005-12-31": "", "2005-09-30": "", "2005-06-30": "", "2005-03-31": ""}, "Pre-Tax Income": {"2020-09-30": "178.52700", "2020-06-30": "190.56500", "2020-03-31": "74.08500", "2019-12-31": "131.52800", "2019-09-30": "160.16400", "2019-06-30": "155.62800", "2019-03-31": "144.72800", "2018-12-31": "115.92600", "2018-09-30": "133.51600", "2018-06-30": "122.71500", "2018-03-31": "131.45300", "2017-12-31": "123.11100", "2017-09-30": "103.64900", "2017-06-30": "211.87900", "2017-03-31": "105.05900", "2016-12-31": "81.05500", "2016-09-30": "78.95000", "2016-06-30": "109.57400", "2016-03-31": "81.48800", "2015-12-31": "66.92200", "2015-09-30": "88.84200", "2015-06-30": "69.69000", "2015-03-31": "106.96000", "2014-12-31": "87.43600", "2014-09-30": "41.47400", "2014-06-30": "40.56600", "2014-03-31": "34.11800", "2013-12-31": "45.95800", "2013-09-30": "66.64100", "2013-06-30": "69.19800", "2013-03-31": "86.64600", "2012-12-31": "35.51300", "2012-09-30": "59.49800", "2012-06-30": "48.26400", "2012-03-31": "53.84900", "2011-12-31": "46.82000", "2011-09-30": "131.62600", "2011-06-30": "32.56500", "2011-03-31": "99.12000", "2010-12-31": "43.39000", "2010-09-30": "43.18500", "2010-06-30": "43.88200", "2010-03-31": "173.10500", "2009-12-31": "28.88300", "2009-09-30": "133.36600", "2009-06-30": "8.56900", "2009-03-31": "12.28100", "2008-12-31": "18.39500", "2008-09-30": "29.10100", "2008-06-30": "41.62200", "2008-03-31": "50.48600", "2007-12-31": "40.08300", "2007-09-30": "33.98100", "2007-06-30": "48.39700", "2007-03-31": "45.09300", "2006-12-31": "48.66200", "2006-09-30": "51.80400", "2006-06-30": "50.36200", "2006-03-31": "45.11800", "2005-12-31": "43.70200", "2005-09-30": "46.45800", "2005-06-30": "48.29100", "2005-03-31": "40.21900"}, "Income Taxes": {"2020-09-30": "35.84300", "2020-06-30": "36.77900", "2020-03-31": "16.91600", "2019-12-31": "29.65400", "2019-09-30": "35.38500", "2019-06-30": "36.26900", "2019-03-31": "33.36900", "2018-12-31": "26.45300", "2018-09-30": "16.19800", "2018-06-30": "29.42400", "2018-03-31": "31.22200", "2017-12-31": "68.70400", "2017-09-30": "36.58500", "2017-06-30": "77.21900", "2017-03-31": "37.43800", "2016-12-31": "28.36500", "2016-09-30": "27.54600", "2016-06-30": "40.25800", "2016-03-31": "29.41600", "2015-12-31": "24.17400", "2015-09-30": "32.88400", "2015-06-30": "25.16800", "2015-03-31": "39.80200", "2014-12-31": "24.54000", "2014-09-30": "14.97300", "2014-06-30": "13.88000", "2014-03-31": "11.63900", "2013-12-31": "19.56200", "2013-09-30": "25.65900", "2013-06-30": "25.29200", "2013-03-31": "31.06100", "2012-12-31": "15.72000", "2012-09-30": "19.97400", "2012-06-30": "10.68100", "2012-03-31": "18.35400", "2011-12-31": "16.27300", "2011-09-30": "50.20500", "2011-06-30": "11.26500", "2011-03-31": "37.36000", "2010-12-31": "13.30500", "2010-09-30": "15.43900", "2010-06-30": "15.28000", "2010-03-31": "66.49400", "2009-12-31": "9.88300", "2009-09-30": "50.89800", "2009-06-30": "2.36900", "2009-03-31": "3.61800", "2008-12-31": "5.50200", "2008-09-30": "9.54700", "2008-06-30": "15.39600", "2008-03-31": "18.10100", "2007-12-31": "13.92000", "2007-09-30": "11.36200", "2007-06-30": "17.54600", "2007-03-31": "16.10900", "2006-12-31": "15.46700", "2006-09-30": "18.87700", "2006-06-30": "18.65000", "2006-03-31": "16.46100", "2005-12-31": "15.86600", "2005-09-30": "16.50500", "2005-06-30": "18.21500", "2005-03-31": "15.22200"}, "Income After Taxes": {"2020-09-30": "142.68400", "2020-06-30": "153.78600", "2020-03-31": "57.16900", "2019-12-31": "101.87400", "2019-09-30": "124.77900", "2019-06-30": "119.35900", "2019-03-31": "111.35900", "2018-12-31": "89.47300", "2018-09-30": "117.31800", "2018-06-30": "93.29100", "2018-03-31": "100.23100", "2017-12-31": "54.40700", "2017-09-30": "67.06400", "2017-06-30": "134.66000", "2017-03-31": "67.62100", "2016-12-31": "52.69000", "2016-09-30": "51.40400", "2016-06-30": "69.31600", "2016-03-31": "52.07200", "2015-12-31": "42.74800", "2015-09-30": "55.95800", "2015-06-30": "44.52200", "2015-03-31": "67.15800", "2014-12-31": "62.89600", "2014-09-30": "26.50100", "2014-06-30": "26.68600", "2014-03-31": "22.47900", "2013-12-31": "26.39600", "2013-09-30": "40.98200", "2013-06-30": "43.90600", "2013-03-31": "55.58500", "2012-12-31": "19.79300", "2012-09-30": "39.52400", "2012-06-30": "37.58300", "2012-03-31": "35.49500", "2011-12-31": "30.54700", "2011-09-30": "81.42100", "2011-06-30": "21.30000", "2011-03-31": "61.76000", "2010-12-31": "30.08500", "2010-09-30": "27.74600", "2010-06-30": "28.60200", "2010-03-31": "106.61100", "2009-12-31": "19.00000", "2009-09-30": "82.46800", "2009-06-30": "6.20000", "2009-03-31": "8.66300", "2008-12-31": "12.89300", "2008-09-30": "19.55400", "2008-06-30": "26.22600", "2008-03-31": "32.38500", "2007-12-31": "26.16300", "2007-09-30": "22.61900", "2007-06-30": "30.85100", "2007-03-31": "28.98400", "2006-12-31": "33.19500", "2006-09-30": "32.92700", "2006-06-30": "31.71200", "2006-03-31": "28.65700", "2005-12-31": "27.83600", "2005-09-30": "29.95300", "2005-06-30": "30.07600", "2005-03-31": "24.99700"}, "Other Income": {"2020-09-30": "", "2020-06-30": "", "2020-03-31": "", "2019-12-31": "", "2019-09-30": "", "2019-06-30": "", "2019-03-31": "", "2018-12-31": "", "2018-09-30": "", "2018-06-30": "", "2018-03-31": "", "2017-12-31": "", "2017-09-30": "", "2017-06-30": "", "2017-03-31": "", "2016-12-31": "", "2016-09-30": "", "2016-06-30": "", "2016-03-31": "", "2015-12-31": "", "2015-09-30": "", "2015-06-30": "", "2015-03-31": "", "2014-12-31": "", "2014-09-30": "", "2014-06-30": "", "2014-03-31": "", "2013-12-31": "", "2013-09-30": "", "2013-06-30": "", "2013-03-31": "", "2012-12-31": "", "2012-09-30": "", "2012-06-30": "", "2012-03-31": "", "2011-12-31": "", "2011-09-30": "", "2011-06-30": "", "2011-03-31": "", "2010-12-31": "", "2010-09-30": "", "2010-06-30": "", "2010-03-31": "", "2009-12-31": "", "2009-09-30": "", "2009-06-30": "", "2009-03-31": "", "2008-12-31": "", "2008-09-30": "", "2008-06-30": "", "2008-03-31": "", "2007-12-31": "", "2007-09-30": "", "2007-06-30": "", "2007-03-31": "", "2006-12-31": "", "2006-09-30": "", "2006-06-30": "", "2006-03-31": "", "2005-12-31": "", "2005-09-30": "", "2005-06-30": "", "2005-03-31": ""}, "Income From Continuous Operations": {"2020-09-30": "142.68400", "2020-06-30": "153.78600", "2020-03-31": "57.16900", "2019-12-31": "101.87400", "2019-09-30": "124.77900", "2019-06-30": "119.35900", "2019-03-31": "111.35900", "2018-12-31": "89.47300", "2018-09-30": "117.31800", "2018-06-30": "93.29100", "2018-03-31": "100.23100", "2017-12-31": "54.40700", "2017-09-30": "67.06400", "2017-06-30": "134.66000", "2017-03-31": "67.62100", "2016-12-31": "52.69000", "2016-09-30": "51.40400", "2016-06-30": "69.31600", "2016-03-31": "52.07200", "2015-12-31": "42.74800", "2015-09-30": "55.95800", "2015-06-30": "44.52200", "2015-03-31": "67.15800", "2014-12-31": "62.89600", "2014-09-30": "26.50100", "2014-06-30": "26.68600", "2014-03-31": "22.47900", "2013-12-31": "26.39600", "2013-09-30": "40.98200", "2013-06-30": "43.90600", "2013-03-31": "55.58500", "2012-12-31": "19.79300", "2012-09-30": "39.52400", "2012-06-30": "37.58300", "2012-03-31": "35.49500", "2011-12-31": "30.54700", "2011-09-30": "81.42100", "2011-06-30": "21.30000", "2011-03-31": "61.76000", "2010-12-31": "30.08500", "2010-09-30": "27.74600", "2010-06-30": "28.60200", "2010-03-31": "106.61100", "2009-12-31": "19.00000", "2009-09-30": "82.46800", "2009-06-30": "6.20000", "2009-03-31": "8.66300", "2008-12-31": "12.89300", "2008-09-30": "19.55400", "2008-06-30": "26.22600", "2008-03-31": "32.38500", "2007-12-31": "26.16300", "2007-09-30": "22.61900", "2007-06-30": "30.85100", "2007-03-31": "28.98400", "2006-12-31": "33.19500", "2006-09-30": "32.92700", "2006-06-30": "31.71200", "2006-03-31": "28.65700", "2005-12-31": "27.83600", "2005-09-30": "29.95300", "2005-06-30": "30.07600", "2005-03-31": "24.99700"}, "Income From Discontinued Operations": {"2020-09-30": "", "2020-06-30": "", "2020-03-31": "", "2019-12-31": "", "2019-09-30": "", "2019-06-30": "", "2019-03-31": "", "2018-12-31": "", "2018-09-30": "", "2018-06-30": "", "2018-03-31": "", "2017-12-31": "", "2017-09-30": "", "2017-06-30": "", "2017-03-31": "", "2016-12-31": "", "2016-09-30": "", "2016-06-30": "", "2016-03-31": "", "2015-12-31": "", "2015-09-30": "", "2015-06-30": "", "2015-03-31": "", "2014-12-31": "", "2014-09-30": "", "2014-06-30": "", "2014-03-31": "", "2013-12-31": "", "2013-09-30": "", "2013-06-30": "", "2013-03-31": "", "2012-12-31": "", "2012-09-30": "", "2012-06-30": "", "2012-03-31": "", "2011-12-31": "", "2011-09-30": "", "2011-06-30": "", "2011-03-31": "", "2010-12-31": "", "2010-09-30": "", "2010-06-30": "", "2010-03-31": "", "2009-12-31": "", "2009-09-30": "", "2009-06-30": "", "2009-03-31": "", "2008-12-31": "", "2008-09-30": "", "2008-06-30": "", "2008-03-31": "", "2007-12-31": "", "2007-09-30": "", "2007-06-30": "", "2007-03-31": "", "2006-12-31": "", "2006-09-30": "", "2006-06-30": "", "2006-03-31": "", "2005-12-31": "", "2005-09-30": "", "2005-06-30": "", "2005-03-31": ""}, "Net Income": {"2020-09-30": "138.04800", "2020-06-30": "148.99600", "2020-03-31": "57.16900", "2019-12-31": "101.87400", "2019-09-30": "124.77900", "2019-06-30": "119.35900", "2019-03-31": "111.35900", "2018-12-31": "89.47300", "2018-09-30": "117.31800", "2018-06-30": "93.29100", "2018-03-31": "100.23100", "2017-12-31": "54.40700", "2017-09-30": "67.06400", "2017-06-30": "134.66000", "2017-03-31": "67.62100", "2016-12-31": "52.69000", "2016-09-30": "51.40400", "2016-06-30": "69.31600", "2016-03-31": "52.07200", "2015-12-31": "42.74800", "2015-09-30": "55.95800", "2015-06-30": "44.52200", "2015-03-31": "67.15800", "2014-12-31": "62.89600", "2014-09-30": "26.50100", "2014-06-30": "26.68600", "2014-03-31": "22.47900", "2013-12-31": "26.39600", "2013-09-30": "40.98200", "2013-06-30": "43.90600", "2013-03-31": "55.58500", "2012-12-31": "19.79300", "2012-09-30": "39.52400", "2012-06-30": "37.58300", "2012-03-31": "35.49500", "2011-12-31": "30.54700", "2011-09-30": "81.42100", "2011-06-30": "21.30000", "2011-03-31": "61.76000", "2010-12-31": "30.08500", "2010-09-30": "27.74600", "2010-06-30": "28.60200", "2010-03-31": "106.61100", "2009-12-31": "19.00000", "2009-09-30": "82.46800", "2009-06-30": "6.20000", "2009-03-31": "8.66300", "2008-12-31": "12.89300", "2008-09-30": "19.55400", "2008-06-30": "26.22600", "2008-03-31": "32.38500", "2007-12-31": "26.16300", "2007-09-30": "22.61900", "2007-06-30": "30.85100", "2007-03-31": "28.98400", "2006-12-31": "33.19500", "2006-09-30": "32.92700", "2006-06-30": "31.71200", "2006-03-31": "28.65700", "2005-12-31": "27.83600", "2005-09-30": "29.95300", "2005-06-30": "30.07600", "2005-03-31": "24.99700"}, "EBITDA": {"2020-09-30": "", "2020-06-30": "", "2020-03-31": "", "2019-12-31": "", "2019-09-30": "", "2019-06-30": "", "2019-03-31": "", "2018-12-31": "", "2018-09-30": "", "2018-06-30": "", "2018-03-31": "", "2017-12-31": "", "2017-09-30": "", "2017-06-30": "", "2017-03-31": "", "2016-12-31": "", "2016-09-30": "", "2016-06-30": "", "2016-03-31": "", "2015-12-31": "", "2015-09-30": "", "2015-06-30": "", "2015-03-31": "", "2014-12-31": "", "2014-09-30": "", "2014-06-30": "", "2014-03-31": "", "2013-12-31": "", "2013-09-30": "", "2013-06-30": "", "2013-03-31": "", "2012-12-31": "", "2012-09-30": "", "2012-06-30": "", "2012-03-31": "", "2011-12-31": "", "2011-09-30": "", "2011-06-30": "", "2011-03-31": "", "2010-12-31": "", "2010-09-30": "", "2010-06-30": "", "2010-03-31": "", "2009-12-31": "", "2009-09-30": "", "2009-06-30": "", "2009-03-31": "", "2008-12-31": "", "2008-09-30": "", "2008-06-30": "", "2008-03-31": "", "2007-12-31": "", "2007-09-30": "", "2007-06-30": "", "2007-03-31": "", "2006-12-31": "", "2006-09-30": "", "2006-06-30": "", "2006-03-31": "", "2005-12-31": "", "2005-09-30": "", "2005-06-30": "", "2005-03-31": ""}, "EBIT": {"2020-09-30": "", "2020-06-30": "", "2020-03-31": "", "2019-12-31": "", "2019-09-30": "", "2019-06-30": "", "2019-03-31": "", "2018-12-31": "", "2018-09-30": "", "2018-06-30": "", "2018-03-31": "", "2017-12-31": "", "2017-09-30": "", "2017-06-30": "", "2017-03-31": "", "2016-12-31": "", "2016-09-30": "", "2016-06-30": "", "2016-03-31": "", "2015-12-31": "", "2015-09-30": "", "2015-06-30": "", "2015-03-31": "", "2014-12-31": "", "2014-09-30": "", "2014-06-30": "", "2014-03-31": "", "2013-12-31": "", "2013-09-30": "", "2013-06-30": "", "2013-03-31": "", "2012-12-31": "", "2012-09-30": "", "2012-06-30": "", "2012-03-31": "", "2011-12-31": "", "2011-09-30": "", "2011-06-30": "", "2011-03-31": "", "2010-12-31": "", "2010-09-30": "", "2010-06-30": "", "2010-03-31": "", "2009-12-31": "", "2009-09-30": "", "2009-06-30": "", "2009-03-31": "", "2008-12-31": "", "2008-09-30": "", "2008-06-30": "", "2008-03-31": "", "2007-12-31": "", "2007-09-30": "", "2007-06-30": "", "2007-03-31": "", "2006-12-31": "", "2006-09-30": "", "2006-06-30": "", "2006-03-31": "", "2005-12-31": "", "2005-09-30": "", "2005-06-30": "", "2005-03-31": ""}, "Basic Shares Outstanding": {"2020-09-30": "9.83700", "2020-06-30": "10.10600", "2020-03-31": "10.47300", "2019-12-31": "11.14100", "2019-09-30": "11.06000", "2019-06-30": "11.28700", "2019-03-31": "11.51900", "2018-12-31": "11.93800", "2018-09-30": "11.97100", "2018-06-30": "12.01000", "2018-03-31": "12.01000", "2017-12-31": "12.01000", "2017-09-30": "12.01000", "2017-06-30": "12.01000", "2017-03-31": "12.01000", "2016-12-31": "12.01000", "2016-09-30": "12.01000", "2016-06-30": "12.01000", "2016-03-31": "12.01000", "2015-12-31": "12.01000", "2015-09-30": "12.01000", "2015-06-30": "12.01000", "2015-03-31": "12.01000", "2014-12-31": "10.22200", "2014-09-30": "9.61900", "2014-06-30": "9.61900", "2014-03-31": "9.61900", "2013-12-31": "9.61900", "2013-09-30": "9.61900", "2013-06-30": "9.61900", "2013-03-31": "9.61900", "2012-12-31": "10.24400", "2012-09-30": "10.26400", "2012-06-30": "10.27100", "2012-03-31": "10.28400", "2011-12-31": "10.37600", "2011-09-30": "10.36400", "2011-06-30": "10.42290", "2011-03-31": "10.43450", "2010-12-31": "10.43400", "2010-09-30": "10.43400", "2010-06-30": "10.43400", "2010-03-31": "10.43400", "2009-12-31": "10.43400", "2009-09-30": "10.43400", "2009-06-30": "10.43400", "2009-03-31": "10.43400", "2008-12-31": "10.43400", "2008-09-30": "10.43400", "2008-06-30": "10.43400", "2008-03-31": "10.43400", "2007-12-31": "10.43400", "2007-09-30": "10.43400", "2007-06-30": "10.43400", "2007-03-31": "10.43400", "2006-12-31": "10.43400", "2006-09-30": "10.43400", "2006-06-30": "10.43400", "2006-03-31": "10.43400", "2005-12-31": "10.43400", "2005-09-30": "10.43400", "2005-06-30": "10.43400", "2005-03-31": "10.43400"}, "Shares Outstanding": {"2020-09-30": "9.83700", "2020-06-30": "10.10600", "2020-03-31": "10.47300", "2019-12-31": "11.14100", "2019-09-30": "11.06000", "2019-06-30": "11.28700", "2019-03-31": "11.51900", "2018-12-31": "11.93800", "2018-09-30": "11.97100", "2018-06-30": "12.01000", "2018-03-31": "12.01000", "2017-12-31": "12.01000", "2017-09-30": "12.01000", "2017-06-30": "12.01000", "2017-03-31": "12.01000", "2016-12-31": "12.01000", "2016-09-30": "12.01000", "2016-06-30": "12.01000", "2016-03-31": "12.01000", "2015-12-31": "12.01000", "2015-09-30": "12.01000", "2015-06-30": "12.01000", "2015-03-31": "12.01000", "2014-12-31": "10.22200", "2014-09-30": "9.61900", "2014-06-30": "9.61900", "2014-03-31": "9.61900", "2013-12-31": "9.61900", "2013-09-30": "9.61900", "2013-06-30": "9.61900", "2013-03-31": "9.61900", "2012-12-31": "10.24400", "2012-09-30": "10.26400", "2012-06-30": "10.27100", "2012-03-31": "10.28400", "2011-12-31": "10.37600", "2011-09-30": "10.36400", "2011-06-30": "10.42290", "2011-03-31": "10.43450", "2010-12-31": "10.43400", "2010-09-30": "10.43400", "2010-06-30": "10.43400", "2010-03-31": "10.43400", "2009-12-31": "10.43400", "2009-09-30": "10.43400", "2009-06-30": "10.43400", "2009-03-31": "10.43400", "2008-12-31": "10.43400", "2008-09-30": "10.43400", "2008-06-30": "10.43400", "2008-03-31": "10.43400", "2007-12-31": "10.43400", "2007-09-30": "10.43400", "2007-06-30": "10.43400", "2007-03-31": "10.43400", "2006-12-31": "10.43400", "2006-09-30": "10.43400", "2006-06-30": "10.43400", "2006-03-31": "10.43400", "2005-12-31": "10.43400", "2005-09-30": "10.43400", "2005-06-30": "10.43400", "2005-03-31": "10.43400"}, "Basic EPS": {"2020-09-30": "14.03000", "2020-06-30": "14.74000", "2020-03-31": "5.46000", "2019-12-31": "9.55000", "2019-09-30": "11.27000", "2019-06-30": "10.56000", "2019-03-31": "9.67000", "2018-12-31": "7.61000", "2018-09-30": "9.80000", "2018-06-30": "7.77000", "2018-03-31": "8.35000", "2017-12-31": "7.54000", "2017-09-30": "5.58000", "2017-06-30": "11.21000", "2017-03-31": "5.63000", "2016-12-31": "4.38000", "2016-09-30": "4.28000", "2016-06-30": "5.77000", "2016-03-31": "4.34000", "2015-12-31": "3.56000", "2015-09-30": "4.66000", "2015-06-30": "3.71000", "2015-03-31": "5.59000", "2014-12-31": "5.69000", "2014-09-30": "2.76000", "2014-06-30": "2.77000", "2014-03-31": "2.34000", "2013-12-31": "2.75000", "2013-09-30": "4.26000", "2013-06-30": "4.56000", "2013-03-31": "5.78000", "2012-12-31": "1.96000", "2012-09-30": "3.85000", "2012-06-30": "3.66000", "2012-03-31": "3.45000", "2011-12-31": "2.98000", "2011-09-30": "7.86000", "2011-06-30": "2.04000", "2011-03-31": "5.92000", "2010-12-31": "2.88000", "2010-09-30": "2.66000", "2010-06-30": "2.74000", "2010-03-31": "10.22000", "2009-12-31": "1.83000", "2009-09-30": "7.90000", "2009-06-30": "0.59000", "2009-03-31": "0.83000", "2008-12-31": "1.25000", "2008-09-30": "1.87000", "2008-06-30": "2.51000", "2008-03-31": "3.10000", "2007-12-31": "2.50000", "2007-09-30": "2.17000", "2007-06-30": "2.96000", "2007-03-31": "2.78000", "2006-12-31": "3.17000", "2006-09-30": "3.16000", "2006-06-30": "3.04000", "2006-03-31": "2.75000", "2005-12-31": "2.67000", "2005-09-30": "2.87000", "2005-06-30": "2.88000", "2005-03-31": "2.40000"}, "EPS - Earnings Per Share": {"2020-09-30": "14.03000", "2020-06-30": "14.74000", "2020-03-31": "5.46000", "2019-12-31": "9.55000", "2019-09-30": "11.27000", "2019-06-30": "10.56000", "2019-03-31": "9.67000", "2018-12-31": "7.61000", "2018-09-30": "9.80000", "2018-06-30": "7.77000", "2018-03-31": "8.35000", "2017-12-31": "7.54000", "2017-09-30": "5.58000", "2017-06-30": "11.21000", "2017-03-31": "5.63000", "2016-12-31": "4.38000", "2016-09-30": "4.28000", "2016-06-30": "5.77000", "2016-03-31": "4.34000", "2015-12-31": "3.56000", "2015-09-30": "4.66000", "2015-06-30": "3.71000", "2015-03-31": "5.59000", "2014-12-31": "5.69000", "2014-09-30": "2.76000", "2014-06-30": "2.77000", "2014-03-31": "2.34000", "2013-12-31": "2.75000", "2013-09-30": "4.26000", "2013-06-30": "4.56000", "2013-03-31": "5.78000", "2012-12-31": "1.96000", "2012-09-30": "3.85000", "2012-06-30": "3.66000", "2012-03-31": "3.45000", "2011-12-31": "2.98000", "2011-09-30": "7.86000", "2011-06-30": "2.04000", "2011-03-31": "5.92000", "2010-12-31": "2.88000", "2010-09-30": "2.66000", "2010-06-30": "2.74000", "2010-03-31": "10.22000", "2009-12-31": "1.83000", "2009-09-30": "7.90000", "2009-06-30": "0.59000", "2009-03-31": "0.83000", "2008-12-31": "1.25000", "2008-09-30": "1.87000", "2008-06-30": "2.51000", "2008-03-31": "3.10000", "2007-12-31": "2.50000", "2007-09-30": "2.17000", "2007-06-30": "2.96000", "2007-03-31": "2.78000", "2006-12-31": "3.17000", "2006-09-30": "3.16000", "2006-06-30": "3.04000", "2006-03-31": "2.75000", "2005-12-31": "2.67000", "2005-09-30": "2.87000", "2005-06-30": "2.88000", "2005-03-31": "2.40000"}}, "balance sheet": {"Cash On Hand": {"2019-12-31": "1484.56300", "2018-12-31": "1124.84600", "2017-12-31": "1724.07700", "2016-12-31": "2412.33500", "2015-12-31": "2597.21800", "2014-12-31": "2329.10100", "2013-12-31": "1392.92300", "2012-12-31": "1082.91000", "2011-12-31": "1025.77600", "2010-12-31": "858.56800", "2009-12-31": "1203.50200", "2008-12-31": "767.99100", "2007-12-31": "1059.99700", "2006-12-31": "1359.58100", "2005-12-31": "1258.94000"}, "Receivables": {"2019-12-31": "", "2018-12-31": "", "2017-12-31": "", "2016-12-31": "", "2015-12-31": "", "2014-12-31": "", "2013-12-31": "", "2012-12-31": "", "2011-12-31": "", "2010-12-31": "", "2009-12-31": "", "2008-12-31": "", "2007-12-31": "", "2006-12-31": "", "2005-12-31": ""}, "Inventory": {"2019-12-31": "", "2018-12-31": "", "2017-12-31": "", "2016-12-31": "", "2015-12-31": "", "2014-12-31": "", "2013-12-31": "", "2012-12-31": "", "2011-12-31": "", "2010-12-31": "", "2009-12-31": "", "2008-12-31": "", "2007-12-31": "", "2006-12-31": "", "2005-12-31": ""}, "Pre-Paid Expenses": {"2019-12-31": "", "2018-12-31": "", "2017-12-31": "", "2016-12-31": "", "2015-12-31": "", "2014-12-31": "", "2013-12-31": "", "2012-12-31": "", "2011-12-31": "", "2010-12-31": "", "2009-12-31": "", "2008-12-31": "", "2007-12-31": "", "2006-12-31": "", "2005-12-31": ""}, "Other Current Assets": {"2019-12-31": "", "2018-12-31": "", "2017-12-31": "", "2016-12-31": "", "2015-12-31": "", "2014-12-31": "", "2013-12-31": "", "2012-12-31": "", "2011-12-31": "", "2010-12-31": "", "2009-12-31": "", "2008-12-31": "", "2007-12-31": "", "2006-12-31": "", "2005-12-31": ""}, "Total Current Assets": {"2019-12-31": "30208.79000", "2018-12-31": "26469.92000", "2017-12-31": "25150.19000", "2016-12-31": "24005.82000", "2015-12-31": "22690.76000", "2014-12-31": "20957.79000", "2013-12-31": "14340.52000", "2012-12-31": "14235.58000", "2011-12-31": "14791.96000", "2010-12-31": "14207.76000", "2009-12-31": "13977.30000", "2008-12-31": "12329.71000", "2007-12-31": "11966.27000", "2006-12-31": "11572.18000", "2005-12-31": "10827.97000"}, "Property, Plant, And Equipment": {"2019-12-31": "1244.39600", "2018-12-31": "1204.17900", "2017-12-31": "1138.43100", "2016-12-31": "1133.04400", "2015-12-31": "1135.82900", "2014-12-31": "1125.08100", "2013-12-31": "876.52200", "2012-12-31": "882.76800", "2011-12-31": "854.47600", "2010-12-31": "842.74500", "2009-12-31": "837.08200", "2008-12-31": "798.90900", "2007-12-31": "757.69400", "2006-12-31": "702.92600", "2005-12-31": "639.46900"}, "Long-Term Investments": {"2019-12-31": "7173.00300", "2018-12-31": "6834.36200", "2017-12-31": "7180.25600", "2016-12-31": "7006.67800", "2015-12-31": "6861.54800", "2014-12-31": "7172.43500", "2013-12-31": "5388.61000", "2012-12-31": "5227.57000", "2011-12-31": "4058.24500", "2010-12-31": "4512.60800", "2009-12-31": "2932.76500", "2008-12-31": "3225.19400", "2007-12-31": "3236.83500", "2006-12-31": "3221.04800", "2005-12-31": "2929.51600"}, "Goodwill And Intangible Assets": {"2019-12-31": "417.67400", "2018-12-31": "308.64500", "2017-12-31": "223.69700", "2016-12-31": "228.64100", "2015-12-31": "230.75900", "2014-12-31": "246.38300", "2013-12-31": "103.88800", "2012-12-31": "106.18100", "2011-12-31": "109.65700", "2010-12-31": "112.52200", "2009-12-31": "108.98600", "2008-12-31": "106.43500", "2007-12-31": "108.48300", "2006-12-31": "110.62500", "2005-12-31": "113.05300"}, "Other Long-Term Assets": {"2019-12-31": "780.63600", "2018-12-31": "591.52800", "2017-12-31": "834.94000", "2016-12-31": "616.65400", "2015-12-31": "557.04000", "2014-12-31": "573.41800", "2013-12-31": "484.33400", "2012-12-31": "831.55800", "2011-12-31": "1182.96000", "2010-12-31": "1131.01900", "2009-12-31": "609.92600", "2008-12-31": "285.41700", "2007-12-31": "142.82500", "2006-12-31": "122.91600", "2005-12-31": "129.38800"}, "Total Long-Term Assets": {"2019-12-31": "9615.70800", "2018-12-31": "8938.71400", "2017-12-31": "9377.32500", "2016-12-31": "8985.01800", "2015-12-31": "8785.17600", "2014-12-31": "9117.31600", "2013-12-31": "6853.35400", "2012-12-31": "7048.07700", "2011-12-31": "6205.33800", "2010-12-31": "6598.89500", "2009-12-31": "4488.75900", "2008-12-31": "4415.95500", "2007-12-31": "4245.83700", "2006-12-31": "4157.51500", "2005-12-31": "3811.42600"}, "Total Assets": {"2019-12-31": "39824.50000", "2018-12-31": "35408.63000", "2017-12-31": "34527.51000", "2016-12-31": "32990.84000", "2015-12-31": "31475.93000", "2014-12-31": "30075.11000", "2013-12-31": "21193.88000", "2012-12-31": "21283.65000", "2011-12-31": "20997.30000", "2010-12-31": "20806.66000", "2009-12-31": "18466.06000", "2008-12-31": "16745.66000", "2007-12-31": "16212.11000", "2006-12-31": "15729.70000", "2005-12-31": "14639.39000"}, "Total Current Liabilities": {"2019-12-31": "35185.92000", "2018-12-31": "31371.06000", "2017-12-31": "29960.08000", "2016-12-31": "28764.83000", "2015-12-31": "27525.49000", "2014-12-31": "26665.76000", "2013-12-31": "18385.48000", "2012-12-31": "18654.53000", "2011-12-31": "18192.50000", "2010-12-31": "18181.86000", "2009-12-31": "15979.97000", "2008-12-31": "14360.79000", "2007-12-31": "14233.83000", "2006-12-31": "13894.17000", "2005-12-31": "12952.89000"}, "Long Term Debt": {"2019-12-31": "572.18500", "2018-12-31": "193.55600", "2017-12-31": "870.24000", "2016-12-31": "832.94200", "2015-12-31": "704.15500", "2014-12-31": "351.32000", "2013-12-31": "510.76900", "2012-12-31": "444.92100", "2011-12-31": "687.59900", "2010-12-31": "809.94900", "2009-12-31": "797.36600", "2008-12-31": "733.13200", "2007-12-31": "404.39200", "2006-12-31": "401.19800", "2005-12-31": "408.98700"}, "Other Non-Current Liabilities": {"2019-12-31": "480.20500", "2018-12-31": "355.06100", "2017-12-31": "363.12600", "2016-12-31": "380.63700", "2015-12-31": "374.18200", "2014-12-31": "370.43800", "2013-12-31": "226.16300", "2012-12-31": "320.19400", "2011-12-31": "256.07500", "2010-12-31": "81.88500", "2009-12-31": "129.61000", "2008-12-31": "208.36400", "2007-12-31": "132.67600", "2006-12-31": "123.50900", "2005-12-31": "96.46000"}, "Total Long Term Liabilities": {"2019-12-31": "1052.39000", "2018-12-31": "548.61700", "2017-12-31": "1233.36600", "2016-12-31": "1213.57900", "2015-12-31": "1078.33700", "2014-12-31": "721.75800", "2013-12-31": "736.93200", "2012-12-31": "765.11500", "2011-12-31": "943.67400", "2010-12-31": "891.83400", "2009-12-31": "926.97600", "2008-12-31": "941.49600", "2007-12-31": "537.06800", "2006-12-31": "524.70700", "2005-12-31": "505.44700"}, "Total Liabilities": {"2019-12-31": "36238.31000", "2018-12-31": "31919.68000", "2017-12-31": "31193.45000", "2016-12-31": "29978.41000", "2015-12-31": "28603.82000", "2014-12-31": "27387.52000", "2013-12-31": "19122.42000", "2012-12-31": "19419.64000", "2011-12-31": "19136.17000", "2010-12-31": "19073.70000", "2009-12-31": "16906.95000", "2008-12-31": "15302.29000", "2007-12-31": "14770.90000", "2006-12-31": "14418.88000", "2005-12-31": "13458.33000"}, "Common Stock Net": {"2019-12-31": "10.62900", "2018-12-31": "11.62800", "2017-12-31": "12.01000", "2016-12-31": "12.01000", "2015-12-31": "12.01000", "2014-12-31": "12.01000", "2013-12-31": "9.61900", "2012-12-31": "9.62100", "2011-12-31": "10.28400", "2010-12-31": "10.43500", "2009-12-31": "10.43500", "2008-12-31": "10.43500", "2007-12-31": "10.43500", "2006-12-31": "10.43500", "2005-12-31": "10.43500"}, "Retained Earnings (Accumulated Deficit)": {"2019-12-31": "3658.19700", "2018-12-31": "3218.55100", "2017-12-31": "2785.43000", "2016-12-31": "2476.69100", "2015-12-31": "2265.62100", "2014-12-31": "2069.64700", "2013-12-31": "1943.34500", "2012-12-31": "1792.72600", "2011-12-31": "1773.65200", "2010-12-31": "1615.29000", "2009-12-31": "1429.86300", "2008-12-31": "1326.05400", "2007-12-31": "1246.47300", "2006-12-31": "1148.37200", "2005-12-31": "1029.00500"}, "Comprehensive Income": {"2019-12-31": "-126.72300", "2018-12-31": "-235.18700", "2017-12-31": "-122.29400", "2016-12-31": "-135.19200", "2015-12-31": "-64.44000", "2014-12-31": "-52.98100", "2013-12-31": "-25.26800", "2012-12-31": "-82.10600", "2011-12-31": "-66.57400", "2010-12-31": "-36.52900", "2009-12-31": "-24.94900", "2008-12-31": "-36.88000", "2007-12-31": "40.53400", "2006-12-31": "8.24600", "2005-12-31": "-2.14700"}, "Other Share Holders Equity": {"2019-12-31": "", "2018-12-31": "", "2017-12-31": "", "2016-12-31": "", "2015-12-31": "", "2014-12-31": "", "2013-12-31": "", "2012-12-31": "", "2011-12-31": "", "2010-12-31": "", "2009-12-31": "", "2008-12-31": "", "2007-12-31": "", "2006-12-31": "", "2005-12-31": ""}, "Share Holder Equity": {"2019-12-31": "3586.18400", "2018-12-31": "3488.95400", "2017-12-31": "3334.06400", "2016-12-31": "3012.42700", "2015-12-31": "2872.10900", "2014-12-31": "2687.59400", "2013-12-31": "2071.46200", "2012-12-31": "1864.00700", "2011-12-31": "1861.12800", "2010-12-31": "1732.96200", "2009-12-31": "1559.11500", "2008-12-31": "1443.37500", "2007-12-31": "1441.20800", "2006-12-31": "1310.81900", "2005-12-31": "1181.05900"}, "Total Liabilities And Share Holders Equity": {"2019-12-31": "39824.50000", "2018-12-31": "35408.63000", "2017-12-31": "34527.51000", "2016-12-31": "32990.84000", "2015-12-31": "31475.93000", "2014-12-31": "30075.11000", "2013-12-31": "21193.88000", "2012-12-31": "21283.65000", "2011-12-31": "20997.30000", "2010-12-31": "20806.66000", "2009-12-31": "18466.06000", "2008-12-31": "16745.66000", "2007-12-31": "16212.11000", "2006-12-31": "15729.70000", "2005-12-31": "14639.39000"}}, "balance sheet, quarterly": {"Cash On Hand": {"2020-09-30": "3490.36400", "2020-06-30": "3496.80800", "2020-03-31": "1142.73800", "2019-12-31": "1484.56300", "2019-09-30": "1238.83200", "2019-06-30": "1924.41100", "2019-03-31": "1655.12400", "2018-12-31": "1124.84600", "2018-09-30": "1205.55000", "2018-06-30": "1483.83600", "2018-03-31": "2195.02100", "2017-12-31": "1724.07700", "2017-09-30": "2728.61900", "2017-06-30": "3439.56100", "2017-03-31": "3238.78700", "2016-12-31": "2412.33500", "2016-09-30": "3492.79100", "2016-06-30": "2783.64900", "2016-03-31": "3328.86300", "2015-12-31": "2597.21800", "2015-09-30": "2914.57600", "2015-06-30": "2217.74500", "2015-03-31": "2954.82400", "2014-12-31": "2329.10100", "2014-09-30": "1108.34500", "2014-06-30": "1685.42600", "2014-03-31": "1704.94000", "2013-12-31": "1392.92300", "2013-09-30": "1923.24900", "2013-06-30": "1582.57000", "2013-03-31": "1414.44900", "2012-12-31": "1082.91000", "2012-09-30": "1294.30300", "2012-06-30": "1555.54000", "2012-03-31": "1304.99700", "2011-12-31": "1025.77600", "2011-09-30": "949.33900", "2011-06-30": "1279.37100", "2011-03-31": "991.53800", "2010-12-31": "858.56800", "2010-09-30": "1542.94400", "2010-06-30": "1362.75300", "2010-03-31": "1611.74200", "2009-12-31": "1203.50200", "2009-09-30": "942.91700", "2009-06-30": "867.56400", "2009-03-31": "1232.42700", "2008-12-31": "767.99100", "2008-09-30": "1052.92200", "2008-06-30": "1107.10100", "2008-03-31": "1538.08100", "2007-12-31": "1059.99700", "2007-09-30": "1340.01600", "2007-06-30": "1541.89100", "2007-03-31": "1647.05000", "2006-12-31": "1359.58100", "2006-09-30": "1480.78200", "2006-06-30": "1589.59300", "2006-03-31": "1554.67500", "2005-12-31": "1258.94000", "2005-09-30": "1467.59300", "2005-06-30": "1314.44200", "2005-03-31": "1241.81900"}, "Receivables": {"2020-09-30": "", "2020-06-30": "", "2020-03-31": "", "2019-12-31": "", "2019-09-30": "", "2019-06-30": "", "2019-03-31": "", "2018-12-31": "", "2018-09-30": "", "2018-06-30": "", "2018-03-31": "", "2017-12-31": "", "2017-09-30": "", "2017-06-30": "", "2017-03-31": "", "2016-12-31": "", "2016-09-30": "", "2016-06-30": "", "2016-03-31": "", "2015-12-31": "", "2015-09-30": "", "2015-06-30": "", "2015-03-31": "", "2014-12-31": "", "2014-09-30": "", "2014-06-30": "", "2014-03-31": "", "2013-12-31": "", "2013-09-30": "", "2013-06-30": "", "2013-03-31": "", "2012-12-31": "", "2012-09-30": "", "2012-06-30": "", "2012-03-31": "", "2011-12-31": "", "2011-09-30": "", "2011-06-30": "", "2011-03-31": "", "2010-12-31": "", "2010-09-30": "", "2010-06-30": "", "2010-03-31": "", "2009-12-31": "", "2009-09-30": "", "2009-06-30": "", "2009-03-31": "", "2008-12-31": "", "2008-09-30": "", "2008-06-30": "", "2008-03-31": "", "2007-12-31": "", "2007-09-30": "", "2007-06-30": "", "2007-03-31": "", "2006-12-31": "", "2006-09-30": "", "2006-06-30": "", "2006-03-31": "", "2005-12-31": "", "2005-09-30": "", "2005-06-30": "", "2005-03-31": ""}, "Inventory": {"2020-09-30": "", "2020-06-30": "", "2020-03-31": "", "2019-12-31": "", "2019-09-30": "", "2019-06-30": "", "2019-03-31": "", "2018-12-31": "", "2018-09-30": "", "2018-06-30": "", "2018-03-31": "", "2017-12-31": "", "2017-09-30": "", "2017-06-30": "", "2017-03-31": "", "2016-12-31": "", "2016-09-30": "", "2016-06-30": "", "2016-03-31": "", "2015-12-31": "", "2015-09-30": "", "2015-06-30": "", "2015-03-31": "", "2014-12-31": "", "2014-09-30": "", "2014-06-30": "", "2014-03-31": "", "2013-12-31": "", "2013-09-30": "", "2013-06-30": "", "2013-03-31": "", "2012-12-31": "", "2012-09-30": "", "2012-06-30": "", "2012-03-31": "", "2011-12-31": "", "2011-09-30": "", "2011-06-30": "", "2011-03-31": "", "2010-12-31": "", "2010-09-30": "", "2010-06-30": "", "2010-03-31": "", "2009-12-31": "", "2009-09-30": "", "2009-06-30": "", "2009-03-31": "", "2008-12-31": "", "2008-09-30": "", "2008-06-30": "", "2008-03-31": "", "2007-12-31": "", "2007-09-30": "", "2007-06-30": "", "2007-03-31": "", "2006-12-31": "", "2006-09-30": "", "2006-06-30": "", "2006-03-31": "", "2005-12-31": "", "2005-09-30": "", "2005-06-30": "", "2005-03-31": ""}, "Pre-Paid Expenses": {"2020-09-30": "", "2020-06-30": "", "2020-03-31": "", "2019-12-31": "", "2019-09-30": "", "2019-06-30": "", "2019-03-31": "", "2018-12-31": "", "2018-09-30": "", "2018-06-30": "", "2018-03-31": "", "2017-12-31": "", "2017-09-30": "", "2017-06-30": "", "2017-03-31": "", "2016-12-31": "", "2016-09-30": "", "2016-06-30": "", "2016-03-31": "", "2015-12-31": "", "2015-09-30": "", "2015-06-30": "", "2015-03-31": "", "2014-12-31": "", "2014-09-30": "", "2014-06-30": "", "2014-03-31": "", "2013-12-31": "", "2013-09-30": "", "2013-06-30": "", "2013-03-31": "", "2012-12-31": "", "2012-09-30": "", "2012-06-30": "", "2012-03-31": "", "2011-12-31": "", "2011-09-30": "", "2011-06-30": "", "2011-03-31": "", "2010-12-31": "", "2010-09-30": "", "2010-06-30": "", "2010-03-31": "", "2009-12-31": "", "2009-09-30": "", "2009-06-30": "", "2009-03-31": "", "2008-12-31": "", "2008-09-30": "", "2008-06-30": "", "2008-03-31": "", "2007-12-31": "", "2007-09-30": "", "2007-06-30": "", "2007-03-31": "", "2006-12-31": "", "2006-09-30": "", "2006-06-30": "", "2006-03-31": "", "2005-12-31": "", "2005-09-30": "", "2005-06-30": "", "2005-03-31": ""}, "Other Current Assets": {"2020-09-30": "", "2020-06-30": "", "2020-03-31": "", "2019-12-31": "", "2019-09-30": "", "2019-06-30": "", "2019-03-31": "", "2018-12-31": "", "2018-09-30": "", "2018-06-30": "", "2018-03-31": "", "2017-12-31": "", "2017-09-30": "", "2017-06-30": "", "2017-03-31": "", "2016-12-31": "", "2016-09-30": "", "2016-06-30": "", "2016-03-31": "", "2015-12-31": "", "2015-09-30": "", "2015-06-30": "", "2015-03-31": "", "2014-12-31": "", "2014-09-30": "", "2014-06-30": "", "2014-03-31": "", "2013-12-31": "", "2013-09-30": "", "2013-06-30": "", "2013-03-31": "", "2012-12-31": "", "2012-09-30": "", "2012-06-30": "", "2012-03-31": "", "2011-12-31": "", "2011-09-30": "", "2011-06-30": "", "2011-03-31": "", "2010-12-31": "", "2010-09-30": "", "2010-06-30": "", "2010-03-31": "", "2009-12-31": "", "2009-09-30": "", "2009-06-30": "", "2009-03-31": "", "2008-12-31": "", "2008-09-30": "", "2008-06-30": "", "2008-03-31": "", "2007-12-31": "", "2007-09-30": "", "2007-06-30": "", "2007-03-31": "", "2006-12-31": "", "2006-09-30": "", "2006-06-30": "", "2006-03-31": "", "2005-12-31": "", "2005-09-30": "", "2005-06-30": "", "2005-03-31": ""}, "Total Current Assets": {"2020-09-30": "36231.88000", "2020-06-30": "35800.66000", "2020-03-31": "30250.79000", "2019-12-31": "30208.79000", "2019-09-30": "28291.77000", "2019-06-30": "28478.90000", "2019-03-31": "26943.37000", "2018-12-31": "26469.92000", "2018-09-30": "25918.78000", "2018-06-30": "25856.37000", "2018-03-31": "25630.54000", "2017-12-31": "25150.19000", "2017-09-30": "25716.65000", "2017-06-30": "26236.76000", "2017-03-31": "24974.24000", "2016-12-31": "24005.82000", "2016-09-30": "24673.73000", "2016-06-30": "23403.01000", "2016-03-31": "23606.76000", "2015-12-31": "22690.76000", "2015-09-30": "22636.79000", "2015-06-30": "21614.65000", "2015-03-31": "21907.54000", "2014-12-31": "20957.79000", "2014-09-30": "14753.84000", "2014-06-30": "15053.99000", "2014-03-31": "15006.40000", "2013-12-31": "14340.52000", "2013-09-30": "14801.37000", "2013-06-30": "14531.12000", "2013-03-31": "14405.44000", "2012-12-31": "14235.58000", "2012-09-30": "14448.69000", "2012-06-30": "14870.54000", "2012-03-31": "14831.76000", "2011-12-31": "14791.96000", "2011-09-30": "14934.31000", "2011-06-30": "15013.92000", "2011-03-31": "14956.15000", "2010-12-31": "14207.76000", "2010-09-30": "15255.92000", "2010-06-30": "15255.24000", "2010-03-31": "15737.30000", "2009-12-31": "13977.30000", "2009-09-30": "13634.28000", "2009-06-30": "12344.25000", "2009-03-31": "12692.19000", "2008-12-31": "12329.71000", "2008-09-30": "12527.61000", "2008-06-30": "12275.72000", "2008-03-31": "12504.39000", "2007-12-31": "11966.27000", "2007-09-30": "12053.36000", "2007-06-30": "11998.37000", "2007-03-31": "11851.41000", "2006-12-31": "11572.18000", "2006-09-30": "11573.52000", "2006-06-30": "11546.85000", "2006-03-31": "11290.22000", "2005-12-31": "10827.97000", "2005-09-30": "10754.75000", "2005-06-30": "10536.57000", "2005-03-31": "10564.47000"}, "Property, Plant, And Equipment": {"2020-09-30": "1255.25000", "2020-06-30": "1255.68800", "2020-03-31": "1251.70200", "2019-12-31": "1244.39600", "2019-09-30": "1222.65900", "2019-06-30": "1213.29600", "2019-03-31": "1203.67400", "2018-12-31": "1204.17900", "2018-09-30": "1167.32900", "2018-06-30": "1167.53200", "2018-03-31": "1140.82000", "2017-12-31": "1138.43100", "2017-09-30": "1131.55800", "2017-06-30": "1129.99300", "2017-03-31": "1123.83800", "2016-12-31": "1133.04400", "2016-09-30": "1134.56200", "2016-06-30": "1120.97000", "2016-03-31": "1127.37100", "2015-12-31": "1135.82900", "2015-09-30": "1123.82800", "2015-06-30": "1121.42100", "2015-03-31": "1116.29300", "2014-12-31": "1125.08100", "2014-09-30": "891.72200", "2014-06-30": "883.30300", "2014-03-31": "878.85000", "2013-12-31": "876.52200", "2013-09-30": "868.00100", "2013-06-30": "872.47700", "2013-03-31": "872.04500", "2012-12-31": "882.76800", "2012-09-30": "885.75700", "2012-06-30": "873.48300", "2012-03-31": "864.46600", "2011-12-31": "854.47600", "2011-09-30": "847.37200", "2011-06-30": "842.91100", "2011-03-31": "839.46300", "2010-12-31": "842.74500", "2010-09-30": "845.47800", "2010-06-30": "846.70200", "2010-03-31": "839.96000", "2009-12-31": "837.08200", "2009-09-30": "836.45600", "2009-06-30": "821.21900", "2009-03-31": "811.87200", "2008-12-31": "798.90900", "2008-09-30": "788.10600", "2008-06-30": "780.76200", "2008-03-31": "773.65800", "2007-12-31": "757.69400", "2007-09-30": "745.52900", "2007-06-30": "736.13700", "2007-03-31": "726.04100", "2006-12-31": "702.92600", "2006-09-30": "679.82200", "2006-06-30": "663.52100", "2006-03-31": "657.14100", "2005-12-31": "639.46900", "2005-09-30": "624.42300", "2005-06-30": "609.76600", "2005-03-31": "605.72400"}, "Long-Term Investments": {"2020-09-30": "9860.59500", "2020-06-30": "9508.47700", "2020-03-31": "8845.19700", "2019-12-31": "7173.00300", "2019-09-30": "7167.68000", "2019-06-30": "6695.57800", "2019-03-31": "6914.51300", "2018-12-31": "6834.36200", "2018-09-30": "7040.67400", "2018-06-30": "7190.54500", "2018-03-31": "6967.92100", "2017-12-31": "7180.25600", "2017-09-30": "6992.95500", "2017-06-30": "6596.53000", "2017-03-31": "7119.94400", "2016-12-31": "7006.67800", "2016-09-30": "6384.94000", "2016-06-30": "6557.73600", "2016-03-31": "6687.48300", "2015-12-31": "6861.54800", "2015-09-30": "6690.87900", "2015-06-30": "7350.54500", "2015-03-31": "7045.55000", "2014-12-31": "7172.43500", "2014-09-30": "5648.70100", "2014-06-30": "5538.85900", "2014-03-31": "5677.01900", "2013-12-31": "5388.61000", "2013-09-30": "5162.59800", "2013-06-30": "5186.10600", "2013-03-31": "5280.90700", "2012-12-31": "5227.57000", "2012-09-30": "5013.50000", "2012-06-30": "4635.82600", "2012-03-31": "4459.42700", "2011-12-31": "4058.24500", "2011-09-30": "3996.76800", "2011-06-30": "4016.33900", "2011-03-31": "4204.35700", "2010-12-31": "4512.60800", "2010-09-30": "3789.48600", "2010-06-30": "3771.86100", "2010-03-31": "3378.48200", "2009-12-31": "2932.76500", "2009-09-30": "3287.30900", "2009-06-30": "3749.52500", "2009-03-31": "3324.77000", "2008-12-31": "3225.19400", "2008-09-30": "2934.93400", "2008-06-30": "2973.25300", "2008-03-31": "3166.94700", "2007-12-31": "3236.83500", "2007-09-30": "3266.15000", "2007-06-30": "3023.79900", "2007-03-31": "3031.79800", "2006-12-31": "3221.04800", "2006-09-30": "3118.02500", "2006-06-30": "3024.78000", "2006-03-31": "2896.96200", "2005-12-31": "2929.51600", "2005-09-30": "2871.73100", "2005-06-30": "2644.33500", "2005-03-31": "2187.37400"}, "Goodwill And Intangible Assets": {"2020-09-30": "404.46800", "2020-06-30": "408.90400", "2020-03-31": "413.96800", "2019-12-31": "417.67400", "2019-09-30": "361.91100", "2019-06-30": "366.33900", "2019-03-31": "303.40000", "2018-12-31": "308.64500", "2018-09-30": "280.96500", "2018-06-30": "285.58700", "2018-03-31": "219.26900", "2017-12-31": "223.69700", "2017-09-30": "228.09200", "2017-06-30": "231.14500", "2017-03-31": "225.92600", "2016-12-31": "228.64100", "2016-09-30": "230.15100", "2016-06-30": "220.32800", "2016-03-31": "224.51600", "2015-12-31": "230.75900", "2015-09-30": "235.30800", "2015-06-30": "238.77100", "2015-03-31": "241.67700", "2014-12-31": "246.38300", "2014-09-30": "130.43100", "2014-06-30": "130.96100", "2014-03-31": "131.53000", "2013-12-31": "103.88800", "2013-09-30": "104.32100", "2013-06-30": "104.89100", "2013-03-31": "105.50900", "2012-12-31": "106.18100", "2012-09-30": "106.94700", "2012-06-30": "107.80000", "2012-03-31": "108.70100", "2011-12-31": "109.65700", "2011-09-30": "110.70600", "2011-06-30": "110.85900", "2011-03-31": "111.89000", "2010-12-31": "112.52200", "2010-09-30": "113.99800", "2010-06-30": "115.56100", "2010-03-31": "117.14700", "2009-12-31": "108.98600", "2009-09-30": "109.60100", "2009-06-30": "105.66000", "2009-03-31": "106.04800", "2008-12-31": "106.43500", "2008-09-30": "106.94500", "2008-06-30": "107.94000", "2008-03-31": "107.96800", "2007-12-31": "108.48300", "2007-09-30": "108.99900", "2007-06-30": "109.51600", "2007-03-31": "110.05200", "2006-12-31": "110.62500", "2006-09-30": "111.19800", "2006-06-30": "111.88100", "2006-03-31": "112.46700", "2005-12-31": "113.05300", "2005-09-30": "", "2005-06-30": "", "2005-03-31": ""}, "Other Long-Term Assets": {"2020-09-30": "914.68400", "2020-06-30": "892.46200", "2020-03-31": "832.80100", "2019-12-31": "780.63600", "2019-09-30": "704.30000", "2019-06-30": "900.97900", "2019-03-31": "596.71700", "2018-12-31": "591.52800", "2018-09-30": "546.90900", "2018-06-30": "588.53300", "2018-03-31": "477.88500", "2017-12-31": "834.94000", "2017-09-30": "514.89600", "2017-06-30": "575.42000", "2017-03-31": "574.45200", "2016-12-31": "616.65400", "2016-09-30": "548.52600", "2016-06-30": "928.36200", "2016-03-31": "549.53000", "2015-12-31": "557.04000", "2015-09-30": "763.01600", "2015-06-30": "571.46500", "2015-03-31": "542.59300", "2014-12-31": "573.41800", "2014-09-30": "517.79400", "2014-06-30": "455.73000", "2014-03-31": "461.19500", "2013-12-31": "484.33400", "2013-09-30": "575.06200", "2013-06-30": "614.22500", "2013-03-31": "687.10800", "2012-12-31": "831.55800", "2012-09-30": "718.72700", "2012-06-30": "844.99190", "2012-03-31": "961.30900", "2011-12-31": "1182.96000", "2011-09-30": "1126.18900", "2011-06-30": "1037.62400", "2011-03-31": "1055.63600", "2010-12-31": "1131.01900", "2010-09-30": "1044.40500", "2010-06-30": "1116.40100", "2010-03-31": "1142.80100", "2009-12-31": "609.92600", "2009-09-30": "645.23100", "2009-06-30": "297.22900", "2009-03-31": "279.38600", "2008-12-31": "285.41700", "2008-09-30": "308.00900", "2008-06-30": "284.99600", "2008-03-31": "193.55100", "2007-12-31": "142.82500", "2007-09-30": "137.83500", "2007-06-30": "140.77900", "2007-03-31": "134.47300", "2006-12-31": "122.91600", "2006-09-30": "151.02800", "2006-06-30": "179.45800", "2006-03-31": "138.41900", "2005-12-31": "129.38800", "2005-09-30": "234.01100", "2005-06-30": "232.39300", "2005-03-31": "235.10700"}, "Total Long-Term Assets": {"2020-09-30": "12435.00000", "2020-06-30": "12065.53000", "2020-03-31": "11343.67000", "2019-12-31": "9615.70800", "2019-09-30": "9456.55000", "2019-06-30": "9176.19100", "2019-03-31": "9018.30400", "2018-12-31": "8938.71400", "2018-09-30": "9035.87700", "2018-06-30": "9232.19700", "2018-03-31": "8805.89500", "2017-12-31": "9377.32500", "2017-09-30": "8867.50200", "2017-06-30": "8533.08900", "2017-03-31": "9044.16000", "2016-12-31": "8985.01800", "2016-09-30": "8298.17900", "2016-06-30": "8827.39600", "2016-03-31": "8588.90000", "2015-12-31": "8785.17600", "2015-09-30": "8813.03100", "2015-06-30": "9282.20100", "2015-03-31": "8946.11200", "2014-12-31": "9117.31600", "2014-09-30": "7188.64800", "2014-06-30": "7008.85300", "2014-03-31": "7148.59400", "2013-12-31": "6853.35400", "2013-09-30": "6709.98200", "2013-06-30": "6777.69900", "2013-03-31": "6945.56900", "2012-12-31": "7048.07700", "2012-09-30": "6724.93100", "2012-06-30": "6462.10100", "2012-03-31": "6393.90300", "2011-12-31": "6205.33800", "2011-09-30": "6081.03500", "2011-06-30": "6007.73300", "2011-03-31": "6211.34600", "2010-12-31": "6598.89500", "2010-09-30": "5793.36700", "2010-06-30": "5850.52500", "2010-03-31": "5478.39000", "2009-12-31": "4488.75900", "2009-09-30": "4878.59700", "2009-06-30": "4973.63300", "2009-03-31": "4522.07600", "2008-12-31": "4415.95500", "2008-09-30": "4137.99400", "2008-06-30": "4146.95100", "2008-03-31": "4242.12400", "2007-12-31": "4245.83700", "2007-09-30": "4258.51300", "2007-06-30": "4010.23100", "2007-03-31": "4002.36400", "2006-12-31": "4157.51500", "2006-09-30": "4060.07300", "2006-06-30": "3979.64000", "2006-03-31": "3804.98900", "2005-12-31": "3811.42600", "2005-09-30": "3730.16500", "2005-06-30": "3486.49400", "2005-03-31": "3028.20500"}, "Total Assets": {"2020-09-30": "48666.87000", "2020-06-30": "47866.20000", "2020-03-31": "41594.45000", "2019-12-31": "39824.50000", "2019-09-30": "37748.32000", "2019-06-30": "37655.09000", "2019-03-31": "35961.67000", "2018-12-31": "35408.63000", "2018-09-30": "34954.66000", "2018-06-30": "35088.57000", "2018-03-31": "34436.44000", "2017-12-31": "34527.51000", "2017-09-30": "34584.15000", "2017-06-30": "34769.85000", "2017-03-31": "34018.41000", "2016-12-31": "32990.84000", "2016-09-30": "32971.91000", "2016-06-30": "32230.40000", "2016-03-31": "32195.66000", "2015-12-31": "31475.93000", "2015-09-30": "31449.82000", "2015-06-30": "30896.86000", "2015-03-31": "30853.65000", "2014-12-31": "30075.11000", "2014-09-30": "21942.49000", "2014-06-30": "22062.84000", "2014-03-31": "22155.00000", "2013-12-31": "21193.88000", "2013-09-30": "21511.35000", "2013-06-30": "21308.82000", "2013-03-31": "21351.01000", "2012-12-31": "21283.65000", "2012-09-30": "21173.62000", "2012-06-30": "21332.64000", "2012-03-31": "21225.66000", "2011-12-31": "20997.30000", "2011-09-30": "21015.34000", "2011-06-30": "21021.65000", "2011-03-31": "21167.49000", "2010-12-31": "20806.66000", "2010-09-30": "21049.29000", "2010-06-30": "21105.77000", "2010-03-31": "21215.69000", "2009-12-31": "18466.06000", "2009-09-30": "18512.88000", "2009-06-30": "17317.88000", "2009-03-31": "17214.27000", "2008-12-31": "16745.66000", "2008-09-30": "16665.61000", "2008-06-30": "16422.67000", "2008-03-31": "16746.52000", "2007-12-31": "16212.11000", "2007-09-30": "16311.87000", "2007-06-30": "16008.61000", "2007-03-31": "15853.78000", "2006-12-31": "15729.70000", "2006-09-30": "15633.60000", "2006-06-30": "15526.49000", "2006-03-31": "15095.21000", "2005-12-31": "14639.39000", "2005-09-30": "14484.92000", "2005-06-30": "14023.07000", "2005-03-31": "13592.67000"}, "Total Current Liabilities": {"2020-09-30": "43541.33000", "2020-06-30": "42820.56000", "2020-03-31": "36496.52000", "2019-12-31": "35185.92000", "2019-09-30": "33526.68000", "2019-06-30": "33436.92000", "2019-03-31": "31858.12000", "2018-12-31": "31371.06000", "2018-09-30": "30851.29000", "2018-06-30": "31022.88000", "2018-03-31": "30524.00000", "2017-12-31": "29960.08000", "2017-09-30": "30013.23000", "2017-06-30": "30240.86000", "2017-03-31": "29798.36000", "2016-12-31": "28764.83000", "2016-09-30": "28655.47000", "2016-06-30": "27986.34000", "2016-03-31": "28054.48000", "2015-12-31": "27525.49000", "2015-09-30": "27479.13000", "2015-06-30": "27235.12000", "2015-03-31": "27242.68000", "2014-12-31": "26665.76000", "2014-09-30": "19205.11000", "2014-06-30": "19345.30000", "2014-03-31": "19381.34000", "2013-12-31": "18385.48000", "2013-09-30": "18667.75000", "2013-06-30": "18599.95000", "2013-03-31": "18638.02000", "2012-12-31": "18654.53000", "2012-09-30": "18570.99000", "2012-06-30": "18501.95000", "2012-03-31": "18437.48000", "2011-12-31": "18192.50000", "2011-09-30": "18263.66000", "2011-06-30": "18318.78000", "2011-03-31": "18478.15000", "2010-12-31": "18181.86000", "2010-09-30": "18395.74000", "2010-06-30": "18328.95000", "2010-03-31": "18437.95000", "2009-12-31": "15979.97000", "2009-09-30": "15925.56000", "2009-06-30": "14958.00000", "2009-03-31": "14871.46000", "2008-12-31": "14360.79000", "2008-09-30": "14386.86000", "2008-06-30": "14206.20000", "2008-03-31": "14497.80000", "2007-12-31": "14233.83000", "2007-09-30": "14373.50000", "2007-06-30": "14132.83000", "2007-03-31": "13967.56000", "2006-12-31": "13894.17000", "2006-09-30": "13810.66000", "2006-06-30": "13674.24000", "2006-03-31": "13363.12000", "2005-12-31": "12952.89000", "2005-09-30": "12820.36000", "2005-06-30": "12379.80000", "2005-03-31": "12094.38000"}, "Long Term Debt": {"2020-09-30": "655.17900", "2020-06-30": "657.68200", "2020-03-31": "792.68400", "2019-12-31": "572.18500", "2019-09-30": "192.67200", "2019-06-30": "197.13100", "2019-03-31": "189.59400", "2018-12-31": "193.55600", "2018-09-30": "297.48700", "2018-06-30": "241.36000", "2018-03-31": "194.41300", "2017-12-31": "870.24000", "2017-09-30": "866.12300", "2017-06-30": "879.95700", "2017-03-31": "727.50000", "2016-12-31": "832.94200", "2016-09-30": "840.26600", "2016-06-30": "850.50400", "2016-03-31": "779.08700", "2015-12-31": "704.15500", "2015-09-30": "705.41800", "2015-06-30": "475.56800", "2015-03-31": "468.18000", "2014-12-31": "351.32000", "2014-09-30": "313.76800", "2014-06-30": "314.52900", "2014-03-31": "440.30000", "2013-12-31": "510.76900", "2013-09-30": "510.96300", "2013-06-30": "443.31300", "2013-03-31": "444.25200", "2012-12-31": "444.92100", "2012-09-30": "472.17000", "2012-06-30": "644.68200", "2012-03-31": "649.81800", "2011-12-31": "687.59900", "2011-09-30": "744.83900", "2011-06-30": "792.66100", "2011-03-31": "801.08100", "2010-12-31": "809.94900", "2010-09-30": "819.14500", "2010-06-30": "918.93000", "2010-03-31": "922.20700", "2009-12-31": "797.36600", "2009-09-30": "879.75800", "2009-06-30": "735.80300", "2009-03-31": "733.05600", "2008-12-31": "733.13200", "2008-09-30": "649.21400", "2008-06-30": "609.27700", "2008-03-31": "609.33500", "2007-12-31": "404.39200", "2007-09-30": "404.26600", "2007-06-30": "405.31400", "2007-03-31": "405.35600", "2006-12-31": "401.19800", "2006-09-30": "424.35100", "2006-06-30": "527.47800", "2006-03-31": "408.95400", "2005-12-31": "408.98700", "2005-09-30": "409.74200", "2005-06-30": "409.96400", "2005-03-31": "285.31200"}, "Other Non-Current Liabilities": {"2020-09-30": "395.94800", "2020-06-30": "396.51000", "2020-03-31": "347.72800", "2019-12-31": "480.20500", "2019-09-30": "460.49400", "2019-06-30": "446.42900", "2019-03-31": "390.65200", "2018-12-31": "355.06100", "2018-09-30": "306.87300", "2018-06-30": "377.44300", "2018-03-31": "345.90700", "2017-12-31": "363.12600", "2017-09-30": "390.97100", "2017-06-30": "409.18700", "2017-03-31": "391.85400", "2016-12-31": "380.63700", "2016-09-30": "392.42900", "2016-06-30": "357.85900", "2016-03-31": "400.89500", "2015-12-31": "374.18200", "2015-09-30": "402.74600", "2015-06-30": "392.27600", "2015-03-31": "377.41200", "2014-12-31": "370.43800", "2014-09-30": "256.90600", "2014-06-30": "253.86800", "2014-03-31": "228.52800", "2013-12-31": "226.16300", "2013-09-30": "350.57800", "2013-06-30": "326.22700", "2013-03-31": "350.15600", "2012-12-31": "320.19400", "2012-09-30": "156.33800", "2012-06-30": "256.22100", "2012-03-31": "246.23500", "2011-12-31": "256.07500", "2011-09-30": "135.43000", "2011-06-30": "100.94500", "2011-03-31": "100.04700", "2010-12-31": "81.88500", "2010-09-30": "116.19800", "2010-06-30": "162.52500", "2010-03-31": "187.94600", "2009-12-31": "129.61000", "2009-09-30": "192.87200", "2009-06-30": "189.86200", "2009-03-31": "173.47200", "2008-12-31": "208.36400", "2008-09-30": "125.20100", "2008-06-30": "119.91600", "2008-03-31": "153.34500", "2007-12-31": "132.67600", "2007-09-30": "132.53300", "2007-06-30": "102.47800", "2007-03-31": "138.53800", "2006-12-31": "123.50900", "2006-09-30": "121.97800", "2006-06-30": "96.19800", "2006-03-31": "119.76700", "2005-12-31": "96.46000", "2005-09-30": "95.93600", "2005-06-30": "99.06300", "2005-03-31": "110.41300"}, "Total Long Term Liabilities": {"2020-09-30": "1051.12700", "2020-06-30": "1054.19200", "2020-03-31": "1140.41200", "2019-12-31": "1052.39000", "2019-09-30": "653.16600", "2019-06-30": "643.56000", "2019-03-31": "580.24600", "2018-12-31": "548.61700", "2018-09-30": "604.36000", "2018-06-30": "618.80300", "2018-03-31": "540.31990", "2017-12-31": "1233.36600", "2017-09-30": "1257.09400", "2017-06-30": "1289.14400", "2017-03-31": "1119.35400", "2016-12-31": "1213.57900", "2016-09-30": "1232.69500", "2016-06-30": "1208.36300", "2016-03-31": "1179.98200", "2015-12-31": "1078.33700", "2015-09-30": "1108.16400", "2015-06-30": "867.84400", "2015-03-31": "845.59200", "2014-12-31": "721.75800", "2014-09-30": "570.67400", "2014-06-30": "568.39700", "2014-03-31": "668.82800", "2013-12-31": "736.93200", "2013-09-30": "861.54100", "2013-06-30": "769.54000", "2013-03-31": "794.40800", "2012-12-31": "765.11500", "2012-09-30": "628.50800", "2012-06-30": "900.90300", "2012-03-31": "896.05300", "2011-12-31": "943.67400", "2011-09-30": "880.26900", "2011-06-30": "893.60600", "2011-03-31": "901.12800", "2010-12-31": "891.83400", "2010-09-30": "935.34300", "2010-06-30": "1081.45500", "2010-03-31": "1110.15300", "2009-12-31": "926.97600", "2009-09-30": "1072.63000", "2009-06-30": "925.66500", "2009-03-31": "906.52800", "2008-12-31": "941.49600", "2008-09-30": "774.41500", "2008-06-30": "729.19300", "2008-03-31": "762.68010", "2007-12-31": "537.06800", "2007-09-30": "536.79900", "2007-06-30": "507.79200", "2007-03-31": "543.89400", "2006-12-31": "524.70700", "2006-09-30": "546.32900", "2006-06-30": "623.67600", "2006-03-31": "528.72100", "2005-12-31": "505.44700", "2005-09-30": "505.67800", "2005-06-30": "509.02700", "2005-03-31": "395.72500"}, "Total Liabilities": {"2020-09-30": "44592.46000", "2020-06-30": "43874.75000", "2020-03-31": "37636.93000", "2019-12-31": "36238.31000", "2019-09-30": "34179.84000", "2019-06-30": "34080.48000", "2019-03-31": "32438.36000", "2018-12-31": "31919.68000", "2018-09-30": "31455.65000", "2018-06-30": "31641.68000", "2018-03-31": "31064.32000", "2017-12-31": "31193.45000", "2017-09-30": "31270.32000", "2017-06-30": "31530.00000", "2017-03-31": "30917.71000", "2016-12-31": "29978.41000", "2016-09-30": "29888.16000", "2016-06-30": "29194.70000", "2016-03-31": "29234.46000", "2015-12-31": "28603.82000", "2015-09-30": "28587.30000", "2015-06-30": "28102.96000", "2015-03-31": "28088.27000", "2014-12-31": "27387.52000", "2014-09-30": "19775.78000", "2014-06-30": "19913.70000", "2014-03-31": "20050.17000", "2013-12-31": "19122.42000", "2013-09-30": "19529.30000", "2013-06-30": "19369.49000", "2013-03-31": "19432.43000", "2012-12-31": "19419.64000", "2012-09-30": "19199.50000", "2012-06-30": "19402.85000", "2012-03-31": "19333.54000", "2011-12-31": "19136.17000", "2011-09-30": "19143.93000", "2011-06-30": "19212.38000", "2011-03-31": "19379.28000", "2010-12-31": "19073.70000", "2010-09-30": "19331.09000", "2010-06-30": "19410.40000", "2010-03-31": "19548.10000", "2009-12-31": "16906.95000", "2009-09-30": "16998.19000", "2009-06-30": "15883.67000", "2009-03-31": "15777.99000", "2008-12-31": "15302.29000", "2008-09-30": "15161.27000", "2008-06-30": "14935.39000", "2008-03-31": "15260.48000", "2007-12-31": "14770.90000", "2007-09-30": "14910.29000", "2007-06-30": "14640.63000", "2007-03-31": "14511.45000", "2006-12-31": "14418.88000", "2006-09-30": "14356.99000", "2006-06-30": "14297.91000", "2006-03-31": "13891.84000", "2005-12-31": "13458.33000", "2005-09-30": "13326.03000", "2005-06-30": "12888.82000", "2005-03-31": "12490.11000"}, "Common Stock Net": {"2020-09-30": "9.81600", "2020-06-30": "9.93400", "2020-03-31": "10.28000", "2019-12-31": "10.62900", "2019-09-30": "10.88400", "2019-06-30": "11.18000", "2019-03-31": "11.38500", "2018-12-31": "11.62800", "2018-09-30": "11.88500", "2018-06-30": "12.01000", "2018-03-31": "12.01000", "2017-12-31": "12.01000", "2017-09-30": "12.01000", "2017-06-30": "12.01000", "2017-03-31": "12.01000", "2016-12-31": "12.01000", "2016-09-30": "12.01000", "2016-06-30": "12.01000", "2016-03-31": "12.01000", "2015-12-31": "12.01000", "2015-09-30": "12.01000", "2015-06-30": "12.01000", "2015-03-31": "12.01000", "2014-12-31": "12.01000", "2014-09-30": "9.61900", "2014-06-30": "9.61900", "2014-03-31": "9.61900", "2013-12-31": "9.61900", "2013-09-30": "9.61900", "2013-06-30": "9.61900", "2013-03-31": "9.61900", "2012-12-31": "9.62100", "2012-09-30": "10.25600", "2012-06-30": "10.27100", "2012-03-31": "10.27500", "2011-12-31": "10.28400", "2011-09-30": "10.30900", "2011-06-30": "10.39700", "2011-03-31": "10.43500", "2010-12-31": "10.43500", "2010-09-30": "10.43500", "2010-06-30": "10.43500", "2010-03-31": "10.43500", "2009-12-31": "10.43500", "2009-09-30": "10.43500", "2009-06-30": "10.43500", "2009-03-31": "10.43500", "2008-12-31": "10.43500", "2008-09-30": "10.43500", "2008-06-30": "10.43500", "2008-03-31": "10.43500", "2007-12-31": "10.43500", "2007-09-30": "10.43500", "2007-06-30": "10.43500", "2007-03-31": "10.43500", "2006-12-31": "10.43500", "2006-09-30": "10.43500", "2006-06-30": "10.43500", "2006-03-31": "10.43500", "2005-12-31": "10.43500", "2005-09-30": "10.43500", "2005-06-30": "10.43500", "2005-03-31": "10.43500"}, "Retained Earnings (Accumulated Deficit)": {"2020-09-30": "3738.41700", "2020-06-30": "3651.23700", "2020-03-31": "3632.89400", "2019-12-31": "3658.19700", "2019-09-30": "3560.58000", "2019-06-30": "3440.28400", "2019-03-31": "3325.33500", "2018-12-31": "3218.55100", "2018-09-30": "3133.74600", "2018-06-30": "3020.59600", "2018-03-31": "2931.50900", "2017-12-31": "2785.43000", "2017-09-30": "2735.22700", "2017-06-30": "2671.76600", "2017-03-31": "2540.70900", "2016-12-31": "2476.69100", "2016-09-30": "2427.60400", "2016-06-30": "2379.80300", "2016-03-31": "2314.09000", "2015-12-31": "2265.62100", "2015-09-30": "2226.47600", "2015-06-30": "2174.12100", "2015-03-31": "2129.86000", "2014-12-31": "2069.64700", "2014-09-30": "2015.18000", "2014-06-30": "1991.70300", "2014-03-31": "1968.03900", "2013-12-31": "1943.34500", "2013-09-30": "1924.21700", "2013-06-30": "1886.12100", "2013-03-31": "1845.10100", "2012-12-31": "1792.72600", "2012-09-30": "1872.08800", "2012-06-30": "1838.16000", "2012-03-31": "1804.49800", "2011-12-31": "1773.65200", "2011-09-30": "1749.86800", "2011-06-30": "1684.55800", "2011-03-31": "1673.92000", "2010-12-31": "1615.29000", "2010-09-30": "1588.33600", "2010-06-30": "1563.72000", "2010-03-31": "1538.24800", "2009-12-31": "1429.86300", "2009-09-30": "1413.99300", "2009-06-30": "1334.65500", "2009-03-31": "1331.58700", "2008-12-31": "1326.05400", "2008-09-30": "1316.03000", "2008-06-30": "1299.34600", "2008-03-31": "1275.98900", "2007-12-31": "1246.47300", "2007-09-30": "1223.18000", "2007-06-30": "1203.43100", "2007-03-31": "1175.44900", "2006-12-31": "1148.37200", "2006-09-30": "1118.04700", "2006-06-30": "1083.63500", "2006-03-31": "1054.79300", "2005-12-31": "1029.00500", "2005-09-30": "1004.03800", "2005-06-30": "976.95500", "2005-03-31": "949.74900"}, "Comprehensive Income": {"2020-09-30": "-13.75600", "2020-06-30": "-9.66400", "2020-03-31": "-25.61200", "2019-12-31": "-126.72300", "2019-09-30": "-171.77200", "2019-06-30": "-180.73100", "2019-03-31": "-206.86000", "2018-12-31": "-235.18700", "2018-09-30": "-247.57500", "2018-06-30": "-244.63800", "2018-03-31": "-230.32300", "2017-12-31": "-122.29400", "2017-09-30": "-92.32400", "2017-06-30": "-102.84300", "2017-03-31": "-110.94100", "2016-12-31": "-135.19200", "2016-09-30": "-14.78400", "2016-06-30": "-15.02700", "2016-03-31": "-23.82400", "2015-12-31": "-64.44000", "2015-09-30": "-34.87600", "2015-06-30": "-51.15900", "2015-03-31": "-35.41100", "2014-12-31": "-52.98100", "2014-09-30": "-1.85800", "2014-06-30": "4.05700", "2014-03-31": "-16.59400", "2013-12-31": "-25.26800", "2013-09-30": "-95.54500", "2013-06-30": "-100.17600", "2013-03-31": "-79.90500", "2012-12-31": "-82.10600", "2012-09-30": "-51.98600", "2012-06-30": "-62.40700", "2012-03-31": "-66.41600", "2011-12-31": "-66.57400", "2011-09-30": "-32.52700", "2011-06-30": "-29.45100", "2011-03-31": "-39.90700", "2010-12-31": "-36.52900", "2010-09-30": "-24.33300", "2010-06-30": "-22.55700", "2010-03-31": "-24.85900", "2009-12-31": "-24.94900", "2009-09-30": "-53.51000", "2009-06-30": "-54.64300", "2009-03-31": "-49.51100", "2008-12-31": "-36.88000", "2008-09-30": "34.10300", "2008-06-30": "33.73500", "2008-03-31": "55.84400", "2007-12-31": "40.53400", "2007-09-30": "24.19400", "2007-06-30": "10.34800", "2007-03-31": "12.67700", "2006-12-31": "8.24600", "2006-09-30": "4.36000", "2006-06-30": "-9.25700", "2006-03-31": "-5.62800", "2005-12-31": "-2.14700", "2005-09-30": "0.64600", "2005-06-30": "3.08600", "2005-03-31": "-1.38200"}, "Other Share Holders Equity": {"2020-09-30": "", "2020-06-30": "", "2020-03-31": "", "2019-12-31": "", "2019-09-30": "", "2019-06-30": "", "2019-03-31": "", "2018-12-31": "", "2018-09-30": "", "2018-06-30": "", "2018-03-31": "", "2017-12-31": "", "2017-09-30": "", "2017-06-30": "", "2017-03-31": "", "2016-12-31": "", "2016-09-30": "", "2016-06-30": "", "2016-03-31": "", "2015-12-31": "", "2015-09-30": "", "2015-06-30": "", "2015-03-31": "", "2014-12-31": "", "2014-09-30": "", "2014-06-30": "", "2014-03-31": "", "2013-12-31": "", "2013-09-30": "", "2013-06-30": "", "2013-03-31": "", "2012-12-31": "", "2012-09-30": "", "2012-06-30": "", "2012-03-31": "", "2011-12-31": "", "2011-09-30": "", "2011-06-30": "", "2011-03-31": "", "2010-12-31": "", "2010-09-30": "", "2010-06-30": "", "2010-03-31": "", "2009-12-31": "", "2009-09-30": "", "2009-06-30": "", "2009-03-31": "", "2008-12-31": "", "2008-09-30": "", "2008-06-30": "", "2008-03-31": "", "2007-12-31": "", "2007-09-30": "", "2007-06-30": "", "2007-03-31": "", "2006-12-31": "", "2006-09-30": "", "2006-06-30": "", "2006-03-31": "", "2005-12-31": "", "2005-09-30": "", "2005-06-30": "", "2005-03-31": ""}, "Share Holder Equity": {"2020-09-30": "4074.41400", "2020-06-30": "3991.44400", "2020-03-31": "3957.52000", "2019-12-31": "3586.18400", "2019-09-30": "3568.48200", "2019-06-30": "3574.61300", "2019-03-31": "3523.30900", "2018-12-31": "3488.95400", "2018-09-30": "3499.01300", "2018-06-30": "3446.88600", "2018-03-31": "3372.11400", "2017-12-31": "3334.06400", "2017-09-30": "3313.83100", "2017-06-30": "3239.85100", "2017-03-31": "3100.69600", "2016-12-31": "3012.42700", "2016-09-30": "3083.74800", "2016-06-30": "3035.70400", "2016-03-31": "2961.19400", "2015-12-31": "2872.10900", "2015-09-30": "2862.52800", "2015-06-30": "2793.89000", "2015-03-31": "2765.37700", "2014-12-31": "2687.59400", "2014-09-30": "2166.70700", "2014-06-30": "2149.14500", "2014-03-31": "2104.83000", "2013-12-31": "2071.46200", "2013-09-30": "1982.05700", "2013-06-30": "1939.33000", "2013-03-31": "1918.58100", "2012-12-31": "1864.00700", "2012-09-30": "1974.12400", "2012-06-30": "1929.79000", "2012-03-31": "1892.12300", "2011-12-31": "1861.12800", "2011-09-30": "1871.41600", "2011-06-30": "1809.27000", "2011-03-31": "1788.21400", "2010-12-31": "1732.96200", "2010-09-30": "1718.20400", "2010-06-30": "1695.36400", "2010-03-31": "1667.59000", "2009-12-31": "1559.11500", "2009-09-30": "1514.68400", "2009-06-30": "1434.21300", "2009-03-31": "1436.27700", "2008-12-31": "1443.37500", "2008-09-30": "1504.33400", "2008-06-30": "1487.28200", "2008-03-31": "1486.03400", "2007-12-31": "1441.20800", "2007-09-30": "1401.57500", "2007-06-30": "1367.98000", "2007-03-31": "1342.32700", "2006-12-31": "1310.81900", "2006-09-30": "1276.60800", "2006-06-30": "1228.57900", "2006-03-31": "1203.36600", "2005-12-31": "1181.05900", "2005-09-30": "1158.88500", "2005-06-30": "1134.24200", "2005-03-31": "1102.56800"}, "Total Liabilities And Share Holders Equity": {"2020-09-30": "48666.87000", "2020-06-30": "47866.20000", "2020-03-31": "41594.45000", "2019-12-31": "39824.50000", "2019-09-30": "37748.32000", "2019-06-30": "37655.09000", "2019-03-31": "35961.67000", "2018-12-31": "35408.63000", "2018-09-30": "34954.66000", "2018-06-30": "35088.57000", "2018-03-31": "34436.44000", "2017-12-31": "34527.51000", "2017-09-30": "34584.15000", "2017-06-30": "34769.85000", "2017-03-31": "34018.41000", "2016-12-31": "32990.84000", "2016-09-30": "32971.91000", "2016-06-30": "32230.40000", "2016-03-31": "32195.66000", "2015-12-31": "31475.93000", "2015-09-30": "31449.82000", "2015-06-30": "30896.86000", "2015-03-31": "30853.65000", "2014-12-31": "30075.11000", "2014-09-30": "21942.49000", "2014-06-30": "22062.84000", "2014-03-31": "22155.00000", "2013-12-31": "21193.88000", "2013-09-30": "21511.35000", "2013-06-30": "21308.82000", "2013-03-31": "21351.01000", "2012-12-31": "21283.65000", "2012-09-30": "21173.62000", "2012-06-30": "21332.64000", "2012-03-31": "21225.66000", "2011-12-31": "20997.30000", "2011-09-30": "21015.34000", "2011-06-30": "21021.65000", "2011-03-31": "21167.49000", "2010-12-31": "20806.66000", "2010-09-30": "21049.29000", "2010-06-30": "21105.77000", "2010-03-31": "21215.69000", "2009-12-31": "18466.06000", "2009-09-30": "18512.88000", "2009-06-30": "17317.88000", "2009-03-31": "17214.27000", "2008-12-31": "16745.66000", "2008-09-30": "16665.61000", "2008-06-30": "16422.67000", "2008-03-31": "16746.52000", "2007-12-31": "16212.11000", "2007-09-30": "16311.87000", "2007-06-30": "16008.61000", "2007-03-31": "15853.78000", "2006-12-31": "15729.70000", "2006-09-30": "15633.60000", "2006-06-30": "15526.49000", "2006-03-31": "15095.21000", "2005-12-31": "14639.39000", "2005-09-30": "14484.92000", "2005-06-30": "14023.07000", "2005-03-31": "13592.67000"}}, "cash flow statement": {"Net Income/Loss": {"2019-12-31": "457.37100", "2018-12-31": "400.31300", "2017-12-31": "323.75200", "2016-12-31": "225.48200", "2015-12-31": "210.38600", "2014-12-31": "138.56200", "2013-12-31": "166.86900", "2012-12-31": "132.39500", "2011-12-31": "195.02800", "2010-12-31": "193.04400", "2009-12-31": "116.33100", "2008-12-31": "91.05800", "2007-12-31": "108.61700", "2006-12-31": "126.49100", "2005-12-31": "112.86200"}, "Total Depreciation And Amortization - Cash Flow": {"2019-12-31": "93.64900", "2018-12-31": "83.86200", "2017-12-31": "73.61800", "2016-12-31": "65.96700", "2015-12-31": "25.54500", "2014-12-31": "34.06200", "2013-12-31": "-39.60900", "2012-12-31": "-84.37900", "2011-12-31": "-129.26400", "2010-12-31": "-56.32400", "2009-12-31": "102.91000", "2008-12-31": "65.69500", "2007-12-31": "49.78900", "2006-12-31": "45.29700", "2005-12-31": "46.09200"}, "Other Non-Cash Items": {"2019-12-31": "43.96800", "2018-12-31": "-13.82900", "2017-12-31": "-7.51900", "2016-12-31": "15.96000", "2015-12-31": "-30.58100", "2014-12-31": "-47.52000", "2013-12-31": "89.76300", "2012-12-31": "135.23400", "2011-12-31": "153.82700", "2010-12-31": "-20.17500", "2009-12-31": "29.22300", "2008-12-31": "50.32900", "2007-12-31": "39.05300", "2006-12-31": "30.60100", "2005-12-31": "32.43300"}, "Total Non-Cash Items": {"2019-12-31": "137.61700", "2018-12-31": "70.03300", "2017-12-31": "66.09900", "2016-12-31": "81.92700", "2015-12-31": "-5.03600", "2014-12-31": "-13.45800", "2013-12-31": "50.15400", "2012-12-31": "50.85500", "2011-12-31": "24.56300", "2010-12-31": "-76.49900", "2009-12-31": "132.13300", "2008-12-31": "116.02400", "2007-12-31": "88.84200", "2006-12-31": "75.89800", "2005-12-31": "78.52500"}, "Change In Accounts Receivable": {"2019-12-31": "-4.21200", "2018-12-31": "15.24200", "2017-12-31": "38.30500", "2016-12-31": "1.16000", "2015-12-31": "3.93000", "2014-12-31": "15.75500", "2013-12-31": "39.06200", "2012-12-31": "6.20600", "2011-12-31": "-3.60600", "2010-12-31": "-21.55200", "2009-12-31": "2.01800", "2008-12-31": "6.42200", "2007-12-31": "-1.43100", "2006-12-31": "19.41700", "2005-12-31": "191.33610"}, "Change In Inventories": {"2019-12-31": "", "2018-12-31": "", "2017-12-31": "", "2016-12-31": "", "2015-12-31": "", "2014-12-31": "", "2013-12-31": "", "2012-12-31": "", "2011-12-31": "", "2010-12-31": "", "2009-12-31": "", "2008-12-31": "", "2007-12-31": "", "2006-12-31": "", "2005-12-31": ""}, "Change In Accounts Payable": {"2019-12-31": "14.41200", "2018-12-31": "-0.24000", "2017-12-31": "0.15500", "2016-12-31": "-1.91600", "2015-12-31": "-2.48100", "2014-12-31": "1.45700", "2013-12-31": "-2.61600", "2012-12-31": "-14.36600", "2011-12-31": "-14.34000", "2010-12-31": "-0.87700", "2009-12-31": "-13.04200", "2008-12-31": "-11.36500", "2007-12-31": "-1.09100", "2006-12-31": "19.77700", "2005-12-31": "15.00500"}, "Change In Assets/Liabilities": {"2019-12-31": "-45.05500", "2018-12-31": "-51.36500", "2017-12-31": "-62.43700", "2016-12-31": "-51.76700", "2015-12-31": "45.73400", "2014-12-31": "-32.34800", "2013-12-31": "156.71100", "2012-12-31": "-2.89700", "2011-12-31": "136.86100", "2010-12-31": "25.62900", "2009-12-31": "-64.93800", "2008-12-31": "12.64000", "2007-12-31": "-33.03900", "2006-12-31": "-30.83300", "2005-12-31": "-27.62600"}, "Total Change In Assets/Liabilities": {"2019-12-31": "-54.41900", "2018-12-31": "-13.01000", "2017-12-31": "-34.59300", "2016-12-31": "-76.90300", "2015-12-31": "27.70600", "2014-12-31": "57.13800", "2013-12-31": "113.98400", "2012-12-31": "18.03800", "2011-12-31": "116.09500", "2010-12-31": "-22.23200", "2009-12-31": "-80.38800", "2008-12-31": "5.02400", "2007-12-31": "-35.06400", "2006-12-31": "13.75500", "2005-12-31": "180.29610"}, "Cash Flow From Operating Activities": {"2019-12-31": "540.56900", "2018-12-31": "457.33600", "2017-12-31": "355.25800", "2016-12-31": "230.50600", "2015-12-31": "233.05600", "2014-12-31": "182.24200", "2013-12-31": "331.00700", "2012-12-31": "201.28800", "2011-12-31": "335.68600", "2010-12-31": "94.31300", "2009-12-31": "168.07600", "2008-12-31": "212.10600", "2007-12-31": "162.39500", "2006-12-31": "216.14400", "2005-12-31": "371.68300"}, "Net Change In Property, Plant, And Equipment": {"2019-12-31": "-95.02700", "2018-12-31": "-110.59500", "2017-12-31": "-41.02800", "2016-12-31": "-46.89700", "2015-12-31": "-8.80200", "2014-12-31": "6.77700", "2013-12-31": "81.51300", "2012-12-31": "58.97500", "2011-12-31": "58.90200", "2010-12-31": "74.22000", "2009-12-31": "-85.11400", "2008-12-31": "-80.04400", "2007-12-31": "-104.31800", "2006-12-31": "-112.25600", "2005-12-31": "-114.40600"}, "Net Change In Intangible Assets": {"2019-12-31": "", "2018-12-31": "", "2017-12-31": "", "2016-12-31": "77.66500", "2015-12-31": "45.86200", "2014-12-31": "", "2013-12-31": "", "2012-12-31": "", "2011-12-31": "", "2010-12-31": "", "2009-12-31": "", "2008-12-31": "", "2007-12-31": "", "2006-12-31": "", "2005-12-31": ""}, "Net Acquisitions/Divestitures": {"2019-12-31": "-236.72800", "2018-12-31": "-155.12600", "2017-12-31": "304.82000", "2016-12-31": "-0.72700", "2015-12-31": "100.89500", "2014-12-31": "182.37000", "2013-12-31": "", "2012-12-31": "", "2011-12-31": "1150.87900", "2010-12-31": "106.48900", "2009-12-31": "51.38100", "2008-12-31": "", "2007-12-31": "", "2006-12-31": "-19.45000", "2005-12-31": "18.34300"}, "Net Change In Short-term Investments": {"2019-12-31": "-34.59800", "2018-12-31": "608.68900", "2017-12-31": "586.27900", "2016-12-31": "213.31800", "2015-12-31": "-338.21300", "2014-12-31": "221.73000", "2013-12-31": "-416.14400", "2012-12-31": "-8.20500", "2011-12-31": "-36.58500", "2010-12-31": "324.87000", "2009-12-31": "-417.37200", "2008-12-31": "91.59300", "2007-12-31": "82.38800", "2006-12-31": "132.41500", "2005-12-31": "-97.26900"}, "Net Change In Long-Term Investments": {"2019-12-31": "91.05570", "2018-12-31": "782.05710", "2017-12-31": "-297.33200", "2016-12-31": "-108.26290", "2015-12-31": "296.99800", "2014-12-31": "387.08330", "2013-12-31": "-233.13400", "2012-12-31": "-1174.89100", "2011-12-31": "764.75710", "2010-12-31": "-1508.88300", "2009-12-31": "258.56200", "2008-12-31": "-16.44300", "2007-12-31": "32.52200", "2006-12-31": "-272.05600", "2005-12-31": "-813.85600"}, "Net Change In Investments - Total": {"2019-12-31": "56.45770", "2018-12-31": "1390.74600", "2017-12-31": "288.94700", "2016-12-31": "105.05510", "2015-12-31": "-41.21500", "2014-12-31": "608.81320", "2013-12-31": "-649.27810", "2012-12-31": "-1183.09600", "2011-12-31": "728.17210", "2010-12-31": "-1184.01300", "2009-12-31": "-158.81000", "2008-12-31": "75.15000", "2007-12-31": "114.91000", "2006-12-31": "-139.64100", "2005-12-31": "-911.12490"}, "Investing Activities - Other": {"2019-12-31": "-1283.17200", "2018-12-31": "-1027.45200", "2017-12-31": "-1221.41100", "2016-12-31": "-1235.49200", "2015-12-31": "-1344.74300", "2014-12-31": "-815.65800", "2013-12-31": "342.80900", "2012-12-31": "879.77800", "2011-12-31": "767.04100", "2010-12-31": "926.12200", "2009-12-31": "49.67700", "2008-12-31": "-851.84800", "2007-12-31": "-717.40100", "2006-12-31": "-654.31200", "2005-12-31": "-511.26100"}, "Cash Flow From Investing Activities": {"2019-12-31": "-1558.46900", "2018-12-31": "97.57300", "2017-12-31": "-668.67200", "2016-12-31": "-1100.39600", "2015-12-31": "-1248.00300", "2014-12-31": "-17.69800", "2013-12-31": "-224.95600", "2012-12-31": "-244.34300", "2011-12-31": "2704.99400", "2010-12-31": "-77.18200", "2009-12-31": "-142.86600", "2008-12-31": "-856.74200", "2007-12-31": "-706.80900", "2006-12-31": "-925.65900", "2005-12-31": "-1518.44900"}, "Net Long-Term Debt": {"2019-12-31": "126.71600", "2018-12-31": "-627.44700", "2017-12-31": "168.04500", "2016-12-31": "140.72100", "2015-12-31": "344.10400", "2014-12-31": "-54.30100", "2013-12-31": "65.84800", "2012-12-31": "-196.02800", "2011-12-31": "-320.73000", "2010-12-31": "-114.42500", "2009-12-31": "8.61600", "2008-12-31": "330.00000", "2007-12-31": "-0.96400", "2006-12-31": "18.31500", "2005-12-31": "125.00000"}, "Net Current Debt": {"2019-12-31": "-27.70300", "2018-12-31": "-246.51700", "2017-12-31": "-44.68000", "2016-12-31": "-33.07200", "2015-12-31": "-397.95200", "2014-12-31": "-25.32100", "2013-12-31": "-57.08700", "2012-12-31": "-101.71700", "2011-12-31": "-283.44000", "2010-12-31": "-500.21700", "2009-12-31": "-83.71900", "2008-12-31": "-659.51900", "2007-12-31": "154.44000", "2006-12-31": "345.71500", "2005-12-31": "329.38600"}, "Debt Issuance/Retirement Net - Total": {"2019-12-31": "99.01300", "2018-12-31": "-873.96400", "2017-12-31": "123.36500", "2016-12-31": "107.64900", "2015-12-31": "-53.84800", "2014-12-31": "-79.62200", "2013-12-31": "8.76100", "2012-12-31": "-297.74500", "2011-12-31": "-604.17000", "2010-12-31": "-614.64200", "2009-12-31": "-75.10300", "2008-12-31": "-329.51900", "2007-12-31": "153.47600", "2006-12-31": "364.03000", "2005-12-31": "454.38600"}, "Net Common Equity Issued/Repurchased": {"2019-12-31": "-453.12300", "2018-12-31": "-163.09500", "2017-12-31": "", "2016-12-31": "", "2015-12-31": "", "2014-12-31": "", "2013-12-31": "-0.32100", "2012-12-31": "-103.62400", "2011-12-31": "-24.38700", "2010-12-31": "", "2009-12-31": "", "2008-12-31": "", "2007-12-31": "", "2006-12-31": "", "2005-12-31": ""}, "Net Total Equity Issued/Repurchased": {"2019-12-31": "-453.12300", "2018-12-31": "-163.09500", "2017-12-31": "", "2016-12-31": "", "2015-12-31": "", "2014-12-31": "", "2013-12-31": "-0.32100", "2012-12-31": "-103.62400", "2011-12-31": "-24.38700", "2010-12-31": "", "2009-12-31": "", "2008-12-31": "", "2007-12-31": "", "2006-12-31": "", "2005-12-31": ""}, "Total Common And Preferred Stock Dividends Paid": {"2019-12-31": "-18.13700", "2018-12-31": "-16.77900", "2017-12-31": "-14.41200", "2016-12-31": "-14.41200", "2015-12-31": "-18.01500", "2014-12-31": "-11.54300", "2013-12-31": "-8.66300", "2012-12-31": "-15.39800", "2011-12-31": "-12.49900", "2010-12-31": "-12.52100", "2009-12-31": "-12.52200", "2008-12-31": "-11.47700", "2007-12-31": "-11.47800", "2006-12-31": "-11.47800", "2005-12-31": "-11.47800"}, "Financial Activities - Other": {"2019-12-31": "1439.42600", "2018-12-31": "490.21900", "2017-12-31": "0.87000", "2016-12-31": "782.30800", "2015-12-31": "1016.71400", "2014-12-31": "-2.79600", "2013-12-31": "-211.95900", "2012-12-31": "508.75100", "2011-12-31": "-2269.00100", "2010-12-31": "589.96800", "2009-12-31": "-50.71800", "2008-12-31": "785.21900", "2007-12-31": "185.22000", "2006-12-31": "590.01900", "2005-12-31": "802.10300"}, "Cash Flow From Financial Activities": {"2019-12-31": "1067.17900", "2018-12-31": "-563.61900", "2017-12-31": "109.82300", "2016-12-31": "875.54500", "2015-12-31": "944.85100", "2014-12-31": "-93.96100", "2013-12-31": "-212.18200", "2012-12-31": "91.98400", "2011-12-31": "-2910.05700", "2010-12-31": "-37.19500", "2009-12-31": "-138.34300", "2008-12-31": "444.22300", "2007-12-31": "327.21800", "2006-12-31": "942.57100", "2005-12-31": "1245.01100"}, "Net Cash Flow": {"2019-12-31": "49.27900", "2018-12-31": "-8.71000", "2017-12-31": "-203.59100", "2016-12-31": "5.65500", "2015-12-31": "-70.09600", "2014-12-31": "70.58300", "2013-12-31": "-106.13100", "2012-12-31": "48.92900", "2011-12-31": "130.62300", "2010-12-31": "-20.06400", "2009-12-31": "-113.13300", "2008-12-31": "-200.41300", "2007-12-31": "-217.19600", "2006-12-31": "233.05600", "2005-12-31": "98.24500"}, "Stock-Based Compensation": {"2019-12-31": "", "2018-12-31": "", "2017-12-31": "", "2016-12-31": "", "2015-12-31": "", "2014-12-31": "", "2013-12-31": "", "2012-12-31": "", "2011-12-31": "", "2010-12-31": "", "2009-12-31": "", "2008-12-31": "", "2007-12-31": "", "2006-12-31": "", "2005-12-31": ""}, "Common Stock Dividends Paid": {"2019-12-31": "-18.13700", "2018-12-31": "-16.77900", "2017-12-31": "-14.41200", "2016-12-31": "-14.41200", "2015-12-31": "-18.01500", "2014-12-31": "-11.54300", "2013-12-31": "-8.66300", "2012-12-31": "-15.39800", "2011-12-31": "-12.49900", "2010-12-31": "-12.52100", "2009-12-31": "-12.52200", "2008-12-31": "-11.47700", "2007-12-31": "-11.47800", "2006-12-31": "-11.47800", "2005-12-31": "-11.47800"}}, "cash flow statement, quarterly": {"Net Income/Loss": {"2020-09-30": 142.684, "2020-06-30": 153.786, "2020-03-31": "57.16900", "2019-12-31": 101.874, "2019-09-30": 124.779, "2019-06-30": 119.359, "2019-03-31": "111.35900", "2018-12-31": 89.473, "2018-09-30": 117.318, "2018-06-30": 93.291, "2018-03-31": "100.23100", "2017-12-31": 54.407, "2017-09-30": 67.064, "2017-06-30": 134.66, "2017-03-31": "67.62100", "2016-12-31": 52.69, "2016-09-30": 51.404, "2016-06-30": 69.316, "2016-03-31": "52.07200", "2015-12-31": 42.748, "2015-09-30": 55.958, "2015-06-30": 44.522, "2015-03-31": "67.15800", "2014-12-31": 62.896, "2014-09-30": 26.501, "2014-06-30": 26.686, "2014-03-31": "22.47900", "2013-12-31": 26.396, "2013-09-30": 40.982, "2013-06-30": 43.906, "2013-03-31": "55.58500", "2012-12-31": 19.793, "2012-09-30": 39.524, "2012-06-30": 37.583, "2012-03-31": "35.49500", "2011-12-31": 30.547, "2011-09-30": 81.421, "2011-06-30": 21.3, "2011-03-31": "61.76000", "2010-12-31": 30.085, "2010-09-30": 27.746, "2010-06-30": 28.602, "2010-03-31": "106.61100", "2009-12-31": 19, "2009-09-30": 82.468, "2009-06-30": 6.2, "2009-03-31": "8.66300", "2008-12-31": 12.893, "2008-09-30": 19.554, "2008-06-30": 26.226, "2008-03-31": "32.38500", "2007-12-31": 26.163, "2007-09-30": 22.619, "2007-06-30": 30.851, "2007-03-31": "28.98400", "2006-12-31": 33.195, "2006-09-30": 32.927, "2006-06-30": 31.712, "2006-03-31": "28.65700", "2005-12-31": 27.836, "2005-09-30": 29.953, "2005-06-30": 30.076, "2005-03-31": "24.99700"}, "Total Depreciation And Amortization - Cash Flow": {"2020-09-30": 17.198, "2020-06-30": 49.446, "2020-03-31": "37.71300", "2019-12-31": 23.46, "2019-09-30": 24.087, "2019-06-30": 19.063, "2019-03-31": "27.03900", "2018-12-31": 17.763, "2018-09-30": 24.434, "2018-06-30": 22.76, "2018-03-31": "18.90500", "2017-12-31": 23.41, "2017-09-30": 16.661, "2017-06-30": 16.645, "2017-03-31": "16.90200", "2016-12-31": 15.858, "2016-09-30": 18.357, "2016-06-30": 16.314, "2016-03-31": "15.43800", "2015-12-31": 18.371, "2015-09-30": 0.222, "2015-06-30": -3.069, "2015-03-31": "10.02100", "2014-12-31": 12.993, "2014-09-30": 1.695, "2014-06-30": 6.466, "2014-03-31": "12.90800", "2013-12-31": 4.27, "2013-09-30": -5.249, "2013-06-30": -9.388, "2013-03-31": "-29.24200", "2012-12-31": -44.603, "2012-09-30": -15.939, "2012-06-30": -4.977, "2012-03-31": "-18.86000", "2011-12-31": -51.832, "2011-09-30": -26.288, "2011-06-30": -32.803, "2011-03-31": "-18.34100", "2010-12-31": -81.748, "2010-09-30": -29.586, "2010-06-30": 27.142, "2010-03-31": "27.86800", "2009-12-31": 27.838, "2009-09-30": 26.88, "2009-06-30": 26.314, "2009-03-31": "21.87800", "2008-12-31": 20.046, "2008-09-30": 19.117, "2008-06-30": 13.099, "2008-03-31": "13.43300", "2007-12-31": 12.736, "2007-09-30": 12.617, "2007-06-30": 12.393, "2007-03-31": "12.04300", "2006-12-31": 11.641, "2006-09-30": 11.298, "2006-06-30": 11.309, "2006-03-31": "11.04900", "2005-12-31": 11.053, "2005-09-30": 11.282, "2005-06-30": 11.852, "2005-03-31": "11.90500"}, "Other Non-Cash Items": {"2020-09-30": -43.761, "2020-06-30": -22.8, "2020-03-31": "-54.39600", "2019-12-31": 12.628, "2019-09-30": 30.323, "2019-06-30": 10.363, "2019-03-31": "-9.34600", "2018-12-31": -3.776, "2018-09-30": 6.905, "2018-06-30": 6.661, "2018-03-31": "-23.61900", "2017-12-31": 45.781, "2017-09-30": 22.822, "2017-06-30": -77.039, "2017-03-31": "0.91700", "2016-12-31": 41.703, "2016-09-30": -5.875, "2016-06-30": -13.761, "2016-03-31": "-6.10700", "2015-12-31": 15.233, "2015-09-30": -17.839, "2015-06-30": 25.982, "2015-03-31": "-53.95700", "2014-12-31": -25.251, "2014-09-30": -33.541, "2014-06-30": 14.694, "2014-03-31": "-3.42200", "2013-12-31": 140.943, "2013-09-30": -293.638, "2013-06-30": 250.447, "2013-03-31": "-7.98900", "2012-12-31": 35.389, "2012-09-30": -221.266, "2012-06-30": 154.431, "2012-03-31": "166.68000", "2011-12-31": 121.717, "2011-09-30": -227.194, "2011-06-30": 145.836, "2011-03-31": "113.46800", "2010-12-31": 27.515, "2010-09-30": -4.567, "2010-06-30": 70.8, "2010-03-31": "-113.92300", "2009-12-31": 657.495, "2009-09-30": -693.444, "2009-06-30": 40.211, "2009-03-31": "24.96100", "2008-12-31": 24.055, "2008-09-30": 16.507, "2008-06-30": 13.566, "2008-03-31": "-3.79900", "2007-12-31": 13.75, "2007-09-30": 14.477, "2007-06-30": 9.948, "2007-03-31": "0.87800", "2006-12-31": 15.707, "2006-09-30": 2.53, "2006-06-30": 10.545, "2006-03-31": "1.81900", "2005-12-31": 19.637, "2005-09-30": 4.69, "2005-06-30": 6.164, "2005-03-31": "1.94200"}, "Total Non-Cash Items": {"2020-09-30": -26.563, "2020-06-30": 26.646, "2020-03-31": "-16.68300", "2019-12-31": 36.088, "2019-09-30": 54.41, "2019-06-30": 29.426, "2019-03-31": "17.69300", "2018-12-31": 13.987, "2018-09-30": 31.339, "2018-06-30": 29.421, "2018-03-31": "-4.71400", "2017-12-31": 69.191, "2017-09-30": 39.483, "2017-06-30": -60.394, "2017-03-31": "17.81900", "2016-12-31": 57.561, "2016-09-30": 12.482, "2016-06-30": 2.553, "2016-03-31": "9.33100", "2015-12-31": 33.604, "2015-09-30": -17.617, "2015-06-30": 22.913, "2015-03-31": "-43.93600", "2014-12-31": -12.258, "2014-09-30": -31.846, "2014-06-30": 21.16, "2014-03-31": "9.48600", "2013-12-31": 145.213, "2013-09-30": -298.887, "2013-06-30": 241.059, "2013-03-31": "-37.23100", "2012-12-31": -9.214, "2012-09-30": -237.205, "2012-06-30": 149.454, "2012-03-31": "147.82000", "2011-12-31": 69.885, "2011-09-30": -253.482, "2011-06-30": 113.033, "2011-03-31": "95.12700", "2010-12-31": -54.233, "2010-09-30": -34.153, "2010-06-30": 97.942, "2010-03-31": "-86.05500", "2009-12-31": 685.333, "2009-09-30": -666.564, "2009-06-30": 66.525, "2009-03-31": "46.83900", "2008-12-31": 44.101, "2008-09-30": 35.624, "2008-06-30": 26.665, "2008-03-31": "9.63400", "2007-12-31": 26.486, "2007-09-30": 27.094, "2007-06-30": 22.341, "2007-03-31": "12.92100", "2006-12-31": 27.348, "2006-09-30": 13.828, "2006-06-30": 21.854, "2006-03-31": "12.86800", "2005-12-31": 30.69, "2005-09-30": 15.972, "2005-06-30": 18.016, "2005-03-31": "13.84700"}, "Change In Accounts Receivable": {"2020-09-30": 12.223, "2020-06-30": -40.515, "2020-03-31": "-4.10000", "2019-12-31": 24.421, "2019-09-30": -20.397, "2019-06-30": -2.334, "2019-03-31": "-5.90200", "2018-12-31": 2.73, "2018-09-30": 19.936, "2018-06-30": -11.943, "2018-03-31": "4.51900", "2017-12-31": 23.15, "2017-09-30": 4.664, "2017-06-30": -17.414, "2017-03-31": "27.90500", "2016-12-31": 26.447, "2016-09-30": -6.14, "2016-06-30": -14.412, "2016-03-31": "-4.73500", "2015-12-31": 6.029, "2015-09-30": 19.245, "2015-06-30": -22, "2015-03-31": "0.65600", "2014-12-31": 10.913, "2014-09-30": 6.239, "2014-06-30": 3.51, "2014-03-31": "-4.90700", "2013-12-31": -4.217, "2013-09-30": 273.53, "2013-06-30": -230.233, "2013-03-31": "-0.01800", "2012-12-31": -7.723, "2012-09-30": 291.927, "2012-06-30": -138.689, "2012-03-31": "-139.30900", "2011-12-31": -14.361, "2011-09-30": -22.174, "2011-06-30": -7.782, "2011-03-31": "40.71100", "2010-12-31": -9.08, "2010-09-30": 11.223, "2010-06-30": -31.546, "2010-03-31": "7.85100", "2009-12-31": -603.753, "2009-09-30": 652.292, "2009-06-30": 8.335, "2009-03-31": "-54.85600", "2008-12-31": -5.475, "2008-09-30": 25.593, "2008-06-30": 12.749, "2008-03-31": "-26.44500", "2007-12-31": 1.249, "2007-09-30": -0.696, "2007-06-30": -11.781, "2007-03-31": "9.79700", "2006-12-31": -5.484, "2006-09-30": 4.625, "2006-06-30": -19.067, "2006-03-31": "39.34300", "2005-12-31": -35.3369, "2005-09-30": -3.504, "2005-06-30": 218.51, "2005-03-31": "11.66700"}, "Change In Inventories": {"2020-09-30": 0, "2020-06-30": 0, "2020-03-31": "", "2019-12-31": 0, "2019-09-30": 0, "2019-06-30": 0, "2019-03-31": "", "2018-12-31": 0, "2018-09-30": 0, "2018-06-30": 0, "2018-03-31": "", "2017-12-31": 0, "2017-09-30": 0, "2017-06-30": 0, "2017-03-31": "", "2016-12-31": 0, "2016-09-30": 0, "2016-06-30": 0, "2016-03-31": "", "2015-12-31": 0, "2015-09-30": 0, "2015-06-30": 0, "2015-03-31": "", "2014-12-31": 0, "2014-09-30": 0, "2014-06-30": 0, "2014-03-31": "", "2013-12-31": 0, "2013-09-30": 0, "2013-06-30": 0, "2013-03-31": "", "2012-12-31": 0, "2012-09-30": 0, "2012-06-30": 0, "2012-03-31": "", "2011-12-31": 0, "2011-09-30": 0, "2011-06-30": 0, "2011-03-31": "", "2010-12-31": 0, "2010-09-30": 0, "2010-06-30": 0, "2010-03-31": "", "2009-12-31": 0, "2009-09-30": 0, "2009-06-30": 0, "2009-03-31": "", "2008-12-31": 0, "2008-09-30": 0, "2008-06-30": 0, "2008-03-31": "", "2007-12-31": 0, "2007-09-30": 0, "2007-06-30": 0, "2007-03-31": "", "2006-12-31": 0, "2006-09-30": 0, "2006-06-30": 0, "2006-03-31": "", "2005-12-31": 0, "2005-09-30": 0, "2005-06-30": 0, "2005-03-31": ""}, "Change In Accounts Payable": {"2020-09-30": -3.608, "2020-06-30": 0.612, "2020-03-31": "-4.62400", "2019-12-31": 0.265, "2019-09-30": 3.662, "2019-06-30": 7.028, "2019-03-31": "3.45700", "2018-12-31": 1.312, "2018-09-30": 0.491, "2018-06-30": 0.411, "2018-03-31": "-2.45400", "2017-12-31": -0.246, "2017-09-30": -0.943, "2017-06-30": 1.194, "2017-03-31": "0.15000", "2016-12-31": -0.254, "2016-09-30": -2.286, "2016-06-30": 0.3, "2016-03-31": "0.32400", "2015-12-31": -0.237, "2015-09-30": 0.115, "2015-06-30": -2.535, "2015-03-31": "0.17600", "2014-12-31": 2.891, "2014-09-30": -1.994, "2014-06-30": 1.622, "2014-03-31": "-1.06200", "2013-12-31": 0.686, "2013-09-30": -3.157, "2013-06-30": 2.555, "2013-03-31": "-2.70000", "2012-12-31": -1.792, "2012-09-30": -11.948, "2012-06-30": 1.607, "2012-03-31": "-2.23300", "2011-12-31": 0.511, "2011-09-30": -9.096, "2011-06-30": 3.319, "2011-03-31": "-9.07400", "2010-12-31": 3.471, "2010-09-30": -7.119, "2010-06-30": 7.532, "2010-03-31": "-4.76100", "2009-12-31": -4.643, "2009-09-30": -17.283, "2009-06-30": 6.922, "2009-03-31": "1.96200", "2008-12-31": 8.868, "2008-09-30": -3.242, "2008-06-30": -2.47, "2008-03-31": "-14.52100", "2007-12-31": -5.502, "2007-09-30": 6.857, "2007-06-30": -1.539, "2007-03-31": "-0.90700", "2006-12-31": 4.812, "2006-09-30": 2.687, "2006-06-30": 10.478, "2006-03-31": "1.80000", "2005-12-31": 10.59, "2005-09-30": -4.781, "2005-06-30": 8.761, "2005-03-31": "0.43500"}, "Change In Assets/Liabilities": {"2020-09-30": 41.732, "2020-06-30": -57.641, "2020-03-31": "-25.98200", "2019-12-31": -35.108, "2019-09-30": 26.548, "2019-06-30": -12.023, "2019-03-31": "-24.47200", "2018-12-31": -24.858, "2018-09-30": -355.314, "2018-06-30": 1.129, "2018-03-31": "327.67800", "2017-12-31": -67.617, "2017-09-30": 3.224, "2017-06-30": 5.314, "2017-03-31": "-3.35800", "2016-12-31": -121.715, "2016-09-30": 84.456, "2016-06-30": 3.005, "2016-03-31": "-17.51300", "2015-12-31": -53.352, "2015-09-30": 63.73, "2015-06-30": 12.115, "2015-03-31": "23.24100", "2014-12-31": -46.731, "2014-09-30": 7.769, "2014-06-30": 10.238, "2014-03-31": "-3.62400", "2013-12-31": -59.096, "2013-09-30": 123.661, "2013-06-30": 66.111, "2013-03-31": "26.03500", "2012-12-31": -25.481, "2012-09-30": -30.145, "2012-06-30": 32.868, "2012-03-31": "19.86100", "2011-12-31": -35.979, "2011-09-30": 48.815, "2011-06-30": 4.459, "2011-03-31": "119.56600", "2010-12-31": -68.854, "2010-09-30": 24.748, "2010-06-30": -13.724, "2010-03-31": "83.45900", "2009-12-31": -56.261, "2009-09-30": 17.026, "2009-06-30": 1.582, "2009-03-31": "-27.28500", "2008-12-31": 5.416, "2008-09-30": 6.674, "2008-06-30": 12.341, "2008-03-31": "-11.79100", "2007-12-31": -33.815, "2007-09-30": 35.426, "2007-06-30": -13.737, "2007-03-31": "-20.91300", "2006-12-31": 29.239, "2006-09-30": 19.562, "2006-06-30": -79.471, "2006-03-31": "-0.16300", "2005-12-31": -18.479, "2005-09-30": -4.944, "2005-06-30": -9.779, "2005-03-31": "5.57600"}, "Total Change In Assets/Liabilities": {"2020-09-30": -0.653, "2020-06-30": -97.251, "2020-03-31": "-22.87700", "2019-12-31": 3.447, "2019-09-30": 0.206, "2019-06-30": -69.053, "2019-03-31": "10.98100", "2018-12-31": 23.803, "2018-09-30": -339.544, "2018-06-30": -60.14, "2018-03-31": "362.87100", "2017-12-31": -72.444, "2017-09-30": 6.656, "2017-06-30": -20.964, "2017-03-31": "52.15900", "2016-12-31": -102.996, "2016-09-30": 64.881, "2016-06-30": -52.542, "2016-03-31": "13.75400", "2015-12-31": -40.842, "2015-09-30": 82.156, "2015-06-30": -53.118, "2015-03-31": "39.51000", "2014-12-31": 64.063, "2014-09-30": -18.675, "2014-06-30": -19.367, "2014-03-31": "31.11700", "2013-12-31": -104.063, "2013-09-30": 376.946, "2013-06-30": -213.841, "2013-03-31": "54.94200", "2012-12-31": -28.952, "2012-09-30": 246.638, "2012-06-30": -100.824, "2012-03-31": "-98.82400", "2011-12-31": -105.619, "2011-09-30": 50.741, "2011-06-30": -10.685, "2011-03-31": "181.65800", "2010-12-31": -102.155, "2010-09-30": 17.213, "2010-06-30": -48.238, "2010-03-31": "110.94800", "2009-12-31": -674.826, "2009-09-30": 661.603, "2009-06-30": 15.479, "2009-03-31": "-82.64400", "2008-12-31": 2.245, "2008-09-30": 30.963, "2008-06-30": -5.169, "2008-03-31": "-23.01500", "2007-12-31": -36.404, "2007-09-30": 55.049, "2007-06-30": -56.744, "2007-03-31": "3.03500", "2006-12-31": 27.777, "2006-09-30": 16.748, "2006-06-30": -90.922, "2006-03-31": "60.15200", "2005-12-31": -44.2789, "2005-09-30": -12.822, "2005-06-30": 203.752, "2005-03-31": "33.64500"}, "Cash Flow From Operating Activities": {"2020-09-30": 115.468, "2020-06-30": 83.181, "2020-03-31": "17.60900", "2019-12-31": 141.409, "2019-09-30": 179.395, "2019-06-30": 79.732, "2019-03-31": "140.03300", "2018-12-31": 127.263, "2018-09-30": -190.887, "2018-06-30": 62.572, "2018-03-31": "458.38800", "2017-12-31": 51.154, "2017-09-30": 113.203, "2017-06-30": 53.302, "2017-03-31": "137.59900", "2016-12-31": 7.255, "2016-09-30": 128.767, "2016-06-30": 19.327, "2016-03-31": "75.15700", "2015-12-31": 35.51, "2015-09-30": 120.497, "2015-06-30": 14.317, "2015-03-31": "62.73200", "2014-12-31": 114.701, "2014-09-30": -24.02, "2014-06-30": 28.479, "2014-03-31": "63.08200", "2013-12-31": 67.546, "2013-09-30": 119.041, "2013-06-30": 71.124, "2013-03-31": "73.29600", "2012-12-31": -18.373, "2012-09-30": 48.957, "2012-06-30": 86.213, "2012-03-31": "84.49100", "2011-12-31": -5.187, "2011-09-30": -121.32, "2011-06-30": 123.648, "2011-03-31": "338.54500", "2010-12-31": -126.303, "2010-09-30": 10.806, "2010-06-30": 78.306, "2010-03-31": "131.50400", "2009-12-31": 29.507, "2009-09-30": 77.507, "2009-06-30": 88.204, "2009-03-31": "-27.14200", "2008-12-31": 59.239, "2008-09-30": 86.141, "2008-06-30": 47.722, "2008-03-31": "19.00400", "2007-12-31": 16.245, "2007-09-30": 104.762, "2007-06-30": -3.552, "2007-03-31": "44.94000", "2006-12-31": 88.32, "2006-09-30": 63.503, "2006-06-30": -37.356, "2006-03-31": "101.67700", "2005-12-31": 14.247, "2005-09-30": 33.103, "2005-06-30": 251.844, "2005-03-31": "72.48900"}, "Net Change In Property, Plant, And Equipment": {"2020-09-30": -25.386, "2020-06-30": -31.756, "2020-03-31": "-21.66500", "2019-12-31": -24.7, "2019-09-30": -27.413, "2019-06-30": -26.523, "2019-03-31": "-16.39100", "2018-12-31": -44.531, "2018-09-30": -21.437, "2018-06-30": -28.939, "2018-03-31": "-15.68800", "2017-12-31": -14.93, "2017-09-30": -12.727, "2017-06-30": -8.962, "2017-03-31": "-4.40900", "2016-12-31": -10.321, "2016-09-30": -22.969, "2016-06-30": -8.214, "2016-03-31": "-5.39300", "2015-12-31": -16.673, "2015-09-30": -7.599, "2015-06-30": 5.853, "2015-03-31": "9.61700", "2014-12-31": 17.062, "2014-09-30": -9.105, "2014-06-30": 5.544, "2014-03-31": "-6.72400", "2013-12-31": -0.312, "2013-09-30": 28.511, "2013-06-30": 26.008, "2013-03-31": "27.30600", "2012-12-31": 18.234, "2012-09-30": 11.174, "2012-06-30": 32.324, "2012-03-31": "-2.75700", "2011-12-31": 55.329, "2011-09-30": 11.399, "2011-06-30": -13.061, "2011-03-31": "5.23500", "2010-12-31": 53.443, "2010-09-30": 19.75, "2010-06-30": -14.708, "2010-03-31": "15.73500", "2009-12-31": -25.246, "2009-09-30": -9.742, "2009-06-30": -23.529, "2009-03-31": "-26.59700", "2008-12-31": -9.358, "2008-09-30": -20.949, "2008-06-30": -20.467, "2008-03-31": "-29.27000", "2007-12-31": -25.511, "2007-09-30": -24.133, "2007-06-30": -23.039, "2007-03-31": "-31.63500", "2006-12-31": -35.58, "2006-09-30": -29.046, "2006-06-30": -18.355, "2006-03-31": "-29.27500", "2005-12-31": -26.511, "2005-09-30": -25.913, "2005-06-30": -15.409, "2005-03-31": "-46.57300"}, "Net Change In Intangible Assets": {"2020-09-30": 0, "2020-06-30": 0, "2020-03-31": "", "2019-12-31": 0, "2019-09-30": 0, "2019-06-30": 0, "2019-03-31": "", "2018-12-31": 0, "2018-09-30": 0, "2018-06-30": 0, "2018-03-31": "", "2017-12-31": 0, "2017-09-30": 0, "2017-06-30": 0, "2017-03-31": "", "2016-12-31": 77.665, "2016-09-30": 0, "2016-06-30": 0, "2016-03-31": "", "2015-12-31": 45.862, "2015-09-30": 0, "2015-06-30": 0, "2015-03-31": "", "2014-12-31": 0, "2014-09-30": 0, "2014-06-30": 0, "2014-03-31": "", "2013-12-31": 0, "2013-09-30": 0, "2013-06-30": 0, "2013-03-31": "", "2012-12-31": 0, "2012-09-30": 0, "2012-06-30": 0, "2012-03-31": "", "2011-12-31": 0, "2011-09-30": 0, "2011-06-30": 0, "2011-03-31": "", "2010-12-31": 0, "2010-09-30": 0, "2010-06-30": 0, "2010-03-31": "", "2009-12-31": 0, "2009-09-30": 0, "2009-06-30": 0, "2009-03-31": "", "2008-12-31": 0, "2008-09-30": 0, "2008-06-30": 0, "2008-03-31": "", "2007-12-31": 0, "2007-09-30": 347.365, "2007-06-30": -347.365, "2007-03-31": "", "2006-12-31": 0, "2006-09-30": 0, "2006-06-30": 0, "2006-03-31": "", "2005-12-31": 0, "2005-09-30": 0, "2005-06-30": 0, "2005-03-31": ""}, "Net Acquisitions/Divestitures": {"2020-09-30": 0, "2020-06-30": -58.764, "2020-03-31": "-1.23500", "2019-12-31": -162.936, "2019-09-30": 0, "2019-06-30": -73.792, "2019-03-31": "", "2018-12-31": -48.828, "2018-09-30": 0, "2018-06-30": -106.298, "2018-03-31": "", "2017-12-31": 4.117, "2017-09-30": 0, "2017-06-30": 275.057, "2017-03-31": "25.64600", "2016-12-31": 0, "2016-09-30": -28.67, "2016-06-30": 13.198, "2016-03-31": "14.74500", "2015-12-31": -22.242, "2015-09-30": 0, "2015-06-30": 0, "2015-03-31": "123.13700", "2014-12-31": 164.176, "2014-09-30": 0, "2014-06-30": 0, "2014-03-31": "18.19400", "2013-12-31": 0, "2013-09-30": 0, "2013-06-30": 0, "2013-03-31": "", "2012-12-31": 0, "2012-09-30": 0, "2012-06-30": 0, "2012-03-31": "", "2011-12-31": 0, "2011-09-30": 176.836, "2011-06-30": 12.181, "2011-03-31": "961.86200", "2010-12-31": 0, "2010-09-30": 0, "2010-06-30": 0, "2010-03-31": "106.48900", "2009-12-31": 0, "2009-09-30": 51.381, "2009-06-30": 0, "2009-03-31": "", "2008-12-31": 0, "2008-09-30": 0, "2008-06-30": 0, "2008-03-31": "", "2007-12-31": 0, "2007-09-30": 0, "2007-06-30": 0, "2007-03-31": "", "2006-12-31": 0, "2006-09-30": -19.45, "2006-06-30": 0, "2006-03-31": "", "2005-12-31": 0, "2005-09-30": 0, "2005-06-30": 0, "2005-03-31": "18.34300"}, "Net Change In Short-term Investments": {"2020-09-30": 301.218, "2020-06-30": -2466.433, "2020-03-31": "169.87900", "2019-12-31": 125.907, "2019-09-30": 693.9739, "2019-06-30": -259.4029, "2019-03-31": "-595.07600", "2018-12-31": 146.709, "2018-09-30": 289.789, "2018-06-30": 732.754, "2018-03-31": "-560.56300", "2017-12-31": 1044.591, "2017-09-30": 450.556, "2017-06-30": -52.141, "2017-03-31": "-856.72700", "2016-12-31": 1124.492, "2016-09-30": -717.925, "2016-06-30": 612.45, "2016-03-31": "-805.69900", "2015-12-31": 305, "2015-09-30": -664.791, "2015-06-30": 755.582, "2015-03-31": "-734.00400", "2014-12-31": 69.758, "2014-09-30": 411.122, "2014-06-30": 42.995, "2014-03-31": "-302.14500", "2013-12-31": 494.807, "2013-09-30": -314.206, "2013-06-30": -85.693, "2013-03-31": "-511.05200", "2012-12-31": 245.016, "2012-09-30": 296.34, "2012-06-30": -232.202, "2012-03-31": "-317.35900", "2011-12-31": -24.973, "2011-09-30": 331.652, "2011-06-30": -156.368, "2011-03-31": "-186.89600", "2010-12-31": 650.768, "2010-09-30": -312.262, "2010-06-30": 129.666, "2010-03-31": "-143.30200", "2009-12-31": -503.374, "2009-09-30": 141.054, "2009-06-30": 530.96, "2009-03-31": "-586.01200", "2008-12-31": 154.09, "2008-09-30": 66.744, "2008-06-30": 408.05, "2008-03-31": "-537.29100", "2007-12-31": 246.724, "2007-09-30": -164.336, "2007-06-30": 451.251, "2007-03-31": "-451.25100", "2006-12-31": 222.483, "2006-09-30": 60.625, "2006-06-30": 117.213, "2006-03-31": "-267.90600", "2005-12-31": 283.744, "2005-09-30": -130.729, "2005-06-30": 8.434, "2005-03-31": "-258.71800"}, "Net Change In Long-Term Investments": {"2020-09-30": -699.765, "2020-06-30": -544.939, "2020-03-31": "-1286.13900", "2019-12-31": 255.2557, "2019-09-30": -325.3029, "2019-06-30": 195.66, "2019-03-31": "-34.55710", "2018-12-31": 260.075, "2018-09-30": 438.4501, "2018-06-30": -45.337, "2018-03-31": "128.86900", "2017-12-31": -542.301, "2017-09-30": -258.507, "2017-06-30": 573.815, "2017-03-31": "-70.33900", "2016-12-31": -741.7397, "2016-09-30": 600.8198, "2016-06-30": -210.942, "2016-03-31": "243.59900", "2015-12-31": 9.0781, "2015-09-30": 443.3358, "2015-06-30": -341.4329, "2015-03-31": "186.01700", "2014-12-31": 393.3984, "2014-09-30": -126.338, "2014-06-30": 164.5039, "2014-03-31": "-44.48100", "2013-12-31": -245, "2013-09-30": 22.133, "2013-06-30": 50.355, "2013-03-31": "-60.62200", "2012-12-31": -226.619, "2012-09-30": -362.2949, "2012-06-30": -179.5411, "2012-03-31": "-406.43600", "2011-12-31": -305.3029, "2011-09-30": 294.983, "2011-06-30": 201.888, "2011-03-31": "573.18900", "2010-12-31": -698.124, "2010-09-30": -29.502, "2010-06-30": -394.851, "2010-03-31": "-386.40600", "2009-12-31": 333.4971, "2009-09-30": 501.8129, "2009-06-30": -448.626, "2009-03-31": "-128.12200", "2008-12-31": -269.5709, "2008-09-30": 32.0199, "2008-06-30": 153.919, "2008-03-31": "67.18900", "2007-12-31": 45.823, "2007-09-30": -214.302, "2007-06-30": 2.848, "2007-03-31": "198.15300", "2006-12-31": -99.467, "2006-09-30": -67.134, "2006-06-30": -133.252, "2006-03-31": "27.79700", "2005-12-31": -61.407, "2005-09-30": -230.83, "2005-06-30": -449.799, "2005-03-31": "-71.82000"}, "Net Change In Investments - Total": {"2020-09-30": -398.547, "2020-06-30": -3011.372, "2020-03-31": "-1116.26000", "2019-12-31": 381.1627, "2019-09-30": 368.671, "2019-06-30": -63.7429, "2019-03-31": "-629.63310", "2018-12-31": 406.784, "2018-09-30": 728.2389, "2018-06-30": 687.4171, "2018-03-31": "-431.69400", "2017-12-31": 502.29, "2017-09-30": 192.049, "2017-06-30": 521.674, "2017-03-31": "-927.06600", "2016-12-31": 382.7523, "2016-09-30": -117.1052, "2016-06-30": 401.508, "2016-03-31": "-562.10000", "2015-12-31": 314.0781, "2015-09-30": -221.4552, "2015-06-30": 414.1492, "2015-03-31": "-547.98710", "2014-12-31": 463.1563, "2014-09-30": 284.7839, "2014-06-30": 207.499, "2014-03-31": "-346.62600", "2013-12-31": 249.8069, "2013-09-30": -292.073, "2013-06-30": -35.338, "2013-03-31": "-571.67400", "2012-12-31": 18.397, "2012-09-30": -65.955, "2012-06-30": -411.743, "2012-03-31": "-723.79500", "2011-12-31": -330.2759, "2011-09-30": 626.635, "2011-06-30": 45.52, "2011-03-31": "386.29300", "2010-12-31": -47.356, "2010-09-30": -341.7641, "2010-06-30": -265.1849, "2010-03-31": "-529.70800", "2009-12-31": -169.8769, "2009-09-30": 642.8669, "2009-06-30": 82.334, "2009-03-31": "-714.13400", "2008-12-31": -115.4809, "2008-09-30": 98.7639, "2008-06-30": 561.969, "2008-03-31": "-470.10200", "2007-12-31": 292.547, "2007-09-30": -378.638, "2007-06-30": 454.099, "2007-03-31": "-253.09800", "2006-12-31": 123.016, "2006-09-30": -6.509, "2006-06-30": -16.039, "2006-03-31": "-240.10900", "2005-12-31": 222.3371, "2005-09-30": -361.559, "2005-06-30": -441.365, "2005-03-31": "-330.53800"}, "Investing Activities - Other": {"2020-09-30": -387.678, "2020-06-30": -3286.187, "2020-03-31": "-302.13500", "2019-12-31": -653.595, "2019-09-30": -461.005, "2019-06-30": -236.624, "2019-03-31": "68.05200", "2018-12-31": -325.096, "2018-09-30": -341.592, "2018-06-30": -353.481, "2018-03-31": "-7.28300", "2017-12-31": -442.378, "2017-09-30": -311.451, "2017-06-30": -392.016, "2017-03-31": "-75.56600", "2016-12-31": -513.685, "2016-09-30": -304.821, "2016-06-30": -275.192, "2016-03-31": "-141.79400", "2015-12-31": -437.668, "2015-09-30": -329.661, "2015-06-30": -403.311, "2015-03-31": "-174.10300", "2014-12-31": -480.254, "2014-09-30": -273.783, "2014-06-30": -53.343, "2014-03-31": "-8.27800", "2013-12-31": -67.21, "2013-09-30": 38.428, "2013-06-30": 59.644, "2013-03-31": "311.94700", "2012-12-31": 63.8999, "2012-09-30": 155.2771, "2012-06-30": 259.678, "2012-03-31": "400.92300", "2011-12-31": 456.823, "2011-09-30": 49.357, "2011-06-30": 141.676, "2011-03-31": "119.18500", "2010-12-31": 399.742, "2010-09-30": 215.258, "2010-06-30": 110.742, "2010-03-31": "200.38000", "2009-12-31": -46.059, "2009-09-30": 23.971, "2009-06-30": -67.069, "2009-03-31": "138.83400", "2008-12-31": -120.225, "2008-09-30": -369.115, "2008-06-30": -317.622, "2008-03-31": "-44.88600", "2007-12-31": -174.167, "2007-09-30": -304.947, "2007-06-30": -243.781, "2007-03-31": "5.49400", "2006-12-31": -131.962, "2006-09-30": -107.664, "2006-06-30": -202.887, "2006-03-31": "-211.79900", "2005-12-31": -263.888, "2005-09-30": -60.676, "2005-06-30": -121.21, "2005-03-31": "-65.48700"}, "Cash Flow From Investing Activities": {"2020-09-30": -811.611, "2020-06-30": -6388.079, "2020-03-31": "-1441.29500", "2019-12-31": -460.068, "2019-09-30": -119.747, "2019-06-30": -400.682, "2019-03-31": "-577.97200", "2018-12-31": -11.671, "2018-09-30": 365.21, "2018-06-30": 198.699, "2018-03-31": "-454.66500", "2017-12-31": 49.099, "2017-09-30": -132.129, "2017-06-30": 395.753, "2017-03-31": "-981.39500", "2016-12-31": -63.589, "2016-09-30": -473.565, "2016-06-30": 131.3, "2016-03-31": "-694.54200", "2015-12-31": -116.643, "2015-09-30": -558.715, "2015-06-30": 16.691, "2015-03-31": "-589.33600", "2014-12-31": 164.14, "2014-09-30": 1.896, "2014-06-30": 159.7, "2014-03-31": "-343.43400", "2013-12-31": 182.285, "2013-09-30": -225.134, "2013-06-30": 50.314, "2013-03-31": "-232.42100", "2012-12-31": 100.531, "2012-09-30": 100.496, "2012-06-30": -119.741, "2012-03-31": "-325.62900", "2011-12-31": 181.876, "2011-09-30": 864.227, "2011-06-30": 186.316, "2011-03-31": "1472.57500", "2010-12-31": 405.829, "2010-09-30": -106.756, "2010-06-30": -169.151, "2010-03-31": "-207.10400", "2009-12-31": -241.182, "2009-09-30": 708.477, "2009-06-30": -8.264, "2009-03-31": "-601.89700", "2008-12-31": -245.064, "2008-09-30": -291.3, "2008-06-30": 223.88, "2008-03-31": "-544.25800", "2007-12-31": 92.869, "2007-09-30": -360.353, "2007-06-30": -160.086, "2007-03-31": "-279.23900", "2006-12-31": -44.526, "2006-09-30": -162.669, "2006-06-30": -237.281, "2006-03-31": "-481.18300", "2005-12-31": -68.062, "2005-09-30": -448.148, "2005-06-30": -577.984, "2005-03-31": "-424.25500"}, "Net Long-Term Debt": {"2020-09-30": -6.84, "2020-06-30": -37.361, "2020-03-31": "707.30300", "2019-12-31": 70.261, "2019-09-30": 89.463, "2019-06-30": -24.32, "2019-03-31": "-8.68800", "2018-12-31": -35.077, "2018-09-30": 61.559, "2018-06-30": -2.478, "2018-03-31": "-651.45100", "2017-12-31": -0.136, "2017-09-30": 1.166, "2017-06-30": 167.457, "2017-03-31": "-0.44200", "2016-12-31": -5.39, "2016-09-30": -0.238, "2016-06-30": 71.417, "2016-03-31": "74.93200", "2015-12-31": -1.263, "2015-09-30": 229.85, "2015-06-30": -1.343, "2015-03-31": "116.86000", "2014-12-31": -52.3, "2014-09-30": -0.761, "2014-06-30": -0.771, "2014-03-31": "-0.46900", "2013-12-31": -0.194, "2013-09-30": 67.65, "2013-06-30": -0.939, "2013-03-31": "-0.66900", "2012-12-31": 27.751, "2012-09-30": -177.782, "2012-06-30": -8.216, "2012-03-31": "-37.78100", "2011-12-31": -47.555, "2011-09-30": -48.26, "2011-06-30": -8.42, "2011-03-31": "-216.49500", "2010-12-31": -183.122, "2010-09-30": -12.785, "2010-06-30": 81.482, "2010-03-31": "", "2009-12-31": -82.392, "2009-09-30": 88.011, "2009-06-30": 2.997, "2009-03-31": "", "2008-12-31": 85, "2008-09-30": 40, "2008-06-30": 0, "2008-03-31": "205.00000", "2007-12-31": -0.964, "2007-09-30": 0, "2007-06-30": 0, "2007-03-31": "", "2006-12-31": -100.2419, "2006-09-30": -0.0001, "2006-06-30": 118.557, "2006-03-31": "", "2005-12-31": 0, "2005-09-30": 0, "2005-06-30": 125, "2005-03-31": ""}, "Net Current Debt": {"2020-09-30": -46.387, "2020-06-30": 94.914, "2020-03-31": "-92.87100", "2019-12-31": 111.038, "2019-09-30": -29.632, "2019-06-30": -73.681, "2019-03-31": "-35.42800", "2018-12-31": -118.97, "2018-09-30": 73.756, "2018-06-30": -62.254, "2018-03-31": "-139.04900", "2017-12-31": 14.527, "2017-09-30": -120.237, "2017-06-30": -26.07, "2017-03-31": "87.10000", "2016-12-31": -126.727, "2016-09-30": -38.512, "2016-06-30": 39.326, "2016-03-31": "92.84100", "2015-12-31": -165.024, "2015-09-30": 36.532, "2015-06-30": -218.625, "2015-03-31": "-50.83500", "2014-12-31": -116.666, "2014-09-30": 9.629, "2014-06-30": 45.746, "2014-03-31": "35.97000", "2013-12-31": -93.017, "2013-09-30": 22.498, "2013-06-30": 8.835, "2013-03-31": "4.59700", "2012-12-31": -164.268, "2012-09-30": -22.526, "2012-06-30": 22.306, "2012-03-31": "62.77100", "2011-12-31": 14.838, "2011-09-30": -70.636, "2011-06-30": -10.609, "2011-03-31": "-217.03300", "2010-12-31": -19.119, "2010-09-30": 24.007, "2010-06-30": -50.244, "2010-03-31": "-454.86100", "2009-12-31": 65.796, "2009-09-30": -102.014, "2009-06-30": -42.309, "2009-03-31": "-5.19200", "2008-12-31": -368.442, "2008-09-30": -116.463, "2008-06-30": -140.083, "2008-03-31": "-34.53100", "2007-12-31": -86.672, "2007-09-30": 31.49, "2007-06-30": 115.444, "2007-03-31": "94.17800", "2006-12-31": 98.426, "2006-09-30": 69.365, "2006-06-30": 106.419, "2006-03-31": "71.50500", "2005-12-31": 81.408, "2005-09-30": 74.935, "2005-06-30": 156.36, "2005-03-31": "16.68300"}, "Debt Issuance/Retirement Net - Total": {"2020-09-30": -53.227, "2020-06-30": 57.553, "2020-03-31": "614.43200", "2019-12-31": 181.299, "2019-09-30": 59.831, "2019-06-30": -98.001, "2019-03-31": "-44.11600", "2018-12-31": -154.047, "2018-09-30": 135.315, "2018-06-30": -64.732, "2018-03-31": "-790.50000", "2017-12-31": 14.391, "2017-09-30": -119.071, "2017-06-30": 141.387, "2017-03-31": "86.65800", "2016-12-31": -132.117, "2016-09-30": -38.75, "2016-06-30": 110.743, "2016-03-31": "167.77300", "2015-12-31": -166.287, "2015-09-30": 266.382, "2015-06-30": -219.968, "2015-03-31": "66.02500", "2014-12-31": -168.966, "2014-09-30": 8.868, "2014-06-30": 44.975, "2014-03-31": "35.50100", "2013-12-31": -93.211, "2013-09-30": 90.148, "2013-06-30": 7.896, "2013-03-31": "3.92800", "2012-12-31": -136.517, "2012-09-30": -200.308, "2012-06-30": 14.09, "2012-03-31": "24.99000", "2011-12-31": -32.717, "2011-09-30": -118.896, "2011-06-30": -19.029, "2011-03-31": "-433.52800", "2010-12-31": -202.241, "2010-09-30": 11.222, "2010-06-30": 31.238, "2010-03-31": "-454.86100", "2009-12-31": -16.596, "2009-09-30": -14.003, "2009-06-30": -39.312, "2009-03-31": "-5.19200", "2008-12-31": -283.442, "2008-09-30": -76.463, "2008-06-30": -140.083, "2008-03-31": "170.46900", "2007-12-31": -87.636, "2007-09-30": 31.49, "2007-06-30": 115.444, "2007-03-31": "94.17800", "2006-12-31": -1.8159, "2006-09-30": 69.3649, "2006-06-30": 224.976, "2006-03-31": "71.50500", "2005-12-31": 81.408, "2005-09-30": 74.935, "2005-06-30": 281.36, "2005-03-31": "16.68300"}, "Net Common Equity Issued/Repurchased": {"2020-09-30": -50.832, "2020-06-30": -126.829, "2020-03-31": "-156.09400", "2019-12-31": -131.86, "2019-09-30": -134.268, "2019-06-30": -88.918, "2019-03-31": "-98.07700", "2018-12-31": -105.009, "2018-09-30": -58.086, "2018-06-30": 0, "2018-03-31": "", "2017-12-31": 0, "2017-09-30": 0, "2017-06-30": 0, "2017-03-31": "", "2016-12-31": 0, "2016-09-30": 0, "2016-06-30": 0, "2016-03-31": "", "2015-12-31": 0, "2015-09-30": 0, "2015-06-30": 0, "2015-03-31": "", "2014-12-31": 0, "2014-09-30": 0, "2014-06-30": 0, "2014-03-31": "", "2013-12-31": 0, "2013-09-30": 0, "2013-06-30": 0, "2013-03-31": "-0.32100", "2012-12-31": -98.675, "2012-09-30": -2.535, "2012-06-30": -0.841, "2012-03-31": "-1.57300", "2011-12-31": -3.722, "2011-09-30": -13.09, "2011-06-30": -7.575, "2011-03-31": "", "2010-12-31": 0, "2010-09-30": 0, "2010-06-30": 0, "2010-03-31": "", "2009-12-31": 0, "2009-09-30": 0, "2009-06-30": 0, "2009-03-31": "", "2008-12-31": 0, "2008-09-30": 0, "2008-06-30": 0, "2008-03-31": "", "2007-12-31": 0, "2007-09-30": 0, "2007-06-30": 0, "2007-03-31": "", "2006-12-31": 0, "2006-09-30": 0, "2006-06-30": 0, "2006-03-31": "", "2005-12-31": 0, "2005-09-30": 0, "2005-06-30": 0, "2005-03-31": ""}, "Net Total Equity Issued/Repurchased": {"2020-09-30": -50.832, "2020-06-30": -126.85, "2020-03-31": "183.86400", "2019-12-31": -131.86, "2019-09-30": -134.268, "2019-06-30": -88.918, "2019-03-31": "-98.07700", "2018-12-31": -105.009, "2018-09-30": -58.086, "2018-06-30": 0, "2018-03-31": "", "2017-12-31": 0, "2017-09-30": 0, "2017-06-30": 0, "2017-03-31": "", "2016-12-31": 0, "2016-09-30": 0, "2016-06-30": 0, "2016-03-31": "", "2015-12-31": 0, "2015-09-30": 0, "2015-06-30": 0, "2015-03-31": "", "2014-12-31": 0, "2014-09-30": 0, "2014-06-30": 0, "2014-03-31": "", "2013-12-31": 0, "2013-09-30": 0, "2013-06-30": 0, "2013-03-31": "-0.32100", "2012-12-31": -98.675, "2012-09-30": -2.535, "2012-06-30": -0.841, "2012-03-31": "-1.57300", "2011-12-31": -3.722, "2011-09-30": -13.09, "2011-06-30": -7.575, "2011-03-31": "", "2010-12-31": 0, "2010-09-30": 0, "2010-06-30": 0, "2010-03-31": "", "2009-12-31": 0, "2009-09-30": 0, "2009-06-30": 0, "2009-03-31": "", "2008-12-31": 0, "2008-09-30": 0, "2008-06-30": 0, "2008-03-31": "", "2007-12-31": 0, "2007-09-30": 0, "2007-06-30": 0, "2007-03-31": "", "2006-12-31": 0, "2006-09-30": 0, "2006-06-30": 0, "2006-03-31": "", "2005-12-31": 0, "2005-09-30": 0, "2005-06-30": 0, "2005-03-31": ""}, "Total Common And Preferred Stock Dividends Paid": {"2020-09-30": -8.642, "2020-06-30": -8.932, "2020-03-31": "-4.25600", "2019-12-31": -4.398, "2019-09-30": -4.496, "2019-06-30": -4.575, "2019-03-31": "-4.66800", "2018-12-31": -4.167, "2018-09-30": -4.205, "2018-06-30": -4.203, "2018-03-31": "-4.20400", "2017-12-31": -7.206, "2017-09-30": 0, "2017-06-30": -7.206, "2017-03-31": "", "2016-12-31": -3.603, "2016-09-30": -3.603, "2016-06-30": -7.206, "2016-03-31": "", "2015-12-31": -7.206, "2015-09-30": -3.603, "2015-06-30": -3.603, "2015-03-31": "-3.60300", "2014-12-31": -2.886, "2014-09-30": -2.886, "2014-06-30": -2.886, "2014-03-31": "-2.88500", "2013-12-31": -2.886, "2013-09-30": -2.886, "2013-06-30": 0, "2013-03-31": "-2.89100", "2012-12-31": -6.153, "2012-09-30": -3.076, "2012-06-30": -3.084, "2012-03-31": "-3.08500", "2011-12-31": -3.135, "2011-09-30": -3.109, "2011-06-30": -3.125, "2011-03-31": "-3.13000", "2010-12-31": -3.131, "2010-09-30": -3.13, "2010-06-30": -3.13, "2010-03-31": "-3.13000", "2009-12-31": -3.13, "2009-09-30": -3.13, "2009-06-30": -3.132, "2009-03-31": "-3.13000", "2008-12-31": -2.869, "2008-09-30": -2.87, "2008-06-30": -2.869, "2008-03-31": "-2.86900", "2007-12-31": -2.87, "2007-09-30": -2.87, "2007-06-30": -2.869, "2007-03-31": "-2.86900", "2006-12-31": -2.87, "2006-09-30": -2.869, "2006-06-30": -2.87, "2006-03-31": "-2.86900", "2005-12-31": -2.869, "2005-09-30": -2.87, "2005-06-30": -2.87, "2005-03-31": "-2.86900"}, "Financial Activities - Other": {"2020-09-30": 772.03, "2020-06-30": 6318.14, "2020-03-31": "707.14700", "2019-12-31": 361.404, "2019-09-30": 24.071, "2019-06-30": 527.992, "2019-03-31": "525.95900", "2018-12-31": 212.546, "2018-09-30": -245.347, "2018-06-30": -179.95, "2018-03-31": "702.97000", "2017-12-31": -67.674, "2017-09-30": -122.389, "2017-06-30": -528.737, "2017-03-31": "719.67000", "2016-12-31": 236.09, "2016-09-30": 375.287, "2016-06-30": -204.353, "2016-03-31": "375.28400", "2015-12-31": 242.268, "2015-09-30": 207.479, "2015-06-30": 211.066, "2015-03-31": "355.90100", "2014-12-31": 96.2, "2014-09-30": -149.817, "2014-06-30": -206.787, "2014-03-31": "257.60800", "2013-12-31": -189.253, "2013-09-30": 45.304, "2013-06-30": -46.906, "2013-03-31": "-21.10400", "2012-12-31": 192.81, "2012-09-30": 91.569, "2012-06-30": 42.154, "2012-03-31": "182.21800", "2011-12-31": -85.651, "2011-09-30": -606.192, "2011-06-30": -148.77, "2011-03-31": "-1428.38800", "2010-12-31": -107.762, "2010-09-30": -44.213, "2010-06-30": -56.586, "2010-03-31": "798.52900", "2009-12-31": -11.388, "2009-09-30": -683.716, "2009-06-30": 128.601, "2009-03-31": "515.78500", "2008-12-31": 341.295, "2008-09-30": 297.057, "2008-06-30": -151.58, "2008-03-31": "298.44700", "2007-12-31": -51.903, "2007-09-30": 208.125, "2007-06-30": 49.79, "2007-03-31": "-20.79200", "2006-12-31": 62.174, "2006-09-30": -15.516, "2006-06-30": 204.662, "2006-03-31": "338.69900", "2005-12-31": 50.367, "2005-09-30": 365.402, "2005-06-30": 128.707, "2005-03-31": "257.62700"}, "Cash Flow From Financial Activities": {"2020-09-30": 659.329, "2020-06-30": 6239.911, "2020-03-31": "1501.18700", "2019-12-31": 406.445, "2019-09-30": -54.862, "2019-06-30": 336.498, "2019-03-31": "379.09800", "2018-12-31": -50.677, "2018-09-30": -172.323, "2018-06-30": -248.885, "2018-03-31": "-91.73400", "2017-12-31": -60.489, "2017-09-30": -241.46, "2017-06-30": -394.556, "2017-03-31": "806.32800", "2016-12-31": 100.37, "2016-09-30": 332.934, "2016-06-30": -100.816, "2016-03-31": "543.05700", "2015-12-31": 68.775, "2015-09-30": 470.258, "2015-06-30": -12.505, "2015-03-31": "418.32300", "2014-12-31": -75.652, "2014-09-30": -143.835, "2014-06-30": -164.698, "2014-03-31": "290.22400", "2013-12-31": -285.35, "2013-09-30": 132.566, "2013-06-30": -39.01, "2013-03-31": "-20.38800", "2012-12-31": -48.535, "2012-09-30": -114.35, "2012-06-30": 52.319, "2012-03-31": "202.55000", "2011-12-31": -125.225, "2011-09-30": -741.287, "2011-06-30": -178.499, "2011-03-31": "-1865.04600", "2010-12-31": -313.134, "2010-09-30": -36.121, "2010-06-30": -28.478, "2010-03-31": "340.53800", "2009-12-31": -31.114, "2009-09-30": -700.849, "2009-06-30": 86.157, "2009-03-31": "507.46300", "2008-12-31": 54.984, "2008-09-30": 217.724, "2008-06-30": -294.532, "2008-03-31": "466.04700", "2007-12-31": -142.409, "2007-09-30": 236.745, "2007-06-30": 162.365, "2007-03-31": "70.51700", "2006-12-31": 57.488, "2006-09-30": 50.98, "2006-06-30": 426.768, "2006-03-31": "407.33500", "2005-12-31": 128.906, "2005-09-30": 437.467, "2005-06-30": 407.197, "2005-03-31": "271.44100"}, "Net Cash Flow": {"2020-09-30": -36.814, "2020-06-30": -64.987, "2020-03-31": "77.50100", "2019-12-31": 87.786, "2019-09-30": 4.786, "2019-06-30": 15.548, "2019-03-31": "-58.84100", "2018-12-31": 64.915, "2018-09-30": 2, "2018-06-30": 12.386, "2018-03-31": "-88.01100", "2017-12-31": 39.764, "2017-09-30": -260.386, "2017-06-30": 54.499, "2017-03-31": "-37.46800", "2016-12-31": 44.036, "2016-09-30": -11.864, "2016-06-30": 49.811, "2016-03-31": "-76.32800", "2015-12-31": -12.358, "2015-09-30": 32.04, "2015-06-30": 18.503, "2015-03-31": "-108.28100", "2014-12-31": 203.189, "2014-09-30": -165.959, "2014-06-30": 23.481, "2014-03-31": "9.87200", "2013-12-31": -35.519, "2013-09-30": 26.473, "2013-06-30": 82.428, "2013-03-31": "-179.51300", "2012-12-31": 33.623, "2012-09-30": 35.103, "2012-06-30": 18.791, "2012-03-31": "-38.58800", "2011-12-31": 51.464, "2011-09-30": 1.62, "2011-06-30": 131.465, "2011-03-31": "-53.92600", "2010-12-31": -33.608, "2010-09-30": -132.071, "2010-06-30": -119.323, "2010-03-31": "264.93800", "2009-12-31": -242.789, "2009-09-30": 85.135, "2009-06-30": 166.097, "2009-03-31": "-121.57600", "2008-12-31": -130.841, "2008-09-30": 12.565, "2008-06-30": -22.93, "2008-03-31": "-59.20700", "2007-12-31": -33.295, "2007-09-30": -18.846, "2007-06-30": -1.273, "2007-03-31": "-163.78200", "2006-12-31": 101.282, "2006-09-30": -48.186, "2006-06-30": 152.131, "2006-03-31": "27.82900", "2005-12-31": 75.091, "2005-09-30": 22.422, "2005-06-30": 81.057, "2005-03-31": "-80.32500"}, "Stock-Based Compensation": {"2020-09-30": 0, "2020-06-30": 0, "2020-03-31": "", "2019-12-31": 0, "2019-09-30": 0, "2019-06-30": 0, "2019-03-31": "", "2018-12-31": 0, "2018-09-30": 0, "2018-06-30": 0, "2018-03-31": "", "2017-12-31": 0, "2017-09-30": 0, "2017-06-30": 0, "2017-03-31": "", "2016-12-31": 0, "2016-09-30": 0, "2016-06-30": 0, "2016-03-31": "", "2015-12-31": 0, "2015-09-30": 0, "2015-06-30": 0, "2015-03-31": "", "2014-12-31": 0, "2014-09-30": 0, "2014-06-30": 0, "2014-03-31": "", "2013-12-31": 0, "2013-09-30": 0, "2013-06-30": 0, "2013-03-31": "", "2012-12-31": 0, "2012-09-30": 0, "2012-06-30": 0, "2012-03-31": "", "2011-12-31": 0, "2011-09-30": 0, "2011-06-30": 0, "2011-03-31": "", "2010-12-31": 0, "2010-09-30": 0, "2010-06-30": 0, "2010-03-31": "", "2009-12-31": 0, "2009-09-30": 0, "2009-06-30": 0, "2009-03-31": "", "2008-12-31": 0, "2008-09-30": 0, "2008-06-30": 0, "2008-03-31": "", "2007-12-31": 0, "2007-09-30": 0, "2007-06-30": 0, "2007-03-31": "", "2006-12-31": 0, "2006-09-30": 0, "2006-06-30": 0, "2006-03-31": "", "2005-12-31": 0, "2005-09-30": 0, "2005-06-30": 0, "2005-03-31": ""}, "Common Stock Dividends Paid": {"2020-09-30": -8.642, "2020-06-30": -8.932, "2020-03-31": "-4.25600", "2019-12-31": -4.398, "2019-09-30": -4.496, "2019-06-30": -4.575, "2019-03-31": "-4.66800", "2018-12-31": -4.167, "2018-09-30": -4.205, "2018-06-30": -4.203, "2018-03-31": "-4.20400", "2017-12-31": -7.206, "2017-09-30": 0, "2017-06-30": -7.206, "2017-03-31": "0.00000", "2016-12-31": -3.603, "2016-09-30": -3.603, "2016-06-30": -7.206, "2016-03-31": "", "2015-12-31": -7.206, "2015-09-30": -3.603, "2015-06-30": -3.603, "2015-03-31": "-3.60300", "2014-12-31": -2.886, "2014-09-30": -2.886, "2014-06-30": -2.886, "2014-03-31": "-2.88500", "2013-12-31": -2.886, "2013-09-30": -2.886, "2013-06-30": 0, "2013-03-31": "-2.89100", "2012-12-31": -6.153, "2012-09-30": -3.076, "2012-06-30": -3.084, "2012-03-31": "-3.08500", "2011-12-31": -3.135, "2011-09-30": -3.109, "2011-06-30": -3.125, "2011-03-31": "-3.13000", "2010-12-31": -3.131, "2010-09-30": -3.13, "2010-06-30": -3.13, "2010-03-31": "-3.13000", "2009-12-31": -3.13, "2009-09-30": -3.13, "2009-06-30": -3.132, "2009-03-31": "-3.13000", "2008-12-31": -2.869, "2008-09-30": -2.87, "2008-06-30": -2.869, "2008-03-31": "-2.86900", "2007-12-31": -2.87, "2007-09-30": -2.87, "2007-06-30": -2.869, "2007-03-31": "-2.86900", "2006-12-31": -2.87, "2006-09-30": -2.869, "2006-06-30": -2.87, "2006-03-31": "-2.86900", "2005-12-31": -2.869, "2005-09-30": -2.87, "2005-06-30": -2.87, "2005-03-31": "-2.86900"}}, "financial ratios": {"Current Ratio": {"2019-12-31": "", "2018-12-31": "", "2017-12-31": "", "2016-12-31": "", "2015-12-31": "", "2014-12-31": "", "2013-12-31": "", "2012-12-31": "", "2011-12-31": "", "2010-12-31": "", "2009-12-31": "", "2008-12-31": "", "2007-12-31": "", "2006-12-31": "", "2005-12-31": ""}, "Long-term Debt / Capital": {"2019-12-31": "", "2018-12-31": "", "2017-12-31": "0.20700", "2016-12-31": "0.21660", "2015-12-31": "0.19690", "2014-12-31": "0.11560", "2013-12-31": "0.19780", "2012-12-31": "0.19270", "2011-12-31": "0.26980", "2010-12-31": "0.31850", "2009-12-31": "0.33840", "2008-12-31": "0.33680", "2007-12-31": "0.21910", "2006-12-31": "0.23430", "2005-12-31": "0.25720"}, "Debt/Equity Ratio": {"2019-12-31": "0.37000", "2018-12-31": "0.25570", "2017-12-31": "0.46910", "2016-12-31": "0.47680", "2015-12-31": "0.45220", "2014-12-31": "0.49800", "2013-12-31": "0.49350", "2012-12-31": "0.54370", "2011-12-31": "0.70000", "2010-12-31": "0.78280", "2009-12-31": "0.92350", "2008-12-31": "0.95620", "2007-12-31": "1.18630", "2006-12-31": "1.18400", "2005-12-31": "1.00590"}, "Gross Margin": {"2019-12-31": "", "2018-12-31": "", "2017-12-31": "", "2016-12-31": "", "2015-12-31": "", "2014-12-31": "", "2013-12-31": "", "2012-12-31": "", "2011-12-31": "", "2010-12-31": "", "2009-12-31": "", "2008-12-31": "", "2007-12-31": "", "2006-12-31": "", "2005-12-31": ""}, "Operating Margin": {"2019-12-31": "", "2018-12-31": "", "2017-12-31": "", "2016-12-31": "", "2015-12-31": "", "2014-12-31": "", "2013-12-31": "", "2012-12-31": "", "2011-12-31": "", "2010-12-31": "", "2009-12-31": "", "2008-12-31": "", "2007-12-31": "", "2006-12-31": "", "2005-12-31": ""}, "EBIT Margin": {"2019-12-31": "", "2018-12-31": "", "2017-12-31": "", "2016-12-31": "", "2015-12-31": "", "2014-12-31": "", "2013-12-31": "", "2012-12-31": "", "2011-12-31": "", "2010-12-31": "", "2009-12-31": "", "2008-12-31": "", "2007-12-31": "", "2006-12-31": "", "2005-12-31": ""}, "EBITDA Margin": {"2019-12-31": "", "2018-12-31": "", "2017-12-31": "", "2016-12-31": "", "2015-12-31": "", "2014-12-31": "", "2013-12-31": "", "2012-12-31": "", "2011-12-31": "", "2010-12-31": "", "2009-12-31": "", "2008-12-31": "", "2007-12-31": "", "2006-12-31": "", "2005-12-31": ""}, "Pre-Tax Profit Margin": {"2019-12-31": "34.91280", "2018-12-31": "31.86230", "2017-12-31": "34.93830", "2016-12-31": "27.23910", "2015-12-31": "24.24030", "2014-12-31": "19.34070", "2013-12-31": "25.81620", "2012-12-31": "20.44730", "2011-12-31": "28.11560", "2010-12-31": "29.27490", "2009-12-31": "21.93850", "2008-12-31": "18.86580", "2007-12-31": "22.55490", "2006-12-31": "26.95180", "2005-12-31": "26.44840"}, "Net Profit Margin": {"2019-12-31": "26.97100", "2018-12-31": "25.32700", "2017-12-31": "20.80450", "2016-12-31": "17.49510", "2015-12-31": "15.34180", "2014-12-31": "13.16290", "2013-12-31": "16.04780", "2012-12-31": "13.73310", "2011-12-31": "17.68070", "2010-12-31": "18.61670", "2009-12-31": "13.93850", "2008-12-31": "12.30540", "2007-12-31": "14.62120", "2006-12-31": "17.39850", "2005-12-31": "16.70690"}, "Asset Turnover": {"2019-12-31": "0.04260", "2018-12-31": "0.04460", "2017-12-31": "0.04510", "2016-12-31": "0.03910", "2015-12-31": "0.04360", "2014-12-31": "0.03500", "2013-12-31": "0.04910", "2012-12-31": "0.04530", "2011-12-31": "0.05250", "2010-12-31": "0.04980", "2009-12-31": "0.04520", "2008-12-31": "0.04420", "2007-12-31": "0.04580", "2006-12-31": "0.04620", "2005-12-31": "0.04610"}, "Inventory Turnover Ratio": {"2019-12-31": "", "2018-12-31": "", "2017-12-31": "", "2016-12-31": "", "2015-12-31": "", "2014-12-31": "", "2013-12-31": "", "2012-12-31": "", "2011-12-31": "", "2010-12-31": "", "2009-12-31": "", "2008-12-31": "", "2007-12-31": "", "2006-12-31": "", "2005-12-31": ""}, "Receiveable Turnover": {"2019-12-31": "", "2018-12-31": "", "2017-12-31": "", "2016-12-31": "", "2015-12-31": "", "2014-12-31": "", "2013-12-31": "", "2012-12-31": "", "2011-12-31": "", "2010-12-31": "", "2009-12-31": "", "2008-12-31": "", "2007-12-31": "", "2006-12-31": "", "2005-12-31": ""}, "Days Sales In Receivables": {"2019-12-31": "", "2018-12-31": "", "2017-12-31": "", "2016-12-31": "", "2015-12-31": "", "2014-12-31": "", "2013-12-31": "", "2012-12-31": "", "2011-12-31": "", "2010-12-31": "", "2009-12-31": "", "2008-12-31": "", "2007-12-31": "", "2006-12-31": "", "2005-12-31": ""}, "ROE - Return On Equity": {"2019-12-31": "12.75370", "2018-12-31": "11.47370", "2017-12-31": "9.71040", "2016-12-31": "7.48510", "2015-12-31": "7.32510", "2014-12-31": "5.15560", "2013-12-31": "8.05560", "2012-12-31": "7.10270", "2011-12-31": "10.47900", "2010-12-31": "11.13950", "2009-12-31": "7.46130", "2008-12-31": "6.30870", "2007-12-31": "7.53650", "2006-12-31": "9.64980", "2005-12-31": "9.55600"}, "Return On Tangible Equity": {"2019-12-31": "14.43490", "2018-12-31": "12.58720", "2017-12-31": "10.40880", "2016-12-31": "8.09980", "2015-12-31": "7.96510", "2014-12-31": "5.67600", "2013-12-31": "8.48090", "2012-12-31": "7.53170", "2011-12-31": "11.13510", "2010-12-31": "11.91310", "2009-12-31": "8.02210", "2008-12-31": "6.81090", "2007-12-31": "8.15000", "2006-12-31": "10.53920", "2005-12-31": "10.56760"}, "ROA - Return On Assets": {"2019-12-31": "1.14850", "2018-12-31": "1.13060", "2017-12-31": "0.93770", "2016-12-31": "0.68350", "2015-12-31": "0.66840", "2014-12-31": "0.46070", "2013-12-31": "0.78730", "2012-12-31": "0.62210", "2011-12-31": "0.92880", "2010-12-31": "0.92780", "2009-12-31": "0.63000", "2008-12-31": "0.54380", "2007-12-31": "0.67000", "2006-12-31": "0.80420", "2005-12-31": "0.77090"}, "ROI - Return On Investment": {"2019-12-31": "12.75370", "2018-12-31": "11.47370", "2017-12-31": "7.70050", "2016-12-31": "5.86370", "2015-12-31": "5.88280", "2014-12-31": "4.55960", "2013-12-31": "6.46220", "2012-12-31": "5.73400", "2011-12-31": "7.65200", "2010-12-31": "7.59150", "2009-12-31": "4.93660", "2008-12-31": "4.18370", "2007-12-31": "5.88520", "2006-12-31": "7.38840", "2005-12-31": "7.09800"}, "Book Value Per Share": {"2019-12-31": "337.39620", "2018-12-31": "300.04760", "2017-12-31": "277.60730", "2016-12-31": "250.82660", "2015-12-31": "239.14310", "2014-12-31": "223.77970", "2013-12-31": "215.35110", "2012-12-31": "193.74360", "2011-12-31": "180.97320", "2010-12-31": "166.07210", "2009-12-31": "149.42640", "2008-12-31": "138.32060", "2007-12-31": "138.11290", "2006-12-31": "125.61750", "2005-12-31": "113.18250"}, "Operating Cash Flow Per Share": {"2019-12-31": 10.2114, "2018-12-31": 8.7291, "2017-12-31": 10.3874, "2016-12-31": -0.2124, "2015-12-31": 1.5768, "2014-12-31": -16.5834, "2013-12-31": 14.7624, "2012-12-31": -12.7028, "2011-12-31": 23.3132, "2010-12-31": -7.0695, "2009-12-31": -4.2199, "2008-12-31": 4.7644, "2007-12-31": -5.1514, "2006-12-31": -14.9069, "2005-12-31": 35.6223}, "Free Cash Flow Per Share": {"2019-12-31": 10.946, "2018-12-31": 2.8812, "2017-12-31": 10.876, "2016-12-31": -3.3843, "2015-12-31": 0.1809, "2014-12-31": -24.3946, "2013-12-31": 17.4796, "2012-12-31": -12.6225, "2011-12-31": 21.8766, "2010-12-31": 8.2012, "2009-12-31": -4.7058, "2008-12-31": 7.0908, "2007-12-31": -4.3906, "2006-12-31": -14.7009, "2005-12-31": 24.6576}}, "financial ratios, quarterly": {"Current Ratio": {"2020-09-30": "", "2020-06-30": "", "2020-03-31": "", "2019-12-31": "", "2019-09-30": "", "2019-06-30": "", "2019-03-31": "", "2018-12-31": "", "2018-09-30": "", "2018-06-30": "", "2018-03-31": "", "2017-12-31": "", "2017-09-30": "", "2017-06-30": "", "2017-03-31": "", "2016-12-31": "", "2016-09-30": "", "2016-06-30": "", "2016-03-31": "", "2015-12-31": "", "2015-09-30": "", "2015-06-30": "", "2015-03-31": "", "2014-12-31": "", "2014-09-30": "", "2014-06-30": "", "2014-03-31": "", "2013-12-31": "", "2013-09-30": "", "2013-06-30": "", "2013-03-31": "", "2012-12-31": "", "2012-09-30": "", "2012-06-30": "", "2012-03-31": "", "2011-12-31": "", "2011-09-30": "", "2011-06-30": "", "2011-03-31": "", "2010-12-31": "", "2010-09-30": "", "2010-06-30": "", "2010-03-31": "", "2009-12-31": "", "2009-09-30": "", "2009-06-30": "", "2009-03-31": "", "2008-12-31": "", "2008-09-30": "", "2008-06-30": "", "2008-03-31": "", "2007-12-31": "", "2007-09-30": "", "2007-06-30": "", "2007-03-31": "", "2006-12-31": "", "2006-09-30": "", "2006-06-30": "", "2006-03-31": "", "2005-12-31": "", "2005-09-30": "", "2005-06-30": "", "2005-03-31": ""}, "Long-term Debt / Capital": {"2020-09-30": "", "2020-06-30": "", "2020-03-31": "", "2019-12-31": "", "2019-09-30": "", "2019-06-30": "", "2019-03-31": "", "2018-12-31": "", "2018-09-30": "0.07840", "2018-06-30": "0.06540", "2018-03-31": "0.05450", "2017-12-31": "0.20700", "2017-09-30": "0.20720", "2017-06-30": "0.21360", "2017-03-31": "0.19000", "2016-12-31": "0.21660", "2016-09-30": "0.21410", "2016-06-30": "0.21890", "2016-03-31": "0.20830", "2015-12-31": "0.19690", "2015-09-30": "0.19770", "2015-06-30": "0.14550", "2015-03-31": "0.14480", "2014-12-31": "0.11560", "2014-09-30": "0.12650", "2014-06-30": "0.12770", "2014-03-31": "0.17300", "2013-12-31": "0.19780", "2013-09-30": "0.20500", "2013-06-30": "0.18610", "2013-03-31": "0.18800", "2012-12-31": "0.19270", "2012-09-30": "0.19300", "2012-06-30": "0.25040", "2012-03-31": "0.25560", "2011-12-31": "0.26980", "2011-09-30": "0.28470", "2011-06-30": "0.30460", "2011-03-31": "0.30940", "2010-12-31": "0.31850", "2010-09-30": "0.32280", "2010-06-30": "0.35150", "2010-03-31": "0.35610", "2009-12-31": "0.33840", "2009-09-30": "0.36740", "2009-06-30": "0.33910", "2009-03-31": "0.33790", "2008-12-31": "0.33680", "2008-09-30": "0.30150", "2008-06-30": "0.29060", "2008-03-31": "0.29080", "2007-12-31": "0.21910", "2007-09-30": "0.22390", "2007-06-30": "0.22860", "2007-03-31": "0.23190", "2006-12-31": "0.23430", "2006-09-30": "0.24950", "2006-06-30": "0.30040", "2006-03-31": "0.25360", "2005-12-31": "0.25720", "2005-09-30": "0.26120", "2005-06-30": "0.26550", "2005-03-31": "0.20560"}, "Debt/Equity Ratio": {"2020-09-30": "0.47760", "2020-06-30": "0.50080", "2020-03-31": "0.49080", "2019-12-31": "0.37000", "2019-09-30": "0.27350", "2019-06-30": "0.25580", "2019-03-31": "0.24110", "2018-12-31": "0.25570", "2018-09-30": "0.28160", "2018-06-30": "0.24820", "2018-03-31": "0.22220", "2017-12-31": "0.46910", "2017-09-30": "0.46630", "2017-06-30": "0.51380", "2017-03-31": "0.49120", "2016-12-31": "0.47680", "2016-09-30": "0.50930", "2016-06-30": "0.52020", "2016-03-31": "0.49590", "2015-12-31": "0.45220", "2015-09-30": "0.51180", "2015-06-30": "0.42910", "2015-03-31": "0.50990", "2014-12-31": "0.49800", "2014-09-30": "0.51320", "2014-06-30": "0.51330", "2014-03-31": "0.50270", "2013-12-31": "0.49350", "2013-09-30": "0.56270", "2013-06-30": "0.52870", "2013-03-31": "0.53030", "2012-12-31": "0.54370", "2012-09-30": "0.58250", "2012-06-30": "0.69700", "2012-03-31": "0.70180", "2011-12-31": "0.70000", "2011-09-30": "0.71880", "2011-06-30": "0.80060", "2011-03-31": "0.82070", "2010-12-31": "0.78280", "2010-09-30": "0.85660", "2010-06-30": "0.86150", "2010-03-31": "0.90930", "2009-12-31": "0.92350", "2009-09-30": "0.96150", "2009-06-30": "0.93130", "2009-03-31": "0.95730", "2008-12-31": "0.95620", "2008-09-30": "1.10590", "2008-06-30": "1.17000", "2008-03-31": "1.26520", "2007-12-31": "1.18630", "2007-09-30": "1.28240", "2007-06-30": "1.29080", "2007-03-31": "1.22950", "2006-12-31": "1.18400", "2006-09-30": "1.21720", "2006-06-30": "1.20830", "2006-03-31": "1.04670", "2005-12-31": "1.00590", "2005-09-30": "0.95490", "2005-06-30": "0.90960", "2005-03-31": "0.68050"}, "Gross Margin": {"2020-09-30": "", "2020-06-30": "", "2020-03-31": "", "2019-12-31": "", "2019-09-30": "", "2019-06-30": "", "2019-03-31": "", "2018-12-31": "", "2018-09-30": "", "2018-06-30": "", "2018-03-31": "", "2017-12-31": "", "2017-09-30": "", "2017-06-30": "", "2017-03-31": "", "2016-12-31": "", "2016-09-30": "", "2016-06-30": "", "2016-03-31": "", "2015-12-31": "", "2015-09-30": "", "2015-06-30": "", "2015-03-31": "", "2014-12-31": "", "2014-09-30": "", "2014-06-30": "", "2014-03-31": "", "2013-12-31": "", "2013-09-30": "", "2013-06-30": "", "2013-03-31": "", "2012-12-31": "", "2012-09-30": "", "2012-06-30": "", "2012-03-31": "", "2011-12-31": "", "2011-09-30": "", "2011-06-30": "", "2011-03-31": "", "2010-12-31": "", "2010-09-30": "", "2010-06-30": "", "2010-03-31": "", "2009-12-31": "", "2009-09-30": "", "2009-06-30": "", "2009-03-31": "", "2008-12-31": "", "2008-09-30": "", "2008-06-30": "", "2008-03-31": "", "2007-12-31": "", "2007-09-30": "", "2007-06-30": "", "2007-03-31": "", "2006-12-31": "", "2006-09-30": "", "2006-06-30": "", "2006-03-31": "", "2005-12-31": "", "2005-09-30": "", "2005-06-30": "", "2005-03-31": ""}, "Operating Margin": {"2020-09-30": "", "2020-06-30": "", "2020-03-31": "", "2019-12-31": "", "2019-09-30": "", "2019-06-30": "", "2019-03-31": "", "2018-12-31": "", "2018-09-30": "", "2018-06-30": "", "2018-03-31": "", "2017-12-31": "", "2017-09-30": "", "2017-06-30": "", "2017-03-31": "", "2016-12-31": "", "2016-09-30": "", "2016-06-30": "", "2016-03-31": "", "2015-12-31": "", "2015-09-30": "", "2015-06-30": "", "2015-03-31": "", "2014-12-31": "", "2014-09-30": "", "2014-06-30": "", "2014-03-31": "", "2013-12-31": "", "2013-09-30": "", "2013-06-30": "", "2013-03-31": "", "2012-12-31": "", "2012-09-30": "", "2012-06-30": "", "2012-03-31": "", "2011-12-31": "", "2011-09-30": "", "2011-06-30": "", "2011-03-31": "", "2010-12-31": "", "2010-09-30": "", "2010-06-30": "", "2010-03-31": "", "2009-12-31": "", "2009-09-30": "", "2009-06-30": "", "2009-03-31": "", "2008-12-31": "", "2008-09-30": "", "2008-06-30": "", "2008-03-31": "", "2007-12-31": "", "2007-09-30": "", "2007-06-30": "", "2007-03-31": "", "2006-12-31": "", "2006-09-30": "", "2006-06-30": "", "2006-03-31": "", "2005-12-31": "", "2005-09-30": "", "2005-06-30": "", "2005-03-31": ""}, "EBIT Margin": {"2020-09-30": "", "2020-06-30": "", "2020-03-31": "", "2019-12-31": "", "2019-09-30": "", "2019-06-30": "", "2019-03-31": "", "2018-12-31": "", "2018-09-30": "", "2018-06-30": "", "2018-03-31": "", "2017-12-31": "", "2017-09-30": "", "2017-06-30": "", "2017-03-31": "", "2016-12-31": "", "2016-09-30": "", "2016-06-30": "", "2016-03-31": "", "2015-12-31": "", "2015-09-30": "", "2015-06-30": "", "2015-03-31": "", "2014-12-31": "", "2014-09-30": "", "2014-06-30": "", "2014-03-31": "", "2013-12-31": "", "2013-09-30": "", "2013-06-30": "", "2013-03-31": "", "2012-12-31": "", "2012-09-30": "", "2012-06-30": "", "2012-03-31": "", "2011-12-31": "", "2011-09-30": "", "2011-06-30": "", "2011-03-31": "", "2010-12-31": "", "2010-09-30": "", "2010-06-30": "", "2010-03-31": "", "2009-12-31": "", "2009-09-30": "", "2009-06-30": "", "2009-03-31": "", "2008-12-31": "", "2008-09-30": "", "2008-06-30": "", "2008-03-31": "", "2007-12-31": "", "2007-09-30": "", "2007-06-30": "", "2007-03-31": "", "2006-12-31": "", "2006-09-30": "", "2006-06-30": "", "2006-03-31": "", "2005-12-31": "", "2005-09-30": "", "2005-06-30": "", "2005-03-31": ""}, "EBITDA Margin": {"2020-09-30": "", "2020-06-30": "", "2020-03-31": "", "2019-12-31": "", "2019-09-30": "", "2019-06-30": "", "2019-03-31": "", "2018-12-31": "", "2018-09-30": "", "2018-06-30": "", "2018-03-31": "", "2017-12-31": "", "2017-09-30": "", "2017-06-30": "", "2017-03-31": "", "2016-12-31": "", "2016-09-30": "", "2016-06-30": "", "2016-03-31": "", "2015-12-31": "", "2015-09-30": "", "2015-06-30": "", "2015-03-31": "", "2014-12-31": "", "2014-09-30": "", "2014-06-30": "", "2014-03-31": "", "2013-12-31": "", "2013-09-30": "", "2013-06-30": "", "2013-03-31": "", "2012-12-31": "", "2012-09-30": "", "2012-06-30": "", "2012-03-31": "", "2011-12-31": "", "2011-09-30": "", "2011-06-30": "", "2011-03-31": "", "2010-12-31": "", "2010-09-30": "", "2010-06-30": "", "2010-03-31": "", "2009-12-31": "", "2009-09-30": "", "2009-06-30": "", "2009-03-31": "", "2008-12-31": "", "2008-09-30": "", "2008-06-30": "", "2008-03-31": "", "2007-12-31": "", "2007-09-30": "", "2007-06-30": "", "2007-03-31": "", "2006-12-31": "", "2006-09-30": "", "2006-06-30": "", "2006-03-31": "", "2005-12-31": "", "2005-09-30": "", "2005-06-30": "", "2005-03-31": ""}, "Pre-Tax Profit Margin": {"2020-09-30": "37.96920", "2020-06-30": "39.51630", "2020-03-31": "19.80590", "2019-12-31": "31.03610", "2019-09-30": "37.19650", "2019-06-30": "36.27480", "2019-03-31": "35.09540", "2018-12-31": "29.62560", "2018-09-30": "33.29140", "2018-06-30": "31.57000", "2018-03-31": "32.90310", "2017-12-31": "31.87830", "2017-09-30": "28.68850", "2017-06-30": "45.37740", "2017-03-31": "30.74070", "2016-12-31": "33.54730", "2016-09-30": "22.80590", "2016-06-30": "29.78550", "2016-03-31": "24.45920", "2015-12-31": "20.73120", "2015-09-30": "25.45510", "2015-06-30": "20.84150", "2015-03-31": "29.29400", "2014-12-31": "25.36940", "2014-09-30": "17.04760", "2014-06-30": "16.93170", "2014-03-31": "15.15360", "2013-12-31": "18.96950", "2013-09-30": "25.75160", "2013-06-30": "26.84540", "2013-03-31": "30.83480", "2012-12-31": "15.16090", "2012-09-30": "23.83970", "2012-06-30": "19.85670", "2012-03-31": "22.70390", "2011-12-31": "18.11900", "2011-09-30": "39.23770", "2011-06-30": "14.79910", "2011-03-31": "34.28000", "2010-12-31": "17.69660", "2010-09-30": "19.62630", "2010-06-30": "19.44620", "2010-03-31": "50.02240", "2009-12-31": "14.33210", "2009-09-30": "44.77400", "2009-06-30": "5.11010", "2009-03-31": "7.33100", "2008-12-31": "10.95450", "2008-09-30": "15.74330", "2008-06-30": "21.78140", "2008-03-31": "25.74150", "2007-12-31": "21.43210", "2007-09-30": "18.78580", "2007-06-30": "25.30230", "2007-03-31": "24.54870", "2006-12-31": "27.23160", "2006-09-30": "27.86260", "2006-06-30": "27.13920", "2006-03-31": "25.51490", "2005-12-31": "26.22980", "2005-09-30": "26.52880", "2005-06-30": "28.03670", "2005-03-31": "24.89350"}, "Net Profit Margin": {"2020-09-30": "29.36010", "2020-06-30": "30.89640", "2020-03-31": "15.28350", "2019-12-31": "24.03880", "2019-09-30": "28.97870", "2019-06-30": "27.82100", "2019-03-31": "27.00370", "2018-12-31": "22.86530", "2018-09-30": "29.25250", "2018-06-30": "24.00030", "2018-03-31": "25.08810", "2017-12-31": "14.08810", "2017-09-30": "18.56230", "2017-06-30": "28.83970", "2017-03-31": "19.78620", "2016-12-31": "21.80750", "2016-09-30": "14.84880", "2016-06-30": "18.84220", "2016-03-31": "15.62980", "2015-12-31": "13.24260", "2015-09-30": "16.03320", "2015-06-30": "13.31480", "2015-03-31": "18.39310", "2014-12-31": "18.24910", "2014-09-30": "10.89300", "2014-06-30": "11.13840", "2014-03-31": "9.98410", "2013-12-31": "10.89520", "2013-09-30": "15.83640", "2013-06-30": "17.03330", "2013-03-31": "19.78110", "2012-12-31": "8.44980", "2012-09-30": "15.83650", "2012-06-30": "15.46240", "2012-03-31": "14.96540", "2011-12-31": "11.82150", "2011-09-30": "24.27160", "2011-06-30": "9.67980", "2011-03-31": "21.35930", "2010-12-31": "12.27010", "2010-09-30": "12.60980", "2010-06-30": "12.67490", "2010-03-31": "30.80750", "2009-12-31": "9.42800", "2009-09-30": "27.68640", "2009-06-30": "3.69730", "2009-03-31": "5.17130", "2008-12-31": "7.67800", "2008-09-30": "10.57850", "2008-06-30": "13.72440", "2008-03-31": "16.51230", "2007-12-31": "13.98920", "2007-09-30": "12.50450", "2007-06-30": "16.12910", "2007-03-31": "15.77890", "2006-12-31": "18.57610", "2006-09-30": "17.70960", "2006-06-30": "17.08910", "2006-03-31": "16.20600", "2005-12-31": "16.70710", "2005-09-30": "17.10400", "2005-06-30": "17.46150", "2005-03-31": "15.47190"}, "Asset Turnover": {"2020-09-30": "0.00970", "2020-06-30": "0.01010", "2020-03-31": "0.00900", "2019-12-31": "0.01060", "2019-09-30": "0.01140", "2019-06-30": "0.01140", "2019-03-31": "0.01150", "2018-12-31": "0.01110", "2018-09-30": "0.01150", "2018-06-30": "0.01110", "2018-03-31": "0.01160", "2017-12-31": "0.01120", "2017-09-30": "0.01040", "2017-06-30": "0.01340", "2017-03-31": "0.01000", "2016-12-31": "0.00730", "2016-09-30": "0.01050", "2016-06-30": "0.01140", "2016-03-31": "0.01030", "2015-12-31": "0.01030", "2015-09-30": "0.01110", "2015-06-30": "0.01080", "2015-03-31": "0.01180", "2014-12-31": "0.01150", "2014-09-30": "0.01110", "2014-06-30": "0.01090", "2014-03-31": "0.01020", "2013-12-31": "0.01140", "2013-09-30": "0.01200", "2013-06-30": "0.01210", "2013-03-31": "0.01320", "2012-12-31": "0.01100", "2012-09-30": "0.01180", "2012-06-30": "0.01140", "2012-03-31": "0.01120", "2011-12-31": "0.01230", "2011-09-30": "0.01600", "2011-06-30": "0.01050", "2011-03-31": "0.01370", "2010-12-31": "0.01180", "2010-09-30": "0.01050", "2010-06-30": "0.01070", "2010-03-31": "0.01630", "2009-12-31": "0.01090", "2009-09-30": "0.01610", "2009-06-30": "0.00970", "2009-03-31": "0.00970", "2008-12-31": "0.01000", "2008-09-30": "0.01110", "2008-06-30": "0.01160", "2008-03-31": "0.01170", "2007-12-31": "0.01150", "2007-09-30": "0.01110", "2007-06-30": "0.01190", "2007-03-31": "0.01160", "2006-12-31": "0.01140", "2006-09-30": "0.01190", "2006-06-30": "0.01200", "2006-03-31": "0.01170", "2005-12-31": "0.01140", "2005-09-30": "0.01210", "2005-06-30": "0.01230", "2005-03-31": "0.01190"}, "Inventory Turnover Ratio": {"2020-09-30": "", "2020-06-30": "", "2020-03-31": "", "2019-12-31": "", "2019-09-30": "", "2019-06-30": "", "2019-03-31": "", "2018-12-31": "", "2018-09-30": "", "2018-06-30": "", "2018-03-31": "", "2017-12-31": "", "2017-09-30": "", "2017-06-30": "", "2017-03-31": "", "2016-12-31": "", "2016-09-30": "", "2016-06-30": "", "2016-03-31": "", "2015-12-31": "", "2015-09-30": "", "2015-06-30": "", "2015-03-31": "", "2014-12-31": "", "2014-09-30": "", "2014-06-30": "", "2014-03-31": "", "2013-12-31": "", "2013-09-30": "", "2013-06-30": "", "2013-03-31": "", "2012-12-31": "", "2012-09-30": "", "2012-06-30": "", "2012-03-31": "", "2011-12-31": "", "2011-09-30": "", "2011-06-30": "", "2011-03-31": "", "2010-12-31": "", "2010-09-30": "", "2010-06-30": "", "2010-03-31": "", "2009-12-31": "", "2009-09-30": "", "2009-06-30": "", "2009-03-31": "", "2008-12-31": "", "2008-09-30": "", "2008-06-30": "", "2008-03-31": "", "2007-12-31": "", "2007-09-30": "", "2007-06-30": "", "2007-03-31": "", "2006-12-31": "", "2006-09-30": "", "2006-06-30": "", "2006-03-31": "", "2005-12-31": "", "2005-09-30": "", "2005-06-30": "", "2005-03-31": ""}, "Receiveable Turnover": {"2020-09-30": "", "2020-06-30": "", "2020-03-31": "", "2019-12-31": "", "2019-09-30": "", "2019-06-30": "", "2019-03-31": "", "2018-12-31": "", "2018-09-30": "", "2018-06-30": "", "2018-03-31": "", "2017-12-31": "", "2017-09-30": "", "2017-06-30": "", "2017-03-31": "", "2016-12-31": "", "2016-09-30": "", "2016-06-30": "", "2016-03-31": "", "2015-12-31": "", "2015-09-30": "", "2015-06-30": "", "2015-03-31": "", "2014-12-31": "", "2014-09-30": "", "2014-06-30": "", "2014-03-31": "", "2013-12-31": "", "2013-09-30": "", "2013-06-30": "", "2013-03-31": "", "2012-12-31": "", "2012-09-30": "", "2012-06-30": "", "2012-03-31": "", "2011-12-31": "", "2011-09-30": "", "2011-06-30": "", "2011-03-31": "", "2010-12-31": "", "2010-09-30": "", "2010-06-30": "", "2010-03-31": "", "2009-12-31": "", "2009-09-30": "", "2009-06-30": "", "2009-03-31": "", "2008-12-31": "", "2008-09-30": "", "2008-06-30": "", "2008-03-31": "", "2007-12-31": "", "2007-09-30": "", "2007-06-30": "", "2007-03-31": "", "2006-12-31": "", "2006-09-30": "", "2006-06-30": "", "2006-03-31": "", "2005-12-31": "", "2005-09-30": "", "2005-06-30": "", "2005-03-31": ""}, "Days Sales In Receivables": {"2020-09-30": "", "2020-06-30": "", "2020-03-31": "", "2019-12-31": "", "2019-09-30": "", "2019-06-30": "", "2019-03-31": "", "2018-12-31": "", "2018-09-30": "", "2018-06-30": "", "2018-03-31": "", "2017-12-31": "", "2017-09-30": "", "2017-06-30": "", "2017-03-31": "", "2016-12-31": "", "2016-09-30": "", "2016-06-30": "", "2016-03-31": "", "2015-12-31": "", "2015-09-30": "", "2015-06-30": "", "2015-03-31": "", "2014-12-31": "", "2014-09-30": "", "2014-06-30": "", "2014-03-31": "", "2013-12-31": "", "2013-09-30": "", "2013-06-30": "", "2013-03-31": "", "2012-12-31": "", "2012-09-30": "", "2012-06-30": "", "2012-03-31": "", "2011-12-31": "", "2011-09-30": "", "2011-06-30": "", "2011-03-31": "", "2010-12-31": "", "2010-09-30": "", "2010-06-30": "", "2010-03-31": "", "2009-12-31": "", "2009-09-30": "", "2009-06-30": "", "2009-03-31": "", "2008-12-31": "", "2008-09-30": "", "2008-06-30": "", "2008-03-31": "", "2007-12-31": "", "2007-09-30": "", "2007-06-30": "", "2007-03-31": "", "2006-12-31": "", "2006-09-30": "", "2006-06-30": "", "2006-03-31": "", "2005-12-31": "", "2005-09-30": "", "2005-06-30": "", "2005-03-31": ""}, "ROE - Return On Equity": {"2020-09-30": "3.82070", "2020-06-30": "4.21160", "2020-03-31": "1.44460", "2019-12-31": "2.84070", "2019-09-30": "3.49670", "2019-06-30": "3.33910", "2019-03-31": "3.16060", "2018-12-31": "2.56450", "2018-09-30": "3.35290", "2018-06-30": "2.70650", "2018-03-31": "2.97230", "2017-12-31": "1.63190", "2017-09-30": "2.02380", "2017-06-30": "4.15640", "2017-03-31": "2.18080", "2016-12-31": "1.74910", "2016-09-30": "1.66690", "2016-06-30": "2.28340", "2016-03-31": "1.75850", "2015-12-31": "1.48840", "2015-09-30": "1.95480", "2015-06-30": "1.59350", "2015-03-31": "2.42850", "2014-12-31": "2.34020", "2014-09-30": "1.22310", "2014-06-30": "1.24170", "2014-03-31": "1.06800", "2013-12-31": "1.27430", "2013-09-30": "2.06770", "2013-06-30": "2.26400", "2013-03-31": "2.89720", "2012-12-31": "1.06190", "2012-09-30": "2.00210", "2012-06-30": "1.94750", "2012-03-31": "1.87590", "2011-12-31": "1.64130", "2011-09-30": "4.35080", "2011-06-30": "1.17730", "2011-03-31": "3.45370", "2010-12-31": "1.73600", "2010-09-30": "1.61480", "2010-06-30": "1.68710", "2010-03-31": "6.39310", "2009-12-31": "1.21860", "2009-09-30": "5.44460", "2009-06-30": "0.43230", "2009-03-31": "0.60320", "2008-12-31": "0.89330", "2008-09-30": "1.29980", "2008-06-30": "1.76340", "2008-03-31": "2.17930", "2007-12-31": "1.81540", "2007-09-30": "1.61380", "2007-06-30": "2.25520", "2007-03-31": "2.15920", "2006-12-31": "2.53240", "2006-09-30": "2.57930", "2006-06-30": "2.58120", "2006-03-31": "2.38140", "2005-12-31": "2.35690", "2005-09-30": "2.58460", "2005-06-30": "2.65160", "2005-03-31": "2.26720"}, "Return On Tangible Equity": {"2020-09-30": "3.88790", "2020-06-30": "4.29270", "2020-03-31": "1.61330", "2019-12-31": "3.21520", "2019-09-30": "3.89140", "2019-06-30": "3.72030", "2019-03-31": "3.45850", "2018-12-31": "2.81330", "2018-09-30": "3.64560", "2018-06-30": "2.95100", "2018-03-31": "3.17910", "2017-12-31": "1.74920", "2017-09-30": "2.17340", "2017-06-30": "4.47570", "2017-03-31": "2.35220", "2016-12-31": "1.89270", "2016-09-30": "1.80140", "2016-06-30": "2.46210", "2016-03-31": "1.90270", "2015-12-31": "1.61840", "2015-09-30": "2.12990", "2015-06-30": "1.74250", "2015-03-31": "2.66110", "2014-12-31": "2.57640", "2014-09-30": "1.30140", "2014-06-30": "1.32230", "2014-03-31": "1.13920", "2013-12-31": "1.34160", "2013-09-30": "2.18250", "2013-06-30": "2.39340", "2013-03-31": "3.06580", "2012-12-31": "1.12600", "2012-09-30": "2.11680", "2012-06-30": "2.06270", "2012-03-31": "1.99030", "2011-12-31": "1.74410", "2011-09-30": "4.62430", "2011-06-30": "1.25410", "2011-03-31": "3.68430", "2010-12-31": "1.85660", "2010-09-30": "1.72960", "2010-06-30": "1.81050", "2010-03-31": "6.87620", "2009-12-31": "1.31020", "2009-09-30": "5.86930", "2009-06-30": "0.46670", "2009-03-31": "0.65120", "2008-12-31": "0.96440", "2008-09-30": "1.39930", "2008-06-30": "1.90130", "2008-03-31": "2.35000", "2007-12-31": "1.96310", "2007-09-30": "1.74990", "2007-06-30": "2.45150", "2007-03-31": "2.35210", "2006-12-31": "2.76580", "2006-09-30": "2.82540", "2006-06-30": "2.83980", "2006-03-31": "2.62690", "2005-12-31": "2.60640", "2005-09-30": "2.58460", "2005-06-30": "2.65160", "2005-03-31": "2.26720"}, "ROA - Return On Assets": {"2020-09-30": "0.29320", "2020-06-30": "0.32130", "2020-03-31": "0.13740", "2019-12-31": "0.25580", "2019-09-30": "0.33060", "2019-06-30": "0.31700", "2019-03-31": "0.30970", "2018-12-31": "0.25270", "2018-09-30": "0.33560", "2018-06-30": "0.26590", "2018-03-31": "0.29110", "2017-12-31": "0.15760", "2017-09-30": "0.19390", "2017-06-30": "0.38730", "2017-03-31": "0.19880", "2016-12-31": "0.15970", "2016-09-30": "0.15590", "2016-06-30": "0.21510", "2016-03-31": "0.16170", "2015-12-31": "0.13580", "2015-09-30": "0.17790", "2015-06-30": "0.14410", "2015-03-31": "0.21770", "2014-12-31": "0.20910", "2014-09-30": "0.12080", "2014-06-30": "0.12100", "2014-03-31": "0.10150", "2013-12-31": "0.12450", "2013-09-30": "0.19050", "2013-06-30": "0.20600", "2013-03-31": "0.26030", "2012-12-31": "0.09300", "2012-09-30": "0.18670", "2012-06-30": "0.17620", "2012-03-31": "0.16720", "2011-12-31": "0.14550", "2011-09-30": "0.38740", "2011-06-30": "0.10130", "2011-03-31": "0.29180", "2010-12-31": "0.14460", "2010-09-30": "0.13180", "2010-06-30": "0.13550", "2010-03-31": "0.50250", "2009-12-31": "0.10290", "2009-09-30": "0.44550", "2009-06-30": "0.03580", "2009-03-31": "0.05030", "2008-12-31": "0.07700", "2008-09-30": "0.11730", "2008-06-30": "0.15970", "2008-03-31": "0.19340", "2007-12-31": "0.16140", "2007-09-30": "0.13870", "2007-06-30": "0.19270", "2007-03-31": "0.18280", "2006-12-31": "0.21100", "2006-09-30": "0.21060", "2006-06-30": "0.20420", "2006-03-31": "0.18980", "2005-12-31": "0.19010", "2005-09-30": "0.20680", "2005-06-30": "0.21450", "2005-03-31": "0.18390"}, "ROI - Return On Investment": {"2020-09-30": "3.50200", "2020-06-30": "3.85290", "2020-03-31": "1.44460", "2019-12-31": "2.84070", "2019-09-30": "3.49670", "2019-06-30": "3.33910", "2019-03-31": "3.16060", "2018-12-31": "2.56450", "2018-09-30": "3.09020", "2018-06-30": "2.52940", "2018-03-31": "2.81030", "2017-12-31": "1.29410", "2017-09-30": "1.60440", "2017-06-30": "3.26860", "2017-03-31": "1.76640", "2016-12-31": "1.37020", "2016-09-30": "1.31000", "2016-06-30": "1.78360", "2016-03-31": "1.39220", "2015-12-31": "1.19530", "2015-09-30": "1.56840", "2015-06-30": "1.36180", "2015-03-31": "2.07690", "2014-12-31": "2.06970", "2014-09-30": "1.06840", "2014-06-30": "1.08320", "2014-03-31": "0.88320", "2013-12-31": "1.02220", "2013-09-30": "1.64390", "2013-06-30": "1.84270", "2013-03-31": "2.35250", "2012-12-31": "0.85720", "2012-09-30": "1.61570", "2012-06-30": "1.45980", "2012-03-31": "1.39640", "2011-12-31": "1.19850", "2011-09-30": "3.11210", "2011-06-30": "0.81860", "2011-03-31": "2.38520", "2010-12-31": "1.18310", "2010-09-30": "1.09350", "2010-06-30": "1.09410", "2010-03-31": "4.11660", "2009-12-31": "0.80630", "2009-09-30": "3.44410", "2009-06-30": "0.28570", "2009-03-31": "0.39930", "2008-12-31": "0.59240", "2008-09-30": "0.90800", "2008-06-30": "1.25090", "2008-03-31": "1.54560", "2007-12-31": "1.41760", "2007-09-30": "1.25250", "2007-06-30": "1.73980", "2007-03-31": "1.65840", "2006-12-31": "1.93890", "2006-09-30": "1.93580", "2006-06-30": "1.80590", "2006-03-31": "1.77740", "2005-12-31": "1.75060", "2005-09-30": "1.90950", "2005-06-30": "1.94770", "2005-03-31": "1.80110"}, "Book Value Per Share": {"2020-09-30": "415.07890", "2020-06-30": "401.79630", "2020-03-31": "384.97280", "2019-12-31": "337.39620", "2019-09-30": "327.86490", "2019-06-30": "319.73280", "2019-03-31": "309.46940", "2018-12-31": "300.04760", "2018-09-30": "294.40580", "2018-06-30": "287.00130", "2018-03-31": "280.77550", "2017-12-31": "277.60730", "2017-09-30": "275.92260", "2017-06-30": "269.76280", "2017-03-31": "258.17620", "2016-12-31": "250.82660", "2016-09-30": "256.76500", "2016-06-30": "252.76470", "2016-03-31": "246.56070", "2015-12-31": "239.14310", "2015-09-30": "238.34540", "2015-06-30": "232.63030", "2015-03-31": "230.25620", "2014-12-31": "223.77970", "2014-09-30": "225.25280", "2014-06-30": "223.42710", "2014-03-31": "218.82000", "2013-12-31": "215.35110", "2013-09-30": "206.05640", "2013-06-30": "201.61450", "2013-03-31": "199.45870", "2012-12-31": "193.74360", "2012-09-30": "192.48480", "2012-06-30": "187.88730", "2012-03-31": "184.13510", "2011-12-31": "180.97320", "2011-09-30": "181.53230", "2011-06-30": "174.01850", "2011-03-31": "171.37590", "2010-12-31": "166.07210", "2010-09-30": "164.65780", "2010-06-30": "163.06280", "2010-03-31": "159.80740", "2009-12-31": "149.42640", "2009-09-30": "145.15420", "2009-06-30": "137.44260", "2009-03-31": "137.64040", "2008-12-31": "138.32060", "2008-09-30": "144.16230", "2008-06-30": "142.52820", "2008-03-31": "142.40860", "2007-12-31": "138.11290", "2007-09-30": "134.34060", "2007-06-30": "131.09540", "2007-03-31": "128.63700", "2006-12-31": "125.61750", "2006-09-30": "122.33910", "2006-06-30": "117.73640", "2006-03-31": "115.32020", "2005-12-31": "113.18250", "2005-09-30": "111.05750", "2005-06-30": "108.69590", "2005-03-31": "105.66060"}, "Operating Cash Flow Per Share": {"2020-09-30": 12.0108, "2020-06-30": 8.2919, "2020-03-31": "1.68140", "2019-12-31": 12.4303, "2019-09-30": 16.6198, "2019-06-30": 7.3139, "2019-03-31": "12.15670", "2018-12-31": 10.7366, "2018-09-30": -15.8045, "2018-06-30": 5.21, "2018-03-31": "38.16720", "2017-12-31": 4.2593, "2017-09-30": 9.4257, "2017-06-30": 4.4382, "2017-03-31": "11.45700", "2016-12-31": 0.604, "2016-09-30": 10.7217, "2016-06-30": 1.6092, "2016-03-31": "6.25790", "2015-12-31": 2.9567, "2015-09-30": 10.0331, "2015-06-30": 1.1921, "2015-03-31": "5.22330", "2014-12-31": 10.8068, "2014-09-30": -2.4972, "2014-06-30": 2.9607, "2014-03-31": "6.55810", "2013-12-31": 7.0222, "2013-09-30": 12.3756, "2013-06-30": 7.3941, "2013-03-31": "7.61990", "2012-12-31": -1.7517, "2012-09-30": 4.7811, "2012-06-30": 8.4042, "2012-03-31": "8.21580", "2011-12-31": -0.5379, "2011-09-30": -11.4541, "2011-06-30": 11.8993, "2011-03-31": "32.44490", "2010-12-31": -12.105, "2010-09-30": 1.0357, "2010-06-30": 7.5049, "2010-03-31": "12.60340", "2009-12-31": 2.828, "2009-09-30": 7.4283, "2009-06-30": 8.4535, "2009-03-31": "-2.60130", "2008-12-31": 5.6775, "2008-09-30": 8.2558, "2008-06-30": 4.5737, "2008-03-31": "1.82140", "2007-12-31": 1.5569, "2007-09-30": 10.0405, "2007-06-30": -0.3405, "2007-03-31": "4.30710", "2006-12-31": 8.4647, "2006-09-30": 6.0861, "2006-06-30": -3.5802, "2006-03-31": "9.74480", "2005-12-31": 1.3654, "2005-09-30": 3.1727, "2005-06-30": 24.1368, "2005-03-31": "6.94740"}, "Free Cash Flow Per Share": {"2020-09-30": 9.2857, "2020-06-30": 5.0745, "2020-03-31": "-0.38730", "2019-12-31": 10.2595, "2019-09-30": 14.0631, "2019-06-30": 4.9349, "2019-03-31": "10.73370", "2018-12-31": 6.9911, "2018-09-30": -17.6073, "2018-06-30": 2.8004, "2018-03-31": "36.86100", "2017-12-31": 3.0161, "2017-09-30": 8.366, "2017-06-30": 3.692, "2017-03-31": "11.08990", "2016-12-31": -0.2553, "2016-09-30": 8.8092, "2016-06-30": 0.9253, "2016-03-31": "5.80880", "2015-12-31": 1.5685, "2015-09-30": 9.4003, "2015-06-30": 1.6794, "2015-03-31": "6.02410", "2014-12-31": 12.539, "2014-09-30": -3.4437, "2014-06-30": 3.5371, "2014-03-31": "5.85900", "2013-12-31": 6.9897, "2013-09-30": 15.3397, "2013-06-30": 10.0979, "2013-03-31": "10.45870", "2012-12-31": 0.036, "2012-09-30": 5.8717, "2012-06-30": 11.551, "2012-03-31": "7.94770", "2011-12-31": 4.794, "2011-09-30": -10.3584, "2011-06-30": 10.6467, "2011-03-31": "32.94660", "2010-12-31": -6.9829, "2010-09-30": 2.9285, "2010-06-30": 6.0952, "2010-03-31": "14.11150", "2009-12-31": 0.4084, "2009-09-30": 6.4946, "2009-06-30": 6.1985, "2009-03-31": "-5.15040", "2008-12-31": 4.7806, "2008-09-30": 6.2481, "2008-06-30": 2.6121, "2008-03-31": "-0.98390", "2007-12-31": -0.8881, "2007-09-30": 7.7275, "2007-06-30": -2.5485, "2007-03-31": "1.27520", "2006-12-31": 5.0546, "2006-09-30": 3.3024, "2006-06-30": -5.3393, "2006-03-31": "6.93900", "2005-12-31": -1.1754, "2005-09-30": 0.6891, "2005-06-30": 22.6601, "2005-03-31": "2.48380"}}, "revenue": {"First Citizens BancShares Annual Revenue (Millions of US $)": {"2019": "$1,820", "2018": "$1,646", "2017": "$1,626", "2016": "$1,365", "2015": "$1,436", "2014": "$1,104", "2013": "$1,064", "2012": "$1,197", "2011": "$1,480", "2010": "$1,376", "2009": "$1,142", "2008": "$1,121", "2007": "$1,200", "2006": "$1,102", "2005": "$927"}, "First Citizens BancShares Quarterly Revenue (Millions of US $)": {"2020-09-30": "$495", "2020-06-30": "$529", "2020-03-31": "$434", "2019-12-31": "$458", "2019-09-30": "$463", "2019-06-30": "$458", "2019-03-31": "$441", "2018-12-31": "$416", "2018-09-30": "$410", "2018-06-30": "$405", "2018-03-31": "$415", "2017-12-31": "$395", "2017-09-30": "$380", "2017-06-30": "$490", "2017-03-31": "$361", "2016-12-31": "$269", "2016-09-30": "$364", "2016-06-30": "$384", "2016-03-31": "$348", "2015-12-31": "$341", "2015-09-30": "$360", "2015-06-30": "$353", "2015-03-31": "$382", "2014-12-31": "$368", "2014-09-30": "$256", "2014-06-30": "$244", "2014-03-31": "$236", "2013-12-31": "$263", "2013-09-30": "$265", "2013-06-30": "$259", "2013-03-31": "$278", "2012-12-31": "$317", "2012-09-30": "$289", "2012-06-30": "$298", "2012-03-31": "$294", "2011-12-31": "$377", "2011-09-30": "$415", "2011-06-30": "$312", "2011-03-31": "$375", "2010-12-31": "$324", "2010-09-30": "$329", "2010-06-30": "$310", "2010-03-31": "$413", "2009-12-31": "$273", "2009-09-30": "$371", "2009-06-30": "$248", "2009-03-31": "$249", "2008-12-31": "$262", "2008-09-30": "$277", "2008-06-30": "$282", "2008-03-31": "$301", "2007-12-31": "$307", "2007-09-30": "$309", "2007-06-30": "$296", "2007-03-31": "$287", "2006-12-31": "$287", "2006-09-30": "$286", "2006-06-30": "$272", "2006-03-31": "$256", "2005-12-31": "$247", "2005-09-30": "$242", "2005-06-30": "$229", "2005-03-31": "$209"}}, "gross-profit": {"First Citizens BancShares Annual Gross Profit (Millions of US $)": {"2019": "$1,727", "2018": "$1,609", "2017": "$1,582", "2016": "$1,322", "2015": "$1,392", "2014": "$1,053", "2013": "$1,008", "2012": "$1,107", "2011": "$1,335", "2010": "$1,180", "2009": "$914", "2008": "$806", "2007": "$776", "2006": "$748", "2005": "$709"}, "First Citizens BancShares Quarterly Gross Profit (Millions of US $)": {"2020-09-30": "$474", "2020-06-30": "$503", "2020-03-31": "$402", "2019-12-31": "$432", "2019-09-30": "$437", "2019-06-30": "$434", "2019-03-31": "$424", "2018-12-31": "$403", "2018-09-30": "$402", "2018-06-30": "$397", "2018-03-31": "$407", "2017-12-31": "$383", "2017-09-30": "$369", "2017-06-30": "$479", "2017-03-31": "$350", "2016-12-31": "$258", "2016-09-30": "$354", "2016-06-30": "$372", "2016-03-31": "$338", "2015-12-31": "$330", "2015-09-30": "$349", "2015-06-30": "$342", "2015-03-31": "$371", "2014-12-31": "$353", "2014-09-30": "$245", "2014-06-30": "$232", "2014-03-31": "$223", "2013-12-31": "$250", "2013-09-30": "$251", "2013-06-30": "$245", "2013-03-31": "$262", "2012-12-31": "$299", "2012-09-30": "$267", "2012-06-30": "$273", "2012-03-31": "$268", "2011-12-31": "$348", "2011-09-30": "$380", "2011-06-30": "$274", "2011-03-31": "$334", "2010-12-31": "$280", "2010-09-30": "$280", "2010-06-30": "$257", "2010-03-31": "$363", "2009-12-31": "$224", "2009-09-30": "$316", "2009-06-30": "$188", "2009-03-31": "$185", "2008-12-31": "$190", "2008-09-30": "$205", "2008-06-30": "$204", "2008-03-31": "$206", "2007-12-31": "$198", "2007-09-30": "$198", "2007-06-30": "$192", "2007-03-31": "$187", "2006-12-31": "$186", "2006-09-30": "$190", "2006-06-30": "$189", "2006-03-31": "$184", "2005-12-31": "$181", "2005-09-30": "$182", "2005-06-30": "$179", "2005-03-31": "$167"}}, "operating-income": {"First Citizens BancShares Annual Operating Income (Millions of US $)": {"2019": "$639", "2018": "$540", "2017": "$578", "2016": "$375", "2015": "$347", "2014": "$217", "2013": "$269", "2012": "$198", "2011": "$310", "2010": "$304", "2009": "$183", "2008": "$140", "2007": "$168", "2006": "$196", "2005": "$179"}, "First Citizens BancShares Quarterly Operating Income (Millions of US $)": {"2020-09-30": "$194", "2020-06-30": "$205", "2020-03-31": "$89", "2019-12-31": "$148", "2019-09-30": "$171", "2019-06-30": "$166", "2019-03-31": "$154", "2018-12-31": "$125", "2018-09-30": "$142", "2018-06-30": "$133", "2018-03-31": "$140", "2017-12-31": "$150", "2017-09-30": "$104", "2017-06-30": "$219", "2017-03-31": "$106", "2016-12-31": "$100", "2016-09-30": "$83", "2016-06-30": "$111", "2016-03-31": "$82", "2015-12-31": "$70", "2015-09-30": "$93", "2015-06-30": "$74", "2015-03-31": "$110", "2014-12-31": "$93", "2014-09-30": "$43", "2014-06-30": "$44", "2014-03-31": "$37", "2013-12-31": "$46", "2013-09-30": "$67", "2013-06-30": "$69", "2013-03-31": "$87", "2012-12-31": "$36", "2012-09-30": "$59", "2012-06-30": "$48", "2012-03-31": "$54", "2011-12-31": "$47", "2011-09-30": "$132", "2011-06-30": "$33", "2011-03-31": "$99", "2010-12-31": "$43", "2010-09-30": "$43", "2010-06-30": "$44", "2010-03-31": "$173", "2009-12-31": "$29", "2009-09-30": "$133", "2009-06-30": "$9", "2009-03-31": "$12", "2008-12-31": "$18", "2008-09-30": "$29", "2008-06-30": "$42", "2008-03-31": "$50", "2007-12-31": "$43", "2007-09-30": "$34", "2007-06-30": "$48", "2007-03-31": "$45", "2006-12-31": "$49", "2006-09-30": "$52", "2006-06-30": "$50", "2006-03-31": "$45", "2005-12-31": "$44", "2005-09-30": "$46", "2005-06-30": "$48", "2005-03-31": "$40"}}, "ebitda": {"First Citizens BancShares Annual EBITDA (Millions of US $)": {"2019": "$", "2018": "$", "2017": "$", "2016": "$", "2015": "$", "2014": "$", "2013": "$", "2012": "$", "2011": "$", "2010": "$", "2009": "$", "2008": "$", "2007": "$", "2006": "$", "2005": "$"}, "First Citizens BancShares Quarterly EBITDA (Millions of US $)": {"2020-09-30": "", "2020-06-30": "", "2020-03-31": "", "2019-12-31": "", "2019-09-30": "", "2019-06-30": "", "2019-03-31": "", "2018-12-31": "", "2018-09-30": "", "2018-06-30": "", "2018-03-31": "", "2017-12-31": "", "2017-09-30": "", "2017-06-30": "", "2017-03-31": "", "2016-12-31": "", "2016-09-30": "", "2016-06-30": "", "2016-03-31": "", "2015-12-31": "", "2015-09-30": "", "2015-06-30": "", "2015-03-31": "", "2014-12-31": "", "2014-09-30": "", "2014-06-30": "", "2014-03-31": "", "2013-12-31": "", "2013-09-30": "", "2013-06-30": "", "2013-03-31": "", "2012-12-31": "", "2012-09-30": "", "2012-06-30": "", "2012-03-31": "", "2011-12-31": "", "2011-09-30": "", "2011-06-30": "", "2011-03-31": "", "2010-12-31": "", "2010-09-30": "", "2010-06-30": "", "2010-03-31": "", "2009-12-31": "", "2009-09-30": "", "2009-06-30": "", "2009-03-31": "", "2008-12-31": "", "2008-09-30": "", "2008-06-30": "", "2008-03-31": "", "2007-12-31": "", "2007-09-30": "", "2007-06-30": "", "2007-03-31": "", "2006-12-31": "", "2006-09-30": "", "2006-06-30": "", "2006-03-31": "", "2005-12-31": "", "2005-09-30": "", "2005-06-30": "", "2005-03-31": ""}}, "net-income": {"First Citizens BancShares Annual Net Income (Millions of US $)": {"2019": "$457", "2018": "$400", "2017": "$324", "2016": "$225", "2015": "$210", "2014": "$139", "2013": "$167", "2012": "$132", "2011": "$195", "2010": "$193", "2009": "$116", "2008": "$91", "2007": "$109", "2006": "$126", "2005": "$113"}, "First Citizens BancShares Quarterly Net Income (Millions of US $)": {"2020-09-30": "$138", "2020-06-30": "$149", "2020-03-31": "$57", "2019-12-31": "$102", "2019-09-30": "$125", "2019-06-30": "$119", "2019-03-31": "$111", "2018-12-31": "$89", "2018-09-30": "$117", "2018-06-30": "$93", "2018-03-31": "$100", "2017-12-31": "$54", "2017-09-30": "$67", "2017-06-30": "$135", "2017-03-31": "$68", "2016-12-31": "$53", "2016-09-30": "$51", "2016-06-30": "$69", "2016-03-31": "$52", "2015-12-31": "$43", "2015-09-30": "$56", "2015-06-30": "$45", "2015-03-31": "$67", "2014-12-31": "$63", "2014-09-30": "$27", "2014-06-30": "$27", "2014-03-31": "$22", "2013-12-31": "$26", "2013-09-30": "$41", "2013-06-30": "$44", "2013-03-31": "$56", "2012-12-31": "$20", "2012-09-30": "$40", "2012-06-30": "$38", "2012-03-31": "$35", "2011-12-31": "$31", "2011-09-30": "$81", "2011-06-30": "$21", "2011-03-31": "$62", "2010-12-31": "$30", "2010-09-30": "$28", "2010-06-30": "$29", "2010-03-31": "$107", "2009-12-31": "$19", "2009-09-30": "$82", "2009-06-30": "$6", "2009-03-31": "$9", "2008-12-31": "$13", "2008-09-30": "$20", "2008-06-30": "$26", "2008-03-31": "$32", "2007-12-31": "$26", "2007-09-30": "$23", "2007-06-30": "$31", "2007-03-31": "$29", "2006-12-31": "$33", "2006-09-30": "$33", "2006-06-30": "$32", "2006-03-31": "$29", "2005-12-31": "$28", "2005-09-30": "$30", "2005-06-30": "$30", "2005-03-31": "$25"}}, "eps-earnings-per-share-diluted": {"First Citizens BancShares Annual EPS": {"2019": "$41.05", "2018": "$33.53", "2017": "$29.96", "2016": "$18.77", "2015": "$17.52", "2014": "$13.56", "2013": "$17.35", "2012": "$12.92", "2011": "$18.80", "2010": "$18.50", "2009": "$11.15", "2008": "$8.73", "2007": "$10.41", "2006": "$12.12", "2005": "$10.82"}, "First Citizens BancShares Quarterly EPS": {"2020-09-30": "$14.03", "2020-06-30": "$14.74", "2020-03-31": "$5.46", "2019-12-31": "$9.55", "2019-09-30": "$11.27", "2019-06-30": "$10.56", "2019-03-31": "$9.67", "2018-12-31": "$7.61", "2018-09-30": "$9.80", "2018-06-30": "$7.77", "2018-03-31": "$8.35", "2017-12-31": "$7.54", "2017-09-30": "$5.58", "2017-06-30": "$11.21", "2017-03-31": "$5.63", "2016-12-31": "$4.38", "2016-09-30": "$4.28", "2016-06-30": "$5.77", "2016-03-31": "$4.34", "2015-12-31": "$3.56", "2015-09-30": "$4.66", "2015-06-30": "$3.71", "2015-03-31": "$5.59", "2014-12-31": "$5.69", "2014-09-30": "$2.76", "2014-06-30": "$2.77", "2014-03-31": "$2.34", "2013-12-31": "$2.75", "2013-09-30": "$4.26", "2013-06-30": "$4.56", "2013-03-31": "$5.78", "2012-12-31": "$1.96", "2012-09-30": "$3.85", "2012-06-30": "$3.66", "2012-03-31": "$3.45", "2011-12-31": "$2.98", "2011-09-30": "$7.86", "2011-06-30": "$2.04", "2011-03-31": "$5.92", "2010-12-31": "$2.88", "2010-09-30": "$2.66", "2010-06-30": "$2.74", "2010-03-31": "$10.22", "2009-12-31": "$1.83", "2009-09-30": "$7.90", "2009-06-30": "$0.59", "2009-03-31": "$0.83", "2008-12-31": "$1.25", "2008-09-30": "$1.87", "2008-06-30": "$2.51", "2008-03-31": "$3.10", "2007-12-31": "$2.50", "2007-09-30": "$2.17", "2007-06-30": "$2.96", "2007-03-31": "$2.78", "2006-12-31": "$3.17", "2006-09-30": "$3.16", "2006-06-30": "$3.04", "2006-03-31": "$2.75", "2005-12-31": "$2.67", "2005-09-30": "$2.87", "2005-06-30": "$2.88", "2005-03-31": "$2.40"}}, "shares-outstanding": {"First Citizens BancShares Annual Shares Outstanding (Millions of Shares)": {"2019": "11", "2018": "12", "2017": "12", "2016": "12", "2015": "12", "2014": "10", "2013": "10", "2012": "10", "2011": "10", "2010": "10", "2009": "10", "2008": "10", "2007": "10", "2006": "10", "2005": "10"}, "First Citizens BancShares Quarterly Shares Outstanding (Millions of Shares)": {"2020-09-30": "10", "2020-06-30": "10", "2020-03-31": "10", "2019-12-31": "11", "2019-09-30": "11", "2019-06-30": "11", "2019-03-31": "12", "2018-12-31": "12", "2018-09-30": "12", "2018-06-30": "12", "2018-03-31": "12", "2017-12-31": "12", "2017-09-30": "12", "2017-06-30": "12", "2017-03-31": "12", "2016-12-31": "12", "2016-09-30": "12", "2016-06-30": "12", "2016-03-31": "12", "2015-12-31": "12", "2015-09-30": "12", "2015-06-30": "12", "2015-03-31": "12", "2014-12-31": "10", "2014-09-30": "10", "2014-06-30": "10", "2014-03-31": "10", "2013-12-31": "10", "2013-09-30": "10", "2013-06-30": "10", "2013-03-31": "10", "2012-12-31": "10", "2012-09-30": "10", "2012-06-30": "10", "2012-03-31": "10", "2011-12-31": "10", "2011-09-30": "10", "2011-06-30": "10", "2011-03-31": "10", "2010-12-31": "10", "2010-09-30": "10", "2010-06-30": "10", "2010-03-31": "10", "2009-12-31": "10", "2009-09-30": "10", "2009-06-30": "10", "2009-03-31": "10", "2008-12-31": "10", "2008-09-30": "10", "2008-06-30": "10", "2008-03-31": "10", "2007-12-31": "10", "2007-09-30": "10", "2007-06-30": "10", "2007-03-31": "10", "2006-12-31": "10", "2006-09-30": "10", "2006-06-30": "10", "2006-03-31": "10", "2005-12-31": "10", "2005-09-30": "10", "2005-06-30": "10", "2005-03-31": "10"}}, "total-assets": {"First Citizens BancShares Annual Total Assets (Millions of US $)": {"2019": "$39,825", "2018": "$35,409", "2017": "$34,528", "2016": "$32,991", "2015": "$31,476", "2014": "$30,075", "2013": "$21,194", "2012": "$21,284", "2011": "$20,997", "2010": "$20,807", "2009": "$18,466", "2008": "$16,746", "2007": "$16,212", "2006": "$15,730", "2005": "$14,639"}, "First Citizens BancShares Quarterly Total Assets (Millions of US $)": {"2020-09-30": "$48,667", "2020-06-30": "$47,866", "2020-03-31": "$41,594", "2019-12-31": "$39,825", "2019-09-30": "$37,748", "2019-06-30": "$37,655", "2019-03-31": "$35,962", "2018-12-31": "$35,409", "2018-09-30": "$34,955", "2018-06-30": "$35,089", "2018-03-31": "$34,436", "2017-12-31": "$34,528", "2017-09-30": "$34,584", "2017-06-30": "$34,770", "2017-03-31": "$34,018", "2016-12-31": "$32,991", "2016-09-30": "$32,972", "2016-06-30": "$32,230", "2016-03-31": "$32,196", "2015-12-31": "$31,476", "2015-09-30": "$31,450", "2015-06-30": "$30,897", "2015-03-31": "$30,854", "2014-12-31": "$30,075", "2014-09-30": "$21,942", "2014-06-30": "$22,063", "2014-03-31": "$22,155", "2013-12-31": "$21,194", "2013-09-30": "$21,511", "2013-06-30": "$21,309", "2013-03-31": "$21,351", "2012-12-31": "$21,284", "2012-09-30": "$21,174", "2012-06-30": "$21,333", "2012-03-31": "$21,226", "2011-12-31": "$20,997", "2011-09-30": "$21,015", "2011-06-30": "$21,022", "2011-03-31": "$21,167", "2010-12-31": "$20,807", "2010-09-30": "$21,049", "2010-06-30": "$21,106", "2010-03-31": "$21,216", "2009-12-31": "$18,466", "2009-09-30": "$18,513", "2009-06-30": "$17,318", "2009-03-31": "$17,214", "2008-12-31": "$16,746", "2008-09-30": "$16,666", "2008-06-30": "$16,423", "2008-03-31": "$16,747", "2007-12-31": "$16,212", "2007-09-30": "$16,312", "2007-06-30": "$16,009", "2007-03-31": "$15,854", "2006-12-31": "$15,730", "2006-09-30": "$15,634", "2006-06-30": "$15,526", "2006-03-31": "$15,095", "2005-12-31": "$14,639", "2005-09-30": "$14,485", "2005-06-30": "$14,023", "2005-03-31": "$13,593"}}, "cash-on-hand": {"First Citizens BancShares Annual Cash on Hand (Millions of US $)": {"2019": "$1,485", "2018": "$1,125", "2017": "$1,724", "2016": "$2,412", "2015": "$2,597", "2014": "$2,329", "2013": "$1,393", "2012": "$1,083", "2011": "$1,026", "2010": "$859", "2009": "$1,204", "2008": "$768", "2007": "$1,060", "2006": "$1,360", "2005": "$1,259"}, "First Citizens BancShares Quarterly Cash on Hand (Millions of US $)": {"2020-09-30": "$3,490", "2020-06-30": "$3,497", "2020-03-31": "$1,143", "2019-12-31": "$1,485", "2019-09-30": "$1,239", "2019-06-30": "$1,924", "2019-03-31": "$1,655", "2018-12-31": "$1,125", "2018-09-30": "$1,206", "2018-06-30": "$1,484", "2018-03-31": "$2,195", "2017-12-31": "$1,724", "2017-09-30": "$2,729", "2017-06-30": "$3,440", "2017-03-31": "$3,239", "2016-12-31": "$2,412", "2016-09-30": "$3,493", "2016-06-30": "$2,784", "2016-03-31": "$3,329", "2015-12-31": "$2,597", "2015-09-30": "$2,915", "2015-06-30": "$2,218", "2015-03-31": "$2,955", "2014-12-31": "$2,329", "2014-09-30": "$1,108", "2014-06-30": "$1,685", "2014-03-31": "$1,705", "2013-12-31": "$1,393", "2013-09-30": "$1,923", "2013-06-30": "$1,583", "2013-03-31": "$1,414", "2012-12-31": "$1,083", "2012-09-30": "$1,294", "2012-06-30": "$1,556", "2012-03-31": "$1,305", "2011-12-31": "$1,026", "2011-09-30": "$949", "2011-06-30": "$1,279", "2011-03-31": "$992", "2010-12-31": "$859", "2010-09-30": "$1,543", "2010-06-30": "$1,363", "2010-03-31": "$1,612", "2009-12-31": "$1,204", "2009-09-30": "$943", "2009-06-30": "$868", "2009-03-31": "$1,232", "2008-12-31": "$768", "2008-09-30": "$1,053", "2008-06-30": "$1,107", "2008-03-31": "$1,538", "2007-12-31": "$1,060", "2007-09-30": "$1,340", "2007-06-30": "$1,542", "2007-03-31": "$1,647", "2006-12-31": "$1,360", "2006-09-30": "$1,481", "2006-06-30": "$1,590", "2006-03-31": "$1,555", "2005-12-31": "$1,259", "2005-09-30": "$1,468", "2005-06-30": "$1,314", "2005-03-31": "$1,242"}}, "long-term-debt": {"First Citizens BancShares Annual Long Term Debt (Millions of US $)": {"2019": "$572", "2018": "$194", "2017": "$870", "2016": "$833", "2015": "$704", "2014": "$351", "2013": "$511", "2012": "$445", "2011": "$688", "2010": "$810", "2009": "$797", "2008": "$733", "2007": "$404", "2006": "$401", "2005": "$409"}, "First Citizens BancShares Quarterly Long Term Debt (Millions of US $)": {"2020-09-30": "$655", "2020-06-30": "$658", "2020-03-31": "$793", "2019-12-31": "$572", "2019-09-30": "$193", "2019-06-30": "$197", "2019-03-31": "$190", "2018-12-31": "$194", "2018-09-30": "$297", "2018-06-30": "$241", "2018-03-31": "$194", "2017-12-31": "$870", "2017-09-30": "$866", "2017-06-30": "$880", "2017-03-31": "$728", "2016-12-31": "$833", "2016-09-30": "$840", "2016-06-30": "$851", "2016-03-31": "$779", "2015-12-31": "$704", "2015-09-30": "$705", "2015-06-30": "$476", "2015-03-31": "$468", "2014-12-31": "$351", "2014-09-30": "$314", "2014-06-30": "$315", "2014-03-31": "$440", "2013-12-31": "$511", "2013-09-30": "$511", "2013-06-30": "$443", "2013-03-31": "$444", "2012-12-31": "$445", "2012-09-30": "$472", "2012-06-30": "$645", "2012-03-31": "$650", "2011-12-31": "$688", "2011-09-30": "$745", "2011-06-30": "$793", "2011-03-31": "$801", "2010-12-31": "$810", "2010-09-30": "$819", "2010-06-30": "$919", "2010-03-31": "$922", "2009-12-31": "$797", "2009-09-30": "$880", "2009-06-30": "$736", "2009-03-31": "$733", "2008-12-31": "$733", "2008-09-30": "$649", "2008-06-30": "$609", "2008-03-31": "$609", "2007-12-31": "$404", "2007-09-30": "$404", "2007-06-30": "$405", "2007-03-31": "$405", "2006-12-31": "$401", "2006-09-30": "$424", "2006-06-30": "$527", "2006-03-31": "$409", "2005-12-31": "$409", "2005-09-30": "$410", "2005-06-30": "$410", "2005-03-31": "$285"}}, "total-liabilities": {"First Citizens BancShares Annual Total Liabilities (Millions of US $)": {"2019": "$36,238", "2018": "$31,920", "2017": "$31,193", "2016": "$29,978", "2015": "$28,604", "2014": "$27,388", "2013": "$19,122", "2012": "$19,420", "2011": "$19,136", "2010": "$19,074", "2009": "$16,907", "2008": "$15,302", "2007": "$14,771", "2006": "$14,419", "2005": "$13,458"}, "First Citizens BancShares Quarterly Total Liabilities (Millions of US $)": {"2020-09-30": "$44,592", "2020-06-30": "$43,875", "2020-03-31": "$37,637", "2019-12-31": "$36,238", "2019-09-30": "$34,180", "2019-06-30": "$34,080", "2019-03-31": "$32,438", "2018-12-31": "$31,920", "2018-09-30": "$31,456", "2018-06-30": "$31,642", "2018-03-31": "$31,064", "2017-12-31": "$31,193", "2017-09-30": "$31,270", "2017-06-30": "$31,530", "2017-03-31": "$30,918", "2016-12-31": "$29,978", "2016-09-30": "$29,888", "2016-06-30": "$29,195", "2016-03-31": "$29,234", "2015-12-31": "$28,604", "2015-09-30": "$28,587", "2015-06-30": "$28,103", "2015-03-31": "$28,088", "2014-12-31": "$27,388", "2014-09-30": "$19,776", "2014-06-30": "$19,914", "2014-03-31": "$20,050", "2013-12-31": "$19,122", "2013-09-30": "$19,529", "2013-06-30": "$19,369", "2013-03-31": "$19,432", "2012-12-31": "$19,420", "2012-09-30": "$19,200", "2012-06-30": "$19,403", "2012-03-31": "$19,334", "2011-12-31": "$19,136", "2011-09-30": "$19,144", "2011-06-30": "$19,212", "2011-03-31": "$19,379", "2010-12-31": "$19,074", "2010-09-30": "$19,331", "2010-06-30": "$19,410", "2010-03-31": "$19,548", "2009-12-31": "$16,907", "2009-09-30": "$16,998", "2009-06-30": "$15,884", "2009-03-31": "$15,778", "2008-12-31": "$15,302", "2008-09-30": "$15,161", "2008-06-30": "$14,935", "2008-03-31": "$15,260", "2007-12-31": "$14,771", "2007-09-30": "$14,910", "2007-06-30": "$14,641", "2007-03-31": "$14,511", "2006-12-31": "$14,419", "2006-09-30": "$14,357", "2006-06-30": "$14,298", "2006-03-31": "$13,892", "2005-12-31": "$13,458", "2005-09-30": "$13,326", "2005-06-30": "$12,889", "2005-03-31": "$12,490"}}, "total-share-holder-equity": {"First Citizens BancShares Annual Share Holder Equity (Millions of US $)": {"2019": "$3,586", "2018": "$3,489", "2017": "$3,334", "2016": "$3,012", "2015": "$2,872", "2014": "$2,688", "2013": "$2,071", "2012": "$1,864", "2011": "$1,861", "2010": "$1,733", "2009": "$1,559", "2008": "$1,443", "2007": "$1,441", "2006": "$1,311", "2005": "$1,181"}, "First Citizens BancShares Quarterly Share Holder Equity (Millions of US $)": {"2020-09-30": "$4,074", "2020-06-30": "$3,991", "2020-03-31": "$3,958", "2019-12-31": "$3,586", "2019-09-30": "$3,568", "2019-06-30": "$3,575", "2019-03-31": "$3,523", "2018-12-31": "$3,489", "2018-09-30": "$3,499", "2018-06-30": "$3,447", "2018-03-31": "$3,372", "2017-12-31": "$3,334", "2017-09-30": "$3,314", "2017-06-30": "$3,240", "2017-03-31": "$3,101", "2016-12-31": "$3,012", "2016-09-30": "$3,084", "2016-06-30": "$3,036", "2016-03-31": "$2,961", "2015-12-31": "$2,872", "2015-09-30": "$2,863", "2015-06-30": "$2,794", "2015-03-31": "$2,765", "2014-12-31": "$2,688", "2014-09-30": "$2,167", "2014-06-30": "$2,149", "2014-03-31": "$2,105", "2013-12-31": "$2,071", "2013-09-30": "$1,982", "2013-06-30": "$1,939", "2013-03-31": "$1,919", "2012-12-31": "$1,864", "2012-09-30": "$1,974", "2012-06-30": "$1,930", "2012-03-31": "$1,892", "2011-12-31": "$1,861", "2011-09-30": "$1,871", "2011-06-30": "$1,809", "2011-03-31": "$1,788", "2010-12-31": "$1,733", "2010-09-30": "$1,718", "2010-06-30": "$1,695", "2010-03-31": "$1,668", "2009-12-31": "$1,559", "2009-09-30": "$1,515", "2009-06-30": "$1,434", "2009-03-31": "$1,436", "2008-12-31": "$1,443", "2008-09-30": "$1,504", "2008-06-30": "$1,487", "2008-03-31": "$1,486", "2007-12-31": "$1,441", "2007-09-30": "$1,402", "2007-06-30": "$1,368", "2007-03-31": "$1,342", "2006-12-31": "$1,311", "2006-09-30": "$1,277", "2006-06-30": "$1,229", "2006-03-31": "$1,203", "2005-12-31": "$1,181", "2005-09-30": "$1,159", "2005-06-30": "$1,134", "2005-03-31": "$1,103"}}, "profit-margins": {"current": "24.6%"}, "gross margin": {"2020-09-30": "94.52%", "2020-06-30": "94.16%", "2020-03-31": "94.04%", "2019-12-31": "94.89%", "2019-09-30": "95.50%", "2019-06-30": "96.41%", "2019-03-31": "97.25%", "2018-12-31": "97.75%", "2018-09-30": "97.78%", "2018-06-30": "97.55%", "2018-03-31": "97.50%", "2017-12-31": "97.23%", "2017-09-30": "97.07%", "2017-06-30": "97.10%", "2017-03-31": "96.81%", "2016-12-31": "96.85%", "2016-09-30": "97.01%", "2016-06-30": "96.93%", "2016-03-31": "96.93%", "2015-12-31": "96.94%", "2015-09-30": "96.72%", "2015-06-30": "96.47%", "2015-03-31": "96.08%", "2014-12-31": "95.38%", "2014-09-30": "95.10%", "2014-06-30": "94.84%", "2014-03-31": "94.72%", "2013-12-31": "94.65%", "2013-09-30": "94.46%", "2013-06-30": "93.88%", "2013-03-31": "93.15%", "2012-12-31": "92.40%", "2012-09-30": "91.89%", "2012-06-30": "91.69%", "2012-03-31": "90.84%", "2011-12-31": "90.33%", "2011-09-30": "88.92%", "2011-06-30": "87.16%", "2011-03-31": "86.02%", "2010-12-31": "85.76%", "2010-09-30": "84.83%", "2010-06-30": "84.86%", "2010-03-31": "83.60%", "2009-12-31": "80.02%", "2009-09-30": "77.79%", "2009-06-30": "74.13%", "2009-03-31": "73.27%", "2008-12-31": "71.75%", "2008-09-30": "69.67%", "2008-06-30": "67.22%", "2008-03-31": "65.46%", "2007-12-31": "64.64%", "2007-09-30": "64.72%", "2007-06-30": "65.31%", "2007-03-31": "66.43%", "2006-12-31": "68.03%", "2006-09-30": "70.12%", "2006-06-30": "72.37%", "2006-03-31": "74.54%", "2005-12-31": "76.48%"}, "operating margin": {"2020-09-30": "33.19%", "2020-06-30": "32.54%", "2020-03-31": "31.66%", "2019-12-31": "35.11%", "2019-09-30": "34.65%", "2019-06-30": "34.03%", "2019-03-31": "33.13%", "2018-12-31": "32.81%", "2018-09-30": "34.77%", "2018-06-30": "33.04%", "2018-03-31": "36.49%", "2017-12-31": "35.61%", "2017-09-30": "35.27%", "2017-06-30": "34.23%", "2017-03-31": "29.03%", "2016-12-31": "27.55%", "2016-09-30": "24.08%", "2016-06-30": "24.84%", "2016-03-31": "22.75%", "2015-12-31": "24.16%", "2015-09-30": "25.29%", "2015-06-30": "23.55%", "2015-03-31": "23.20%", "2014-12-31": "19.66%", "2014-09-30": "17.02%", "2014-06-30": "19.25%", "2014-03-31": "21.41%", "2013-12-31": "25.26%", "2013-09-30": "23.15%", "2013-06-30": "21.96%", "2013-03-31": "19.46%", "2012-12-31": "16.44%", "2012-09-30": "16.53%", "2012-06-30": "20.30%", "2012-03-31": "19.03%", "2011-12-31": "21.03%", "2011-09-30": "21.53%", "2011-06-30": "16.27%", "2011-03-31": "17.12%", "2010-12-31": "22.02%", "2010-09-30": "21.81%", "2010-06-30": "27.72%", "2010-03-31": "26.36%", "2009-12-31": "16.04%", "2009-09-30": "15.22%", "2009-06-30": "6.56%", "2009-03-31": "9.44%", "2008-12-31": "12.39%", "2008-09-30": "14.05%", "2008-06-30": "14.10%", "2008-03-31": "14.43%", "2007-12-31": "14.18%", "2007-09-30": "14.93%", "2007-06-30": "16.78%", "2007-03-31": "17.31%", "2006-12-31": "17.80%", "2006-09-30": "18.00%", "2006-06-30": "18.19%", "2006-03-31": "18.79%", "2005-12-31": "19.20%"}, "ebitda margin": {"2020-09-30": "0.00%", "2020-06-30": "0.00%", "2020-03-31": "0.00%", "2019-12-31": "0.00%", "2019-09-30": "0.00%", "2019-06-30": "0.00%", "2019-03-31": "0.00%", "2018-12-31": "0.00%", "2018-09-30": "0.00%", "2018-06-30": "0.00%", "2018-03-31": "0.00%", "2017-12-31": "0.00%", "2017-09-30": "0.00%", "2017-06-30": "0.00%", "2017-03-31": "0.00%", "2016-12-31": "0.00%", "2016-09-30": "0.00%", "2016-06-30": "0.00%", "2016-03-31": "0.00%", "2015-12-31": "0.00%", "2015-09-30": "0.00%", "2015-06-30": "0.00%", "2015-03-31": "0.00%", "2014-12-31": "0.00%", "2014-09-30": "0.00%", "2014-06-30": "0.00%", "2014-03-31": "0.00%", "2013-12-31": "0.00%", "2013-09-30": "0.00%", "2013-06-30": "0.00%", "2013-03-31": "0.00%", "2012-12-31": "0.00%", "2012-09-30": "0.00%", "2012-06-30": "0.00%", "2012-03-31": "0.00%", "2011-12-31": "0.00%", "2011-09-30": "0.00%", "2011-06-30": "0.00%", "2011-03-31": "0.00%", "2010-12-31": "0.00%", "2010-09-30": "0.00%", "2010-06-30": "0.00%", "2010-03-31": "0.00%", "2009-12-31": "0.00%", "2009-09-30": "0.00%", "2009-06-30": "0.00%", "2009-03-31": "0.00%", "2008-12-31": "0.00%", "2008-09-30": "0.00%", "2008-06-30": "0.00%", "2008-03-31": "0.00%", "2007-12-31": "0.00%", "2007-09-30": "0.00%", "2007-06-30": "0.00%", "2007-03-31": "0.00%", "2006-12-31": "0.00%", "2006-09-30": "0.00%", "2006-06-30": "0.00%", "2006-03-31": "0.00%", "2005-12-31": "0.00%"}, "pre tax profit margin": {"2020-09-30": "30.06%", "2020-06-30": "29.56%", "2020-03-31": "28.79%", "2019-12-31": "32.58%", "2019-09-30": "32.45%", "2019-06-30": "31.94%", "2019-03-31": "30.98%", "2018-12-31": "30.62%", "2018-09-30": "31.45%", "2018-06-30": "30.16%", "2018-03-31": "33.93%", "2017-12-31": "33.46%", "2017-09-30": "33.47%", "2017-06-30": "32.14%", "2017-03-31": "27.21%", "2016-12-31": "25.71%", "2016-09-30": "23.45%", "2016-06-30": "24.21%", "2016-03-31": "21.90%", "2015-12-31": "23.19%", "2015-09-30": "24.13%", "2015-06-30": "22.44%", "2015-03-31": "22.08%", "2014-12-31": "18.39%", "2014-09-30": "16.22%", "2014-06-30": "18.65%", "2014-03-31": "21.11%", "2013-12-31": "25.26%", "2013-09-30": "23.15%", "2013-06-30": "21.96%", "2013-03-31": "19.46%", "2012-12-31": "16.44%", "2012-09-30": "16.53%", "2012-06-30": "20.30%", "2012-03-31": "19.03%", "2011-12-31": "21.03%", "2011-09-30": "21.53%", "2011-06-30": "16.27%", "2011-03-31": "17.12%", "2010-12-31": "22.02%", "2010-09-30": "21.81%", "2010-06-30": "27.72%", "2010-03-31": "26.36%", "2009-12-31": "16.04%", "2009-09-30": "15.22%", "2009-06-30": "6.56%", "2009-03-31": "9.44%", "2008-12-31": "12.39%", "2008-09-30": "13.80%", "2008-06-30": "13.84%", "2008-03-31": "14.18%", "2007-12-31": "13.93%", "2007-09-30": "14.93%", "2007-06-30": "16.78%", "2007-03-31": "17.31%", "2006-12-31": "17.80%", "2006-09-30": "18.00%", "2006-06-30": "18.19%", "2006-03-31": "18.79%", "2005-12-31": "19.20%"}, "net profit margin": {"2020-09-30": "23.28%", "2020-06-30": "22.98%", "2020-03-31": "22.23%", "2019-12-31": "25.11%", "2019-09-30": "24.97%", "2019-06-30": "25.28%", "2019-03-31": "24.52%", "2018-12-31": "24.24%", "2018-09-30": "22.40%", "2018-06-30": "19.69%", "2018-03-31": "21.19%", "2017-12-31": "19.93%", "2017-09-30": "21.53%", "2017-06-30": "20.69%", "2017-03-31": "17.49%", "2016-12-31": "16.48%", "2016-09-30": "14.96%", "2016-06-30": "15.35%", "2016-03-31": "13.98%", "2015-12-31": "14.69%", "2015-09-30": "15.79%", "2015-06-30": "14.86%", "2015-03-31": "14.72%", "2014-12-31": "12.59%", "2014-09-30": "10.21%", "2014-06-30": "11.51%", "2014-03-31": "13.00%", "2013-12-31": "15.68%", "2013-09-30": "14.39%", "2013-06-30": "14.00%", "2013-03-31": "13.03%", "2012-12-31": "11.10%", "2012-09-30": "11.45%", "2012-06-30": "13.37%", "2012-03-31": "12.02%", "2011-12-31": "13.18%", "2011-09-30": "13.60%", "2011-06-30": "10.52%", "2011-03-31": "11.14%", "2010-12-31": "14.10%", "2010-09-30": "13.81%", "2010-06-30": "17.34%", "2010-03-31": "16.40%", "2009-12-31": "10.17%", "2009-09-30": "9.73%", "2009-06-30": "4.63%", "2009-03-31": "6.36%", "2008-12-31": "8.11%", "2008-09-30": "8.91%", "2008-06-30": "8.92%", "2008-03-31": "9.23%", "2007-12-31": "9.09%", "2007-09-30": "9.84%", "2007-06-30": "10.90%", "2007-03-31": "11.22%", "2006-12-31": "11.53%", "2006-09-30": "11.50%", "2006-06-30": "11.70%", "2006-03-31": "12.01%", "2005-12-31": "12.19%"}, "pe ratio": {"current": "13.87", "2021-02-05": "15.15", "2020-09-30": "7.28", "2020-06-30": "9.86", "2020-03-31": "9.01", "2019-12-31": "12.91", "2019-09-30": "12.00", "2019-06-30": "11.89", "2019-03-31": "11.60", "2018-12-31": "11.16", "2018-09-30": "14.73", "2018-06-30": "15.23", "2018-03-31": "13.79", "2017-12-31": "14.79", "2017-09-30": "13.78", "2017-06-30": "14.43", "2017-03-31": "16.49", "2016-12-31": "18.63", "2016-09-30": "16.13", "2016-06-30": "13.90", "2016-03-31": "15.17", "2015-12-31": "14.70", "2015-09-30": "11.71", "2015-06-30": "15.15", "2015-03-31": "15.82", "2014-12-31": "18.89", "2014-09-30": "19.83", "2014-06-30": "19.60", "2014-03-31": "16.76", "2013-12-31": "12.41", "2013-09-30": "11.91", "2013-06-30": "11.39", "2013-03-31": "11.45", "2012-12-31": "12.05", "2012-09-30": "11.27", "2012-06-30": "8.91", "2012-03-31": "10.72", "2011-12-31": "8.86", "2011-09-30": "7.29", "2011-06-30": "13.16", "2011-03-31": "13.38", "2010-12-31": "9.68", "2010-09-30": "10.09", "2010-06-30": "8.04", "2010-03-31": "9.17", "2009-12-31": "14.02", "2009-09-30": "14.23", "2009-06-30": "26.68", "2009-03-31": "18.67", "2008-12-31": "16.08", "2008-09-30": "16.45", "2008-06-30": "12.66", "2008-03-31": "12.10", "2007-12-31": "13.02", "2007-09-30": "14.61", "2007-06-30": "14.92", "2007-03-31": "15.31", "2006-12-31": "15.45"}, "price sales": {"2021-02-05": "3.58", "2020-09-30": "1.72", "2020-06-30": "2.29", "2020-03-31": "2.01", "2019-12-31": "3.28", "2019-09-30": "3.02", "2019-06-30": "3.03", "2019-03-31": "2.87", "2018-12-31": "2.72", "2018-09-30": "3.31", "2018-06-30": "3.01", "2018-03-31": "2.92", "2017-12-31": "2.95", "2017-09-30": "2.96", "2017-06-30": "2.98", "2017-03-31": "2.89", "2016-12-31": "3.08", "2016-09-30": "2.42", "2016-06-30": "2.14", "2016-03-31": "2.11", "2015-12-31": "2.12", "2015-09-30": "1.74", "2015-06-30": "2.08", "2015-03-31": "2.12", "2014-12-31": "2.20", "2014-09-30": "2.04", "2014-06-30": "2.28", "2014-03-31": "2.21", "2013-12-31": "1.96", "2013-09-30": "1.75", "2013-06-30": "1.62", "2013-03-31": "1.51", "2012-12-31": "1.35", "2012-09-30": "1.29", "2012-06-30": "1.20", "2012-03-31": "1.30", "2011-12-31": "1.18", "2011-09-30": "1.00", "2011-06-30": "1.39", "2011-03-31": "1.49", "2010-12-31": "1.37", "2010-09-30": "1.39", "2010-06-30": "1.39", "2010-03-31": "1.51", "2009-12-31": "1.42", "2009-09-30": "1.39", "2009-06-30": "1.27", "2009-03-31": "1.21", "2008-12-31": "1.33", "2008-09-30": "1.50", "2008-06-30": "1.13", "2008-03-31": "1.12", "2007-12-31": "1.18", "2007-09-30": "1.43", "2007-06-30": "1.63", "2007-03-31": "1.71", "2006-12-31": "1.77"}, "price book": {"current": "1.74", "2021-02-05": "1.60", "2020-09-30": "0.77", "2020-06-30": "1.01", "2020-03-31": "0.86", "2019-12-31": "1.57", "2019-09-30": "1.43", "2019-06-30": "1.40", "2019-03-31": "1.31", "2018-12-31": "1.25", "2018-09-30": "1.52", "2018-06-30": "1.39", "2018-03-31": "1.46", "2017-12-31": "1.44", "2017-09-30": "1.34", "2017-06-30": "1.36", "2017-03-31": "1.28", "2016-12-31": "1.40", "2016-09-30": "1.13", "2016-06-30": "1.01", "2016-03-31": "1.00", "2015-12-31": "1.06", "2015-09-30": "0.93", "2015-06-30": "1.11", "2015-03-31": "1.10", "2014-12-31": "1.10", "2014-09-30": "0.94", "2014-06-30": "1.07", "2014-03-31": "1.07", "2013-12-31": "1.00", "2013-09-30": "0.97", "2013-06-30": "0.92", "2013-03-31": "0.89", "2012-12-31": "0.82", "2012-09-30": "0.82", "2012-06-30": "0.85", "2012-03-31": "0.95", "2011-12-31": "0.93", "2011-09-30": "0.76", "2011-06-30": "1.03", "2011-03-31": "1.12", "2010-12-31": "1.08", "2010-09-30": "1.07", "2010-06-30": "1.12", "2010-03-31": "1.18", "2009-12-31": "1.04", "2009-09-30": "1.04", "2009-06-30": "0.92", "2009-03-31": "0.90", "2008-12-31": "1.04", "2008-09-30": "1.16", "2008-06-30": "0.91", "2008-03-31": "0.91", "2007-12-31": "0.98", "2007-09-30": "1.21", "2007-06-30": "1.38", "2007-03-31": "1.45", "2006-12-31": "1.49", "2006-09-30": "1.44", "2006-06-30": "1.57", "2006-03-31": "1.54"}, "price fcf": {"2021-02-05": "", "2020-09-30": "$24.23", "2020-06-30": "$29.01", "2020-03-31": "$28.87", "2019-12-31": "$39.99", "2019-09-30": "$36.72", "2019-06-30": "$5.05", "2019-03-31": "$2.92", "2018-12-31": "$29.05", "2018-09-30": "$25.07", "2018-06-30": "$51.04", "2018-03-31": "$51.94", "2017-12-31": "$26.16", "2017-09-30": "$22.89", "2017-06-30": "$23.34", "2017-03-31": "$20.57", "2016-12-31": "$15.29", "2016-09-30": "$17.11", "2016-06-30": "$17.70", "2016-03-31": "$18.46", "2015-12-31": "$18.67", "2015-09-30": "$29.64", "2015-06-30": "$16.80", "2015-03-31": "$18.66", "2014-12-31": "$18.49", "2014-09-30": "$12.94", "2014-06-30": "$31.73", "2014-03-31": "$38.29", "2013-12-31": "$42.89", "2013-09-30": "$35.93", "2013-06-30": "$26.46", "2013-03-31": "$27.92", "2012-12-31": "$25.41", "2012-09-30": "$30.16", "2012-06-30": "$13.93", "2012-03-31": "$13.03", "2011-12-31": "$38.03", "2011-09-30": "$26.25", "2011-06-30": "$39.54", "2011-03-31": "$34.99", "2010-12-31": "$16.15", "2010-09-30": "$23.54", "2010-06-30": "$27.11", "2010-03-31": "$27.21", "2009-12-31": "$7.95", "2009-09-30": "$12.32", "2009-06-30": "$12.08", "2009-03-31": "$8.49", "2008-12-31": "$12.66", "2008-09-30": "$6.99", "2008-06-30": "$8.47", "2008-03-31": "$3.31", "2007-12-31": "$5.57", "2007-09-30": "$11.51", "2007-06-30": "$7.08", "2007-03-31": "$4.29", "2006-12-31": "$9.96"}, "net worth": {"value": "$6.51B"}, "current ratio": {"2020-09-30": "0.83", "2020-06-30": "0.84", "2020-03-31": "0.83", "2019-12-31": "0.86", "2019-09-30": "0.84", "2019-06-30": "0.85", "2019-03-31": "0.85", "2018-12-31": "0.84", "2018-09-30": "0.84", "2018-06-30": "0.83", "2018-03-31": "0.84", "2017-12-31": "0.84", "2017-09-30": "0.86", "2017-06-30": "0.87", "2017-03-31": "0.84", "2016-12-31": "0.84", "2016-09-30": "0.86", "2016-06-30": "0.84", "2016-03-31": "0.84", "2015-12-31": "0.82", "2015-09-30": "0.82", "2015-06-30": "0.79", "2015-03-31": "0.80", "2014-12-31": "0.79", "2014-09-30": "0.77", "2014-06-30": "0.78", "2014-03-31": "0.77", "2013-12-31": "0.78", "2013-09-30": "0.79", "2013-06-30": "0.78", "2013-03-31": "0.77", "2012-12-31": "0.76", "2012-09-30": "0.78", "2012-06-30": "0.80", "2012-03-31": "0.80", "2011-12-31": "0.81", "2011-09-30": "0.82", "2011-06-30": "0.82", "2011-03-31": "0.81", "2010-12-31": "0.78", "2010-09-30": "0.83", "2010-06-30": "0.83", "2010-03-31": "0.85", "2009-12-31": "0.88", "2009-09-30": "0.86", "2009-06-30": "0.83", "2009-03-31": "0.85", "2008-12-31": "0.86", "2008-09-30": "0.87", "2008-06-30": "0.86", "2008-03-31": "0.86", "2007-12-31": "0.84", "2007-09-30": "0.84", "2007-06-30": "0.85", "2007-03-31": "0.85", "2006-12-31": "0.83", "2006-09-30": "0.84", "2006-06-30": "0.84", "2006-03-31": "0.85", "2005-12-31": "0.84", "2005-09-30": "0.84", "2005-06-30": "0.85", "2005-03-31": "0.87"}, "quick ratio": {"2020-09-30": "0.00", "2020-06-30": "0.00", "2020-03-31": "0.00", "2019-12-31": "0.00", "2019-09-30": "0.00", "2019-06-30": "0.00", "2019-03-31": "0.00", "2018-12-31": "0.00", "2018-09-30": "0.00", "2018-06-30": "0.00", "2018-03-31": "0.00", "2017-12-31": "0.00", "2017-09-30": "0.00", "2017-06-30": "0.00", "2017-03-31": "0.00", "2016-12-31": "0.00", "2016-09-30": "0.00", "2016-06-30": "0.00", "2016-03-31": "0.00", "2015-12-31": "0.00", "2015-09-30": "0.00", "2015-06-30": "0.00", "2015-03-31": "0.00", "2014-12-31": "0.00", "2014-09-30": "0.00", "2014-06-30": "0.00", "2014-03-31": "0.00", "2013-12-31": "0.00", "2013-09-30": "0.00", "2013-06-30": "0.00", "2013-03-31": "0.00", "2012-12-31": "0.00", "2012-09-30": "0.00", "2012-06-30": "0.00", "2012-03-31": "0.00", "2011-12-31": "0.00", "2011-09-30": "0.00", "2011-06-30": "0.00", "2011-03-31": "0.00", "2010-12-31": "0.00", "2010-09-30": "0.00", "2010-06-30": "0.00", "2010-03-31": "0.00", "2009-12-31": "0.00", "2009-09-30": "0.00", "2009-06-30": "0.00", "2009-03-31": "0.00", "2008-12-31": "0.00", "2008-09-30": "0.00", "2008-06-30": "0.00", "2008-03-31": "0.00", "2007-12-31": "0.00", "2007-09-30": "0.00", "2007-06-30": "0.00", "2007-03-31": "0.00", "2006-12-31": "0.00", "2006-09-30": "0.00", "2006-06-30": "0.00", "2006-03-31": "0.00", "2005-12-31": "0.00", "2005-09-30": "0.00", "2005-06-30": "0.00", "2005-03-31": "0.00"}, "debt equity ratio": {"current": "0.18", "2020-09-30": "10.95", "2020-06-30": "10.99", "2020-03-31": "9.51", "2019-12-31": "10.11", "2019-09-30": "9.58", "2019-06-30": "9.53", "2019-03-31": "9.21", "2018-12-31": "9.15", "2018-09-30": "8.99", "2018-06-30": "9.18", "2018-03-31": "9.21", "2017-12-31": "9.36", "2017-09-30": "9.44", "2017-06-30": "9.73", "2017-03-31": "9.97", "2016-12-31": "9.95", "2016-09-30": "9.69", "2016-06-30": "9.62", "2016-03-31": "9.87", "2015-12-31": "9.96", "2015-09-30": "9.99", "2015-06-30": "10.06", "2015-03-31": "10.16", "2014-12-31": "10.19", "2014-09-30": "9.13", "2014-06-30": "9.27", "2014-03-31": "9.53", "2013-12-31": "9.23", "2013-09-30": "9.85", "2013-06-30": "9.99", "2013-03-31": "10.13", "2012-12-31": "10.42", "2012-09-30": "9.73", "2012-06-30": "10.05", "2012-03-31": "10.22", "2011-12-31": "10.28", "2011-09-30": "10.23", "2011-06-30": "10.62", "2011-03-31": "10.84", "2010-12-31": "11.01", "2010-09-30": "11.25", "2010-06-30": "11.45", "2010-03-31": "11.72", "2009-12-31": "10.84", "2009-09-30": "11.22", "2009-06-30": "11.08", "2009-03-31": "10.99", "2008-12-31": "10.60", "2008-09-30": "10.08", "2008-06-30": "10.04", "2008-03-31": "10.27", "2007-12-31": "10.25", "2007-09-30": "10.64", "2007-06-30": "10.70", "2007-03-31": "10.81", "2006-12-31": "11.00", "2006-09-30": "11.25", "2006-06-30": "11.64", "2006-03-31": "11.54", "2005-12-31": "11.40", "2005-09-30": "11.50", "2005-06-30": "11.36", "2005-03-31": "11.33"}, "return on equity": {"2020-09-30": "11.43%", "2020-06-30": "11.47%", "2020-03-31": "10.98%", "2019-12-31": "12.83%", "2019-09-30": "12.55%", "2019-06-30": "12.38%", "2019-03-31": "11.75%", "2018-12-31": "11.56%", "2018-09-30": "10.67%", "2018-06-30": "9.33%", "2018-03-31": "10.74%", "2017-12-31": "9.98%", "2017-09-30": "10.20%", "2017-06-30": "9.87%", "2017-03-31": "7.88%", "2016-12-31": "7.44%", "2016-09-30": "7.19%", "2016-06-30": "7.50%", "2016-03-31": "6.82%", "2015-12-31": "7.47%", "2015-09-30": "8.32%", "2015-06-30": "7.76%", "2015-03-31": "7.53%", "2014-12-31": "6.10%", "2014-09-30": "4.80%", "2014-06-30": "5.59%", "2014-03-31": "6.57%", "2013-12-31": "8.44%", "2013-09-30": "8.36%", "2013-06-30": "8.32%", "2013-03-31": "8.01%", "2012-12-31": "6.95%", "2012-09-30": "7.52%", "2012-06-30": "9.80%", "2012-03-31": "9.04%", "2011-12-31": "10.64%", "2011-09-30": "10.78%", "2011-06-30": "8.00%", "2011-03-31": "8.60%", "2010-12-31": "11.39%", "2010-09-30": "11.02%", "2010-06-30": "14.73%", "2010-03-31": "13.86%", "2009-12-31": "7.81%", "2009-09-30": "7.55%", "2009-06-30": "3.30%", "2009-03-31": "4.63%", "2008-12-31": "6.15%", "2008-09-30": "7.03%", "2008-06-30": "7.36%", "2008-03-31": "7.86%", "2007-12-31": "7.85%", "2007-09-30": "8.56%", "2007-06-30": "9.51%", "2007-03-31": "9.85%", "2006-12-31": "10.12%", "2006-09-30": "9.98%", "2006-06-30": "9.97%", "2006-03-31": "10.01%", "2005-12-31": "9.88%"}, "return on assets": {"2020-09-30": "1.00%", "2020-06-30": "1.04%", "2020-03-31": "1.03%", "2019-12-31": "1.21%", "2019-09-30": "1.21%", "2019-06-30": "1.21%", "2019-03-31": "1.16%", "2018-12-31": "1.14%", "2018-09-30": "1.05%", "2018-06-30": "0.91%", "2018-03-31": "1.03%", "2017-12-31": "0.94%", "2017-09-30": "0.95%", "2017-06-30": "0.91%", "2017-03-31": "0.73%", "2016-12-31": "0.69%", "2016-09-30": "0.67%", "2016-06-30": "0.69%", "2016-03-31": "0.62%", "2015-12-31": "0.68%", "2015-09-30": "0.75%", "2015-06-30": "0.71%", "2015-03-31": "0.70%", "2014-12-31": "0.58%", "2014-09-30": "0.47%", "2014-06-30": "0.53%", "2014-03-31": "0.62%", "2013-12-31": "0.78%", "2013-09-30": "0.75%", "2013-06-30": "0.75%", "2013-03-31": "0.72%", "2012-12-31": "0.63%", "2012-09-30": "0.68%", "2012-06-30": "0.88%", "2012-03-31": "0.80%", "2011-12-31": "0.93%", "2011-09-30": "0.92%", "2011-06-30": "0.67%", "2011-03-31": "0.71%", "2010-12-31": "0.92%", "2010-09-30": "0.89%", "2010-06-30": "1.20%", "2010-03-31": "1.13%", "2009-12-31": "0.65%", "2009-09-30": "0.63%", "2009-06-30": "0.28%", "2009-03-31": "0.41%", "2008-12-31": "0.55%", "2008-09-30": "0.63%", "2008-06-30": "0.65%", "2008-03-31": "0.69%", "2007-12-31": "0.68%", "2007-09-30": "0.73%", "2007-06-30": "0.80%", "2007-03-31": "0.81%", "2006-12-31": "0.82%", "2006-09-30": "0.80%", "2006-06-30": "0.80%", "2006-03-31": "0.80%", "2005-12-31": "0.80%"}, "return on investments": {"2020-09-30": "13.91%", "2020-06-30": "14.16%", "2020-03-31": "13.97%", "2019-12-31": "16.59%", "2019-09-30": "16.50%", "2019-06-30": "15.69%", "2019-03-31": "14.89%", "2018-12-31": "14.66%", "2018-09-30": "14.81%", "2018-06-30": "13.48%", "2018-03-31": "15.26%", "2017-12-31": "14.18%", "2017-09-30": "13.25%", "2017-06-30": "12.93%", "2017-03-31": "10.33%", "2016-12-31": "9.77%", "2016-09-30": "9.15%", "2016-06-30": "9.64%", "2016-03-31": "9.02%", "2015-12-31": "10.17%", "2015-09-30": "11.29%", "2015-06-30": "10.65%", "2015-03-31": "10.34%", "2014-12-31": "8.24%", "2014-09-30": "6.75%", "2014-06-30": "7.70%", "2014-03-31": "8.76%", "2013-12-31": "10.96%", "2013-09-30": "10.85%", "2013-06-30": "10.57%", "2013-03-31": "9.49%", "2012-12-31": "7.98%", "2012-09-30": "8.23%", "2012-06-30": "10.93%", "2012-03-31": "10.32%", "2011-12-31": "12.01%", "2011-09-30": "11.86%", "2011-06-30": "8.49%", "2011-03-31": "8.91%", "2010-12-31": "11.79%", "2010-09-30": "11.45%", "2010-06-30": "15.23%", "2010-03-31": "14.47%", "2009-12-31": "8.05%", "2009-09-30": "7.72%", "2009-06-30": "3.14%", "2009-03-31": "4.70%", "2008-12-31": "6.52%", "2008-09-30": "8.01%", "2008-06-30": "8.62%", "2008-03-31": "9.31%", "2007-12-31": "9.48%", "2007-09-30": "10.00%", "2007-06-30": "11.19%", "2007-03-31": "11.33%", "2006-12-31": "11.56%", "2006-09-30": "11.47%", "2006-06-30": "11.34%", "2006-03-31": "11.59%", "2005-12-31": "11.69%"}, "return on tangible equity": {"2020-09-30": "12.77%", "2020-06-30": "12.83%", "2020-03-31": "12.28%", "2019-12-31": "14.28%", "2019-09-30": "13.86%", "2019-06-30": "13.60%", "2019-03-31": "12.83%", "2018-12-31": "12.56%", "2018-09-30": "11.52%", "2018-06-30": "10.04%", "2018-03-31": "11.52%", "2017-12-31": "10.73%", "2017-09-30": "10.99%", "2017-06-30": "10.66%", "2017-03-31": "8.51%", "2016-12-31": "8.04%", "2016-09-30": "7.78%", "2016-06-30": "8.13%", "2016-03-31": "7.42%", "2015-12-31": "8.16%", "2015-09-30": "9.11%", "2015-06-30": "8.46%", "2015-03-31": "8.16%", "2014-12-31": "6.57%", "2014-09-30": "5.10%", "2014-06-30": "5.92%", "2014-03-31": "6.95%", "2013-12-31": "8.91%", "2013-09-30": "8.84%", "2013-06-30": "8.80%", "2013-03-31": "8.48%", "2012-12-31": "7.36%", "2012-09-30": "7.97%", "2012-06-30": "10.40%", "2012-03-31": "9.61%", "2011-12-31": "11.33%", "2011-09-30": "11.49%", "2011-06-30": "8.55%", "2011-03-31": "9.20%", "2010-12-31": "12.21%", "2010-09-30": "11.84%", "2010-06-30": "15.84%", "2010-03-31": "14.93%", "2009-12-31": "8.41%", "2009-09-30": "8.15%", "2009-06-30": "3.56%", "2009-03-31": "5.00%", "2008-12-31": "6.63%", "2008-09-30": "7.58%", "2008-06-30": "7.95%", "2008-03-31": "8.51%", "2007-12-31": "8.52%", "2007-09-30": "9.31%", "2007-06-30": "10.38%", "2007-03-31": "10.78%", "2006-12-31": "11.11%", "2006-09-30": "10.99%", "2006-06-30": "10.73%", "2006-03-31": "10.51%", "2005-12-31": "10.13%"}, "dividend yield history": {"last payout": "$1.88", "last yield": "0.28%"}}