{"ticker": "FAF", "price": {"title": "First American Financial Historical Annual Stock Price Data", "value": 54.65, "historical": {"2020": {"Average Stock Price": "51.5569", "Year Open": "57.9400", "Year High": "66.4900", "Year Low": "33.1600", "Year Close": "51.6300", "Annual % Change": "-11.47%"}, "2019": {"Average Stock Price": "55.6531", "Year Open": "44.1200", "Year High": "64.1900", "Year Low": "44.1200", "Year Close": "58.3200", "Annual % Change": "30.65%"}, "2018": {"Average Stock Price": "53.2095", "Year Open": "55.8600", "Year High": "62.0900", "Year Low": "42.5500", "Year Close": "44.6400", "Annual % Change": "-20.34%"}, "2017": {"Average Stock Price": "45.5532", "Year Open": "37.1800", "Year High": "57.0200", "Year Low": "36.8300", "Year Close": "56.0400", "Annual % Change": "52.99%"}, "2016": {"Average Stock Price": "38.2144", "Year Open": "35.1200", "Year High": "43.3500", "Year Low": "32.4400", "Year Close": "36.6300", "Annual % Change": "2.03%"}, "2015": {"Average Stock Price": "37.1129", "Year Open": "33.7300", "Year High": "42.3600", "Year Low": "32.6500", "Year Close": "35.9000", "Annual % Change": "5.90%"}, "2014": {"Average Stock Price": "28.0956", "Year Open": "27.8200", "Year High": "34.3000", "Year Low": "24.9200", "Year Close": "33.9000", "Annual % Change": "20.21%"}, "2013": {"Average Stock Price": "24.3633", "Year Open": "24.8900", "Year High": "28.2600", "Year Low": "20.5300", "Year Close": "28.2000", "Annual % Change": "17.06%"}, "2012": {"Average Stock Price": "18.4494", "Year Open": "12.9900", "Year High": "24.6900", "Year Low": "12.7500", "Year Close": "24.0900", "Annual % Change": "90.13%"}, "2011": {"Average Stock Price": "14.5557", "Year Open": "15.0300", "Year High": "17.0600", "Year Low": "10.5100", "Year Close": "12.6700", "Annual % Change": "-15.19%"}, "2010": {"Average Stock Price": "14.3334", "Year Open": "19.4200", "Year High": "19.4200", "Year Low": "12.3100", "Year Close": "14.9400", "Annual % Change": "0.00%"}}}, "market cap": {"value": "$6.1B"}, "income statement": {"Revenue": {"2019-12-31": "6202.06100", "2018-12-31": "5747.84400", "2017-12-31": "5772.36300", "2016-12-31": "5575.84600", "2015-12-31": "5175.45600", "2014-12-31": "4677.94900", "2013-12-31": "4956.07700", "2012-12-31": "4541.82100", "2011-12-31": "3820.57400", "2010-12-31": "3906.61200", "2009-12-31": "4046.83400", "2008-12-31": "4367.72500"}, "Cost Of Goods Sold": {"2019-12-31": "", "2018-12-31": "", "2017-12-31": "", "2016-12-31": "", "2015-12-31": "", "2014-12-31": "", "2013-12-31": "", "2012-12-31": "", "2011-12-31": "", "2010-12-31": "", "2009-12-31": "", "2008-12-31": ""}, "Gross Profit": {"2019-12-31": "6202.06100", "2018-12-31": "5747.84400", "2017-12-31": "5772.36300", "2016-12-31": "5575.84600", "2015-12-31": "5175.45600", "2014-12-31": "4677.94900", "2013-12-31": "4956.07700", "2012-12-31": "4541.82100", "2011-12-31": "3820.57400", "2010-12-31": "3906.61200", "2009-12-31": "4046.83400", "2008-12-31": "4367.72500"}, "Research And Development Expenses": {"2019-12-31": "", "2018-12-31": "", "2017-12-31": "", "2016-12-31": "", "2015-12-31": "", "2014-12-31": "", "2013-12-31": "", "2012-12-31": "", "2011-12-31": "", "2010-12-31": "", "2009-12-31": "", "2008-12-31": ""}, "SG&A Expenses": {"2019-12-31": "1806.00500", "2018-12-31": "1748.94900", "2017-12-31": "1723.53900", "2016-12-31": "1655.16400", "2015-12-31": "1594.93500", "2014-12-31": "1435.62800", "2013-12-31": "1488.99700", "2012-12-31": "1334.86600", "2011-12-31": "1178.36800", "2010-12-31": "1206.68300", "2009-12-31": "1216.56500", "2008-12-31": "1388.17500"}, "Other Operating Income Or Expenses": {"2019-12-31": "-3243.60400", "2018-12-31": "-3152.67700", "2017-12-31": "-3369.65200", "2016-12-31": "-3245.48200", "2015-12-31": "-2968.78300", "2014-12-31": "-2729.72300", "2013-12-31": "-3009.44000", "2012-12-31": "-2604.22900", "2011-12-31": "-2377.29600", "2010-12-31": "-2354.52000", "2009-12-31": "-2485.40900", "2008-12-31": "-2926.64200"}, "Operating Expenses": {"2019-12-31": "5178.63000", "2018-12-31": "5027.55300", "2017-12-31": "5221.24400", "2016-12-31": "4999.69300", "2015-12-31": "4649.31400", "2014-12-31": "4250.94800", "2013-12-31": "4573.35300", "2012-12-31": "4014.04500", "2011-12-31": "3632.55300", "2010-12-31": "3641.84500", "2009-12-31": "3786.18600", "2008-12-31": "4410.05900"}, "Operating Income": {"2019-12-31": "1023.43100", "2018-12-31": "720.29150", "2017-12-31": "551.11870", "2016-12-31": "576.15330", "2015-12-31": "526.14210", "2014-12-31": "427.00100", "2013-12-31": "382.72410", "2012-12-31": "527.77590", "2011-12-31": "188.02080", "2010-12-31": "264.76710", "2009-12-31": "260.64790", "2008-12-31": "-42.33350"}, "Total Non-Operating Income/Expense": {"2019-12-31": "-118.41300", "2018-12-31": "-110.75300", "2017-12-31": "-105.78800", "2016-12-31": "-98.57200", "2015-12-31": "-93.37700", "2014-12-31": "-76.44100", "2013-12-31": "-72.01600", "2012-12-31": "-60.37000", "2011-12-31": "-57.72800", "2010-12-31": "-52.66100", "2009-12-31": "-56.30300", "2008-12-31": "-73.58100"}, "Pre-Tax Income": {"2019-12-31": "905.01800", "2018-12-31": "609.53800", "2017-12-31": "445.33100", "2016-12-31": "477.58100", "2015-12-31": "432.76500", "2014-12-31": "350.56000", "2013-12-31": "310.70800", "2012-12-31": "467.40600", "2011-12-31": "130.29300", "2010-12-31": "212.10600", "2009-12-31": "204.34500", "2008-12-31": "-115.91500"}, "Income Taxes": {"2019-12-31": "195.17000", "2018-12-31": "133.64000", "2017-12-31": "23.46800", "2016-12-31": "134.10500", "2015-12-31": "143.89500", "2014-12-31": "116.34500", "2013-12-31": "123.64400", "2012-12-31": "165.67800", "2011-12-31": "51.71400", "2010-12-31": "83.15000", "2009-12-31": "70.06800", "2008-12-31": "-43.43300"}, "Income After Taxes": {"2019-12-31": "709.84800", "2018-12-31": "475.89800", "2017-12-31": "421.86300", "2016-12-31": "343.47600", "2015-12-31": "288.87000", "2014-12-31": "234.21500", "2013-12-31": "187.06400", "2012-12-31": "301.72800", "2011-12-31": "78.57900", "2010-12-31": "128.95600", "2009-12-31": "134.27700", "2008-12-31": "-72.48200"}, "Other Income": {"2019-12-31": "", "2018-12-31": "", "2017-12-31": "", "2016-12-31": "", "2015-12-31": "", "2014-12-31": "", "2013-12-31": "", "2012-12-31": "", "2011-12-31": "", "2010-12-31": "", "2009-12-31": "", "2008-12-31": ""}, "Income From Continuous Operations": {"2019-12-31": "709.84800", "2018-12-31": "475.89800", "2017-12-31": "421.86300", "2016-12-31": "343.47600", "2015-12-31": "288.87000", "2014-12-31": "234.21500", "2013-12-31": "187.06400", "2012-12-31": "301.72800", "2011-12-31": "78.57900", "2010-12-31": "128.95600", "2009-12-31": "134.27700", "2008-12-31": "-72.48200"}, "Income From Discontinued Operations": {"2019-12-31": "", "2018-12-31": "", "2017-12-31": "", "2016-12-31": "", "2015-12-31": "", "2014-12-31": "", "2013-12-31": "", "2012-12-31": "", "2011-12-31": "", "2010-12-31": "", "2009-12-31": "", "2008-12-31": ""}, "Net Income": {"2019-12-31": "707.41000", "2018-12-31": "474.49600", "2017-12-31": "423.04900", "2016-12-31": "342.99300", "2015-12-31": "287.76500", "2014-12-31": "233.02000", "2013-12-31": "186.36700", "2012-12-31": "300.35900", "2011-12-31": "78.10400", "2010-12-31": "127.36100", "2009-12-31": "122.38900", "2008-12-31": "-84.00500"}, "EBITDA": {"2019-12-31": "1179.23300", "2018-12-31": "873.21250", "2017-12-31": "710.38260", "2016-12-31": "703.52530", "2015-12-31": "640.14110", "2014-12-31": "537.17700", "2013-12-31": "484.42210", "2012-12-31": "619.98990", "2011-12-31": "275.92680", "2010-12-31": "345.40910", "2009-12-31": "344.86000", "2008-12-31": "52.90850"}, "EBIT": {"2019-12-31": "1023.43100", "2018-12-31": "720.29150", "2017-12-31": "551.11870", "2016-12-31": "576.15330", "2015-12-31": "526.14210", "2014-12-31": "427.00100", "2013-12-31": "382.72410", "2012-12-31": "527.77590", "2011-12-31": "188.02080", "2010-12-31": "264.76710", "2009-12-31": "260.64790", "2008-12-31": "-42.33350"}, "Basic Shares Outstanding": {"2019-12-31": "113.08000", "2018-12-31": "112.61300", "2017-12-31": "111.66800", "2016-12-31": "110.54800", "2015-12-31": "108.42700", "2014-12-31": "106.88400", "2013-12-31": "106.99100", "2012-12-31": "106.30700", "2011-12-31": "105.19700", "2010-12-31": "104.13400", "2009-12-31": "104.00600", "2008-12-31": "104.00600"}, "Shares Outstanding": {"2019-12-31": "113.65500", "2018-12-31": "113.27900", "2017-12-31": "112.43500", "2016-12-31": "111.15600", "2015-12-31": "109.82600", "2014-12-31": "108.68800", "2013-12-31": "109.10200", "2012-12-31": "108.54200", "2011-12-31": "106.91400", "2010-12-31": "106.17700", "2009-12-31": "104.00600", "2008-12-31": "104.00600"}, "Basic EPS": {"2019-12-31": "6.26000", "2018-12-31": "4.21000", "2017-12-31": "3.79000", "2016-12-31": "3.10000", "2015-12-31": "2.65000", "2014-12-31": "2.18000", "2013-12-31": "1.74000", "2012-12-31": "2.83000", "2011-12-31": "0.74000", "2010-12-31": "1.22000", "2009-12-31": "1.18000", "2008-12-31": "-0.81000"}, "EPS - Earnings Per Share": {"2019-12-31": "6.22000", "2018-12-31": "4.19000", "2017-12-31": "3.76000", "2016-12-31": "3.09000", "2015-12-31": "2.62000", "2014-12-31": "2.15000", "2013-12-31": "1.71000", "2012-12-31": "2.77000", "2011-12-31": "0.73000", "2010-12-31": "1.20000", "2009-12-31": "1.18000", "2008-12-31": "-0.81000"}}, "income statement, quarterly": {"Revenue": {"2020-09-30": "1913.72100", "2020-06-30": "1608.72900", "2020-03-31": "1412.94300", "2019-12-31": "1728.66400", "2019-09-30": "1671.19600", "2019-06-30": "1498.62000", "2019-03-31": "1303.58100", "2018-12-31": "1417.11300", "2018-09-30": "1542.18600", "2018-06-30": "1491.15700", "2018-03-31": "1297.38800", "2017-12-31": "1481.32300", "2017-09-30": "1519.56800", "2017-06-30": "1454.42900", "2017-03-31": "1317.04300", "2016-12-31": "1504.25700", "2016-09-30": "1508.34400", "2016-06-30": "1361.53300", "2016-03-31": "1201.71200", "2015-12-31": "1356.66800", "2015-09-30": "1383.91500", "2015-06-30": "1323.78900", "2015-03-31": "1111.08400", "2014-12-31": "1255.45100", "2014-09-30": "1259.73000", "2014-06-30": "1149.96900", "2014-03-31": "1012.79900", "2013-12-31": "1219.87200", "2013-09-30": "1300.97800", "2013-06-30": "1288.46400", "2013-03-31": "1146.76300", "2012-12-31": "1276.82300", "2012-09-30": "1208.40200", "2012-06-30": "1089.83300", "2012-03-31": "966.76300", "2011-12-31": "996.56590", "2011-09-30": "964.96500", "2011-06-30": "927.34300", "2011-03-31": "931.70000", "2010-12-31": "1024.73900", "2010-09-30": "1003.52300", "2010-06-30": "969.92400", "2010-03-31": "908.42600", "2009-12-31": "1492.10100", "2009-09-30": "1100.58100", "2009-06-30": "1025.08500", "2009-03-31": "888.37500", "2008-12-31": ""}, "Cost Of Goods Sold": {"2020-09-30": "", "2020-06-30": "", "2020-03-31": "", "2019-12-31": "", "2019-09-30": "", "2019-06-30": "", "2019-03-31": "", "2018-12-31": "", "2018-09-30": "", "2018-06-30": "", "2018-03-31": "", "2017-12-31": "", "2017-09-30": "", "2017-06-30": "", "2017-03-31": "", "2016-12-31": "", "2016-09-30": "", "2016-06-30": "", "2016-03-31": "", "2015-12-31": "", "2015-09-30": "", "2015-06-30": "", "2015-03-31": "", "2014-12-31": "", "2014-09-30": "", "2014-06-30": "", "2014-03-31": "", "2013-12-31": "", "2013-09-30": "", "2013-06-30": "", "2013-03-31": "", "2012-12-31": "", "2012-09-30": "", "2012-06-30": "", "2012-03-31": "", "2011-12-31": "", "2011-09-30": "", "2011-06-30": "", "2011-03-31": "", "2010-12-31": "", "2010-09-30": "", "2010-06-30": "", "2010-03-31": "", "2009-12-31": "", "2009-09-30": "", "2009-06-30": "", "2009-03-31": "", "2008-12-31": ""}, "Gross Profit": {"2020-09-30": "1913.72100", "2020-06-30": "1608.72900", "2020-03-31": "1412.94300", "2019-12-31": "1728.66400", "2019-09-30": "1671.19600", "2019-06-30": "1498.62000", "2019-03-31": "1303.58100", "2018-12-31": "1417.11300", "2018-09-30": "1542.18600", "2018-06-30": "1491.15700", "2018-03-31": "1297.38800", "2017-12-31": "1481.32300", "2017-09-30": "1519.56800", "2017-06-30": "1454.42900", "2017-03-31": "1317.04300", "2016-12-31": "1504.25700", "2016-09-30": "1508.34400", "2016-06-30": "1361.53300", "2016-03-31": "1201.71200", "2015-12-31": "1356.66800", "2015-09-30": "1383.91500", "2015-06-30": "1323.78900", "2015-03-31": "1111.08400", "2014-12-31": "1255.45100", "2014-09-30": "1259.73000", "2014-06-30": "1149.96900", "2014-03-31": "1012.79900", "2013-12-31": "1219.87200", "2013-09-30": "1300.97800", "2013-06-30": "1288.46400", "2013-03-31": "1146.76300", "2012-12-31": "1276.82300", "2012-09-30": "1208.40200", "2012-06-30": "1089.83300", "2012-03-31": "966.76300", "2011-12-31": "996.56590", "2011-09-30": "964.96500", "2011-06-30": "927.34300", "2011-03-31": "931.70000", "2010-12-31": "1024.73900", "2010-09-30": "1003.52300", "2010-06-30": "969.92400", "2010-03-31": "908.42600", "2009-12-31": "1492.10100", "2009-09-30": "1100.58100", "2009-06-30": "1025.08500", "2009-03-31": "888.37500", "2008-12-31": ""}, "Research And Development Expenses": {"2020-09-30": "", "2020-06-30": "", "2020-03-31": "", "2019-12-31": "", "2019-09-30": "", "2019-06-30": "", "2019-03-31": "", "2018-12-31": "", "2018-09-30": "", "2018-06-30": "", "2018-03-31": "", "2017-12-31": "", "2017-09-30": "", "2017-06-30": "", "2017-03-31": "", "2016-12-31": "", "2016-09-30": "", "2016-06-30": "", "2016-03-31": "", "2015-12-31": "", "2015-09-30": "", "2015-06-30": "", "2015-03-31": "", "2014-12-31": "", "2014-09-30": "", "2014-06-30": "", "2014-03-31": "", "2013-12-31": "", "2013-09-30": "", "2013-06-30": "", "2013-03-31": "", "2012-12-31": "", "2012-09-30": "", "2012-06-30": "", "2012-03-31": "", "2011-12-31": "", "2011-09-30": "", "2011-06-30": "", "2011-03-31": "", "2010-12-31": "", "2010-09-30": "", "2010-06-30": "", "2010-03-31": "", "2009-12-31": "", "2009-09-30": "", "2009-06-30": "", "2009-03-31": "", "2008-12-31": ""}, "SG&A Expenses": {"2020-09-30": "511.29800", "2020-06-30": "451.48700", "2020-03-31": "429.66000", "2019-12-31": "476.68300", "2019-09-30": "470.68300", "2019-06-30": "447.02700", "2019-03-31": "411.61200", "2018-12-31": "436.49400", "2018-09-30": "449.83900", "2018-06-30": "448.97400", "2018-03-31": "413.64200", "2017-12-31": "435.96880", "2017-09-30": "443.99200", "2017-06-30": "436.44100", "2017-03-31": "407.13700", "2016-12-31": "416.03490", "2016-09-30": "438.69200", "2016-06-30": "417.72500", "2016-03-31": "382.71200", "2015-12-31": "409.61700", "2015-09-30": "411.74300", "2015-06-30": "407.45200", "2015-03-31": "366.12300", "2014-12-31": "389.67310", "2014-09-30": "365.30400", "2014-06-30": "354.13300", "2014-03-31": "326.51800", "2013-12-31": "401.85800", "2013-09-30": "377.87200", "2013-06-30": "364.76700", "2013-03-31": "344.50000", "2012-12-31": "363.40400", "2012-09-30": "344.14000", "2012-06-30": "322.04300", "2012-03-31": "305.27900", "2011-12-31": "309.66500", "2011-09-30": "291.95000", "2011-06-30": "293.45100", "2011-03-31": "283.30200", "2010-12-31": "315.01200", "2010-09-30": "307.71300", "2010-06-30": "300.77100", "2010-03-31": "283.18700", "2009-12-31": "935.61000", "2009-09-30": "302.48400", "2009-06-30": "313.11100", "2009-03-31": "297.32500", "2008-12-31": ""}, "Other Operating Income Or Expenses": {"2020-09-30": "-1011.69500", "2020-06-30": "-861.17400", "2020-03-31": "-850.09800", "2019-12-31": "-900.51500", "2019-09-30": "-891.75900", "2019-06-30": "-760.56400", "2019-03-31": "-690.76600", "2018-12-31": "-799.38890", "2018-09-30": "-835.48700", "2018-06-30": "-782.10400", "2018-03-31": "-735.69700", "2017-12-31": "-827.80910", "2017-09-30": "-992.60700", "2017-06-30": "-777.52000", "2017-03-31": "-771.71600", "2016-12-31": "-952.17600", "2016-09-30": "-852.10400", "2016-06-30": "-742.39000", "2016-03-31": "-698.81200", "2015-12-31": "-783.38600", "2015-09-30": "-810.97700", "2015-06-30": "-729.97200", "2015-03-31": "-644.44800", "2014-12-31": "-699.69990", "2014-09-30": "-734.25000", "2014-06-30": "-680.85800", "2014-03-31": "-614.91500", "2013-12-31": "-695.26810", "2013-09-30": "-777.70200", "2013-06-30": "-827.55500", "2013-03-31": "-708.91500", "2012-12-31": "-729.34200", "2012-09-30": "-674.51100", "2012-06-30": "-622.38400", "2012-03-31": "-577.99200", "2011-12-31": "-586.61510", "2011-09-30": "-596.96300", "2011-06-30": "-553.82900", "2011-03-31": "-639.88900", "2010-12-31": "-599.71400", "2010-09-30": "-607.00700", "2010-06-30": "-578.93900", "2010-03-31": "-568.86000", "2009-12-31": "", "2009-09-30": "-694.38600", "2009-06-30": "-612.83000", "2009-03-31": "-546.22500", "2008-12-31": ""}, "Operating Expenses": {"2020-09-30": "1561.22000", "2020-06-30": "1353.63700", "2020-03-31": "1311.20700", "2019-12-31": "1408.68200", "2019-09-30": "1394.16100", "2019-06-30": "1240.47500", "2019-03-31": "1135.31200", "2018-12-31": "1269.27600", "2018-09-30": "1317.05500", "2018-06-30": "1262.13600", "2018-03-31": "1179.08600", "2017-12-31": "1295.53900", "2017-09-30": "1472.59900", "2017-06-30": "1244.10600", "2017-03-31": "1209.00000", "2016-12-31": "1396.35300", "2016-09-30": "1315.28700", "2016-06-30": "1184.10900", "2016-03-31": "1103.94400", "2015-12-31": "1215.21000", "2015-09-30": "1243.79200", "2015-06-30": "1158.88700", "2015-03-31": "1031.42500", "2014-12-31": "1111.09100", "2014-09-30": "1123.68100", "2014-06-30": "1054.77100", "2014-03-31": "961.40500", "2013-12-31": "1116.90100", "2013-09-30": "1174.12800", "2013-06-30": "1210.51400", "2013-03-31": "1071.81000", "2012-12-31": "1112.75200", "2012-09-30": "1037.08000", "2012-06-30": "962.88310", "2012-03-31": "901.33000", "2011-12-31": "916.18510", "2011-09-30": "907.93100", "2011-06-30": "866.14700", "2011-03-31": "942.29000", "2010-12-31": "936.00380", "2010-09-30": "933.71110", "2010-06-30": "899.83000", "2010-03-31": "872.30000", "2009-12-31": "959.17000", "2009-09-30": "1016.73200", "2009-06-30": "945.92600", "2009-03-31": "864.36000", "2008-12-31": ""}, "Operating Income": {"2020-09-30": "352.50100", "2020-06-30": "255.09200", "2020-03-31": "101.73600", "2019-12-31": "319.98240", "2019-09-30": "277.03500", "2019-06-30": "258.14490", "2019-03-31": "168.26900", "2018-12-31": "147.83750", "2018-09-30": "225.13110", "2018-06-30": "229.02100", "2018-03-31": "118.30190", "2017-12-31": "185.78390", "2017-09-30": "46.96900", "2017-06-30": "210.32300", "2017-03-31": "108.04300", "2016-12-31": "107.90440", "2016-09-30": "193.05700", "2016-06-30": "177.42410", "2016-03-31": "97.76790", "2015-12-31": "141.45800", "2015-09-30": "140.12300", "2015-06-30": "164.90200", "2015-03-31": "79.65890", "2014-12-31": "144.36010", "2014-09-30": "136.04900", "2014-06-30": "95.19800", "2014-03-31": "51.39400", "2013-12-31": "102.97110", "2013-09-30": "126.85010", "2013-06-30": "77.95010", "2013-03-31": "74.95300", "2012-12-31": "164.07120", "2012-09-30": "171.32190", "2012-06-30": "126.95000", "2012-03-31": "65.43300", "2011-12-31": "80.38080", "2011-09-30": "57.03400", "2011-06-30": "61.19600", "2011-03-31": "-10.59000", "2010-12-31": "88.73520", "2010-09-30": "69.81200", "2010-06-30": "70.09410", "2010-03-31": "36.12600", "2009-12-31": "532.93100", "2009-09-30": "83.84910", "2009-06-30": "79.15890", "2009-03-31": "24.01500", "2008-12-31": ""}, "Total Non-Operating Income/Expense": {"2020-09-30": "-109.13000", "2020-06-30": "-29.79700", "2020-03-31": "-29.41200", "2019-12-31": "-31.46900", "2019-09-30": "-31.69700", "2019-06-30": "-28.64800", "2019-03-31": "-26.59900", "2018-12-31": "-28.91900", "2018-09-30": "-29.54400", "2018-06-30": "-27.05300", "2018-03-31": "-25.23700", "2017-12-31": "-26.44900", "2017-09-30": "-29.00700", "2017-06-30": "-26.16900", "2017-03-31": "-24.16300", "2016-12-31": "-26.45300", "2016-09-30": "-26.12600", "2016-06-30": "-23.81700", "2016-03-31": "-22.17600", "2015-12-31": "-24.65900", "2015-09-30": "-24.72700", "2015-06-30": "-23.28000", "2015-03-31": "-20.71100", "2014-12-31": "-21.46300", "2014-09-30": "-20.09700", "2014-06-30": "-18.74000", "2014-03-31": "-16.14100", "2013-12-31": "-18.12400", "2013-09-30": "-19.80500", "2013-06-30": "-18.72600", "2013-03-31": "-15.36100", "2012-12-31": "-16.38700", "2012-09-30": "-15.44000", "2012-06-30": "-14.66000", "2012-03-31": "-13.88300", "2011-12-31": "-14.26500", "2011-09-30": "-18.62300", "2011-06-30": "-11.98100", "2011-03-31": "-12.85900", "2010-12-31": "-14.15200", "2010-09-30": "-13.82400", "2010-06-30": "-13.09900", "2010-03-31": "-11.58600", "2009-12-31": "-12.50000", "2009-09-30": "-15.32800", "2009-06-30": "-14.62400", "2009-03-31": "-13.87100", "2008-12-31": ""}, "Pre-Tax Income": {"2020-09-30": "243.37100", "2020-06-30": "225.29500", "2020-03-31": "72.32400", "2019-12-31": "288.51300", "2019-09-30": "245.33800", "2019-06-30": "229.49700", "2019-03-31": "141.67000", "2018-12-31": "118.91800", "2018-09-30": "195.58700", "2018-06-30": "201.96800", "2018-03-31": "93.06500", "2017-12-31": "159.33500", "2017-09-30": "17.96200", "2017-06-30": "184.15400", "2017-03-31": "83.88000", "2016-12-31": "81.45100", "2016-09-30": "166.93100", "2016-06-30": "153.60700", "2016-03-31": "75.59200", "2015-12-31": "116.79900", "2015-09-30": "115.39600", "2015-06-30": "141.62200", "2015-03-31": "58.94800", "2014-12-31": "122.89700", "2014-09-30": "115.95200", "2014-06-30": "76.45800", "2014-03-31": "35.25300", "2013-12-31": "84.84700", "2013-09-30": "107.04500", "2013-06-30": "59.22400", "2013-03-31": "59.59200", "2012-12-31": "147.68400", "2012-09-30": "155.88200", "2012-06-30": "112.29000", "2012-03-31": "51.55000", "2011-12-31": "66.11600", "2011-09-30": "38.41100", "2011-06-30": "49.21500", "2011-03-31": "-23.44900", "2010-12-31": "74.58300", "2010-09-30": "55.98800", "2010-06-30": "56.99500", "2010-03-31": "24.54000", "2009-12-31": "61.15000", "2009-09-30": "68.52100", "2009-06-30": "64.53500", "2009-03-31": "10.14400", "2008-12-31": ""}, "Income Taxes": {"2020-09-30": "59.78000", "2020-06-30": "53.60100", "2020-03-31": "8.47800", "2019-12-31": "63.90700", "2019-09-30": "57.17100", "2019-06-30": "42.22600", "2019-03-31": "31.86600", "2018-12-31": "25.74400", "2018-09-30": "44.12600", "2018-06-30": "46.87700", "2018-03-31": "16.89300", "2017-12-31": "-61.37800", "2017-09-30": "-3.22400", "2017-06-30": "62.25900", "2017-03-31": "25.81100", "2016-12-31": "0.49000", "2016-09-30": "59.53900", "2016-06-30": "51.15600", "2016-03-31": "22.92000", "2015-12-31": "35.06300", "2015-09-30": "39.63700", "2015-06-30": "48.04300", "2015-03-31": "21.15200", "2014-12-31": "42.15900", "2014-09-30": "35.01500", "2014-06-30": "25.77000", "2014-03-31": "13.40100", "2013-12-31": "33.05800", "2013-09-30": "42.95000", "2013-06-30": "24.27600", "2013-03-31": "23.36000", "2012-12-31": "54.48200", "2012-09-30": "51.98200", "2012-06-30": "38.77300", "2012-03-31": "20.44100", "2011-12-31": "25.73800", "2011-09-30": "17.11600", "2011-06-30": "17.06800", "2011-03-31": "-8.20800", "2010-12-31": "26.83900", "2010-09-30": "22.64500", "2010-06-30": "22.85500", "2010-03-31": "10.81100", "2009-12-31": "8.55000", "2009-09-30": "27.60800", "2009-06-30": "31.14300", "2009-03-31": "2.77500", "2008-12-31": ""}, "Income After Taxes": {"2020-09-30": "183.59100", "2020-06-30": "171.69400", "2020-03-31": "63.84600", "2019-12-31": "224.60600", "2019-09-30": "188.16700", "2019-06-30": "187.27100", "2019-03-31": "109.80400", "2018-12-31": "93.17400", "2018-09-30": "151.46100", "2018-06-30": "155.09100", "2018-03-31": "76.17200", "2017-12-31": "220.71300", "2017-09-30": "21.18600", "2017-06-30": "121.89500", "2017-03-31": "58.06900", "2016-12-31": "80.96100", "2016-09-30": "107.39200", "2016-06-30": "102.45100", "2016-03-31": "52.67200", "2015-12-31": "81.73600", "2015-09-30": "75.75900", "2015-06-30": "93.57900", "2015-03-31": "37.79600", "2014-12-31": "80.73800", "2014-09-30": "80.93700", "2014-06-30": "50.68800", "2014-03-31": "21.85200", "2013-12-31": "51.78900", "2013-09-30": "64.09500", "2013-06-30": "34.94800", "2013-03-31": "36.23200", "2012-12-31": "93.20200", "2012-09-30": "103.90000", "2012-06-30": "73.51700", "2012-03-31": "31.10900", "2011-12-31": "40.37800", "2011-09-30": "21.29500", "2011-06-30": "32.14700", "2011-03-31": "-15.24100", "2010-12-31": "47.74400", "2010-09-30": "33.34300", "2010-06-30": "34.14000", "2010-03-31": "13.72900", "2009-12-31": "52.60000", "2009-09-30": "40.91300", "2009-06-30": "33.39200", "2009-03-31": "7.36900", "2008-12-31": ""}, "Other Income": {"2020-09-30": "", "2020-06-30": "", "2020-03-31": "", "2019-12-31": "", "2019-09-30": "", "2019-06-30": "", "2019-03-31": "", "2018-12-31": "", "2018-09-30": "", "2018-06-30": "", "2018-03-31": "", "2017-12-31": "", "2017-09-30": "", "2017-06-30": "", "2017-03-31": "", "2016-12-31": "", "2016-09-30": "", "2016-06-30": "", "2016-03-31": "", "2015-12-31": "", "2015-09-30": "", "2015-06-30": "", "2015-03-31": "", "2014-12-31": "", "2014-09-30": "", "2014-06-30": "", "2014-03-31": "", "2013-12-31": "", "2013-09-30": "", "2013-06-30": "", "2013-03-31": "", "2012-12-31": "", "2012-09-30": "", "2012-06-30": "", "2012-03-31": "", "2011-12-31": "", "2011-09-30": "", "2011-06-30": "", "2011-03-31": "", "2010-12-31": "", "2010-09-30": "", "2010-06-30": "", "2010-03-31": "", "2009-12-31": "0.00000", "2009-09-30": "", "2009-06-30": "", "2009-03-31": "", "2008-12-31": ""}, "Income From Continuous Operations": {"2020-09-30": "183.59100", "2020-06-30": "171.69400", "2020-03-31": "63.84600", "2019-12-31": "224.60600", "2019-09-30": "188.16700", "2019-06-30": "187.27100", "2019-03-31": "109.80400", "2018-12-31": "93.17400", "2018-09-30": "151.46100", "2018-06-30": "155.09100", "2018-03-31": "76.17200", "2017-12-31": "220.71300", "2017-09-30": "21.18600", "2017-06-30": "121.89500", "2017-03-31": "58.06900", "2016-12-31": "80.96100", "2016-09-30": "107.39200", "2016-06-30": "102.45100", "2016-03-31": "52.67200", "2015-12-31": "81.73600", "2015-09-30": "75.75900", "2015-06-30": "93.57900", "2015-03-31": "37.79600", "2014-12-31": "80.73800", "2014-09-30": "80.93700", "2014-06-30": "50.68800", "2014-03-31": "21.85200", "2013-12-31": "51.78900", "2013-09-30": "64.09500", "2013-06-30": "34.94800", "2013-03-31": "36.23200", "2012-12-31": "93.20200", "2012-09-30": "103.90000", "2012-06-30": "73.51700", "2012-03-31": "31.10900", "2011-12-31": "40.37800", "2011-09-30": "21.29500", "2011-06-30": "32.14700", "2011-03-31": "-15.24100", "2010-12-31": "47.74400", "2010-09-30": "33.34300", "2010-06-30": "34.14000", "2010-03-31": "13.72900", "2009-12-31": "37.99200", "2009-09-30": "40.91300", "2009-06-30": "33.39200", "2009-03-31": "7.36900", "2008-12-31": ""}, "Income From Discontinued Operations": {"2020-09-30": "", "2020-06-30": "", "2020-03-31": "", "2019-12-31": "", "2019-09-30": "", "2019-06-30": "", "2019-03-31": "", "2018-12-31": "", "2018-09-30": "", "2018-06-30": "", "2018-03-31": "", "2017-12-31": "", "2017-09-30": "", "2017-06-30": "", "2017-03-31": "", "2016-12-31": "", "2016-09-30": "", "2016-06-30": "", "2016-03-31": "", "2015-12-31": "", "2015-09-30": "", "2015-06-30": "", "2015-03-31": "", "2014-12-31": "", "2014-09-30": "", "2014-06-30": "", "2014-03-31": "", "2013-12-31": "", "2013-09-30": "", "2013-06-30": "", "2013-03-31": "", "2012-12-31": "", "2012-09-30": "", "2012-06-30": "", "2012-03-31": "", "2011-12-31": "", "2011-09-30": "", "2011-06-30": "", "2011-03-31": "", "2010-12-31": "", "2010-09-30": "", "2010-06-30": "", "2010-03-31": "", "2009-12-31": "0.00000", "2009-09-30": "", "2009-06-30": "", "2009-03-31": "", "2008-12-31": ""}, "Net Income": {"2020-09-30": "182.27900", "2020-06-30": "170.65500", "2020-03-31": "63.20400", "2019-12-31": "223.99800", "2019-09-30": "187.18200", "2019-06-30": "186.65500", "2019-03-31": "109.57500", "2018-12-31": "91.64900", "2018-09-30": "151.48000", "2018-06-30": "155.14000", "2018-03-31": "76.22700", "2017-12-31": "221.12700", "2017-09-30": "21.38300", "2017-06-30": "122.25700", "2017-03-31": "58.28200", "2016-12-31": "81.02300", "2016-09-30": "107.32000", "2016-06-30": "102.14900", "2016-03-31": "52.50100", "2015-12-31": "81.33200", "2015-09-30": "75.54200", "2015-06-30": "93.25900", "2015-03-31": "37.63200", "2014-12-31": "80.36100", "2014-09-30": "80.51600", "2014-06-30": "50.47100", "2014-03-31": "21.67200", "2013-12-31": "51.83100", "2013-09-30": "63.78700", "2013-06-30": "34.62500", "2013-03-31": "36.12400", "2012-12-31": "93.07500", "2012-09-30": "103.26600", "2012-06-30": "72.81700", "2012-03-31": "31.20100", "2011-12-31": "40.13800", "2011-09-30": "21.01100", "2011-06-30": "32.29000", "2011-03-31": "-15.33500", "2010-12-31": "46.62600", "2010-09-30": "33.13300", "2010-06-30": "33.83300", "2010-03-31": "13.76900", "2009-12-31": "37.99200", "2009-09-30": "38.82500", "2009-06-30": "28.59200", "2009-03-31": "4.90200", "2008-12-31": ""}, "EBITDA": {"2020-09-30": "399.24400", "2020-06-30": "306.27800", "2020-03-31": "143.13700", "2019-12-31": "359.60140", "2019-09-30": "316.03100", "2019-06-30": "296.93390", "2019-03-31": "206.66700", "2018-12-31": "187.70350", "2018-09-30": "263.93010", "2018-06-30": "266.78700", "2018-03-31": "154.79190", "2017-12-31": "223.74290", "2017-09-30": "91.31600", "2017-06-30": "247.70700", "2017-03-31": "147.61700", "2016-12-31": "144.10440", "2016-09-30": "224.73300", "2016-06-30": "208.02310", "2016-03-31": "126.66490", "2015-12-31": "170.36600", "2015-09-30": "168.85210", "2015-06-30": "193.73400", "2015-03-31": "107.18890", "2014-12-31": "172.67310", "2014-09-30": "166.19290", "2014-06-30": "120.26500", "2014-03-31": "78.04600", "2013-12-31": "130.77110", "2013-09-30": "152.28910", "2013-06-30": "102.18910", "2013-03-31": "99.17300", "2012-12-31": "201.34120", "2012-09-30": "189.75090", "2012-06-30": "145.40590", "2012-03-31": "83.49200", "2011-12-31": "111.30280", "2011-09-30": "76.05200", "2011-06-30": "80.06300", "2011-03-31": "8.50900", "2010-12-31": "110.01320", "2010-09-30": "88.80300", "2010-06-30": "90.21410", "2010-03-31": "56.37900", "2009-12-31": "554.74400", "2009-09-30": "103.71110", "2009-06-30": "99.14390", "2009-03-31": "44.82500", "2008-12-31": ""}, "EBIT": {"2020-09-30": "352.50100", "2020-06-30": "255.09200", "2020-03-31": "101.73600", "2019-12-31": "319.98220", "2019-09-30": "277.03500", "2019-06-30": "258.14490", "2019-03-31": "168.26900", "2018-12-31": "147.83750", "2018-09-30": "225.13110", "2018-06-30": "229.02100", "2018-03-31": "118.30190", "2017-12-31": "185.78370", "2017-09-30": "46.96900", "2017-06-30": "210.32300", "2017-03-31": "108.04300", "2016-12-31": "107.90430", "2016-09-30": "193.05700", "2016-06-30": "177.42410", "2016-03-31": "97.76790", "2015-12-31": "141.45810", "2015-09-30": "140.12300", "2015-06-30": "164.90200", "2015-03-31": "79.65890", "2014-12-31": "144.36000", "2014-09-30": "136.04900", "2014-06-30": "95.19800", "2014-03-31": "51.39400", "2013-12-31": "102.97090", "2013-09-30": "126.85010", "2013-06-30": "77.95010", "2013-03-31": "74.95300", "2012-12-31": "164.07100", "2012-09-30": "171.32190", "2012-06-30": "126.95000", "2012-03-31": "65.43300", "2011-12-31": "80.38070", "2011-09-30": "57.03400", "2011-06-30": "61.19600", "2011-03-31": "-10.59000", "2010-12-31": "88.73510", "2010-09-30": "69.81200", "2010-06-30": "70.09410", "2010-03-31": "36.12600", "2009-12-31": "532.93100", "2009-09-30": "83.84910", "2009-06-30": "79.15890", "2009-03-31": "24.01500", "2008-12-31": ""}, "Basic Shares Outstanding": {"2020-09-30": "112.58400", "2020-06-30": "112.30900", "2020-03-31": "113.55600", "2019-12-31": "113.08000", "2019-09-30": "113.16300", "2019-06-30": "113.05000", "2019-03-31": "112.70300", "2018-12-31": "112.61300", "2018-09-30": "112.72200", "2018-06-30": "112.55600", "2018-03-31": "112.23200", "2017-12-31": "111.66800", "2017-09-30": "111.79900", "2017-06-30": "111.54900", "2017-03-31": "111.17900", "2016-12-31": "110.54800", "2016-09-30": "110.57100", "2016-06-30": "110.48000", "2016-03-31": "110.14900", "2015-12-31": "108.42700", "2015-09-30": "108.64700", "2015-06-30": "108.45900", "2015-03-31": "107.74400", "2014-12-31": "106.88400", "2014-09-30": "107.13600", "2014-06-30": "106.87800", "2014-03-31": "106.16600", "2013-12-31": "106.99100", "2013-09-30": "106.43700", "2013-06-30": "108.21000", "2013-03-31": "107.55200", "2012-12-31": "106.30700", "2012-09-30": "106.44500", "2012-06-30": "106.23000", "2012-03-31": "105.62100", "2011-12-31": "105.19700", "2011-09-30": "105.37500", "2011-06-30": "105.22200", "2011-03-31": "104.66000", "2010-12-31": "104.13400", "2010-09-30": "104.17300", "2010-06-30": "104.01400", "2010-03-31": "104.00600", "2009-12-31": "98.47400", "2009-09-30": "104.00600", "2009-06-30": "104.00600", "2009-03-31": "", "2008-12-31": ""}, "Shares Outstanding": {"2020-09-30": "112.84300", "2020-06-30": "112.55500", "2020-03-31": "113.95900", "2019-12-31": "113.65500", "2019-09-30": "113.74100", "2019-06-30": "113.49800", "2019-03-31": "113.22400", "2018-12-31": "113.27900", "2018-09-30": "113.36500", "2018-06-30": "113.11700", "2018-03-31": "113.03500", "2017-12-31": "112.43500", "2017-09-30": "112.57500", "2017-06-30": "112.19900", "2017-03-31": "111.82200", "2016-12-31": "111.15600", "2016-09-30": "111.25100", "2016-06-30": "110.97800", "2016-03-31": "110.67000", "2015-12-31": "109.82600", "2015-09-30": "110.00400", "2015-06-30": "109.79600", "2015-03-31": "109.44400", "2014-12-31": "108.68800", "2014-09-30": "108.86300", "2014-06-30": "108.64700", "2014-03-31": "108.27600", "2013-12-31": "109.10200", "2013-09-30": "108.43700", "2013-06-30": "110.31100", "2013-03-31": "109.99300", "2012-12-31": "108.54200", "2012-09-30": "108.70900", "2012-06-30": "107.94500", "2012-03-31": "107.48000", "2011-12-31": "106.91400", "2011-09-30": "107.00500", "2011-06-30": "106.83800", "2011-03-31": "104.66000", "2010-12-31": "106.17700", "2010-09-30": "106.11200", "2010-06-30": "106.12800", "2010-03-31": "104.00600", "2009-12-31": "99.73400", "2009-09-30": "104.00600", "2009-06-30": "104.00600", "2009-03-31": "", "2008-12-31": ""}, "Basic EPS": {"2020-09-30": "1.62000", "2020-06-30": "1.52000", "2020-03-31": "0.56000", "2019-12-31": "1.99000", "2019-09-30": "1.65000", "2019-06-30": "1.65000", "2019-03-31": "0.97000", "2018-12-31": "0.81000", "2018-09-30": "1.34000", "2018-06-30": "1.38000", "2018-03-31": "0.68000", "2017-12-31": "1.98000", "2017-09-30": "0.19000", "2017-06-30": "1.10000", "2017-03-31": "0.52000", "2016-12-31": "0.73000", "2016-09-30": "0.97000", "2016-06-30": "0.92000", "2016-03-31": "0.48000", "2015-12-31": "0.75000", "2015-09-30": "0.69000", "2015-06-30": "0.86000", "2015-03-31": "0.35000", "2014-12-31": "0.76000", "2014-09-30": "0.75000", "2014-06-30": "0.47000", "2014-03-31": "0.20000", "2013-12-31": "0.48000", "2013-09-30": "0.60000", "2013-06-30": "0.32000", "2013-03-31": "0.34000", "2012-12-31": "0.87000", "2012-09-30": "0.97000", "2012-06-30": "0.69000", "2012-03-31": "0.30000", "2011-12-31": "0.38000", "2011-09-30": "0.20000", "2011-06-30": "0.31000", "2011-03-31": "-0.15000", "2010-12-31": "0.44000", "2010-09-30": "0.32000", "2010-06-30": "0.33000", "2010-03-31": "0.13000", "2009-12-31": "0.39000", "2009-09-30": "0.37000", "2009-06-30": "0.27000", "2009-03-31": "", "2008-12-31": ""}, "EPS - Earnings Per Share": {"2020-09-30": "1.62000", "2020-06-30": "1.52000", "2020-03-31": "0.55000", "2019-12-31": "1.96000", "2019-09-30": "1.65000", "2019-06-30": "1.64000", "2019-03-31": "0.97000", "2018-12-31": "0.81000", "2018-09-30": "1.34000", "2018-06-30": "1.37000", "2018-03-31": "0.67000", "2017-12-31": "1.96000", "2017-09-30": "0.19000", "2017-06-30": "1.09000", "2017-03-31": "0.52000", "2016-12-31": "0.74000", "2016-09-30": "0.96000", "2016-06-30": "0.92000", "2016-03-31": "0.47000", "2015-12-31": "0.74000", "2015-09-30": "0.69000", "2015-06-30": "0.85000", "2015-03-31": "0.34000", "2014-12-31": "0.74000", "2014-09-30": "0.74000", "2014-06-30": "0.47000", "2014-03-31": "0.20000", "2013-12-31": "0.48000", "2013-09-30": "0.59000", "2013-06-30": "0.31000", "2013-03-31": "0.33000", "2012-12-31": "0.85000", "2012-09-30": "0.95000", "2012-06-30": "0.68000", "2012-03-31": "0.29000", "2011-12-31": "0.38000", "2011-09-30": "0.20000", "2011-06-30": "0.30000", "2011-03-31": "-0.15000", "2010-12-31": "0.44000", "2010-09-30": "0.31000", "2010-06-30": "0.32000", "2010-03-31": "0.13000", "2009-12-31": "0.38000", "2009-09-30": "0.37000", "2009-06-30": "0.27000", "2009-03-31": "0.00000", "2008-12-31": "0.00000"}}, "balance sheet": {"Cash On Hand": {"2019-12-31": "1485.95900", "2018-12-31": "1467.12900", "2017-12-31": "1387.22600", "2016-12-31": "1006.13800", "2015-12-31": "1027.32100", "2014-12-31": "1190.08000", "2013-12-31": "834.83700", "2012-12-31": "670.52900", "2011-12-31": "418.29900", "2010-12-31": "728.74600", "2009-12-31": "631.29700", "2008-12-31": ""}, "Receivables": {"2019-12-31": "622.81100", "2018-12-31": "413.00400", "2017-12-31": "349.75700", "2016-12-31": "367.76900", "2015-12-31": "257.79800", "2014-12-31": "282.15700", "2013-12-31": "348.28200", "2012-12-31": "381.22400", "2011-12-31": "379.34200", "2010-12-31": "418.33100", "2009-12-31": "428.32800", "2008-12-31": ""}, "Inventory": {"2019-12-31": "", "2018-12-31": "", "2017-12-31": "", "2016-12-31": "", "2015-12-31": "", "2014-12-31": "", "2013-12-31": "", "2012-12-31": "", "2011-12-31": "", "2010-12-31": "", "2009-12-31": "", "2008-12-31": ""}, "Pre-Paid Expenses": {"2019-12-31": "", "2018-12-31": "", "2017-12-31": "", "2016-12-31": "", "2015-12-31": "", "2014-12-31": "", "2013-12-31": "", "2012-12-31": "", "2011-12-31": "", "2010-12-31": "", "2009-12-31": "", "2008-12-31": ""}, "Other Current Assets": {"2019-12-31": "", "2018-12-31": "", "2017-12-31": "", "2016-12-31": "", "2015-12-31": "", "2014-12-31": "", "2013-12-31": "", "2012-12-31": "", "2011-12-31": "", "2010-12-31": "", "2009-12-31": "", "2008-12-31": ""}, "Total Current Assets": {"2019-12-31": "2108.77000", "2018-12-31": "1880.13300", "2017-12-31": "1736.98300", "2016-12-31": "1373.90700", "2015-12-31": "1285.11900", "2014-12-31": "1472.23700", "2013-12-31": "1183.11900", "2012-12-31": "1051.75300", "2011-12-31": "797.64100", "2010-12-31": "1147.07700", "2009-12-31": "1059.62500", "2008-12-31": ""}, "Property, Plant, And Equipment": {"2019-12-31": "442.01400", "2018-12-31": "457.84000", "2017-12-31": "439.56900", "2016-12-31": "434.05000", "2015-12-31": "409.97300", "2014-12-31": "395.28700", "2013-12-31": "361.34800", "2012-12-31": "343.45000", "2011-12-31": "337.57800", "2010-12-31": "345.87100", "2009-12-31": "358.57100", "2008-12-31": ""}, "Long-Term Investments": {"2019-12-31": "6589.44300", "2018-12-31": "6225.52000", "2017-12-31": "5378.30300", "2016-12-31": "5140.69900", "2015-12-31": "4790.26900", "2014-12-31": "4033.89200", "2013-12-31": "3385.32800", "2012-12-31": "3070.23900", "2011-12-31": "2642.91700", "2010-12-31": "2683.03800", "2009-12-31": "2428.34400", "2008-12-31": ""}, "Goodwill And Intangible Assets": {"2019-12-31": "1242.74100", "2018-12-31": "1253.53800", "2017-12-31": "1212.91800", "2016-12-31": "1096.31500", "2015-12-31": "1012.45600", "2014-12-31": "1015.75700", "2013-12-31": "892.37300", "2012-12-31": "902.95200", "2011-12-31": "878.41400", "2010-12-31": "882.08100", "2009-12-31": "879.87810", "2008-12-31": "0.00000"}, "Other Long-Term Assets": {"2019-12-31": "826.53100", "2018-12-31": "796.96800", "2017-12-31": "782.64600", "2016-12-31": "766.76900", "2015-12-31": "716.87800", "2014-12-31": "729.21500", "2013-12-31": "709.53700", "2012-12-31": "682.45300", "2011-12-31": "666.04300", "2010-12-31": "666.91300", "2009-12-31": "702.04500", "2008-12-31": ""}, "Total Long-Term Assets": {"2019-12-31": "9119.01300", "2018-12-31": "8750.50200", "2017-12-31": "7836.23900", "2016-12-31": "7457.87000", "2015-12-31": "6951.59600", "2014-12-31": "6193.86300", "2013-12-31": "5376.06400", "2012-12-31": "4999.09400", "2011-12-31": "4564.56900", "2010-12-31": "4674.74900", "2009-12-31": "4470.65600", "2008-12-31": ""}, "Total Assets": {"2019-12-31": "11519.17000", "2018-12-31": "10630.63000", "2017-12-31": "9573.22200", "2016-12-31": "8831.77700", "2015-12-31": "8236.71500", "2014-12-31": "7666.10000", "2013-12-31": "6559.18300", "2012-12-31": "6050.84700", "2011-12-31": "5362.21000", "2010-12-31": "5821.82600", "2009-12-31": "5530.28100", "2008-12-31": "0.00000"}, "Total Current Liabilities": {"2019-12-31": "2611.63200", "2018-12-31": "2553.38600", "2017-12-31": "2554.90000", "2016-12-31": "2556.51100", "2015-12-31": "2441.01900", "2014-12-31": "2453.22200", "2013-12-31": "2124.46200", "2012-12-31": "2080.23500", "2011-12-31": "2042.45800", "2010-12-31": "2138.45900", "2009-12-31": "2186.83600", "2008-12-31": ""}, "Long Term Debt": {"2019-12-31": "", "2018-12-31": "", "2017-12-31": "", "2016-12-31": "", "2015-12-31": "", "2014-12-31": "", "2013-12-31": "", "2012-12-31": "", "2011-12-31": "", "2010-12-31": "", "2009-12-31": "", "2008-12-31": ""}, "Other Non-Current Liabilities": {"2019-12-31": "3868.17400", "2018-12-31": "4105.77600", "2017-12-31": "3311.38800", "2016-12-31": "3008.38300", "2015-12-31": "2906.94400", "2014-12-31": "2535.47800", "2013-12-31": "1885.11600", "2012-12-31": "1581.85600", "2011-12-31": "1284.81300", "2010-12-31": "1689.64600", "2009-12-31": "1310.59400", "2008-12-31": ""}, "Total Long Term Liabilities": {"2019-12-31": "4159.75700", "2018-12-31": "4331.86100", "2017-12-31": "3535.29700", "2016-12-31": "3260.91700", "2015-12-31": "3042.57300", "2014-12-31": "2636.83400", "2013-12-31": "1978.47800", "2012-12-31": "1618.84300", "2011-12-31": "1284.81300", "2010-12-31": "1689.64600", "2009-12-31": "1310.59400", "2008-12-31": ""}, "Total Liabilities": {"2019-12-31": "7094.16500", "2018-12-31": "6885.24700", "2017-12-31": "6090.19700", "2016-12-31": "5817.42800", "2015-12-31": "5483.59200", "2014-12-31": "5090.05600", "2013-12-31": "4102.94000", "2012-12-31": "3699.07800", "2011-12-31": "3327.27100", "2010-12-31": "3828.10500", "2009-12-31": "3497.43000", "2008-12-31": "0.00000"}, "Common Stock Net": {"2019-12-31": "0.00100", "2018-12-31": "0.00100", "2017-12-31": "0.00100", "2016-12-31": "0.00100", "2015-12-31": "0.00100", "2014-12-31": "0.00100", "2013-12-31": "0.00100", "2012-12-31": "0.00100", "2011-12-31": "0.00100", "2010-12-31": "0.00100", "2009-12-31": "0.00000", "2008-12-31": "0.00000"}, "Retained Earnings (Accumulated Deficit)": {"2019-12-31": "2161.04900", "2018-12-31": "1644.16500", "2017-12-31": "1311.11200", "2016-12-31": "1046.82200", "2015-12-31": "838.14900", "2014-12-31": "662.31000", "2013-12-31": "520.76400", "2012-12-31": "387.01500", "2011-12-31": "124.81600", "2010-12-31": "72.07400", "2009-12-31": "", "2008-12-31": ""}, "Comprehensive Income": {"2019-12-31": "-41.49200", "2018-12-31": "-160.57500", "2017-12-31": "-67.50900", "2016-12-31": "-230.40000", "2015-12-31": "-239.00300", "2014-12-31": "-199.10600", "2013-12-31": "-145.54400", "2012-12-31": "-150.55600", "2011-12-31": "-177.45900", "2010-12-31": "-149.15600", "2009-12-31": "-147.49100", "2008-12-31": ""}, "Other Share Holders Equity": {"2019-12-31": "", "2018-12-31": "", "2017-12-31": "", "2016-12-31": "", "2015-12-31": "", "2014-12-31": "", "2013-12-31": "", "2012-12-31": "", "2011-12-31": "", "2010-12-31": "", "2009-12-31": "", "2008-12-31": "0.00000"}, "Share Holder Equity": {"2019-12-31": "4425.00200", "2018-12-31": "3745.38800", "2017-12-31": "3483.02500", "2016-12-31": "3014.34900", "2015-12-31": "2753.12300", "2014-12-31": "2576.04400", "2013-12-31": "2456.24300", "2012-12-31": "2351.76900", "2011-12-31": "2034.93900", "2010-12-31": "1993.72100", "2009-12-31": "2032.85100", "2008-12-31": "0.00000"}, "Total Liabilities And Share Holders Equity": {"2019-12-31": "11519.17000", "2018-12-31": "10630.63000", "2017-12-31": "9573.22200", "2016-12-31": "8831.77700", "2015-12-31": "8236.71500", "2014-12-31": "7666.10000", "2013-12-31": "6559.18300", "2012-12-31": "6050.84700", "2011-12-31": "5362.21000", "2010-12-31": "5821.82600", "2009-12-31": "5530.28100", "2008-12-31": "0.00000"}}, "balance sheet, quarterly": {"Cash On Hand": {"2020-09-30": "1512.36900", "2020-06-30": "1523.34400", "2020-03-31": "1049.98500", "2019-12-31": "1485.95900", "2019-09-30": "1710.99900", "2019-06-30": "1411.96500", "2019-03-31": "1337.05200", "2018-12-31": "1467.12900", "2018-09-30": "2205.31900", "2018-06-30": "1226.51000", "2018-03-31": "1176.61800", "2017-12-31": "1387.22600", "2017-09-30": "1141.91500", "2017-06-30": "1166.76400", "2017-03-31": "1047.46700", "2016-12-31": "1006.13800", "2016-09-30": "1443.31200", "2016-06-30": "1241.81400", "2016-03-31": "975.88300", "2015-12-31": "1027.32100", "2015-09-30": "894.43000", "2015-06-30": "1269.66000", "2015-03-31": "878.39700", "2014-12-31": "1190.08000", "2014-09-30": "1203.87300", "2014-06-30": "1041.25900", "2014-03-31": "770.42000", "2013-12-31": "834.83700", "2013-09-30": "833.85700", "2013-06-30": "861.83500", "2013-03-31": "814.51400", "2012-12-31": "670.52900", "2012-09-30": "745.37200", "2012-06-30": "796.16300", "2012-03-31": "672.52900", "2011-12-31": "418.29900", "2011-09-30": "630.96800", "2011-06-30": "600.69500", "2011-03-31": "755.27700", "2010-12-31": "728.74600", "2010-09-30": "742.84300", "2010-06-30": "578.97800", "2010-03-31": "456.96800", "2009-12-31": "631.29700", "2009-09-30": "", "2009-06-30": "", "2009-03-31": "", "2008-12-31": ""}, "Receivables": {"2020-09-30": "1123.85500", "2020-06-30": "941.04300", "2020-03-31": "896.57100", "2019-12-31": "622.81100", "2019-09-30": "724.53200", "2019-06-30": "568.69700", "2019-03-31": "447.40500", "2018-12-31": "413.00400", "2018-09-30": "498.15400", "2018-06-30": "480.54500", "2018-03-31": "344.50000", "2017-12-31": "349.75700", "2017-09-30": "352.49700", "2017-06-30": "331.28700", "2017-03-31": "310.72000", "2016-12-31": "367.76900", "2016-09-30": "329.84900", "2016-06-30": "289.39500", "2016-03-31": "279.04800", "2015-12-31": "257.79800", "2015-09-30": "282.88800", "2015-06-30": "277.13800", "2015-03-31": "262.00900", "2014-12-31": "282.15700", "2014-09-30": "337.13800", "2014-06-30": "350.44800", "2014-03-31": "336.38900", "2013-12-31": "348.28200", "2013-09-30": "364.56700", "2013-06-30": "363.48800", "2013-03-31": "345.39100", "2012-12-31": "381.22400", "2012-09-30": "377.54000", "2012-06-30": "384.41600", "2012-03-31": "367.19400", "2011-12-31": "379.34200", "2011-09-30": "404.50600", "2011-06-30": "397.84000", "2011-03-31": "414.64300", "2010-12-31": "418.33100", "2010-09-30": "410.66600", "2010-06-30": "413.69600", "2010-03-31": "390.56000", "2009-12-31": "428.32800", "2009-09-30": "", "2009-06-30": "", "2009-03-31": "", "2008-12-31": ""}, "Inventory": {"2020-09-30": "", "2020-06-30": "", "2020-03-31": "", "2019-12-31": "", "2019-09-30": "", "2019-06-30": "", "2019-03-31": "", "2018-12-31": "", "2018-09-30": "", "2018-06-30": "", "2018-03-31": "", "2017-12-31": "", "2017-09-30": "", "2017-06-30": "", "2017-03-31": "", "2016-12-31": "", "2016-09-30": "", "2016-06-30": "", "2016-03-31": "", "2015-12-31": "", "2015-09-30": "", "2015-06-30": "", "2015-03-31": "", "2014-12-31": "", "2014-09-30": "", "2014-06-30": "", "2014-03-31": "", "2013-12-31": "", "2013-09-30": "", "2013-06-30": "", "2013-03-31": "", "2012-12-31": "", "2012-09-30": "", "2012-06-30": "", "2012-03-31": "", "2011-12-31": "", "2011-09-30": "", "2011-06-30": "", "2011-03-31": "", "2010-12-31": "", "2010-09-30": "", "2010-06-30": "", "2010-03-31": "", "2009-12-31": "", "2009-09-30": "", "2009-06-30": "", "2009-03-31": "", "2008-12-31": ""}, "Pre-Paid Expenses": {"2020-09-30": "", "2020-06-30": "", "2020-03-31": "", "2019-12-31": "", "2019-09-30": "", "2019-06-30": "", "2019-03-31": "", "2018-12-31": "", "2018-09-30": "", "2018-06-30": "", "2018-03-31": "", "2017-12-31": "", "2017-09-30": "", "2017-06-30": "", "2017-03-31": "", "2016-12-31": "", "2016-09-30": "", "2016-06-30": "", "2016-03-31": "", "2015-12-31": "", "2015-09-30": "", "2015-06-30": "", "2015-03-31": "", "2014-12-31": "", "2014-09-30": "", "2014-06-30": "", "2014-03-31": "", "2013-12-31": "", "2013-09-30": "", "2013-06-30": "", "2013-03-31": "", "2012-12-31": "", "2012-09-30": "", "2012-06-30": "", "2012-03-31": "", "2011-12-31": "", "2011-09-30": "", "2011-06-30": "", "2011-03-31": "", "2010-12-31": "", "2010-09-30": "", "2010-06-30": "", "2010-03-31": "", "2009-12-31": "", "2009-09-30": "", "2009-06-30": "", "2009-03-31": "", "2008-12-31": ""}, "Other Current Assets": {"2020-09-30": "", "2020-06-30": "", "2020-03-31": "", "2019-12-31": "", "2019-09-30": "", "2019-06-30": "", "2019-03-31": "", "2018-12-31": "", "2018-09-30": "", "2018-06-30": "", "2018-03-31": "", "2017-12-31": "", "2017-09-30": "", "2017-06-30": "", "2017-03-31": "", "2016-12-31": "", "2016-09-30": "", "2016-06-30": "", "2016-03-31": "", "2015-12-31": "", "2015-09-30": "", "2015-06-30": "", "2015-03-31": "", "2014-12-31": "", "2014-09-30": "", "2014-06-30": "", "2014-03-31": "", "2013-12-31": "", "2013-09-30": "", "2013-06-30": "", "2013-03-31": "", "2012-12-31": "", "2012-09-30": "", "2012-06-30": "", "2012-03-31": "", "2011-12-31": "", "2011-09-30": "", "2011-06-30": "", "2011-03-31": "", "2010-12-31": "", "2010-09-30": "", "2010-06-30": "", "2010-03-31": "", "2009-12-31": "", "2009-09-30": "", "2009-06-30": "", "2009-03-31": "", "2008-12-31": ""}, "Total Current Assets": {"2020-09-30": "2636.22400", "2020-06-30": "2464.38700", "2020-03-31": "1946.55600", "2019-12-31": "2108.77000", "2019-09-30": "2435.53100", "2019-06-30": "1980.66200", "2019-03-31": "1784.45700", "2018-12-31": "1880.13300", "2018-09-30": "2703.47300", "2018-06-30": "1707.05500", "2018-03-31": "1521.11800", "2017-12-31": "1736.98300", "2017-09-30": "1494.41200", "2017-06-30": "1498.05100", "2017-03-31": "1358.18700", "2016-12-31": "1373.90700", "2016-09-30": "1773.16100", "2016-06-30": "1531.20900", "2016-03-31": "1254.93100", "2015-12-31": "1285.11900", "2015-09-30": "1177.31800", "2015-06-30": "1546.79800", "2015-03-31": "1140.40600", "2014-12-31": "1472.23700", "2014-09-30": "1541.01100", "2014-06-30": "1391.70700", "2014-03-31": "1106.80900", "2013-12-31": "1183.11900", "2013-09-30": "1198.42400", "2013-06-30": "1225.32300", "2013-03-31": "1159.90500", "2012-12-31": "1051.75300", "2012-09-30": "1122.91200", "2012-06-30": "1180.57900", "2012-03-31": "1039.72300", "2011-12-31": "797.64100", "2011-09-30": "1035.47400", "2011-06-30": "998.53500", "2011-03-31": "1169.92000", "2010-12-31": "1147.07700", "2010-09-30": "1153.50900", "2010-06-30": "992.67400", "2010-03-31": "847.52800", "2009-12-31": "1059.62500", "2009-09-30": "", "2009-06-30": "", "2009-03-31": "", "2008-12-31": ""}, "Property, Plant, And Equipment": {"2020-09-30": "442.40900", "2020-06-30": "459.56300", "2020-03-31": "488.49000", "2019-12-31": "442.01400", "2019-09-30": "447.98000", "2019-06-30": "451.29400", "2019-03-31": "452.91100", "2018-12-31": "457.84000", "2018-09-30": "457.54500", "2018-06-30": "446.29000", "2018-03-31": "435.86700", "2017-12-31": "439.56900", "2017-09-30": "438.13600", "2017-06-30": "433.03800", "2017-03-31": "428.97900", "2016-12-31": "434.05000", "2016-09-30": "430.63100", "2016-06-30": "413.17400", "2016-03-31": "410.35200", "2015-12-31": "409.97300", "2015-09-30": "398.95200", "2015-06-30": "394.06000", "2015-03-31": "396.35300", "2014-12-31": "395.28700", "2014-09-30": "387.83200", "2014-06-30": "368.60000", "2014-03-31": "369.77900", "2013-12-31": "361.34800", "2013-09-30": "361.54700", "2013-06-30": "348.32700", "2013-03-31": "344.76300", "2012-12-31": "343.45000", "2012-09-30": "340.49700", "2012-06-30": "337.47600", "2012-03-31": "339.05600", "2011-12-31": "337.57800", "2011-09-30": "330.97800", "2011-06-30": "337.85300", "2011-03-31": "341.50800", "2010-12-31": "345.87100", "2010-09-30": "339.15100", "2010-06-30": "338.48300", "2010-03-31": "353.83900", "2009-12-31": "358.57100", "2009-09-30": "", "2009-06-30": "", "2009-03-31": "", "2008-12-31": ""}, "Long-Term Investments": {"2020-09-30": "6699.60700", "2020-06-30": "6652.18300", "2020-03-31": "6548.97700", "2019-12-31": "6589.44300", "2019-09-30": "6553.13400", "2019-06-30": "6631.87100", "2019-03-31": "6544.41700", "2018-12-31": "6225.52000", "2018-09-30": "6138.80800", "2018-06-30": "5716.11100", "2018-03-31": "5549.03600", "2017-12-31": "5378.30300", "2017-09-30": "5391.12300", "2017-06-30": "5458.60000", "2017-03-31": "5182.90900", "2016-12-31": "5140.69900", "2016-09-30": "5159.60800", "2016-06-30": "5086.86500", "2016-03-31": "4839.58900", "2015-12-31": "4790.26900", "2015-09-30": "4766.05100", "2015-06-30": "4628.26200", "2015-03-31": "4501.41000", "2014-12-31": "4033.89200", "2014-09-30": "3692.77900", "2014-06-30": "3464.23800", "2014-03-31": "3376.21500", "2013-12-31": "3385.32800", "2013-09-30": "3349.76100", "2013-06-30": "3145.22300", "2013-03-31": "3093.75800", "2012-12-31": "3070.23900", "2012-09-30": "2914.62300", "2012-06-30": "2660.05800", "2012-03-31": "2669.68200", "2011-12-31": "2642.91700", "2011-09-30": "2567.99600", "2011-06-30": "2767.58300", "2011-03-31": "2712.96500", "2010-12-31": "2683.03800", "2010-09-30": "2501.26200", "2010-06-30": "2483.28300", "2010-03-31": "2626.28900", "2009-12-31": "2428.34400", "2009-09-30": "", "2009-06-30": "", "2009-03-31": "", "2008-12-31": ""}, "Goodwill And Intangible Assets": {"2020-09-30": "1551.98000", "2020-06-30": "1591.91500", "2020-03-31": "1565.45600", "2019-12-31": "1242.74100", "2019-09-30": "1242.62000", "2019-06-30": "1246.69000", "2019-03-31": "1247.84400", "2018-12-31": "1253.53800", "2018-09-30": "1256.73300", "2018-06-30": "1271.23400", "2018-03-31": "1229.40400", "2017-12-31": "1212.91800", "2017-09-30": "1220.59000", "2017-06-30": "1109.75100", "2017-03-31": "1095.78700", "2016-12-31": "1096.31500", "2016-09-30": "1066.18100", "2016-06-30": "1033.76600", "2016-03-31": "1017.00300", "2015-12-31": "1012.45600", "2015-09-30": "1019.43700", "2015-06-30": "1024.04800", "2015-03-31": "1036.33600", "2014-12-31": "1015.75700", "2014-09-30": "1016.88900", "2014-06-30": "1044.44900", "2014-03-31": "1045.26100", "2013-12-31": "892.37300", "2013-09-30": "891.43600", "2013-06-30": "891.18800", "2013-03-31": "898.08100", "2012-12-31": "902.95200", "2012-09-30": "894.74300", "2012-06-30": "885.87100", "2012-03-31": "890.22300", "2011-12-31": "878.41400", "2011-09-30": "874.05100", "2011-06-30": "877.84900", "2011-03-31": "880.04400", "2010-12-31": "882.08100", "2010-09-30": "873.66600", "2010-06-30": "872.05400", "2010-03-31": "878.08900", "2009-12-31": "879.87810", "2009-09-30": "0.00000", "2009-06-30": "0.00000", "2009-03-31": "0.00000", "2008-12-31": "0.00000"}, "Other Long-Term Assets": {"2020-09-30": "1017.94000", "2020-06-30": "820.24400", "2020-03-31": "812.33610", "2019-12-31": "826.53100", "2019-09-30": "819.78490", "2019-06-30": "815.32700", "2019-03-31": "804.12300", "2018-12-31": "796.96800", "2018-09-30": "800.76500", "2018-06-30": "795.90300", "2018-03-31": "788.56100", "2017-12-31": "782.64600", "2017-09-30": "782.74900", "2017-06-30": "794.80900", "2017-03-31": "788.53700", "2016-12-31": "766.76900", "2016-09-30": "794.87600", "2016-06-30": "749.67900", "2016-03-31": "735.36000", "2015-12-31": "716.87800", "2015-09-30": "739.67800", "2015-06-30": "740.67200", "2015-03-31": "725.27500", "2014-12-31": "729.21500", "2014-09-30": "722.22600", "2014-06-30": "719.69100", "2014-03-31": "704.07900", "2013-12-31": "709.53700", "2013-09-30": "699.90200", "2013-06-30": "692.91800", "2013-03-31": "685.40200", "2012-12-31": "682.45300", "2012-09-30": "681.63000", "2012-06-30": "682.06600", "2012-03-31": "669.61600", "2011-12-31": "666.04300", "2011-09-30": "671.78600", "2011-06-30": "705.42100", "2011-03-31": "705.19400", "2010-12-31": "666.91300", "2010-09-30": "737.99800", "2010-06-30": "719.43900", "2010-03-31": "695.53600", "2009-12-31": "702.04500", "2009-09-30": "", "2009-06-30": "", "2009-03-31": "", "2008-12-31": ""}, "Total Long-Term Assets": {"2020-09-30": "9730.22000", "2020-06-30": "9542.18800", "2020-03-31": "9433.54200", "2019-12-31": "9119.01300", "2019-09-30": "9080.15400", "2019-06-30": "9161.81800", "2019-03-31": "9065.93100", "2018-12-31": "8750.50200", "2018-09-30": "8676.65400", "2018-06-30": "8252.34100", "2018-03-31": "8025.67200", "2017-12-31": "7836.23900", "2017-09-30": "7852.63500", "2017-06-30": "7816.23500", "2017-03-31": "7516.25000", "2016-12-31": "7457.87000", "2016-09-30": "7473.31600", "2016-06-30": "7305.50400", "2016-03-31": "7024.32400", "2015-12-31": "6951.59600", "2015-09-30": "6943.83000", "2015-06-30": "6806.75400", "2015-03-31": "6679.08600", "2014-12-31": "6193.86300", "2014-09-30": "5847.20400", "2014-06-30": "5624.45600", "2014-03-31": "5522.81200", "2013-12-31": "5376.06400", "2013-09-30": "5302.64600", "2013-06-30": "5077.65600", "2013-03-31": "5022.00400", "2012-12-31": "4999.09400", "2012-09-30": "4876.38600", "2012-06-30": "4610.36400", "2012-03-31": "4613.47000", "2011-12-31": "4564.56900", "2011-09-30": "4520.78500", "2011-06-30": "4785.55200", "2011-03-31": "4736.55700", "2010-12-31": "4674.74900", "2010-09-30": "4532.38200", "2010-06-30": "4493.56400", "2010-03-31": "4655.57100", "2009-12-31": "4470.65600", "2009-09-30": "", "2009-06-30": "", "2009-03-31": "", "2008-12-31": ""}, "Total Assets": {"2020-09-30": "12638.81000", "2020-06-30": "12288.02000", "2020-03-31": "11675.49000", "2019-12-31": "11519.17000", "2019-09-30": "11804.09000", "2019-06-30": "11443.18000", "2019-03-31": "11160.27000", "2018-12-31": "10630.63000", "2018-09-30": "11380.13000", "2018-06-30": "9959.39600", "2018-03-31": "9546.78900", "2017-12-31": "9573.22200", "2017-09-30": "9347.04700", "2017-06-30": "9314.28600", "2017-03-31": "8874.43600", "2016-12-31": "8831.77700", "2016-09-30": "9246.47700", "2016-06-30": "8836.71300", "2016-03-31": "8279.25500", "2015-12-31": "8236.71500", "2015-09-30": "8121.14800", "2015-06-30": "8353.55200", "2015-03-31": "7819.49200", "2014-12-31": "7666.10000", "2014-09-30": "7388.21500", "2014-06-30": "7016.16300", "2014-03-31": "6629.62100", "2013-12-31": "6559.18300", "2013-09-30": "6501.07000", "2013-06-30": "6302.97900", "2013-03-31": "6181.90900", "2012-12-31": "6050.84700", "2012-09-30": "5999.29800", "2012-06-30": "5790.94300", "2012-03-31": "5653.19300", "2011-12-31": "5362.21000", "2011-09-30": "5556.25900", "2011-06-30": "5784.08700", "2011-03-31": "5906.47700", "2010-12-31": "5821.82600", "2010-09-30": "5685.89100", "2010-06-30": "5486.23800", "2010-03-31": "5503.09900", "2009-12-31": "5530.28100", "2009-09-30": "0.00000", "2009-06-30": "0.00000", "2009-03-31": "0.00000", "2008-12-31": "0.00000"}, "Total Current Liabilities": {"2020-09-30": "2911.66700", "2020-06-30": "2887.59400", "2020-03-31": "2568.72000", "2019-12-31": "2611.63200", "2019-09-30": "2595.55500", "2019-06-30": "2481.14600", "2019-03-31": "2396.12300", "2018-12-31": "2553.38600", "2018-09-30": "2588.94600", "2018-06-30": "2529.98100", "2018-03-31": "2462.36500", "2017-12-31": "2554.90000", "2017-09-30": "2497.30800", "2017-06-30": "2448.67900", "2017-03-31": "2424.77900", "2016-12-31": "2556.51100", "2016-09-30": "2569.92700", "2016-06-30": "2399.36800", "2016-03-31": "2324.66800", "2015-12-31": "2441.01900", "2015-09-30": "2451.31800", "2015-06-30": "2402.18000", "2015-03-31": "2314.46000", "2014-12-31": "2453.22200", "2014-09-30": "2164.04400", "2014-06-30": "2207.66200", "2014-03-31": "2128.15600", "2013-12-31": "2124.46200", "2013-09-30": "2124.49300", "2013-06-30": "2111.57700", "2013-03-31": "1986.03700", "2012-12-31": "2080.23500", "2012-09-30": "1989.25000", "2012-06-30": "1992.06900", "2012-03-31": "1959.65600", "2011-12-31": "2042.45800", "2011-09-30": "2005.62500", "2011-06-30": "2047.43500", "2011-03-31": "2086.42500", "2010-12-31": "2138.45900", "2010-09-30": "2131.27100", "2010-06-30": "2145.56900", "2010-03-31": "2119.86900", "2009-12-31": "2186.83600", "2009-09-30": "", "2009-06-30": "", "2009-03-31": "", "2008-12-31": ""}, "Long Term Debt": {"2020-09-30": "", "2020-06-30": "", "2020-03-31": "", "2019-12-31": "", "2019-09-30": "", "2019-06-30": "", "2019-03-31": "", "2018-12-31": "", "2018-09-30": "", "2018-06-30": "", "2018-03-31": "", "2017-12-31": "", "2017-09-30": "", "2017-06-30": "", "2017-03-31": "", "2016-12-31": "", "2016-09-30": "", "2016-06-30": "", "2016-03-31": "", "2015-12-31": "", "2015-09-30": "", "2015-06-30": "", "2015-03-31": "", "2014-12-31": "", "2014-09-30": "", "2014-06-30": "", "2014-03-31": "", "2013-12-31": "", "2013-09-30": "", "2013-06-30": "", "2013-03-31": "", "2012-12-31": "", "2012-09-30": "", "2012-06-30": "", "2012-03-31": "", "2011-12-31": "", "2011-09-30": "", "2011-06-30": "", "2011-03-31": "", "2010-12-31": "", "2010-09-30": "", "2010-06-30": "", "2010-03-31": "", "2009-12-31": "", "2009-09-30": "", "2009-06-30": "", "2009-03-31": "", "2008-12-31": ""}, "Other Non-Current Liabilities": {"2020-09-30": "4376.75800", "2020-06-30": "4146.79600", "2020-03-31": "4110.50400", "2019-12-31": "3868.17400", "2019-09-30": "4335.67400", "2019-06-30": "4222.73500", "2019-03-31": "4278.09700", "2018-12-31": "4105.77600", "2018-09-30": "4890.46000", "2018-06-30": "3633.85400", "2018-03-31": "3388.05300", "2017-12-31": "3311.38800", "2017-09-30": "3216.34300", "2017-06-30": "3331.40300", "2017-03-31": "3099.93400", "2016-12-31": "3008.38300", "2016-09-30": "3448.87500", "2016-06-30": "3312.30000", "2016-03-31": "2955.77700", "2015-12-31": "2906.94400", "2015-09-30": "2835.61500", "2015-06-30": "3166.88400", "2015-03-31": "2801.58200", "2014-12-31": "2535.47800", "2014-09-30": "2500.68600", "2014-06-30": "2150.31900", "2014-03-31": "1941.10400", "2013-12-31": "1885.11600", "2013-09-30": "1963.99900", "2013-06-30": "1808.91500", "2013-03-31": "1775.32000", "2012-12-31": "1581.85600", "2012-09-30": "1626.93700", "2012-06-30": "1585.36800", "2012-03-31": "1576.45800", "2011-12-31": "1284.81300", "2011-09-30": "1566.83800", "2011-06-30": "1708.48200", "2011-03-31": "1831.88100", "2010-12-31": "1689.64600", "2010-09-30": "1591.74500", "2010-06-30": "1444.55400", "2010-03-31": "1322.43200", "2009-12-31": "1310.59400", "2009-09-30": "", "2009-06-30": "", "2009-03-31": "", "2008-12-31": ""}, "Total Long Term Liabilities": {"2020-09-30": "4690.68300", "2020-06-30": "4515.03200", "2020-03-31": "4413.03900", "2019-12-31": "4159.75700", "2019-09-30": "4642.87000", "2019-06-30": "4548.59800", "2019-03-31": "4549.64500", "2018-12-31": "4331.86100", "2018-09-30": "5115.18300", "2018-06-30": "3858.19300", "2018-03-31": "3611.98300", "2017-12-31": "3535.29700", "2017-09-30": "3551.34200", "2017-06-30": "3667.44900", "2017-03-31": "3372.07200", "2016-12-31": "3260.91700", "2016-09-30": "3647.99700", "2016-06-30": "3493.37300", "2016-03-31": "3108.61700", "2015-12-31": "3042.57300", "2015-09-30": "2976.74000", "2015-06-30": "3292.12500", "2015-03-31": "2898.46200", "2014-12-31": "2636.83400", "2014-09-30": "2643.16200", "2014-06-30": "2261.76300", "2014-03-31": "2038.27400", "2013-12-31": "1978.47800", "2013-09-30": "2000.98600", "2013-06-30": "1845.90200", "2013-03-31": "1812.30700", "2012-12-31": "1618.84300", "2012-09-30": "1724.24300", "2012-06-30": "1635.32900", "2012-03-31": "1601.05200", "2011-12-31": "1284.81300", "2011-09-30": "1566.83800", "2011-06-30": "1708.48200", "2011-03-31": "1831.88100", "2010-12-31": "1689.64600", "2010-09-30": "1612.75000", "2010-06-30": "1461.05400", "2010-03-31": "1334.47600", "2009-12-31": "1310.59400", "2009-09-30": "", "2009-06-30": "", "2009-03-31": "", "2008-12-31": ""}, "Total Liabilities": {"2020-09-30": "7903.87500", "2020-06-30": "7712.40800", "2020-03-31": "7306.56300", "2019-12-31": "7094.16500", "2019-09-30": "7557.87000", "2019-06-30": "7355.14400", "2019-03-31": "7279.73200", "2018-12-31": "6885.24700", "2018-09-30": "7704.12900", "2018-06-30": "6388.17400", "2018-03-31": "6074.34800", "2017-12-31": "6090.19700", "2017-09-30": "6048.65000", "2017-06-30": "6116.12800", "2017-03-31": "5796.85100", "2016-12-31": "5817.42800", "2016-09-30": "6217.92400", "2016-06-30": "5892.74100", "2016-03-31": "5433.28500", "2015-12-31": "5483.59200", "2015-09-30": "5428.05800", "2015-06-30": "5694.30500", "2015-03-31": "5212.92200", "2014-12-31": "5090.05600", "2014-09-30": "4807.20600", "2014-06-30": "4469.42500", "2014-03-31": "4166.43000", "2013-12-31": "4102.94000", "2013-09-30": "4125.47900", "2013-06-30": "3957.47900", "2013-03-31": "3798.34400", "2012-12-31": "3699.07800", "2012-09-30": "3713.49300", "2012-06-30": "3627.39800", "2012-03-31": "3560.70800", "2011-12-31": "3327.27100", "2011-09-30": "3572.46300", "2011-06-30": "3755.91700", "2011-03-31": "3918.30600", "2010-12-31": "3828.10500", "2010-09-30": "3744.02100", "2010-06-30": "3606.62300", "2010-03-31": "3454.34500", "2009-12-31": "3497.43000", "2009-09-30": "0.00000", "2009-06-30": "0.00000", "2009-03-31": "0.00000", "2008-12-31": "0.00000"}, "Common Stock Net": {"2020-09-30": "0.00100", "2020-06-30": "0.00100", "2020-03-31": "0.00100", "2019-12-31": "0.00100", "2019-09-30": "0.00100", "2019-06-30": "0.00100", "2019-03-31": "0.00100", "2018-12-31": "0.00100", "2018-09-30": "0.00100", "2018-06-30": "0.00100", "2018-03-31": "0.00100", "2017-12-31": "0.00100", "2017-09-30": "0.00100", "2017-06-30": "0.00100", "2017-03-31": "0.00100", "2016-12-31": "0.00100", "2016-09-30": "0.00100", "2016-06-30": "0.00100", "2016-03-31": "0.00100", "2015-12-31": "0.00100", "2015-09-30": "0.00100", "2015-06-30": "0.00100", "2015-03-31": "0.00100", "2014-12-31": "0.00100", "2014-09-30": "0.00100", "2014-06-30": "0.00100", "2014-03-31": "0.00100", "2013-12-31": "0.00100", "2013-09-30": "0.00100", "2013-06-30": "0.00100", "2013-03-31": "0.00100", "2012-12-31": "0.00100", "2012-09-30": "0.00100", "2012-06-30": "0.00100", "2012-03-31": "0.00100", "2011-12-31": "0.00100", "2011-09-30": "0.00100", "2011-06-30": "0.00100", "2011-03-31": "0.00100", "2010-12-31": "0.00100", "2010-09-30": "0.00100", "2010-06-30": "0.00100", "2010-03-31": "", "2009-12-31": "", "2009-09-30": "0.00000", "2009-06-30": "0.00000", "2009-03-31": "0.00000", "2008-12-31": "0.00000"}, "Retained Earnings (Accumulated Deficit)": {"2020-09-30": "2426.94900", "2020-06-30": "2294.55200", "2020-03-31": "2173.72000", "2019-12-31": "2161.04900", "2019-09-30": "1985.07300", "2019-06-30": "1845.86500", "2019-03-31": "1707.14000", "2018-12-31": "1644.16500", "2018-09-30": "1600.29600", "2018-06-30": "1496.63800", "2018-03-31": "1384.71200", "2017-12-31": "1311.11200", "2017-09-30": "1128.98100", "2017-06-30": "1150.58200", "2017-03-31": "1066.74000", "2016-12-31": "1046.82200", "2016-09-30": "1012.45200", "2016-06-30": "943.19800", "2016-03-31": "870.11800", "2015-12-31": "838.14900", "2015-09-30": "785.85900", "2015-06-30": "737.98000", "2015-03-31": "672.27500", "2014-12-31": "662.31000", "2014-09-30": "608.14600", "2014-06-30": "553.73400", "2014-03-31": "503.79600", "2013-12-31": "520.76400", "2013-09-30": "482.14100", "2013-06-30": "431.26500", "2013-03-31": "409.91700", "2012-12-31": "387.01500", "2012-09-30": "306.41700", "2012-06-30": "211.70300", "2012-03-31": "147.44600", "2011-12-31": "124.81600", "2011-09-30": "90.60800", "2011-06-30": "76.06300", "2011-03-31": "50.22000", "2010-12-31": "72.07400", "2010-09-30": "31.24200", "2010-06-30": "4.57700", "2010-03-31": "", "2009-12-31": "", "2009-09-30": "", "2009-06-30": "", "2009-03-31": "", "2008-12-31": ""}, "Comprehensive Income": {"2020-09-30": "23.81300", "2020-06-30": "11.35600", "2020-03-31": "-61.94500", "2019-12-31": "-41.49200", "2019-09-30": "-31.67000", "2019-06-30": "-37.71400", "2019-03-31": "-94.25700", "2018-12-31": "-160.57500", "2018-09-30": "-192.91200", "2018-06-30": "-181.36900", "2018-03-31": "-158.46800", "2017-12-31": "-67.50900", "2017-09-30": "-61.77900", "2017-06-30": "-173.00900", "2017-03-31": "-197.98900", "2016-12-31": "-230.40000", "2016-09-30": "-173.05200", "2016-06-30": "-175.76900", "2016-03-31": "-191.52200", "2015-12-31": "-239.00300", "2015-09-30": "-234.41300", "2015-06-30": "-212.12400", "2015-03-31": "-193.09100", "2014-12-31": "-199.10600", "2014-09-30": "-132.34500", "2014-06-30": "-105.95700", "2014-03-31": "-135.49600", "2013-12-31": "-145.54400", "2013-09-30": "-180.27700", "2013-06-30": "-199.60300", "2013-03-31": "-152.85600", "2012-12-31": "-150.55600", "2012-09-30": "-123.27500", "2012-06-30": "-145.96300", "2012-03-31": "-147.06300", "2011-12-31": "-177.45900", "2011-09-30": "-192.99000", "2011-06-30": "-132.19100", "2011-03-31": "-141.38600", "2010-12-31": "-149.15600", "2010-09-30": "-133.21100", "2010-06-30": "-167.10300", "2010-03-31": "-139.02800", "2009-12-31": "-147.49100", "2009-09-30": "", "2009-06-30": "", "2009-03-31": "", "2008-12-31": ""}, "Other Share Holders Equity": {"2020-09-30": "", "2020-06-30": "", "2020-03-31": "", "2019-12-31": "", "2019-09-30": "", "2019-06-30": "", "2019-03-31": "", "2018-12-31": "", "2018-09-30": "", "2018-06-30": "", "2018-03-31": "", "2017-12-31": "", "2017-09-30": "", "2017-06-30": "", "2017-03-31": "", "2016-12-31": "", "2016-09-30": "", "2016-06-30": "", "2016-03-31": "", "2015-12-31": "", "2015-09-30": "", "2015-06-30": "", "2015-03-31": "", "2014-12-31": "", "2014-09-30": "", "2014-06-30": "", "2014-03-31": "", "2013-12-31": "", "2013-09-30": "", "2013-06-30": "", "2013-03-31": "", "2012-12-31": "", "2012-09-30": "", "2012-06-30": "", "2012-03-31": "", "2011-12-31": "", "2011-09-30": "", "2011-06-30": "", "2011-03-31": "", "2010-12-31": "", "2010-09-30": "", "2010-06-30": "", "2010-03-31": "", "2009-12-31": "", "2009-09-30": "0.00000", "2009-06-30": "0.00000", "2009-03-31": "0.00000", "2008-12-31": "0.00000"}, "Share Holder Equity": {"2020-09-30": "4734.93500", "2020-06-30": "4575.61100", "2020-03-31": "4368.92200", "2019-12-31": "4425.00200", "2019-09-30": "4246.22200", "2019-06-30": "4088.03400", "2019-03-31": "3880.53600", "2018-12-31": "3745.38800", "2018-09-30": "3675.99800", "2018-06-30": "3571.22200", "2018-03-31": "3472.44100", "2017-12-31": "3483.02500", "2017-09-30": "3298.39700", "2017-06-30": "3198.15800", "2017-03-31": "3077.58500", "2016-12-31": "3014.34900", "2016-09-30": "3028.55300", "2016-06-30": "2943.97200", "2016-03-31": "2845.97000", "2015-12-31": "2753.12300", "2015-09-30": "2693.09000", "2015-06-30": "2659.24700", "2015-03-31": "2606.57000", "2014-12-31": "2576.04400", "2014-09-30": "2581.00900", "2014-06-30": "2546.73800", "2014-03-31": "2463.19100", "2013-12-31": "2456.24300", "2013-09-30": "2375.59100", "2013-06-30": "2345.50000", "2013-03-31": "2383.56500", "2012-12-31": "2351.76900", "2012-09-30": "2285.80500", "2012-06-30": "2163.54500", "2012-03-31": "2092.48500", "2011-12-31": "2034.93900", "2011-09-30": "1983.79600", "2011-06-30": "2028.17000", "2011-03-31": "1988.17100", "2010-12-31": "1993.72100", "2010-09-30": "1941.87000", "2010-06-30": "1879.61500", "2010-03-31": "2048.75400", "2009-12-31": "2032.85100", "2009-09-30": "0.00000", "2009-06-30": "0.00000", "2009-03-31": "0.00000", "2008-12-31": "0.00000"}, "Total Liabilities And Share Holders Equity": {"2020-09-30": "12638.81000", "2020-06-30": "12288.02000", "2020-03-31": "11675.49000", "2019-12-31": "11519.17000", "2019-09-30": "11804.09000", "2019-06-30": "11443.18000", "2019-03-31": "11160.27000", "2018-12-31": "10630.63000", "2018-09-30": "11380.13000", "2018-06-30": "9959.39600", "2018-03-31": "9546.78900", "2017-12-31": "9573.22200", "2017-09-30": "9347.04700", "2017-06-30": "9314.28600", "2017-03-31": "8874.43600", "2016-12-31": "8831.77700", "2016-09-30": "9246.47700", "2016-06-30": "8836.71300", "2016-03-31": "8279.25500", "2015-12-31": "8236.71500", "2015-09-30": "8121.14800", "2015-06-30": "8353.55200", "2015-03-31": "7819.49200", "2014-12-31": "7666.10000", "2014-09-30": "7388.21500", "2014-06-30": "7016.16300", "2014-03-31": "6629.62100", "2013-12-31": "6559.18300", "2013-09-30": "6501.07000", "2013-06-30": "6302.97900", "2013-03-31": "6181.90900", "2012-12-31": "6050.84700", "2012-09-30": "5999.29800", "2012-06-30": "5790.94300", "2012-03-31": "5653.19300", "2011-12-31": "5362.21000", "2011-09-30": "5556.25900", "2011-06-30": "5784.08700", "2011-03-31": "5906.47700", "2010-12-31": "5821.82600", "2010-09-30": "5685.89100", "2010-06-30": "5486.23800", "2010-03-31": "5503.09900", "2009-12-31": "5530.28100", "2009-09-30": "0.00000", "2009-06-30": "0.00000", "2009-03-31": "0.00000", "2008-12-31": "0.00000"}}, "cash flow statement": {"Net Income/Loss": {"2019-12-31": "709.84800", "2018-12-31": "475.89800", "2017-12-31": "421.86300", "2016-12-31": "343.47600", "2015-12-31": "288.87000", "2014-12-31": "234.21500", "2013-12-31": "187.06400", "2012-12-31": "301.72800", "2011-12-31": "78.57900", "2010-12-31": "128.95600", "2009-12-31": "134.27700", "2008-12-31": "-72.48200"}, "Total Depreciation And Amortization - Cash Flow": {"2019-12-31": "155.80200", "2018-12-31": "152.92100", "2017-12-31": "159.26400", "2016-12-31": "127.37200", "2015-12-31": "113.99900", "2014-12-31": "110.17600", "2013-12-31": "101.69800", "2012-12-31": "92.21400", "2011-12-31": "87.90600", "2010-12-31": "80.64200", "2009-12-31": "84.21200", "2008-12-31": "95.24200"}, "Other Non-Cash Items": {"2019-12-31": "419.27400", "2018-12-31": "547.54800", "2017-12-31": "472.79000", "2016-12-31": "488.08500", "2015-12-31": "504.65200", "2014-12-31": "448.94710", "2013-12-31": "531.92800", "2012-12-31": "339.54800", "2011-12-31": "435.05500", "2010-12-31": "324.39500", "2009-12-31": "375.18200", "2008-12-31": "611.31700"}, "Total Non-Cash Items": {"2019-12-31": "575.07600", "2018-12-31": "700.46900", "2017-12-31": "632.05400", "2016-12-31": "615.45700", "2015-12-31": "618.65100", "2014-12-31": "559.12300", "2013-12-31": "633.62600", "2012-12-31": "431.76200", "2011-12-31": "522.96100", "2010-12-31": "405.03700", "2009-12-31": "459.39400", "2008-12-31": "706.55900"}, "Change In Accounts Receivable": {"2019-12-31": "-27.24000", "2018-12-31": "5.26400", "2017-12-31": "12.42600", "2016-12-31": "-10.01700", "2015-12-31": "-7.47700", "2014-12-31": "-9.95000", "2013-12-31": "23.64500", "2012-12-31": "-29.39800", "2011-12-31": "5.36700", "2010-12-31": "4.73000", "2009-12-31": "12.35500", "2008-12-31": "4.82100"}, "Change In Inventories": {"2019-12-31": "", "2018-12-31": "", "2017-12-31": "", "2016-12-31": "", "2015-12-31": "", "2014-12-31": "", "2013-12-31": "", "2012-12-31": "", "2011-12-31": "", "2010-12-31": "", "2009-12-31": "", "2008-12-31": ""}, "Change In Accounts Payable": {"2019-12-31": "45.54900", "2018-12-31": "15.30300", "2017-12-31": "127.68300", "2016-12-31": "-29.33900", "2015-12-31": "36.67900", "2014-12-31": "-15.00300", "2013-12-31": "5.31800", "2012-12-31": "83.97900", "2011-12-31": "-13.47800", "2010-12-31": "5.89000", "2009-12-31": "52.62000", "2008-12-31": "-188.17100"}, "Change In Assets/Liabilities": {"2019-12-31": "-406.54300", "2018-12-31": "-445.84800", "2017-12-31": "-459.07300", "2016-12-31": "-447.76200", "2015-12-31": "-437.94300", "2014-12-31": "-453.62000", "2013-12-31": "-473.77000", "2012-12-31": "-422.88200", "2011-12-31": "-478.61100", "2010-12-31": "-447.89600", "2009-12-31": "-483.49600", "2008-12-31": "-303.94900"}, "Total Change In Assets/Liabilities": {"2019-12-31": "-371.83500", "2018-12-31": "-383.20200", "2017-12-31": "-421.78300", "2016-12-31": "-469.51700", "2015-12-31": "-356.19800", "2014-12-31": "-432.70100", "2013-12-31": "-442.21800", "2012-12-31": "-303.81500", "2011-12-31": "-464.86600", "2010-12-31": "-376.98600", "2009-12-31": "-360.08400", "2008-12-31": "-523.63600"}, "Cash Flow From Operating Activities": {"2019-12-31": "913.08900", "2018-12-31": "793.16500", "2017-12-31": "632.13400", "2016-12-31": "489.41600", "2015-12-31": "551.32300", "2014-12-31": "360.63700", "2013-12-31": "378.47200", "2012-12-31": "429.67500", "2011-12-31": "136.67400", "2010-12-31": "157.00700", "2009-12-31": "233.58700", "2008-12-31": "110.44100"}, "Net Change In Property, Plant, And Equipment": {"2019-12-31": "-106.33200", "2018-12-31": "-115.54000", "2017-12-31": "-124.22900", "2016-12-31": "-123.04500", "2015-12-31": "-106.59800", "2014-12-31": "-85.16400", "2013-12-31": "-81.33500", "2012-12-31": "-76.12500", "2011-12-31": "-60.45200", "2010-12-31": "-79.89300", "2009-12-31": "-30.28600", "2008-12-31": "-72.62900"}, "Net Change In Intangible Assets": {"2019-12-31": "", "2018-12-31": "", "2017-12-31": "", "2016-12-31": "", "2015-12-31": "", "2014-12-31": "", "2013-12-31": "", "2012-12-31": "", "2011-12-31": "", "2010-12-31": "", "2009-12-31": "", "2008-12-31": ""}, "Net Acquisitions/Divestitures": {"2019-12-31": "", "2018-12-31": "", "2017-12-31": "", "2016-12-31": "", "2015-12-31": "", "2014-12-31": "", "2013-12-31": "", "2012-12-31": "", "2011-12-31": "", "2010-12-31": "", "2009-12-31": "", "2008-12-31": ""}, "Net Change In Short-term Investments": {"2019-12-31": "", "2018-12-31": "", "2017-12-31": "", "2016-12-31": "", "2015-12-31": "", "2014-12-31": "", "2013-12-31": "", "2012-12-31": "", "2011-12-31": "", "2010-12-31": "", "2009-12-31": "", "2008-12-31": ""}, "Net Change In Long-Term Investments": {"2019-12-31": "-2.88890", "2018-12-31": "-1015.93300", "2017-12-31": "-165.39000", "2016-12-31": "-381.09590", "2015-12-31": "-836.74790", "2014-12-31": "-658.62900", "2013-12-31": "-416.32800", "2012-12-31": "-343.42310", "2011-12-31": "-7.84010", "2010-12-31": "-222.19210", "2009-12-31": "-72.52400", "2008-12-31": "-655.57200"}, "Net Change In Investments - Total": {"2019-12-31": "-2.88890", "2018-12-31": "-1015.93300", "2017-12-31": "-165.39000", "2016-12-31": "-381.09590", "2015-12-31": "-836.74790", "2014-12-31": "-658.62900", "2013-12-31": "-416.32800", "2012-12-31": "-343.42310", "2011-12-31": "-7.84010", "2010-12-31": "-222.19210", "2009-12-31": "-72.52400", "2008-12-31": "-655.57200"}, "Investing Activities - Other": {"2019-12-31": "-343.01090", "2018-12-31": "-89.15100", "2017-12-31": "-97.54900", "2016-12-31": "-106.00700", "2015-12-31": "-31.07400", "2014-12-31": "-92.89900", "2013-12-31": "32.50700", "2012-12-31": "1.88500", "2011-12-31": "54.63900", "2010-12-31": "26.75000", "2009-12-31": "58.14500", "2008-12-31": "-82.57100"}, "Cash Flow From Investing Activities": {"2019-12-31": "-452.23200", "2018-12-31": "-1220.62400", "2017-12-31": "-387.16800", "2016-12-31": "-610.14800", "2015-12-31": "-974.42000", "2014-12-31": "-836.69200", "2013-12-31": "-465.15600", "2012-12-31": "-417.66300", "2011-12-31": "-13.65300", "2010-12-31": "-275.33500", "2009-12-31": "-44.66500", "2008-12-31": "-810.77200"}, "Net Long-Term Debt": {"2019-12-31": "196.53030", "2018-12-31": "1.25610", "2017-12-31": "-5.54300", "2016-12-31": "154.82900", "2015-12-31": "-5.24400", "2014-12-31": "269.36700", "2013-12-31": "80.93900", "2012-12-31": "-70.47900", "2011-12-31": "1.06800", "2010-12-31": "2.93200", "2009-12-31": "-44.69000", "2008-12-31": "-11.65100"}, "Net Current Debt": {"2019-12-31": "", "2018-12-31": "", "2017-12-31": "", "2016-12-31": "", "2015-12-31": "", "2014-12-31": "", "2013-12-31": "", "2012-12-31": "", "2011-12-31": "", "2010-12-31": "29.08700", "2009-12-31": "", "2008-12-31": ""}, "Debt Issuance/Retirement Net - Total": {"2019-12-31": "196.53030", "2018-12-31": "1.25610", "2017-12-31": "-5.54300", "2016-12-31": "154.82900", "2015-12-31": "-5.24400", "2014-12-31": "269.36700", "2013-12-31": "80.93900", "2012-12-31": "-70.47900", "2011-12-31": "1.06800", "2010-12-31": "32.01900", "2009-12-31": "-44.69000", "2008-12-31": "-11.65100"}, "Net Common Equity Issued/Repurchased": {"2019-12-31": "-3.25300", "2018-12-31": "-22.90600", "2017-12-31": "2.73200", "2016-12-31": "0.65000", "2015-12-31": "5.04200", "2014-12-31": "3.60100", "2013-12-31": "-62.87000", "2012-12-31": "12.66800", "2011-12-31": "-1.35000", "2010-12-31": "2.43000", "2009-12-31": "", "2008-12-31": ""}, "Net Total Equity Issued/Repurchased": {"2019-12-31": "-3.25300", "2018-12-31": "-22.90600", "2017-12-31": "2.73200", "2016-12-31": "0.65000", "2015-12-31": "5.04200", "2014-12-31": "3.60100", "2013-12-31": "-62.87000", "2012-12-31": "12.66800", "2011-12-31": "-1.35000", "2010-12-31": "2.43000", "2009-12-31": "", "2008-12-31": ""}, "Total Common And Preferred Stock Dividends Paid": {"2019-12-31": "-188.44000", "2018-12-31": "-178.48700", "2017-12-31": "-159.28400", "2016-12-31": "-131.54100", "2015-12-31": "-108.52400", "2014-12-31": "-89.93900", "2013-12-31": "-51.32400", "2012-12-31": "-44.70500", "2011-12-31": "-25.21600", "2010-12-31": "-12.50200", "2009-12-31": "", "2008-12-31": "-3.58800"}, "Financial Activities - Other": {"2019-12-31": "-449.90600", "2018-12-31": "714.87200", "2017-12-31": "290.11900", "2016-12-31": "82.84900", "2015-12-31": "375.08600", "2014-12-31": "654.03100", "2013-12-31": "286.04700", "2012-12-31": "316.23500", "2011-12-31": "-392.66600", "2010-12-31": "195.29400", "2009-12-31": "-236.58600", "2008-12-31": "532.83400"}, "Cash Flow From Financial Activities": {"2019-12-31": "-445.06900", "2018-12-31": "514.73500", "2017-12-31": "128.02400", "2016-12-31": "106.78700", "2015-12-31": "266.36000", "2014-12-31": "837.06000", "2013-12-31": "252.79200", "2012-12-31": "213.71900", "2011-12-31": "-418.16400", "2010-12-31": "217.24100", "2009-12-31": "-281.27600", "2008-12-31": "517.59500"}, "Net Cash Flow": {"2019-12-31": "18.83000", "2018-12-31": "79.90300", "2017-12-31": "381.08800", "2016-12-31": "-21.18300", "2015-12-31": "-162.75900", "2014-12-31": "355.24300", "2013-12-31": "164.30800", "2012-12-31": "225.83600", "2011-12-31": "-297.99700", "2010-12-31": "97.44900", "2009-12-31": "-92.35400", "2008-12-31": "-182.73600"}, "Stock-Based Compensation": {"2019-12-31": "42.47400", "2018-12-31": "41.14500", "2017-12-31": "37.39900", "2016-12-31": "34.12500", "2015-12-31": "24.33900", "2014-12-31": "19.30200", "2013-12-31": "22.30100", "2012-12-31": "14.83900", "2011-12-31": "14.98100", "2010-12-31": "15.16300", "2009-12-31": "14.56300", "2008-12-31": "8.28900"}, "Common Stock Dividends Paid": {"2019-12-31": "-188.44000", "2018-12-31": "-178.48700", "2017-12-31": "-159.28400", "2016-12-31": "-131.54100", "2015-12-31": "-108.52400", "2014-12-31": "-89.93900", "2013-12-31": "-51.32400", "2012-12-31": "-44.70500", "2011-12-31": "-25.21600", "2010-12-31": "-12.50200", "2009-12-31": "", "2008-12-31": "-3.58800"}}, "cash flow statement, quarterly": {"Net Income/Loss": {"2020-09-30": 183.591, "2020-06-30": 171.694, "2020-03-31": "63.84600", "2019-12-31": 224.606, "2019-09-30": 188.167, "2019-06-30": 187.271, "2019-03-31": "109.80400", "2018-12-31": 93.174, "2018-09-30": 151.461, "2018-06-30": 155.091, "2018-03-31": "76.17200", "2017-12-31": 220.713, "2017-09-30": 21.186, "2017-06-30": 121.895, "2017-03-31": "58.06900", "2016-12-31": 80.961, "2016-09-30": 107.392, "2016-06-30": 102.451, "2016-03-31": "52.67200", "2015-12-31": 81.735, "2015-09-30": 75.76, "2015-06-30": 93.579, "2015-03-31": "37.79600", "2014-12-31": 80.738, "2014-09-30": 80.937, "2014-06-30": 50.688, "2014-03-31": "21.85200", "2013-12-31": 51.789, "2013-09-30": 64.095, "2013-06-30": 34.948, "2013-03-31": "36.23200", "2012-12-31": 93.202, "2012-09-30": 103.9, "2012-06-30": 73.517, "2012-03-31": "31.10900", "2011-12-31": 40.378, "2011-09-30": 21.295, "2011-06-30": 32.147, "2011-03-31": "-15.24100", "2010-12-31": 47.744, "2010-09-30": 33.343, "2010-06-30": 34.14, "2010-03-31": "13.72900", "2009-12-31": 52.596, "2009-09-30": 40.914, "2009-06-30": 33.391, "2009-03-31": "7.36900", "2008-12-31": -72.48}, "Total Depreciation And Amortization - Cash Flow": {"2020-09-30": 46.743, "2020-06-30": 51.186, "2020-03-31": "41.40100", "2019-12-31": 39.619, "2019-09-30": 38.996, "2019-06-30": 38.789, "2019-03-31": "38.39800", "2018-12-31": 39.866, "2018-09-30": 38.799, "2018-06-30": 37.766, "2018-03-31": "36.49000", "2017-12-31": 37.959, "2017-09-30": 44.347, "2017-06-30": 37.384, "2017-03-31": "39.57400", "2016-12-31": 36.2, "2016-09-30": 31.676, "2016-06-30": 30.599, "2016-03-31": "28.89700", "2015-12-31": 28.908, "2015-09-30": 28.729, "2015-06-30": 28.832, "2015-03-31": "27.53000", "2014-12-31": 28.313, "2014-09-30": 30.144, "2014-06-30": 25.067, "2014-03-31": "26.65200", "2013-12-31": 27.8, "2013-09-30": 25.439, "2013-06-30": 24.239, "2013-03-31": "24.22000", "2012-12-31": 37.27, "2012-09-30": 18.429, "2012-06-30": 18.456, "2012-03-31": "18.05900", "2011-12-31": 30.922, "2011-09-30": 19.018, "2011-06-30": 18.867, "2011-03-31": "19.09900", "2010-12-31": 21.278, "2010-09-30": 18.991, "2010-06-30": 20.12, "2010-03-31": "20.25300", "2009-12-31": 21.813, "2009-09-30": 19.862, "2009-06-30": 19.985, "2009-03-31": "20.81000", "2008-12-31": 95.24}, "Other Non-Cash Items": {"2020-09-30": 192.077, "2020-06-30": 77.771, "2020-03-31": "208.37000", "2019-12-31": 97.204, "2019-09-30": 129.092, "2019-06-30": 108.171, "2019-03-31": "84.80700", "2018-12-31": 190.007, "2018-09-30": 116.746, "2018-06-30": 114.756, "2018-03-31": "126.03900", "2017-12-31": 123.212, "2017-09-30": 132.863, "2017-06-30": 98.842, "2017-03-31": "117.87300", "2016-12-31": 125.176, "2016-09-30": 130.814, "2016-06-30": 117.746, "2016-03-31": "114.34900", "2015-12-31": 136.832, "2015-09-30": 144.045, "2015-06-30": 117.128, "2015-03-31": "106.64700", "2014-12-31": 125.625, "2014-09-30": 105.4021, "2014-06-30": 123.239, "2014-03-31": "94.68100", "2013-12-31": 107.431, "2013-09-30": 121.956, "2013-06-30": 192.682, "2013-03-31": "109.85900", "2012-12-31": 100.263, "2012-09-30": 57.571, "2012-06-30": 89.089, "2012-03-31": "92.62500", "2011-12-31": 104.096, "2011-09-30": 115.332, "2011-06-30": 81.724, "2011-03-31": "133.90300", "2010-12-31": 83.694, "2010-09-30": 87.946, "2010-06-30": 80.978, "2010-03-31": "71.77700", "2009-12-31": 90.505, "2009-09-30": 82.579, "2009-06-30": 115.302, "2009-03-31": "86.79600", "2008-12-31": 0}, "Total Non-Cash Items": {"2020-09-30": 238.82, "2020-06-30": 128.957, "2020-03-31": "249.77100", "2019-12-31": 136.823, "2019-09-30": 168.088, "2019-06-30": 146.96, "2019-03-31": "123.20500", "2018-12-31": 229.873, "2018-09-30": 155.545, "2018-06-30": 152.522, "2018-03-31": "162.52900", "2017-12-31": 161.171, "2017-09-30": 177.21, "2017-06-30": 136.226, "2017-03-31": "157.44700", "2016-12-31": 161.376, "2016-09-30": 162.49, "2016-06-30": 148.345, "2016-03-31": "143.24600", "2015-12-31": 165.74, "2015-09-30": 172.774, "2015-06-30": 145.96, "2015-03-31": "134.17700", "2014-12-31": 153.938, "2014-09-30": 135.546, "2014-06-30": 148.306, "2014-03-31": "121.33300", "2013-12-31": 135.231, "2013-09-30": 147.395, "2013-06-30": 216.921, "2013-03-31": "134.07900", "2012-12-31": 137.533, "2012-09-30": 76, "2012-06-30": 107.545, "2012-03-31": "110.68400", "2011-12-31": 135.018, "2011-09-30": 134.35, "2011-06-30": 100.591, "2011-03-31": "153.00200", "2010-12-31": 104.972, "2010-09-30": 106.937, "2010-06-30": 101.098, "2010-03-31": "92.03000", "2009-12-31": -262.864, "2009-09-30": 102.441, "2009-06-30": 135.287, "2009-03-31": "107.60600", "2008-12-31": 95.24}, "Change In Accounts Receivable": {"2020-09-30": -43.664, "2020-06-30": 16.741, "2020-03-31": "-45.74700", "2019-12-31": 25.517, "2019-09-30": -17.615, "2019-06-30": -37.685, "2019-03-31": "2.54300", "2018-12-31": 56.414, "2018-09-30": -14.45, "2018-06-30": -42.193, "2018-03-31": "5.49300", "2017-12-31": 24.333, "2017-09-30": 6.504, "2017-06-30": -19.125, "2017-03-31": "0.71400", "2016-12-31": 33.437, "2016-09-30": -18.508, "2016-06-30": -23.572, "2016-03-31": "-1.37400", "2015-12-31": 24.717, "2015-09-30": -11.233, "2015-06-30": -20.361, "2015-03-31": "-0.60000", "2014-12-31": 13.241, "2014-09-30": -11.752, "2014-06-30": -15.276, "2014-03-31": "3.83700", "2013-12-31": 19.668, "2013-09-30": 12.659, "2013-06-30": -20.313, "2013-03-31": "11.63100", "2012-12-31": 4.084, "2012-09-30": -2.881, "2012-06-30": -22.218, "2012-03-31": "-8.38300", "2011-12-31": 17.276, "2011-09-30": -6.533, "2011-06-30": -0.993, "2011-03-31": "-4.38300", "2010-12-31": 2.441, "2010-09-30": 15.362, "2010-06-30": -24.976, "2010-03-31": "11.90300", "2009-12-31": 0.684, "2009-09-30": -0.041, "2009-06-30": -25.323, "2009-03-31": "37.03500", "2008-12-31": 0}, "Change In Inventories": {"2020-09-30": 0, "2020-06-30": 0, "2020-03-31": "", "2019-12-31": 0, "2019-09-30": 0, "2019-06-30": 0, "2019-03-31": "", "2018-12-31": 0, "2018-09-30": 0, "2018-06-30": 0, "2018-03-31": "", "2017-12-31": 0, "2017-09-30": 0, "2017-06-30": 0, "2017-03-31": "", "2016-12-31": 0, "2016-09-30": 0, "2016-06-30": 0, "2016-03-31": "", "2015-12-31": 0, "2015-09-30": 0, "2015-06-30": 0, "2015-03-31": "", "2014-12-31": 0, "2014-09-30": 0, "2014-06-30": 0, "2014-03-31": "", "2013-12-31": 0, "2013-09-30": 0, "2013-06-30": 0, "2013-03-31": "", "2012-12-31": 0, "2012-09-30": 0, "2012-06-30": 0, "2012-03-31": "", "2011-12-31": 0, "2011-09-30": 0, "2011-06-30": 0, "2011-03-31": "", "2010-12-31": 0, "2010-09-30": 0, "2010-06-30": 0, "2010-03-31": "", "2009-12-31": 0, "2009-09-30": 0, "2009-06-30": 0, "2009-03-31": "", "2008-12-31": 0}, "Change In Accounts Payable": {"2020-09-30": 106.632, "2020-06-30": 75.358, "2020-03-31": "-149.96000", "2019-12-31": 34.863, "2019-09-30": 81.882, "2019-06-30": 47.122, "2019-03-31": "-118.31800", "2018-12-31": 27.109, "2018-09-30": 48.065, "2018-06-30": 36.107, "2018-03-31": "-95.97800", "2017-12-31": 32.3, "2017-09-30": 188.045, "2017-06-30": 44.658, "2017-03-31": "-137.32000", "2016-12-31": 70.438, "2016-09-30": -38.951, "2016-06-30": 62.213, "2016-03-31": "-123.03900", "2015-12-31": 43.753, "2015-09-30": 19.114, "2015-06-30": 72.516, "2015-03-31": "-98.70400", "2014-12-31": 59.404, "2014-09-30": -0.233, "2014-06-30": 59.426, "2014-03-31": "-133.60000", "2013-12-31": 60.3, "2013-09-30": 1.164, "2013-06-30": 67.216, "2013-03-31": "-123.36200", "2012-12-31": 68.61, "2012-09-30": 29.091, "2012-06-30": 41.194, "2012-03-31": "-54.91600", "2011-12-31": 52.598, "2011-09-30": 13.432, "2011-06-30": -21.862, "2011-03-31": "-57.64600", "2010-12-31": 49.984, "2010-09-30": 24.816, "2010-06-30": -17.563, "2010-03-31": "-51.34700", "2009-12-31": 69.613, "2009-09-30": 33.723, "2009-06-30": -21.333, "2009-03-31": "-29.38300", "2008-12-31": 0}, "Change In Assets/Liabilities": {"2020-09-30": -114.105, "2020-06-30": -101.905, "2020-03-31": "-98.93700", "2019-12-31": -119.277, "2019-09-30": -82.299, "2019-06-30": -93.018, "2019-03-31": "-111.94900", "2018-12-31": -128.044, "2018-09-30": -101.601, "2018-06-30": -98.834, "2018-03-31": "-117.36900", "2017-12-31": -124.629, "2017-09-30": -101.828, "2017-06-30": -95.596, "2017-03-31": "-137.02000", "2016-12-31": -105.851, "2016-09-30": -119.869, "2016-06-30": -103.787, "2016-03-31": "-118.25500", "2015-12-31": -112.578, "2015-09-30": -90.07, "2015-06-30": -103.361, "2015-03-31": "-131.93400", "2014-12-31": -103.355, "2014-09-30": -105.099, "2014-06-30": -117.498, "2014-03-31": "-127.66800", "2013-12-31": -134.007, "2013-09-30": -111.878, "2013-06-30": -108.256, "2013-03-31": "-119.62900", "2012-12-31": -108.727, "2012-09-30": -91.42, "2012-06-30": -108.208, "2012-03-31": "-114.52700", "2011-12-31": -169.142, "2011-09-30": -103.892, "2011-06-30": -100.04, "2011-03-31": "-105.53700", "2010-12-31": -104.058, "2010-09-30": -101.9, "2010-06-30": -117.524, "2010-03-31": "-124.41400", "2009-12-31": -165.052, "2009-09-30": -135.619, "2009-06-30": -65.621, "2009-03-31": "-117.20400", "2008-12-31": 0}, "Total Change In Assets/Liabilities": {"2020-09-30": -109.316, "2020-06-30": 43.145, "2020-03-31": "-289.46300", "2019-12-31": -60.021, "2019-09-30": -45.683, "2019-06-30": -67.593, "2019-03-31": "-198.53800", "2018-12-31": -14.743, "2018-09-30": -76.245, "2018-06-30": -96.68, "2018-03-31": "-195.53400", "2017-12-31": -205.277, "2017-09-30": 22.527, "2017-06-30": -29.577, "2017-03-31": "-209.45600", "2016-12-31": -5.14, "2016-09-30": -164.049, "2016-06-30": -48.038, "2016-03-31": "-252.29000", "2015-12-31": -48.349, "2015-09-30": -63.28, "2015-06-30": -6.279, "2015-03-31": "-238.29000", "2014-12-31": -40.21, "2014-09-30": -95.205, "2014-06-30": -49.48, "2014-03-31": "-247.80600", "2013-12-31": -54.381, "2013-09-30": -124.091, "2013-06-30": -42.564, "2013-03-31": "-221.18200", "2012-12-31": -52.555, "2012-09-30": -32.717, "2012-06-30": -68.954, "2012-03-31": "-149.58900", "2011-12-31": -74.428, "2011-09-30": -90.865, "2011-06-30": -110.336, "2011-03-31": "-189.23700", "2010-12-31": -21.129, "2010-09-30": -74.809, "2010-06-30": -149.834, "2010-03-31": "-131.21400", "2009-12-31": -60.691, "2009-09-30": -75.741, "2009-06-30": -115.131, "2009-03-31": "-107.21700", "2008-12-31": -523.63}, "Cash Flow From Operating Activities": {"2020-09-30": 313.095, "2020-06-30": 343.796, "2020-03-31": "24.15400", "2019-12-31": 301.408, "2019-09-30": 310.572, "2019-06-30": 266.638, "2019-03-31": "34.47100", "2018-12-31": 308.304, "2018-09-30": 230.761, "2018-06-30": 210.933, "2018-03-31": "43.16700", "2017-12-31": 176.607, "2017-09-30": 220.923, "2017-06-30": 228.544, "2017-03-31": "6.06000", "2016-12-31": 237.197, "2016-09-30": 105.833, "2016-06-30": 202.758, "2016-03-31": "-56.37200", "2015-12-31": 199.126, "2015-09-30": 185.254, "2015-06-30": 233.26, "2015-03-31": "-66.31700", "2014-12-31": 194.466, "2014-09-30": 121.278, "2014-06-30": 149.514, "2014-03-31": "-104.62100", "2013-12-31": 132.639, "2013-09-30": 87.399, "2013-06-30": 209.305, "2013-03-31": "-50.87100", "2012-12-31": 178.18, "2012-09-30": 147.183, "2012-06-30": 112.108, "2012-03-31": "-7.79600", "2011-12-31": 100.968, "2011-09-30": 64.78, "2011-06-30": 22.402, "2011-03-31": "-51.47600", "2010-12-31": 131.587, "2010-09-30": 65.471, "2010-06-30": -14.596, "2010-03-31": "-25.45500", "2009-12-31": 104.661, "2009-09-30": 67.614, "2009-06-30": 53.547, "2009-03-31": "7.75800", "2008-12-31": 110.44}, "Net Change In Property, Plant, And Equipment": {"2020-09-30": -33.539, "2020-06-30": -29.039, "2020-03-31": "-15.07200", "2019-12-31": -28.279, "2019-09-30": -24.207, "2019-06-30": -26.472, "2019-03-31": "-27.37400", "2018-12-31": -29.891, "2018-09-30": -31.553, "2018-06-30": -32.767, "2018-03-31": "-21.32900", "2017-12-31": -31.047, "2017-09-30": -32.642, "2017-06-30": -30.645, "2017-03-31": "-29.89500", "2016-12-31": -28.528, "2016-09-30": -42.365, "2016-06-30": -31.089, "2016-03-31": "-21.06300", "2015-12-31": -31.691, "2015-09-30": -29.678, "2015-06-30": -17.545, "2015-03-31": "-27.68400", "2014-12-31": -32.916, "2014-09-30": -12.198, "2014-06-30": -18.892, "2014-03-31": "-21.15800", "2013-12-31": -25.717, "2013-09-30": -21.81, "2013-06-30": -19.893, "2013-03-31": "-13.91500", "2012-12-31": -26.906, "2012-09-30": -14.4, "2012-06-30": -17.332, "2012-03-31": "-17.48700", "2011-12-31": -20.372, "2011-09-30": -14.3, "2011-06-30": -13.554, "2011-03-31": "-12.22600", "2010-12-31": -39.259, "2010-09-30": -16.173, "2010-06-30": -12.053, "2010-03-31": "-12.40800", "2009-12-31": -13.94, "2009-09-30": -6.891, "2009-06-30": -8.065, "2009-03-31": "-1.38400", "2008-12-31": -72.62}, "Net Change In Intangible Assets": {"2020-09-30": 0, "2020-06-30": 0, "2020-03-31": "", "2019-12-31": 0, "2019-09-30": 0, "2019-06-30": 0, "2019-03-31": "", "2018-12-31": 0, "2018-09-30": 0, "2018-06-30": 0, "2018-03-31": "", "2017-12-31": 0, "2017-09-30": 0, "2017-06-30": 0, "2017-03-31": "", "2016-12-31": 0, "2016-09-30": 0, "2016-06-30": 0, "2016-03-31": "", "2015-12-31": 0, "2015-09-30": 0, "2015-06-30": 0, "2015-03-31": "", "2014-12-31": 0, "2014-09-30": 0, "2014-06-30": 0, "2014-03-31": "", "2013-12-31": 0, "2013-09-30": 0, "2013-06-30": 0, "2013-03-31": "", "2012-12-31": 0, "2012-09-30": 0, "2012-06-30": 0, "2012-03-31": "", "2011-12-31": 0, "2011-09-30": 0, "2011-06-30": 0, "2011-03-31": "", "2010-12-31": 0, "2010-09-30": 0, "2010-06-30": 0, "2010-03-31": "", "2009-12-31": 0, "2009-09-30": 0, "2009-06-30": 0, "2009-03-31": "", "2008-12-31": 0}, "Net Acquisitions/Divestitures": {"2020-09-30": 0, "2020-06-30": 0, "2020-03-31": "", "2019-12-31": 0, "2019-09-30": 0, "2019-06-30": 0, "2019-03-31": "", "2018-12-31": 0, "2018-09-30": 0, "2018-06-30": 0, "2018-03-31": "", "2017-12-31": 0, "2017-09-30": 0, "2017-06-30": 0, "2017-03-31": "", "2016-12-31": 0, "2016-09-30": 0, "2016-06-30": 0, "2016-03-31": "", "2015-12-31": 0, "2015-09-30": 0, "2015-06-30": 0, "2015-03-31": "", "2014-12-31": 0, "2014-09-30": 0, "2014-06-30": 0, "2014-03-31": "", "2013-12-31": 0, "2013-09-30": 0, "2013-06-30": 0, "2013-03-31": "", "2012-12-31": 0, "2012-09-30": 0, "2012-06-30": 0, "2012-03-31": "", "2011-12-31": 0, "2011-09-30": 0, "2011-06-30": 0, "2011-03-31": "", "2010-12-31": 0, "2010-09-30": 0, "2010-06-30": 0, "2010-03-31": "", "2009-12-31": 0, "2009-09-30": 0, "2009-06-30": 0, "2009-03-31": "", "2008-12-31": 0}, "Net Change In Short-term Investments": {"2020-09-30": 0, "2020-06-30": 0, "2020-03-31": "", "2019-12-31": 0, "2019-09-30": 0, "2019-06-30": 0, "2019-03-31": "", "2018-12-31": 0, "2018-09-30": 0, "2018-06-30": 0, "2018-03-31": "", "2017-12-31": 0, "2017-09-30": 0, "2017-06-30": 0, "2017-03-31": "", "2016-12-31": 0, "2016-09-30": 0, "2016-06-30": 0, "2016-03-31": "", "2015-12-31": 0, "2015-09-30": 0, "2015-06-30": 0, "2015-03-31": "", "2014-12-31": 0, "2014-09-30": 0, "2014-06-30": 0, "2014-03-31": "", "2013-12-31": 0, "2013-09-30": 0, "2013-06-30": 0, "2013-03-31": "", "2012-12-31": 0, "2012-09-30": 0, "2012-06-30": 0, "2012-03-31": "", "2011-12-31": 0, "2011-09-30": 0, "2011-06-30": 0, "2011-03-31": "", "2010-12-31": 0, "2010-09-30": 0, "2010-06-30": 0, "2010-03-31": "", "2009-12-31": 0, "2009-09-30": 0, "2009-06-30": 0, "2009-03-31": "", "2008-12-31": 0}, "Net Change In Long-Term Investments": {"2020-09-30": -197.27, "2020-06-30": 122.377, "2020-03-31": "-56.43400", "2019-12-31": -36.7229, "2019-09-30": 139.843, "2019-06-30": 22.875, "2019-03-31": "-128.88400", "2018-12-31": -174.8959, "2018-09-30": -428.2361, "2018-06-30": -167.643, "2018-03-31": "-245.15800", "2017-12-31": 51.757, "2017-09-30": 34.24, "2017-06-30": -257.492, "2017-03-31": "6.10500", "2016-12-31": -132.198, "2016-09-30": -47.6549, "2016-06-30": -198.894, "2016-03-31": "-2.34900", "2015-12-31": -84.9949, "2015-09-30": -156.41, "2015-06-30": -150.293, "2015-03-31": "-445.05000", "2014-12-31": -364.234, "2014-09-30": -263.766, "2014-06-30": -46.673, "2014-03-31": "16.04400", "2013-12-31": -100.277, "2013-09-30": -174.362, "2013-06-30": -151.661, "2013-03-31": "9.97200", "2012-12-31": -223.6431, "2012-09-30": -178.219, "2012-06-30": 28.733, "2012-03-31": "29.70600", "2011-12-31": -54.0932, "2011-09-30": 134.3781, "2011-06-30": -37.823, "2011-03-31": "-50.30200", "2010-12-31": -158.241, "2010-09-30": -47.492, "2010-06-30": 146.4359, "2010-03-31": "-162.89500", "2009-12-31": -174.086, "2009-09-30": -24.648, "2009-06-30": 97.383, "2009-03-31": "28.82700", "2008-12-31": 0}, "Net Change In Investments - Total": {"2020-09-30": -197.27, "2020-06-30": 122.377, "2020-03-31": "-56.43400", "2019-12-31": -36.7229, "2019-09-30": 139.843, "2019-06-30": 22.875, "2019-03-31": "-128.88400", "2018-12-31": -174.8959, "2018-09-30": -428.2361, "2018-06-30": -167.643, "2018-03-31": "-245.15800", "2017-12-31": 51.757, "2017-09-30": 34.24, "2017-06-30": -257.492, "2017-03-31": "6.10500", "2016-12-31": -132.198, "2016-09-30": -47.6549, "2016-06-30": -198.894, "2016-03-31": "-2.34900", "2015-12-31": -84.9949, "2015-09-30": -156.41, "2015-06-30": -150.293, "2015-03-31": "-445.05000", "2014-12-31": -364.234, "2014-09-30": -263.766, "2014-06-30": -46.673, "2014-03-31": "16.04400", "2013-12-31": -100.277, "2013-09-30": -174.362, "2013-06-30": -151.661, "2013-03-31": "9.97200", "2012-12-31": -223.6431, "2012-09-30": -178.219, "2012-06-30": 28.733, "2012-03-31": "29.70600", "2011-12-31": -54.0932, "2011-09-30": 134.3781, "2011-06-30": -37.823, "2011-03-31": "-50.30200", "2010-12-31": -158.241, "2010-09-30": -47.492, "2010-06-30": 146.4359, "2010-03-31": "-162.89500", "2009-12-31": -174.082, "2009-09-30": -24.648, "2009-06-30": 97.383, "2009-03-31": "28.82700", "2008-12-31": -655.57}, "Investing Activities - Other": {"2020-09-30": -159.3274, "2020-06-30": -106.0039, "2020-03-31": "-621.33410", "2019-12-31": 37.8251, "2019-09-30": -173.3681, "2019-06-30": -73.1259, "2019-03-31": "-134.34200", "2018-12-31": -1.11, "2018-09-30": 13.003, "2018-06-30": -78.852, "2018-03-31": "-22.19200", "2017-12-31": -15.727, "2017-09-30": -77.999, "2017-06-30": -3.909, "2017-03-31": "0.08600", "2016-12-31": -33.442, "2016-09-30": -55.101, "2016-06-30": -17.117, "2016-03-31": "-0.34700", "2015-12-31": -6.883, "2015-09-30": -1.221, "2015-06-30": -0.464, "2015-03-31": "-22.50600", "2014-12-31": 47.121, "2014-09-30": 11.676, "2014-06-30": 9.275, "2014-03-31": "-160.97100", "2013-12-31": 2.36, "2013-09-30": 10.074, "2013-06-30": 4.202, "2013-03-31": "15.87100", "2012-12-31": 32.022, "2012-09-30": -27.196, "2012-06-30": 11.959, "2012-03-31": "-14.90000", "2011-12-31": 27.067, "2011-09-30": 22.424, "2011-06-30": 13.599, "2011-03-31": "-8.45100", "2010-12-31": 22.402, "2010-09-30": -7.08, "2010-06-30": -12.792, "2010-03-31": "24.22000", "2009-12-31": -14.756, "2009-09-30": 2.099, "2009-06-30": 99.4023, "2009-03-31": "-28.60530", "2008-12-31": -82.57}, "Cash Flow From Investing Activities": {"2020-09-30": -390.136, "2020-06-30": -12.666, "2020-03-31": "-692.84000", "2019-12-31": -27.177, "2019-09-30": -57.732, "2019-06-30": -76.723, "2019-03-31": "-290.60000", "2018-12-31": -205.897, "2018-09-30": -446.786, "2018-06-30": -279.262, "2018-03-31": "-288.67900", "2017-12-31": 4.983, "2017-09-30": -76.401, "2017-06-30": -292.046, "2017-03-31": "-23.70400", "2016-12-31": -194.168, "2016-09-30": -145.121, "2016-06-30": -247.1, "2016-03-31": "-23.75900", "2015-12-31": -123.569, "2015-09-30": -187.309, "2015-06-30": -168.302, "2015-03-31": "-495.24000", "2014-12-31": -350.029, "2014-09-30": -264.288, "2014-06-30": -56.29, "2014-03-31": "-166.08500", "2013-12-31": -123.634, "2013-09-30": -186.098, "2013-06-30": -167.352, "2013-03-31": "11.92800", "2012-12-31": -218.527, "2012-09-30": -219.815, "2012-06-30": 23.36, "2012-03-31": "-2.68100", "2011-12-31": -47.398, "2011-09-30": 142.502, "2011-06-30": -37.778, "2011-03-31": "-70.97900", "2010-12-31": -175.098, "2010-09-30": -70.745, "2010-06-30": 121.591, "2010-03-31": "-151.08300", "2009-12-31": -202.778, "2009-09-30": -29.44, "2009-06-30": 188.72, "2009-03-31": "-1.16200", "2008-12-31": -810.77}, "Net Long-Term Debt": {"2020-09-30": 46.559, "2020-06-30": 199.3738, "2020-03-31": "281.90700", "2019-12-31": 43.6402, "2019-09-30": 41.9941, "2019-06-30": 60.973, "2019-03-31": "49.92300", "2018-12-31": -11.371, "2018-09-30": -11.0499, "2018-06-30": 25.099, "2018-03-31": "-1.42200", "2017-12-31": -1.415, "2017-09-30": -1.468, "2017-06-30": -1.337, "2017-03-31": "-1.32300", "2016-12-31": -1.426, "2016-09-30": 158.584, "2016-06-30": -1.301, "2016-03-31": "-1.02800", "2015-12-31": -1.157, "2015-09-30": -1.464, "2015-06-30": -1.5, "2015-03-31": "-1.12300", "2014-12-31": 130.742, "2014-09-30": -5.634, "2014-06-30": -2.531, "2014-03-31": "146.79000", "2013-12-31": -1.12, "2013-09-30": -3.275, "2013-06-30": -2.435, "2013-03-31": "87.76900", "2012-12-31": -42.604, "2012-09-30": -1.537, "2012-06-30": -2.822, "2012-03-31": "-23.51600", "2011-12-31": 15.194, "2011-09-30": -6.314, "2011-06-30": -4.662, "2011-03-31": "-3.15000", "2010-12-31": -3.937, "2010-09-30": -13.141, "2010-06-30": 28.574, "2010-03-31": "-8.56400", "2009-12-31": -5.053, "2009-09-30": -10.717, "2009-06-30": -6.566, "2009-03-31": "-22.35400", "2008-12-31": 0}, "Net Current Debt": {"2020-09-30": 0, "2020-06-30": 0, "2020-03-31": "", "2019-12-31": 0, "2019-09-30": 0, "2019-06-30": 0, "2019-03-31": "", "2018-12-31": 0, "2018-09-30": 0, "2018-06-30": 0, "2018-03-31": "", "2017-12-31": 0, "2017-09-30": 0, "2017-06-30": 0, "2017-03-31": "", "2016-12-31": 0, "2016-09-30": 0, "2016-06-30": 0, "2016-03-31": "", "2015-12-31": 0, "2015-09-30": 0, "2015-06-30": 0, "2015-03-31": "", "2014-12-31": 0, "2014-09-30": 0, "2014-06-30": 0, "2014-03-31": "", "2013-12-31": 0, "2013-09-30": 0, "2013-06-30": 0, "2013-03-31": "", "2012-12-31": 0, "2012-09-30": 0, "2012-06-30": 0, "2012-03-31": "", "2011-12-31": 0, "2011-09-30": 0, "2011-06-30": 0, "2011-03-31": "", "2010-12-31": 0, "2010-09-30": 0, "2010-06-30": 0, "2010-03-31": "29.08700", "2009-12-31": 0, "2009-09-30": 0, "2009-06-30": 0, "2009-03-31": "", "2008-12-31": 0}, "Debt Issuance/Retirement Net - Total": {"2020-09-30": 46.559, "2020-06-30": 199.3738, "2020-03-31": "281.90700", "2019-12-31": 43.6402, "2019-09-30": 41.9941, "2019-06-30": 60.973, "2019-03-31": "49.92300", "2018-12-31": -11.371, "2018-09-30": -11.0499, "2018-06-30": 25.099, "2018-03-31": "-1.42200", "2017-12-31": -1.415, "2017-09-30": -1.468, "2017-06-30": -1.337, "2017-03-31": "-1.32300", "2016-12-31": -1.426, "2016-09-30": 158.584, "2016-06-30": -1.301, "2016-03-31": "-1.02800", "2015-12-31": -1.157, "2015-09-30": -1.464, "2015-06-30": -1.5, "2015-03-31": "-1.12300", "2014-12-31": 130.742, "2014-09-30": -5.634, "2014-06-30": -2.531, "2014-03-31": "146.79000", "2013-12-31": -1.12, "2013-09-30": -3.275, "2013-06-30": -2.435, "2013-03-31": "87.76900", "2012-12-31": -42.604, "2012-09-30": -1.537, "2012-06-30": -2.822, "2012-03-31": "-23.51600", "2011-12-31": 15.194, "2011-09-30": -6.314, "2011-06-30": -4.662, "2011-03-31": "-3.15000", "2010-12-31": -3.937, "2010-09-30": -13.141, "2010-06-30": 28.574, "2010-03-31": "20.52300", "2009-12-31": -5.053, "2009-09-30": -10.717, "2009-06-30": -6.566, "2009-03-31": "-22.35400", "2008-12-31": -11.65}, "Net Common Equity Issued/Repurchased": {"2020-09-30": 0, "2020-06-30": -3.079, "2020-03-31": "-65.78500", "2019-12-31": -1.187, "2019-09-30": 0, "2019-06-30": 0, "2019-03-31": "-2.06600", "2018-12-31": -22.906, "2018-09-30": 0, "2018-06-30": 0, "2018-03-31": "", "2017-12-31": 2.732, "2017-09-30": 0, "2017-06-30": 0, "2017-03-31": "", "2016-12-31": 1.104, "2016-09-30": 0, "2016-06-30": 0, "2016-03-31": "-0.45400", "2015-12-31": 5.042, "2015-09-30": 0, "2015-06-30": 0, "2015-03-31": "", "2014-12-31": 3.601, "2014-09-30": 0, "2014-06-30": 0, "2014-03-31": "", "2013-12-31": 1.736, "2013-09-30": -47.121, "2013-06-30": -17.485, "2013-03-31": "", "2012-12-31": 9.415, "2012-09-30": 3.253, "2012-06-30": 1.15, "2012-03-31": "-1.15000", "2011-12-31": -1.21, "2011-09-30": -0.14, "2011-06-30": 2.317, "2011-03-31": "-2.31700", "2010-12-31": 2.43, "2010-09-30": 0, "2010-06-30": 0, "2010-03-31": "", "2009-12-31": 0, "2009-09-30": 0, "2009-06-30": 0, "2009-03-31": "", "2008-12-31": 0}, "Net Total Equity Issued/Repurchased": {"2020-09-30": 0, "2020-06-30": -3.079, "2020-03-31": "-65.78500", "2019-12-31": -1.187, "2019-09-30": 0, "2019-06-30": 0, "2019-03-31": "-2.06600", "2018-12-31": -22.906, "2018-09-30": 0, "2018-06-30": 0, "2018-03-31": "", "2017-12-31": 2.732, "2017-09-30": 0, "2017-06-30": 0, "2017-03-31": "", "2016-12-31": 1.104, "2016-09-30": 0, "2016-06-30": 0, "2016-03-31": "-0.45400", "2015-12-31": 5.042, "2015-09-30": 0, "2015-06-30": 0, "2015-03-31": "", "2014-12-31": 3.601, "2014-09-30": 0, "2014-06-30": 0, "2014-03-31": "", "2013-12-31": 1.736, "2013-09-30": -47.121, "2013-06-30": -17.485, "2013-03-31": "", "2012-12-31": 9.415, "2012-09-30": 3.253, "2012-06-30": 1.15, "2012-03-31": "-1.15000", "2011-12-31": -1.21, "2011-09-30": -0.14, "2011-06-30": 2.317, "2011-03-31": "-2.31700", "2010-12-31": 2.43, "2010-09-30": 0, "2010-06-30": 0, "2010-03-31": "", "2009-12-31": 0, "2009-09-30": 0, "2009-06-30": 0, "2009-03-31": "", "2008-12-31": 0}, "Total Common And Preferred Stock Dividends Paid": {"2020-09-30": -49.07, "2020-06-30": -48.996, "2020-03-31": "-49.70200", "2019-12-31": -47.196, "2019-09-30": -47.139, "2019-06-30": -47.084, "2019-03-31": "-47.02100", "2018-12-31": -46.858, "2018-09-30": -46.912, "2018-06-30": -42.387, "2018-03-31": "-42.33000", "2017-12-31": -42.11, "2017-09-30": -42.075, "2017-06-30": -37.604, "2017-03-31": "-37.49500", "2016-12-31": -37.339, "2016-09-30": -37.305, "2016-06-30": -28.487, "2016-03-31": "-28.41000", "2015-12-31": -27.241, "2015-09-30": -27.162, "2015-06-30": -27.14, "2015-03-31": "-26.98100", "2014-12-31": -25.78, "2014-09-30": -25.718, "2014-06-30": -25.682, "2014-03-31": "-12.75900", "2013-12-31": -12.695, "2013-09-30": -12.695, "2013-06-30": -13.007, "2013-03-31": "-12.92700", "2012-12-31": -21.39, "2012-09-30": -8.505, "2012-06-30": -8.482, "2012-03-31": "-6.32800", "2011-12-31": -6.324, "2011-09-30": -6.318, "2011-06-30": -6.307, "2011-03-31": "-6.26700", "2010-12-31": -6.254, "2010-09-30": -6.248, "2010-06-30": 0, "2010-03-31": "", "2009-12-31": 0, "2009-09-30": 12, "2009-06-30": 0, "2009-03-31": "-12.00000", "2008-12-31": -3.58}, "Financial Activities - Other": {"2020-09-30": 85.805, "2020-06-30": -9.493, "2020-03-31": "78.21000", "2019-12-31": -498.48, "2019-09-30": 54.733, "2019-06-30": -129.334, "2019-03-31": "123.17500", "2018-12-31": -755.579, "2018-09-30": 1255.006, "2018-06-30": 137.806, "2018-03-31": "77.63900", "2017-12-31": 103.94, "2017-09-30": -129.093, "2017-06-30": 218.738, "2017-03-31": "96.53400", "2016-12-31": -437.7029, "2016-09-30": 119.8849, "2016-06-30": 343.638, "2016-03-31": "57.02900", "2015-12-31": 80.334, "2015-09-30": -341.237, "2015-06-30": 353.513, "2015-03-31": "282.47600", "2014-12-31": 41.381, "2014-09-30": 338.588, "2014-06-30": 201.867, "2014-03-31": "72.19500", "2013-12-31": -29.885, "2013-09-30": 143.789, "2013-06-30": 22.735, "2013-03-31": "149.40800", "2012-12-31": -4.7, "2012-09-30": 27.346, "2012-06-30": 0.164, "2012-03-31": "293.42500", "2011-12-31": -264.625, "2011-09-30": -156.124, "2011-06-30": -130.774, "2011-03-31": "158.85700", "2010-12-31": 38.639, "2010-09-30": 140.259, "2010-06-30": -13.559, "2010-03-31": "29.95500", "2009-12-31": -53.689, "2009-09-30": -47.206, "2009-06-30": -193.238, "2009-03-31": "57.55300", "2008-12-31": 532.83}, "Cash Flow From Financial Activities": {"2020-09-30": 83.294, "2020-06-30": 137.806, "2020-03-31": "244.63000", "2019-12-31": -503.223, "2019-09-30": 49.588, "2019-06-30": -115.445, "2019-03-31": "124.01100", "2018-12-31": -836.714, "2018-09-30": 1197.044, "2018-06-30": 120.518, "2018-03-31": "33.88700", "2017-12-31": 63.147, "2017-09-30": -172.636, "2017-06-30": 179.797, "2017-03-31": "57.71600", "2016-12-31": -475.364, "2016-09-30": 241.164, "2016-06-30": 313.85, "2016-03-31": "27.13700", "2015-12-31": 56.978, "2015-09-30": -369.863, "2015-06-30": 324.873, "2015-03-31": "254.37200", "2014-12-31": 149.944, "2014-09-30": 307.236, "2014-06-30": 173.654, "2014-03-31": "206.22600", "2013-12-31": -41.964, "2013-09-30": 80.698, "2013-06-30": -10.192, "2013-03-31": "224.25000", "2012-12-31": -59.279, "2012-09-30": 20.557, "2012-06-30": -9.99, "2012-03-31": "262.43100", "2011-12-31": -256.965, "2011-09-30": -168.896, "2011-06-30": -139.426, "2011-03-31": "147.12300", "2010-12-31": 30.878, "2010-09-30": 120.87, "2010-06-30": 15.015, "2010-03-31": "50.47800", "2009-12-31": -58.742, "2009-09-30": -45.923, "2009-06-30": -199.804, "2009-03-31": "23.19900", "2008-12-31": 517.59}, "Net Cash Flow": {"2020-09-30": -10.975, "2020-06-30": 473.359, "2020-03-31": "-435.97400", "2019-12-31": -225.04, "2019-09-30": 299.034, "2019-06-30": 74.913, "2019-03-31": "-130.07700", "2018-12-31": -738.19, "2018-09-30": 978.809, "2018-06-30": 49.892, "2018-03-31": "-210.60800", "2017-12-31": 245.311, "2017-09-30": -24.849, "2017-06-30": 119.297, "2017-03-31": "41.32900", "2016-12-31": -437.174, "2016-09-30": 201.498, "2016-06-30": 265.931, "2016-03-31": "-51.43800", "2015-12-31": 132.891, "2015-09-30": -375.23, "2015-06-30": 391.263, "2015-03-31": "-311.68300", "2014-12-31": -13.793, "2014-09-30": 162.614, "2014-06-30": 270.839, "2014-03-31": "-64.41700", "2013-12-31": -32.442, "2013-09-30": -14.495, "2013-06-30": 28.159, "2013-03-31": "183.08600", "2012-12-31": -101.237, "2012-09-30": -50.791, "2012-06-30": 123.634, "2012-03-31": "254.23000", "2011-12-31": -200.219, "2011-09-30": 30.273, "2011-06-30": -154.582, "2011-03-31": "26.53100", "2010-12-31": -14.097, "2010-09-30": 115.596, "2010-06-30": 122.01, "2010-03-31": "-126.06000", "2009-12-31": -156.859, "2009-09-30": -7.749, "2009-06-30": 42.463, "2009-03-31": "29.79500", "2008-12-31": -182.73}, "Stock-Based Compensation": {"2020-09-30": 8.404, "2020-06-30": 9.693, "2020-03-31": "25.90300", "2019-12-31": 7.563, "2019-09-30": 7.556, "2019-06-30": 7.758, "2019-03-31": "19.59700", "2018-12-31": 6.769, "2018-09-30": 7.241, "2018-06-30": 7.626, "2018-03-31": "19.50900", "2017-12-31": 6.203, "2017-09-30": 6.616, "2017-06-30": 7.548, "2017-03-31": "17.03200", "2016-12-31": 6.029, "2016-09-30": 6.128, "2016-06-30": 6.11, "2016-03-31": "15.85800", "2015-12-31": 4.078, "2015-09-30": 4.698, "2015-06-30": 4.705, "2015-03-31": "10.85800", "2014-12-31": 3.34, "2014-09-30": 3.443, "2014-06-30": 3.122, "2014-03-31": "9.39700", "2013-12-31": 3.7, "2013-09-30": 4.257, "2013-06-30": 4.457, "2013-03-31": "9.88700", "2012-12-31": 2.917, "2012-09-30": 2.842, "2012-06-30": 2.932, "2012-03-31": "6.14800", "2011-12-31": 2.847, "2011-09-30": 3.09, "2011-06-30": 4.033, "2011-03-31": "5.01100", "2010-12-31": 2.824, "2010-09-30": 5.509, "2010-06-30": 2.924, "2010-03-31": "3.90600", "2009-12-31": 2.642, "2009-09-30": 3.681, "2009-06-30": 2.454, "2009-03-31": "5.78600", "2008-12-31": 0}, "Common Stock Dividends Paid": {"2020-09-30": -49.07, "2020-06-30": -48.996, "2020-03-31": "-49.70200", "2019-12-31": -47.196, "2019-09-30": -47.139, "2019-06-30": -47.084, "2019-03-31": "-47.02100", "2018-12-31": -46.858, "2018-09-30": -46.912, "2018-06-30": -42.387, "2018-03-31": "-42.33000", "2017-12-31": -42.11, "2017-09-30": -42.075, "2017-06-30": -37.604, "2017-03-31": "-37.49500", "2016-12-31": -37.339, "2016-09-30": -37.305, "2016-06-30": -28.487, "2016-03-31": "-28.41000", "2015-12-31": -27.241, "2015-09-30": -27.162, "2015-06-30": -27.14, "2015-03-31": "-26.98100", "2014-12-31": -25.78, "2014-09-30": -25.718, "2014-06-30": -25.682, "2014-03-31": "-12.75900", "2013-12-31": -12.695, "2013-09-30": -12.695, "2013-06-30": -13.007, "2013-03-31": "-12.92700", "2012-12-31": -21.39, "2012-09-30": -8.505, "2012-06-30": -8.482, "2012-03-31": "-6.32800", "2011-12-31": -6.324, "2011-09-30": -6.318, "2011-06-30": -6.307, "2011-03-31": "-6.26700", "2010-12-31": -6.254, "2010-09-30": -6.248, "2010-06-30": 0, "2010-03-31": "0.00000", "2009-12-31": 0, "2009-09-30": 12, "2009-06-30": 0, "2009-03-31": "-12.00000", "2008-12-31": 0}}, "financial ratios": {"Current Ratio": {"2019-12-31": "", "2018-12-31": "", "2017-12-31": "", "2016-12-31": "", "2015-12-31": "", "2014-12-31": "", "2013-12-31": "", "2012-12-31": "", "2011-12-31": "", "2010-12-31": "", "2009-12-31": "", "2008-12-31": ""}, "Long-term Debt / Capital": {"2019-12-31": "", "2018-12-31": "", "2017-12-31": "", "2016-12-31": "", "2015-12-31": "", "2014-12-31": "", "2013-12-31": "", "2012-12-31": "", "2011-12-31": "", "2010-12-31": "", "2009-12-31": "", "2008-12-31": ""}, "Debt/Equity Ratio": {"2019-12-31": "0.16460", "2018-12-31": "0.19540", "2017-12-31": "0.21040", "2016-12-31": "0.24440", "2015-12-31": "0.21110", "2014-12-31": "0.22800", "2013-12-31": "0.12630", "2012-12-31": "0.09770", "2011-12-31": "0.14740", "2010-12-31": "0.14740", "2009-12-31": "0.12760", "2008-12-31": ""}, "Gross Margin": {"2019-12-31": "", "2018-12-31": "", "2017-12-31": "", "2016-12-31": "", "2015-12-31": "", "2014-12-31": "", "2013-12-31": "", "2012-12-31": "", "2011-12-31": "", "2010-12-31": "", "2009-12-31": "", "2008-12-31": ""}, "Operating Margin": {"2019-12-31": "16.50150", "2018-12-31": "12.53150", "2017-12-31": "9.54750", "2016-12-31": "10.33300", "2015-12-31": "10.16610", "2014-12-31": "9.12800", "2013-12-31": "7.72230", "2012-12-31": "11.62040", "2011-12-31": "4.92130", "2010-12-31": "6.77740", "2009-12-31": "6.44080", "2008-12-31": "-0.96920"}, "EBIT Margin": {"2019-12-31": "16.50150", "2018-12-31": "12.53150", "2017-12-31": "9.54750", "2016-12-31": "10.33300", "2015-12-31": "10.16610", "2014-12-31": "9.12800", "2013-12-31": "7.72230", "2012-12-31": "11.62040", "2011-12-31": "4.92130", "2010-12-31": "6.77740", "2009-12-31": "6.44080", "2008-12-31": "-0.96920"}, "EBITDA Margin": {"2019-12-31": "19.01360", "2018-12-31": "15.19200", "2017-12-31": "12.30660", "2016-12-31": "12.61740", "2015-12-31": "12.36880", "2014-12-31": "11.48320", "2013-12-31": "9.77430", "2012-12-31": "13.65070", "2011-12-31": "7.22210", "2010-12-31": "8.84170", "2009-12-31": "8.52170", "2008-12-31": "1.21140"}, "Pre-Tax Profit Margin": {"2019-12-31": "14.59220", "2018-12-31": "10.60460", "2017-12-31": "7.71490", "2016-12-31": "8.56520", "2015-12-31": "8.36190", "2014-12-31": "7.49390", "2013-12-31": "6.26920", "2012-12-31": "10.29120", "2011-12-31": "3.41030", "2010-12-31": "5.42940", "2009-12-31": "5.04950", "2008-12-31": "-2.65390"}, "Net Profit Margin": {"2019-12-31": "11.40610", "2018-12-31": "8.25520", "2017-12-31": "7.32890", "2016-12-31": "6.15140", "2015-12-31": "5.56020", "2014-12-31": "4.98120", "2013-12-31": "3.76040", "2012-12-31": "6.61320", "2011-12-31": "2.04430", "2010-12-31": "3.26010", "2009-12-31": "3.02430", "2008-12-31": "-1.92330"}, "Asset Turnover": {"2019-12-31": "0.53840", "2018-12-31": "0.54070", "2017-12-31": "0.60300", "2016-12-31": "0.63130", "2015-12-31": "0.62830", "2014-12-31": "0.61020", "2013-12-31": "0.75560", "2012-12-31": "0.75060", "2011-12-31": "0.71250", "2010-12-31": "0.67100", "2009-12-31": "0.73180", "2008-12-31": ""}, "Inventory Turnover Ratio": {"2019-12-31": "", "2018-12-31": "", "2017-12-31": "", "2016-12-31": "", "2015-12-31": "", "2014-12-31": "", "2013-12-31": "", "2012-12-31": "", "2011-12-31": "", "2010-12-31": "", "2009-12-31": "", "2008-12-31": ""}, "Receiveable Turnover": {"2019-12-31": "", "2018-12-31": "", "2017-12-31": "", "2016-12-31": "", "2015-12-31": "", "2014-12-31": "", "2013-12-31": "", "2012-12-31": "", "2011-12-31": "", "2010-12-31": "", "2009-12-31": "", "2008-12-31": ""}, "Days Sales In Receivables": {"2019-12-31": "", "2018-12-31": "", "2017-12-31": "", "2016-12-31": "", "2015-12-31": "", "2014-12-31": "", "2013-12-31": "", "2012-12-31": "", "2011-12-31": "", "2010-12-31": "", "2009-12-31": "", "2008-12-31": ""}, "ROE - Return On Equity": {"2019-12-31": "16.04180", "2018-12-31": "12.70620", "2017-12-31": "12.11200", "2016-12-31": "11.39470", "2015-12-31": "10.49250", "2014-12-31": "9.09200", "2013-12-31": "7.61590", "2012-12-31": "12.82980", "2011-12-31": "3.86150", "2010-12-31": "6.46810", "2009-12-31": "6.60540", "2008-12-31": ""}, "Return On Tangible Equity": {"2019-12-31": "22.30640", "2018-12-31": "19.09820", "2017-12-31": "18.58340", "2016-12-31": "17.90770", "2015-12-31": "16.59540", "2014-12-31": "15.01100", "2013-12-31": "11.96160", "2012-12-31": "20.82580", "2011-12-31": "6.79440", "2010-12-31": "11.60050", "2009-12-31": "11.64620", "2008-12-31": ""}, "ROA - Return On Assets": {"2019-12-31": "6.16230", "2018-12-31": "4.47670", "2017-12-31": "4.40670", "2016-12-31": "3.88910", "2015-12-31": "3.50710", "2014-12-31": "3.05520", "2013-12-31": "2.85190", "2012-12-31": "4.98650", "2011-12-31": "1.46540", "2010-12-31": "2.21500", "2009-12-31": "2.42800", "2008-12-31": ""}, "ROI - Return On Investment": {"2019-12-31": "16.04180", "2018-12-31": "12.70620", "2017-12-31": "12.11200", "2016-12-31": "11.39470", "2015-12-31": "10.49250", "2014-12-31": "9.09200", "2013-12-31": "7.61590", "2012-12-31": "12.82980", "2011-12-31": "3.86150", "2010-12-31": "6.46810", "2009-12-31": "6.60540", "2008-12-31": ""}, "Book Value Per Share": {"2019-12-31": "39.34170", "2018-12-31": "33.59210", "2017-12-31": "31.39980", "2016-12-31": "27.41710", "2015-12-31": "25.23530", "2014-12-31": "23.95410", "2013-12-31": "23.19400", "2012-12-31": "21.93020", "2011-12-31": "19.30500", "2010-12-31": "19.08650", "2009-12-31": "", "2008-12-31": ""}, "Operating Cash Flow Per Share": {"2019-12-31": 1.032, "2018-12-31": 1.3797, "2017-12-31": 1.2192, "2016-12-31": -0.617, "2015-12-31": 1.7019, "2014-12-31": -0.1509, "2013-12-31": -0.4896, "2012-12-31": 2.6802, "2011-12-31": -0.2003, "2010-12-31": -0.7672, "2009-12-31": 1.184, "2008-12-31": 1.0619}, "Free Cash Flow Per Share": {"2019-12-31": 1.1164, "2018-12-31": 1.4646, "2017-12-31": 1.2213, "2016-12-31": -0.7534, "2015-12-31": 1.5149, "2014-12-31": -0.189, "2013-12-31": -0.5338, "2012-12-31": 2.5444, "2011-12-31": -0.0134, "2010-12-31": -1.2284, "2009-12-31": 1.5911, "2008-12-31": 0.3636}}, "financial ratios, quarterly": {"Current Ratio": {"2020-09-30": "", "2020-06-30": "", "2020-03-31": "", "2019-12-31": "", "2019-09-30": "", "2019-06-30": "", "2019-03-31": "", "2018-12-31": "", "2018-09-30": "", "2018-06-30": "", "2018-03-31": "", "2017-12-31": "", "2017-09-30": "", "2017-06-30": "", "2017-03-31": "", "2016-12-31": "", "2016-09-30": "", "2016-06-30": "", "2016-03-31": "", "2015-12-31": "", "2015-09-30": "", "2015-06-30": "", "2015-03-31": "", "2014-12-31": "", "2014-09-30": "", "2014-06-30": "", "2014-03-31": "", "2013-12-31": "", "2013-09-30": "", "2013-06-30": "", "2013-03-31": "", "2012-12-31": "", "2012-09-30": "", "2012-06-30": "", "2012-03-31": "", "2011-12-31": "", "2011-09-30": "", "2011-06-30": "", "2011-03-31": "", "2010-12-31": "", "2010-09-30": "", "2010-06-30": "", "2010-03-31": "", "2009-12-31": "", "2009-09-30": "", "2009-06-30": "", "2009-03-31": "", "2008-12-31": ""}, "Long-term Debt / Capital": {"2020-09-30": "", "2020-06-30": "", "2020-03-31": "", "2019-12-31": "", "2019-09-30": "", "2019-06-30": "", "2019-03-31": "", "2018-12-31": "", "2018-09-30": "", "2018-06-30": "", "2018-03-31": "", "2017-12-31": "", "2017-09-30": "", "2017-06-30": "", "2017-03-31": "", "2016-12-31": "", "2016-09-30": "", "2016-06-30": "", "2016-03-31": "", "2015-12-31": "", "2015-09-30": "", "2015-06-30": "", "2015-03-31": "", "2014-12-31": "", "2014-09-30": "", "2014-06-30": "", "2014-03-31": "", "2013-12-31": "", "2013-09-30": "", "2013-06-30": "", "2013-03-31": "", "2012-12-31": "", "2012-09-30": "", "2012-06-30": "", "2012-03-31": "", "2011-12-31": "", "2011-09-30": "", "2011-06-30": "", "2011-03-31": "", "2010-12-31": "", "2010-09-30": "", "2010-06-30": "", "2010-03-31": "", "2009-12-31": "", "2009-09-30": "", "2009-06-30": "", "2009-03-31": "", "2008-12-31": ""}, "Debt/Equity Ratio": {"2020-09-30": "0.21370", "2020-06-30": "0.22090", "2020-03-31": "0.19390", "2019-12-31": "0.16460", "2019-09-30": "0.17150", "2019-06-30": "0.17850", "2019-03-31": "0.18840", "2018-12-31": "0.19540", "2018-09-30": "0.20000", "2018-06-30": "0.20620", "2018-03-31": "0.21060", "2017-12-31": "0.21040", "2017-09-30": "0.22260", "2017-06-30": "0.22960", "2017-03-31": "0.23900", "2016-12-31": "0.24440", "2016-09-30": "0.24370", "2016-06-30": "0.19680", "2016-03-31": "0.20400", "2015-12-31": "0.21110", "2015-09-30": "0.21720", "2015-06-30": "0.21980", "2015-03-31": "0.22460", "2014-12-31": "0.22800", "2014-09-30": "0.17470", "2014-06-30": "0.17850", "2014-03-31": "0.18550", "2013-12-31": "0.12630", "2013-09-30": "0.13490", "2013-06-30": "0.13420", "2013-03-31": "0.13320", "2012-12-31": "0.09770", "2012-09-30": "0.11920", "2012-06-30": "0.12650", "2012-03-31": "0.13220", "2011-12-31": "0.14740", "2011-09-30": "0.14060", "2011-06-30": "0.14110", "2011-03-31": "0.14630", "2010-12-31": "0.14740", "2010-09-30": "0.15530", "2010-06-30": "0.16400", "2010-03-31": "0.13690", "2009-12-31": "0.12760", "2009-09-30": "", "2009-06-30": "", "2009-03-31": "", "2008-12-31": ""}, "Gross Margin": {"2020-09-30": "", "2020-06-30": "", "2020-03-31": "", "2019-12-31": "", "2019-09-30": "", "2019-06-30": "", "2019-03-31": "", "2018-12-31": "", "2018-09-30": "", "2018-06-30": "", "2018-03-31": "", "2017-12-31": "", "2017-09-30": "", "2017-06-30": "", "2017-03-31": "", "2016-12-31": "", "2016-09-30": "", "2016-06-30": "", "2016-03-31": "", "2015-12-31": "", "2015-09-30": "", "2015-06-30": "", "2015-03-31": "", "2014-12-31": "", "2014-09-30": "", "2014-06-30": "", "2014-03-31": "", "2013-12-31": "", "2013-09-30": "", "2013-06-30": "", "2013-03-31": "", "2012-12-31": "", "2012-09-30": "", "2012-06-30": "", "2012-03-31": "", "2011-12-31": "", "2011-09-30": "", "2011-06-30": "", "2011-03-31": "", "2010-12-31": "", "2010-09-30": "", "2010-06-30": "", "2010-03-31": "", "2009-12-31": "", "2009-09-30": "", "2009-06-30": "", "2009-03-31": "", "2008-12-31": ""}, "Operating Margin": {"2020-09-30": "18.41970", "2020-06-30": "15.85670", "2020-03-31": "7.20030", "2019-12-31": "18.51040", "2019-09-30": "16.57710", "2019-06-30": "17.22550", "2019-03-31": "12.90820", "2018-12-31": "10.43230", "2018-09-30": "14.59820", "2018-06-30": "15.35860", "2018-03-31": "9.11850", "2017-12-31": "12.54180", "2017-09-30": "3.09090", "2017-06-30": "14.46090", "2017-03-31": "8.20350", "2016-12-31": "7.17330", "2016-09-30": "12.79930", "2016-06-30": "13.03120", "2016-03-31": "8.13570", "2015-12-31": "10.42690", "2015-09-30": "10.12510", "2015-06-30": "12.45680", "2015-03-31": "7.16950", "2014-12-31": "11.49870", "2014-09-30": "10.79990", "2014-06-30": "8.27830", "2014-03-31": "5.07450", "2013-12-31": "8.44110", "2013-09-30": "9.75040", "2013-06-30": "6.04980", "2013-03-31": "6.53610", "2012-12-31": "12.85000", "2012-09-30": "14.17760", "2012-06-30": "11.64860", "2012-03-31": "6.76830", "2011-12-31": "8.06580", "2011-09-30": "5.91050", "2011-06-30": "6.59910", "2011-03-31": "-1.13660", "2010-12-31": "8.65930", "2010-09-30": "6.95670", "2010-06-30": "7.22680", "2010-03-31": "3.97680", "2009-12-31": "35.71680", "2009-09-30": "7.61860", "2009-06-30": "7.72220", "2009-03-31": "2.70330", "2008-12-31": ""}, "EBIT Margin": {"2020-09-30": "18.41970", "2020-06-30": "15.85670", "2020-03-31": "7.20030", "2019-12-31": "18.51040", "2019-09-30": "16.57710", "2019-06-30": "17.22550", "2019-03-31": "12.90820", "2018-12-31": "10.43230", "2018-09-30": "14.59820", "2018-06-30": "15.35860", "2018-03-31": "9.11850", "2017-12-31": "12.54170", "2017-09-30": "3.09090", "2017-06-30": "14.46090", "2017-03-31": "8.20350", "2016-12-31": "7.17330", "2016-09-30": "12.79930", "2016-06-30": "13.03120", "2016-03-31": "8.13570", "2015-12-31": "10.42690", "2015-09-30": "10.12510", "2015-06-30": "12.45680", "2015-03-31": "7.16950", "2014-12-31": "11.49870", "2014-09-30": "10.79990", "2014-06-30": "8.27830", "2014-03-31": "5.07450", "2013-12-31": "8.44110", "2013-09-30": "9.75040", "2013-06-30": "6.04980", "2013-03-31": "6.53610", "2012-12-31": "12.84990", "2012-09-30": "14.17760", "2012-06-30": "11.64860", "2012-03-31": "6.76830", "2011-12-31": "8.06580", "2011-09-30": "5.91050", "2011-06-30": "6.59910", "2011-03-31": "-1.13660", "2010-12-31": "8.65930", "2010-09-30": "6.95670", "2010-06-30": "7.22680", "2010-03-31": "3.97680", "2009-12-31": "35.71680", "2009-09-30": "7.61860", "2009-06-30": "7.72220", "2009-03-31": "2.70330", "2008-12-31": ""}, "EBITDA Margin": {"2020-09-30": "", "2020-06-30": "", "2020-03-31": "", "2019-12-31": "", "2019-09-30": "", "2019-06-30": "", "2019-03-31": "", "2018-12-31": "", "2018-09-30": "", "2018-06-30": "", "2018-03-31": "", "2017-12-31": "", "2017-09-30": "", "2017-06-30": "", "2017-03-31": "", "2016-12-31": "", "2016-09-30": "", "2016-06-30": "", "2016-03-31": "", "2015-12-31": "", "2015-09-30": "", "2015-06-30": "", "2015-03-31": "", "2014-12-31": "", "2014-09-30": "", "2014-06-30": "", "2014-03-31": "", "2013-12-31": "", "2013-09-30": "", "2013-06-30": "", "2013-03-31": "", "2012-12-31": "", "2012-09-30": "", "2012-06-30": "", "2012-03-31": "", "2011-12-31": "", "2011-09-30": "", "2011-06-30": "", "2011-03-31": "", "2010-12-31": "", "2010-09-30": "", "2010-06-30": "", "2010-03-31": "", "2009-12-31": "", "2009-09-30": "", "2009-06-30": "", "2009-03-31": "", "2008-12-31": ""}, "Pre-Tax Profit Margin": {"2020-09-30": "12.71720", "2020-06-30": "14.00450", "2020-03-31": "5.11870", "2019-12-31": "16.68990", "2019-09-30": "14.68040", "2019-06-30": "15.31390", "2019-03-31": "10.86780", "2018-12-31": "8.39160", "2018-09-30": "12.68250", "2018-06-30": "13.54440", "2018-03-31": "7.17330", "2017-12-31": "10.75630", "2017-09-30": "1.18200", "2017-06-30": "12.66160", "2017-03-31": "6.36880", "2016-12-31": "5.41470", "2016-09-30": "11.06720", "2016-06-30": "11.28190", "2016-03-31": "6.29040", "2015-12-31": "8.60930", "2015-09-30": "8.33840", "2015-06-30": "10.69820", "2015-03-31": "5.30540", "2014-12-31": "9.78910", "2014-09-30": "9.20450", "2014-06-30": "6.64870", "2014-03-31": "3.48080", "2013-12-31": "6.95540", "2013-09-30": "8.22800", "2013-06-30": "4.59650", "2013-03-31": "5.19650", "2012-12-31": "11.56650", "2012-09-30": "12.89990", "2012-06-30": "10.30340", "2012-03-31": "5.33220", "2011-12-31": "6.63440", "2011-09-30": "3.98060", "2011-06-30": "5.30710", "2011-03-31": "-2.51680", "2010-12-31": "7.27820", "2010-09-30": "5.57910", "2010-06-30": "5.87620", "2010-03-31": "2.70140", "2009-12-31": "4.09820", "2009-09-30": "6.22590", "2009-06-30": "6.29560", "2009-03-31": "1.14190", "2008-12-31": ""}, "Net Profit Margin": {"2020-09-30": "9.52480", "2020-06-30": "10.60810", "2020-03-31": "4.47320", "2019-12-31": "12.95790", "2019-09-30": "11.20050", "2019-06-30": "12.45510", "2019-03-31": "8.40570", "2018-12-31": "6.46730", "2018-09-30": "9.82240", "2018-06-30": "10.40400", "2018-03-31": "5.87540", "2017-12-31": "14.92770", "2017-09-30": "1.40720", "2017-06-30": "8.40580", "2017-03-31": "4.42520", "2016-12-31": "5.38620", "2016-09-30": "7.11510", "2016-06-30": "7.50250", "2016-03-31": "4.36890", "2015-12-31": "5.99500", "2015-09-30": "5.45860", "2015-06-30": "7.04490", "2015-03-31": "3.38700", "2014-12-31": "6.40100", "2014-09-30": "6.39150", "2014-06-30": "4.38890", "2014-03-31": "2.13980", "2013-12-31": "4.24890", "2013-09-30": "4.90300", "2013-06-30": "2.68730", "2013-03-31": "3.15010", "2012-12-31": "7.28960", "2012-09-30": "8.54570", "2012-06-30": "6.68150", "2012-03-31": "3.22740", "2011-12-31": "4.02760", "2011-09-30": "2.17740", "2011-06-30": "3.48200", "2011-03-31": "-1.64590", "2010-12-31": "4.55000", "2010-09-30": "3.30170", "2010-06-30": "3.48820", "2010-03-31": "1.51570", "2009-12-31": "2.54620", "2009-09-30": "3.52770", "2009-06-30": "2.78920", "2009-03-31": "0.55180", "2008-12-31": ""}, "Asset Turnover": {"2020-09-30": "0.15140", "2020-06-30": "0.13090", "2020-03-31": "0.12100", "2019-12-31": "0.15010", "2019-09-30": "0.14160", "2019-06-30": "0.13100", "2019-03-31": "0.11680", "2018-12-31": "0.13330", "2018-09-30": "0.13550", "2018-06-30": "0.14970", "2018-03-31": "0.13590", "2017-12-31": "0.15470", "2017-09-30": "0.16260", "2017-06-30": "0.15620", "2017-03-31": "0.14840", "2016-12-31": "0.17030", "2016-09-30": "0.16310", "2016-06-30": "0.15410", "2016-03-31": "0.14510", "2015-12-31": "0.16470", "2015-09-30": "0.17040", "2015-06-30": "0.15850", "2015-03-31": "0.14210", "2014-12-31": "0.16380", "2014-09-30": "0.17050", "2014-06-30": "0.16390", "2014-03-31": "0.15280", "2013-12-31": "0.18600", "2013-09-30": "0.20010", "2013-06-30": "0.20440", "2013-03-31": "0.18550", "2012-12-31": "0.21100", "2012-09-30": "0.20140", "2012-06-30": "0.18820", "2012-03-31": "0.17100", "2011-12-31": "0.18580", "2011-09-30": "0.17370", "2011-06-30": "0.16030", "2011-03-31": "0.15770", "2010-12-31": "0.17600", "2010-09-30": "0.17650", "2010-06-30": "0.17680", "2010-03-31": "0.16510", "2009-12-31": "0.26980", "2009-09-30": "", "2009-06-30": "", "2009-03-31": "", "2008-12-31": ""}, "Inventory Turnover Ratio": {"2020-09-30": "", "2020-06-30": "", "2020-03-31": "", "2019-12-31": "", "2019-09-30": "", "2019-06-30": "", "2019-03-31": "", "2018-12-31": "", "2018-09-30": "", "2018-06-30": "", "2018-03-31": "", "2017-12-31": "", "2017-09-30": "", "2017-06-30": "", "2017-03-31": "", "2016-12-31": "", "2016-09-30": "", "2016-06-30": "", "2016-03-31": "", "2015-12-31": "", "2015-09-30": "", "2015-06-30": "", "2015-03-31": "", "2014-12-31": "", "2014-09-30": "", "2014-06-30": "", "2014-03-31": "", "2013-12-31": "", "2013-09-30": "", "2013-06-30": "", "2013-03-31": "", "2012-12-31": "", "2012-09-30": "", "2012-06-30": "", "2012-03-31": "", "2011-12-31": "", "2011-09-30": "", "2011-06-30": "", "2011-03-31": "", "2010-12-31": "", "2010-09-30": "", "2010-06-30": "", "2010-03-31": "", "2009-12-31": "", "2009-09-30": "", "2009-06-30": "", "2009-03-31": "", "2008-12-31": ""}, "Receiveable Turnover": {"2020-09-30": "", "2020-06-30": "", "2020-03-31": "", "2019-12-31": "", "2019-09-30": "", "2019-06-30": "", "2019-03-31": "", "2018-12-31": "", "2018-09-30": "", "2018-06-30": "", "2018-03-31": "", "2017-12-31": "", "2017-09-30": "", "2017-06-30": "", "2017-03-31": "", "2016-12-31": "", "2016-09-30": "", "2016-06-30": "", "2016-03-31": "", "2015-12-31": "", "2015-09-30": "", "2015-06-30": "", "2015-03-31": "", "2014-12-31": "", "2014-09-30": "", "2014-06-30": "", "2014-03-31": "", "2013-12-31": "", "2013-09-30": "", "2013-06-30": "", "2013-03-31": "", "2012-12-31": "", "2012-09-30": "", "2012-06-30": "", "2012-03-31": "", "2011-12-31": "", "2011-09-30": "", "2011-06-30": "", "2011-03-31": "", "2010-12-31": "", "2010-09-30": "", "2010-06-30": "", "2010-03-31": "", "2009-12-31": "", "2009-09-30": "", "2009-06-30": "", "2009-03-31": "", "2008-12-31": ""}, "Days Sales In Receivables": {"2020-09-30": "", "2020-06-30": "", "2020-03-31": "", "2019-12-31": "", "2019-09-30": "", "2019-06-30": "", "2019-03-31": "", "2018-12-31": "", "2018-09-30": "", "2018-06-30": "", "2018-03-31": "", "2017-12-31": "", "2017-09-30": "", "2017-06-30": "", "2017-03-31": "", "2016-12-31": "", "2016-09-30": "", "2016-06-30": "", "2016-03-31": "", "2015-12-31": "", "2015-09-30": "", "2015-06-30": "", "2015-03-31": "", "2014-12-31": "", "2014-09-30": "", "2014-06-30": "", "2014-03-31": "", "2013-12-31": "", "2013-09-30": "", "2013-06-30": "", "2013-03-31": "", "2012-12-31": "", "2012-09-30": "", "2012-06-30": "", "2012-03-31": "", "2011-12-31": "", "2011-09-30": "", "2011-06-30": "", "2011-03-31": "", "2010-12-31": "", "2010-09-30": "", "2010-06-30": "", "2010-03-31": "", "2009-12-31": "", "2009-09-30": "", "2009-06-30": "", "2009-03-31": "", "2008-12-31": ""}, "ROE - Return On Equity": {"2020-09-30": "3.87740", "2020-06-30": "3.75240", "2020-03-31": "1.46140", "2019-12-31": "5.07580", "2019-09-30": "4.43140", "2019-06-30": "4.58100", "2019-03-31": "2.82960", "2018-12-31": "2.48770", "2018-09-30": "4.12030", "2018-06-30": "4.34280", "2018-03-31": "2.19360", "2017-12-31": "6.33680", "2017-09-30": "0.64230", "2017-06-30": "3.81140", "2017-03-31": "1.88680", "2016-12-31": "2.68590", "2016-09-30": "3.54600", "2016-06-30": "3.48000", "2016-03-31": "1.85080", "2015-12-31": "2.96880", "2015-09-30": "2.81310", "2015-06-30": "3.51900", "2015-03-31": "1.45000", "2014-12-31": "3.13420", "2014-09-30": "3.13590", "2014-06-30": "1.99030", "2014-03-31": "0.88710", "2013-12-31": "2.10850", "2013-09-30": "2.69810", "2013-06-30": "1.49000", "2013-03-31": "1.52010", "2012-12-31": "3.96310", "2012-09-30": "4.54540", "2012-06-30": "3.39800", "2012-03-31": "1.48670", "2011-12-31": "1.98420", "2011-09-30": "1.07340", "2011-06-30": "1.58500", "2011-03-31": "-0.76660", "2010-12-31": "2.39470", "2010-09-30": "1.71710", "2010-06-30": "1.81630", "2010-03-31": "0.67010", "2009-12-31": "1.86890", "2009-09-30": "", "2009-06-30": "", "2009-03-31": "", "2008-12-31": ""}, "Return On Tangible Equity": {"2020-09-30": "5.76790", "2020-06-30": "5.75440", "2020-03-31": "2.27740", "2019-12-31": "7.05810", "2019-09-30": "6.26470", "2019-06-30": "6.59090", "2019-03-31": "4.17080", "2018-12-31": "3.73920", "2018-09-30": "6.26060", "2018-06-30": "6.74310", "2018-03-31": "3.39590", "2017-12-31": "9.72260", "2017-09-30": "1.01960", "2017-06-30": "5.83670", "2017-03-31": "2.93010", "2016-12-31": "4.22100", "2016-09-30": "5.47260", "2016-06-30": "5.36330", "2016-03-31": "2.87990", "2015-12-31": "4.69570", "2015-09-30": "4.52660", "2015-06-30": "5.72280", "2015-03-31": "2.40700", "2014-12-31": "5.17460", "2014-09-30": "5.17460", "2014-06-30": "3.37410", "2014-03-31": "1.54110", "2013-12-31": "3.31160", "2013-09-30": "4.31860", "2013-06-30": "2.40310", "2013-03-31": "2.43910", "2012-12-31": "6.43300", "2012-09-30": "7.46910", "2012-06-30": "5.75400", "2012-03-31": "2.58750", "2011-12-31": "3.49130", "2011-09-30": "1.91890", "2011-06-30": "2.79460", "2011-03-31": "-1.37540", "2010-12-31": "4.29490", "2010-09-30": "3.12140", "2010-06-30": "3.38840", "2010-03-31": "1.17280", "2009-12-31": "3.29510", "2009-09-30": "", "2009-06-30": "", "2009-03-31": "", "2008-12-31": ""}, "ROA - Return On Assets": {"2020-09-30": "1.45260", "2020-06-30": "1.39720", "2020-03-31": "0.54680", "2019-12-31": "1.94980", "2019-09-30": "1.59410", "2019-06-30": "1.63650", "2019-03-31": "0.98390", "2018-12-31": "0.87650", "2018-09-30": "1.33090", "2018-06-30": "1.55720", "2018-03-31": "0.79790", "2017-12-31": "2.30550", "2017-09-30": "0.22670", "2017-06-30": "1.30870", "2017-03-31": "0.65430", "2016-12-31": "0.91670", "2016-09-30": "1.16140", "2016-06-30": "1.15940", "2016-03-31": "0.63620", "2015-12-31": "0.99230", "2015-09-30": "0.93290", "2015-06-30": "1.12020", "2015-03-31": "0.48340", "2014-12-31": "1.05320", "2014-09-30": "1.09550", "2014-06-30": "0.72240", "2014-03-31": "0.32960", "2013-12-31": "0.78960", "2013-09-30": "0.98590", "2013-06-30": "0.55450", "2013-03-31": "0.58610", "2012-12-31": "1.54030", "2012-09-30": "1.73190", "2012-06-30": "1.26950", "2012-03-31": "0.55030", "2011-12-31": "0.75300", "2011-09-30": "0.38330", "2011-06-30": "0.55580", "2011-03-31": "-0.25800", "2010-12-31": "0.82010", "2010-09-30": "0.58640", "2010-06-30": "0.62230", "2010-03-31": "0.24950", "2009-12-31": "0.68700", "2009-09-30": "", "2009-06-30": "", "2009-03-31": "", "2008-12-31": ""}, "ROI - Return On Investment": {"2020-09-30": "3.87740", "2020-06-30": "3.75240", "2020-03-31": "1.46140", "2019-12-31": "5.07580", "2019-09-30": "4.43140", "2019-06-30": "4.58100", "2019-03-31": "2.82960", "2018-12-31": "2.48770", "2018-09-30": "4.12030", "2018-06-30": "4.34280", "2018-03-31": "2.19360", "2017-12-31": "6.33680", "2017-09-30": "0.64230", "2017-06-30": "3.81140", "2017-03-31": "1.88680", "2016-12-31": "2.68590", "2016-09-30": "3.54600", "2016-06-30": "3.48000", "2016-03-31": "1.85080", "2015-12-31": "2.96880", "2015-09-30": "2.81310", "2015-06-30": "3.51900", "2015-03-31": "1.45000", "2014-12-31": "3.13420", "2014-09-30": "3.13590", "2014-06-30": "1.99030", "2014-03-31": "0.88710", "2013-12-31": "2.10850", "2013-09-30": "2.69810", "2013-06-30": "1.49000", "2013-03-31": "1.52010", "2012-12-31": "3.96310", "2012-09-30": "4.54540", "2012-06-30": "3.39800", "2012-03-31": "1.48670", "2011-12-31": "1.98420", "2011-09-30": "1.07340", "2011-06-30": "1.58500", "2011-03-31": "-0.76660", "2010-12-31": "2.39470", "2010-09-30": "1.71710", "2010-06-30": "1.81630", "2010-03-31": "0.67010", "2009-12-31": "1.86890", "2009-09-30": "", "2009-06-30": "", "2009-03-31": "", "2008-12-31": ""}, "Book Value Per Share": {"2020-09-30": "42.41060", "2020-06-30": "41.02990", "2020-03-31": "39.21240", "2019-12-31": "39.34170", "2019-09-30": "37.79930", "2019-06-30": "36.42970", "2019-03-31": "34.62540", "2018-12-31": "33.59210", "2018-09-30": "32.88400", "2018-06-30": "31.98360", "2018-03-31": "31.13040", "2017-12-31": "31.39980", "2017-09-30": "29.76440", "2017-06-30": "28.88480", "2017-03-31": "27.84440", "2016-12-31": "27.41710", "2016-09-30": "27.57740", "2016-06-30": "26.83680", "2016-03-31": "25.97540", "2015-12-31": "25.23530", "2015-09-30": "24.76540", "2015-06-30": "24.47720", "2015-03-31": "24.05320", "2014-12-31": "23.95410", "2014-09-30": "24.06470", "2014-06-30": "23.77910", "2014-03-31": "23.08480", "2013-12-31": "23.19400", "2013-09-30": "22.47720", "2013-06-30": "21.79270", "2013-03-31": "22.04110", "2012-12-31": "21.93020", "2012-09-30": "21.44500", "2012-06-30": "20.34590", "2012-03-31": "19.72570", "2011-12-31": "19.30500", "2011-09-30": "18.81360", "2011-06-30": "19.25590", "2011-03-31": "18.90440", "2010-12-31": "19.08650", "2010-09-30": "18.67180", "2010-06-30": "18.07320", "2010-03-31": "", "2009-12-31": "", "2009-09-30": "", "2009-06-30": "", "2009-03-31": "", "2008-12-31": ""}, "Operating Cash Flow Per Share": {"2020-09-30": 2.7662, "2020-06-30": 3.0571, "2020-03-31": "0.21200", "2019-12-31": 2.6561, "2019-09-30": 2.7248, "2019-06-30": 2.3486, "2019-03-31": "0.30440", "2018-12-31": 2.7249, "2018-09-30": 2.0307, "2018-06-30": 1.8644, "2018-03-31": "0.38190", "2017-12-31": 1.5758, "2017-09-30": 1.9554, "2017-06-30": 2.0368, "2017-03-31": "0.05420", "2016-12-31": 2.1359, "2016-09-30": 0.948, "2016-06-30": 1.8285, "2016-03-31": "-0.50940", "2015-12-31": 1.8183, "2015-09-30": 1.6812, "2015-06-30": 2.1264, "2015-03-31": "-0.60590", "2014-12-31": 1.7917, "2014-09-30": 1.1132, "2014-06-30": 1.3794, "2014-03-31": "-0.96620", "2013-12-31": 1.2019, "2013-09-30": 0.8309, "2013-06-30": 1.8987, "2013-03-31": "-0.46250", "2012-12-31": 1.6451, "2012-09-30": 1.3472, "2012-06-30": 1.0388, "2012-03-31": "-0.07250", "2011-12-31": 0.9447, "2011-09-30": 0.6058, "2011-06-30": 0.2197, "2011-03-31": "-0.49180", "2010-12-31": 1.2391, "2010-09-30": 0.617, "2010-06-30": -0.1327, "2010-03-31": "-0.24470", "2009-12-31": 1.1025, "2009-09-30": 0.6501, "2009-06-30": 0.5894, "2009-03-31": "", "2008-12-31": 0}, "Free Cash Flow Per Share": {"2020-09-30": 2.47, "2020-06-30": 2.7975, "2020-03-31": "0.07970", "2019-12-31": 2.4067, "2019-09-30": 2.513, "2019-06-30": 2.1159, "2019-03-31": "0.06270", "2018-12-31": 2.4604, "2018-09-30": 1.7534, "2018-06-30": 1.5749, "2018-03-31": "0.19320", "2017-12-31": 1.2986, "2017-09-30": 1.6673, "2017-06-30": 1.7646, "2017-03-31": "-0.21320", "2016-12-31": 1.8785, "2016-09-30": 0.5684, "2016-06-30": 1.5488, "2016-03-31": "-0.69970", "2015-12-31": 1.5287, "2015-09-30": 1.4122, "2015-06-30": 1.9674, "2015-03-31": "-0.85890", "2014-12-31": 1.488, "2014-09-30": 1.0019, "2014-06-30": 1.2063, "2014-03-31": "-1.16170", "2013-12-31": 0.9693, "2013-09-30": 0.6244, "2013-06-30": 1.7188, "2013-03-31": "-0.58900", "2012-12-31": 1.3966, "2012-09-30": 1.2169, "2012-06-30": 0.879, "2012-03-31": "-0.23520", "2011-12-31": 0.7538, "2011-09-30": 0.4725, "2011-06-30": 0.0953, "2011-03-31": "-0.60870", "2010-12-31": 0.8697, "2010-09-30": 0.4645, "2010-06-30": -0.2439, "2010-03-31": "-0.36400", "2009-12-31": 0.956, "2009-09-30": 0.5838, "2009-06-30": 0.4986, "2009-03-31": "", "2008-12-31": 0}}, "revenue": {"First American Financial Annual Revenue (Millions of US $)": {"2019": "$6,202", "2018": "$5,748", "2017": "$5,772", "2016": "$5,576", "2015": "$5,175", "2014": "$4,678", "2013": "$4,956", "2012": "$4,542", "2011": "$3,821", "2010": "$3,907", "2009": "$4,047", "2008": "$4,368"}, "First American Financial Quarterly Revenue (Millions of US $)": {"2020-09-30": "$1,914", "2020-06-30": "$1,609", "2020-03-31": "$1,413", "2019-12-31": "$1,729", "2019-09-30": "$1,671", "2019-06-30": "$1,499", "2019-03-31": "$1,304", "2018-12-31": "$1,417", "2018-09-30": "$1,542", "2018-06-30": "$1,491", "2018-03-31": "$1,297", "2017-12-31": "$1,481", "2017-09-30": "$1,520", "2017-06-30": "$1,454", "2017-03-31": "$1,317", "2016-12-31": "$1,504", "2016-09-30": "$1,508", "2016-06-30": "$1,362", "2016-03-31": "$1,202", "2015-12-31": "$1,357", "2015-09-30": "$1,384", "2015-06-30": "$1,324", "2015-03-31": "$1,111", "2014-12-31": "$1,255", "2014-09-30": "$1,260", "2014-06-30": "$1,150", "2014-03-31": "$1,013", "2013-12-31": "$1,220", "2013-09-30": "$1,301", "2013-06-30": "$1,288", "2013-03-31": "$1,147", "2012-12-31": "$1,277", "2012-09-30": "$1,208", "2012-06-30": "$1,090", "2012-03-31": "$967", "2011-12-31": "$997", "2011-09-30": "$965", "2011-06-30": "$927", "2011-03-31": "$932", "2010-12-31": "$1,025", "2010-09-30": "$1,004", "2010-06-30": "$970", "2010-03-31": "$908", "2009-12-31": "$1,492", "2009-09-30": "$1,101", "2009-06-30": "$1,025", "2009-03-31": "$888", "2008-12-31": ""}}, "gross-profit": {"First American Financial Annual Gross Profit (Millions of US $)": {"2019": "$6,202", "2018": "$5,748", "2017": "$5,772", "2016": "$5,576", "2015": "$5,175", "2014": "$4,678", "2013": "$4,956", "2012": "$4,542", "2011": "$3,821", "2010": "$3,907", "2009": "$4,047", "2008": "$4,368"}, "First American Financial Quarterly Gross Profit (Millions of US $)": {"2020-09-30": "$1,914", "2020-06-30": "$1,609", "2020-03-31": "$1,413", "2019-12-31": "$1,729", "2019-09-30": "$1,671", "2019-06-30": "$1,499", "2019-03-31": "$1,304", "2018-12-31": "$1,417", "2018-09-30": "$1,542", "2018-06-30": "$1,491", "2018-03-31": "$1,297", "2017-12-31": "$1,481", "2017-09-30": "$1,520", "2017-06-30": "$1,454", "2017-03-31": "$1,317", "2016-12-31": "$1,504", "2016-09-30": "$1,508", "2016-06-30": "$1,362", "2016-03-31": "$1,202", "2015-12-31": "$1,357", "2015-09-30": "$1,384", "2015-06-30": "$1,324", "2015-03-31": "$1,111", "2014-12-31": "$1,255", "2014-09-30": "$1,260", "2014-06-30": "$1,150", "2014-03-31": "$1,013", "2013-12-31": "$1,220", "2013-09-30": "$1,301", "2013-06-30": "$1,288", "2013-03-31": "$1,147", "2012-12-31": "$1,277", "2012-09-30": "$1,208", "2012-06-30": "$1,090", "2012-03-31": "$967", "2011-12-31": "$997", "2011-09-30": "$965", "2011-06-30": "$927", "2011-03-31": "$932", "2010-12-31": "$1,025", "2010-09-30": "$1,004", "2010-06-30": "$970", "2010-03-31": "$908", "2009-12-31": "$1,492", "2009-09-30": "$1,101", "2009-06-30": "$1,025", "2009-03-31": "$888", "2008-12-31": ""}}, "operating-income": {"First American Financial Annual Operating Income (Millions of US $)": {"2019": "$1,023", "2018": "$720", "2017": "$551", "2016": "$576", "2015": "$526", "2014": "$427", "2013": "$383", "2012": "$528", "2011": "$188", "2010": "$265", "2009": "$261", "2008": "$-42"}, "First American Financial Quarterly Operating Income (Millions of US $)": {"2020-09-30": "$353", "2020-06-30": "$255", "2020-03-31": "$102", "2019-12-31": "$320", "2019-09-30": "$277", "2019-06-30": "$258", "2019-03-31": "$168", "2018-12-31": "$148", "2018-09-30": "$225", "2018-06-30": "$229", "2018-03-31": "$118", "2017-12-31": "$186", "2017-09-30": "$47", "2017-06-30": "$210", "2017-03-31": "$108", "2016-12-31": "$108", "2016-09-30": "$193", "2016-06-30": "$177", "2016-03-31": "$98", "2015-12-31": "$141", "2015-09-30": "$140", "2015-06-30": "$165", "2015-03-31": "$80", "2014-12-31": "$144", "2014-09-30": "$136", "2014-06-30": "$95", "2014-03-31": "$51", "2013-12-31": "$103", "2013-09-30": "$127", "2013-06-30": "$78", "2013-03-31": "$75", "2012-12-31": "$164", "2012-09-30": "$171", "2012-06-30": "$127", "2012-03-31": "$65", "2011-12-31": "$80", "2011-09-30": "$57", "2011-06-30": "$61", "2011-03-31": "$-11", "2010-12-31": "$89", "2010-09-30": "$70", "2010-06-30": "$70", "2010-03-31": "$36", "2009-12-31": "$533", "2009-09-30": "$84", "2009-06-30": "$79", "2009-03-31": "$24", "2008-12-31": ""}}, "ebitda": {"First American Financial Annual EBITDA (Millions of US $)": {"2019": "$1,179", "2018": "$873", "2017": "$710", "2016": "$704", "2015": "$640", "2014": "$537", "2013": "$484", "2012": "$620", "2011": "$276", "2010": "$345", "2009": "$345", "2008": "$53"}, "First American Financial Quarterly EBITDA (Millions of US $)": {"2020-09-30": "$399", "2020-06-30": "$306", "2020-03-31": "$143", "2019-12-31": "$360", "2019-09-30": "$316", "2019-06-30": "$297", "2019-03-31": "$207", "2018-12-31": "$188", "2018-09-30": "$264", "2018-06-30": "$267", "2018-03-31": "$155", "2017-12-31": "$224", "2017-09-30": "$91", "2017-06-30": "$248", "2017-03-31": "$148", "2016-12-31": "$144", "2016-09-30": "$225", "2016-06-30": "$208", "2016-03-31": "$127", "2015-12-31": "$170", "2015-09-30": "$169", "2015-06-30": "$194", "2015-03-31": "$107", "2014-12-31": "$173", "2014-09-30": "$166", "2014-06-30": "$120", "2014-03-31": "$78", "2013-12-31": "$131", "2013-09-30": "$152", "2013-06-30": "$102", "2013-03-31": "$99", "2012-12-31": "$201", "2012-09-30": "$190", "2012-06-30": "$145", "2012-03-31": "$83", "2011-12-31": "$111", "2011-09-30": "$76", "2011-06-30": "$80", "2011-03-31": "$9", "2010-12-31": "$110", "2010-09-30": "$89", "2010-06-30": "$90", "2010-03-31": "$56", "2009-12-31": "$555", "2009-09-30": "$104", "2009-06-30": "$99", "2009-03-31": "$45", "2008-12-31": ""}}, "net-income": {"First American Financial Annual Net Income (Millions of US $)": {"2019": "$707", "2018": "$474", "2017": "$423", "2016": "$343", "2015": "$288", "2014": "$233", "2013": "$186", "2012": "$300", "2011": "$78", "2010": "$127", "2009": "$122", "2008": "$-84"}, "First American Financial Quarterly Net Income (Millions of US $)": {"2020-09-30": "$182", "2020-06-30": "$171", "2020-03-31": "$63", "2019-12-31": "$224", "2019-09-30": "$187", "2019-06-30": "$187", "2019-03-31": "$110", "2018-12-31": "$92", "2018-09-30": "$151", "2018-06-30": "$155", "2018-03-31": "$76", "2017-12-31": "$221", "2017-09-30": "$21", "2017-06-30": "$122", "2017-03-31": "$58", "2016-12-31": "$81", "2016-09-30": "$107", "2016-06-30": "$102", "2016-03-31": "$53", "2015-12-31": "$81", "2015-09-30": "$76", "2015-06-30": "$93", "2015-03-31": "$38", "2014-12-31": "$80", "2014-09-30": "$81", "2014-06-30": "$50", "2014-03-31": "$22", "2013-12-31": "$52", "2013-09-30": "$64", "2013-06-30": "$35", "2013-03-31": "$36", "2012-12-31": "$93", "2012-09-30": "$103", "2012-06-30": "$73", "2012-03-31": "$31", "2011-12-31": "$40", "2011-09-30": "$21", "2011-06-30": "$32", "2011-03-31": "$-15", "2010-12-31": "$47", "2010-09-30": "$33", "2010-06-30": "$34", "2010-03-31": "$14", "2009-12-31": "$38", "2009-09-30": "$39", "2009-06-30": "$29", "2009-03-31": "$5", "2008-12-31": ""}}, "eps-earnings-per-share-diluted": {"First American Financial Annual EPS": {"2019": "$6.22", "2018": "$4.19", "2017": "$3.76", "2016": "$3.09", "2015": "$2.62", "2014": "$2.15", "2013": "$1.71", "2012": "$2.77", "2011": "$0.73", "2010": "$1.20", "2009": "$1.18", "2008": "$-0.81"}, "First American Financial Quarterly EPS": {"2020-09-30": "$1.62", "2020-06-30": "$1.52", "2020-03-31": "$0.55", "2019-12-31": "$1.96", "2019-09-30": "$1.65", "2019-06-30": "$1.64", "2019-03-31": "$0.97", "2018-12-31": "$0.81", "2018-09-30": "$1.34", "2018-06-30": "$1.37", "2018-03-31": "$0.67", "2017-12-31": "$1.96", "2017-09-30": "$0.19", "2017-06-30": "$1.09", "2017-03-31": "$0.52", "2016-12-31": "$0.74", "2016-09-30": "$0.96", "2016-06-30": "$0.92", "2016-03-31": "$0.47", "2015-12-31": "$0.74", "2015-09-30": "$0.69", "2015-06-30": "$0.85", "2015-03-31": "$0.34", "2014-12-31": "$0.74", "2014-09-30": "$0.74", "2014-06-30": "$0.47", "2014-03-31": "$0.20", "2013-12-31": "$0.48", "2013-09-30": "$0.59", "2013-06-30": "$0.31", "2013-03-31": "$0.33", "2012-12-31": "$0.85", "2012-09-30": "$0.95", "2012-06-30": "$0.68", "2012-03-31": "$0.29", "2011-12-31": "$0.38", "2011-09-30": "$0.20", "2011-06-30": "$0.30", "2011-03-31": "$-0.15", "2010-12-31": "$0.44", "2010-09-30": "$0.31", "2010-06-30": "$0.32", "2010-03-31": "$0.13", "2009-12-31": "$0.38", "2009-09-30": "$0.37", "2009-06-30": "$0.27", "2009-03-31": "$0.00", "2008-12-31": "$0.00"}}, "shares-outstanding": {"First American Financial Annual Shares Outstanding (Millions of Shares)": {"2019": "114", "2018": "113", "2017": "112", "2016": "111", "2015": "110", "2014": "109", "2013": "109", "2012": "109", "2011": "107", "2010": "106", "2009": "104", "2008": "104"}, "First American Financial Quarterly Shares Outstanding (Millions of Shares)": {"2020-09-30": "113", "2020-06-30": "113", "2020-03-31": "114", "2019-12-31": "114", "2019-09-30": "114", "2019-06-30": "113", "2019-03-31": "113", "2018-12-31": "113", "2018-09-30": "113", "2018-06-30": "113", "2018-03-31": "113", "2017-12-31": "112", "2017-09-30": "113", "2017-06-30": "112", "2017-03-31": "112", "2016-12-31": "111", "2016-09-30": "111", "2016-06-30": "111", "2016-03-31": "111", "2015-12-31": "110", "2015-09-30": "110", "2015-06-30": "110", "2015-03-31": "109", "2014-12-31": "109", "2014-09-30": "109", "2014-06-30": "109", "2014-03-31": "108", "2013-12-31": "109", "2013-09-30": "108", "2013-06-30": "110", "2013-03-31": "110", "2012-12-31": "109", "2012-09-30": "109", "2012-06-30": "108", "2012-03-31": "107", "2011-12-31": "107", "2011-09-30": "107", "2011-06-30": "107", "2011-03-31": "105", "2010-12-31": "106", "2010-09-30": "106", "2010-06-30": "106", "2010-03-31": "104", "2009-12-31": "100", "2009-09-30": "104", "2009-06-30": "104", "2009-03-31": "", "2008-12-31": ""}}, "total-assets": {"First American Financial Annual Total Assets (Millions of US $)": {"2019": "$11,519", "2018": "$10,631", "2017": "$9,573", "2016": "$8,832", "2015": "$8,237", "2014": "$7,666", "2013": "$6,559", "2012": "$6,051", "2011": "$5,362", "2010": "$5,822", "2009": "$5,530", "2008": "$0"}, "First American Financial Quarterly Total Assets (Millions of US $)": {"2020-09-30": "$12,639", "2020-06-30": "$12,288", "2020-03-31": "$11,675", "2019-12-31": "$11,519", "2019-09-30": "$11,804", "2019-06-30": "$11,443", "2019-03-31": "$11,160", "2018-12-31": "$10,631", "2018-09-30": "$11,380", "2018-06-30": "$9,959", "2018-03-31": "$9,547", "2017-12-31": "$9,573", "2017-09-30": "$9,347", "2017-06-30": "$9,314", "2017-03-31": "$8,874", "2016-12-31": "$8,832", "2016-09-30": "$9,246", "2016-06-30": "$8,837", "2016-03-31": "$8,279", "2015-12-31": "$8,237", "2015-09-30": "$8,121", "2015-06-30": "$8,354", "2015-03-31": "$7,819", "2014-12-31": "$7,666", "2014-09-30": "$7,388", "2014-06-30": "$7,016", "2014-03-31": "$6,630", "2013-12-31": "$6,559", "2013-09-30": "$6,501", "2013-06-30": "$6,303", "2013-03-31": "$6,182", "2012-12-31": "$6,051", "2012-09-30": "$5,999", "2012-06-30": "$5,791", "2012-03-31": "$5,653", "2011-12-31": "$5,362", "2011-09-30": "$5,556", "2011-06-30": "$5,784", "2011-03-31": "$5,906", "2010-12-31": "$5,822", "2010-09-30": "$5,686", "2010-06-30": "$5,486", "2010-03-31": "$5,503", "2009-12-31": "$5,530", "2009-09-30": "$0", "2009-06-30": "$0", "2009-03-31": "$0", "2008-12-31": "$0"}}, "cash-on-hand": {"First American Financial Annual Cash on Hand (Millions of US $)": {"2019": "$1,486", "2018": "$1,467", "2017": "$1,387", "2016": "$1,006", "2015": "$1,027", "2014": "$1,190", "2013": "$835", "2012": "$671", "2011": "$418", "2010": "$729", "2009": "$631", "2008": "$"}, "First American Financial Quarterly Cash on Hand (Millions of US $)": {"2020-09-30": "$1,512", "2020-06-30": "$1,523", "2020-03-31": "$1,050", "2019-12-31": "$1,486", "2019-09-30": "$1,711", "2019-06-30": "$1,412", "2019-03-31": "$1,337", "2018-12-31": "$1,467", "2018-09-30": "$2,205", "2018-06-30": "$1,227", "2018-03-31": "$1,177", "2017-12-31": "$1,387", "2017-09-30": "$1,142", "2017-06-30": "$1,167", "2017-03-31": "$1,047", "2016-12-31": "$1,006", "2016-09-30": "$1,443", "2016-06-30": "$1,242", "2016-03-31": "$976", "2015-12-31": "$1,027", "2015-09-30": "$894", "2015-06-30": "$1,270", "2015-03-31": "$878", "2014-12-31": "$1,190", "2014-09-30": "$1,204", "2014-06-30": "$1,041", "2014-03-31": "$770", "2013-12-31": "$835", "2013-09-30": "$834", "2013-06-30": "$862", "2013-03-31": "$815", "2012-12-31": "$671", "2012-09-30": "$745", "2012-06-30": "$796", "2012-03-31": "$673", "2011-12-31": "$418", "2011-09-30": "$631", "2011-06-30": "$601", "2011-03-31": "$755", "2010-12-31": "$729", "2010-09-30": "$743", "2010-06-30": "$579", "2010-03-31": "$457", "2009-12-31": "$631", "2009-09-30": "", "2009-06-30": "", "2009-03-31": "", "2008-12-31": ""}}, "long-term-debt": {"First American Financial Annual Long Term Debt (Millions of US $)": {"2019": "$", "2018": "$", "2017": "$", "2016": "$", "2015": "$", "2014": "$", "2013": "$", "2012": "$", "2011": "$", "2010": "$", "2009": "$", "2008": "$"}, "First American Financial Quarterly Long Term Debt (Millions of US $)": {"2020-09-30": "", "2020-06-30": "", "2020-03-31": "", "2019-12-31": "", "2019-09-30": "", "2019-06-30": "", "2019-03-31": "", "2018-12-31": "", "2018-09-30": "", "2018-06-30": "", "2018-03-31": "", "2017-12-31": "", "2017-09-30": "", "2017-06-30": "", "2017-03-31": "", "2016-12-31": "", "2016-09-30": "", "2016-06-30": "", "2016-03-31": "", "2015-12-31": "", "2015-09-30": "", "2015-06-30": "", "2015-03-31": "", "2014-12-31": "", "2014-09-30": "", "2014-06-30": "", "2014-03-31": "", "2013-12-31": "", "2013-09-30": "", "2013-06-30": "", "2013-03-31": "", "2012-12-31": "", "2012-09-30": "", "2012-06-30": "", "2012-03-31": "", "2011-12-31": "", "2011-09-30": "", "2011-06-30": "", "2011-03-31": "", "2010-12-31": "", "2010-09-30": "", "2010-06-30": "", "2010-03-31": "", "2009-12-31": "", "2009-09-30": "", "2009-06-30": "", "2009-03-31": "", "2008-12-31": ""}}, "total-liabilities": {"First American Financial Annual Total Liabilities (Millions of US $)": {"2019": "$7,094", "2018": "$6,885", "2017": "$6,090", "2016": "$5,817", "2015": "$5,484", "2014": "$5,090", "2013": "$4,103", "2012": "$3,699", "2011": "$3,327", "2010": "$3,828", "2009": "$3,497", "2008": "$0"}, "First American Financial Quarterly Total Liabilities (Millions of US $)": {"2020-09-30": "$7,904", "2020-06-30": "$7,712", "2020-03-31": "$7,307", "2019-12-31": "$7,094", "2019-09-30": "$7,558", "2019-06-30": "$7,355", "2019-03-31": "$7,280", "2018-12-31": "$6,885", "2018-09-30": "$7,704", "2018-06-30": "$6,388", "2018-03-31": "$6,074", "2017-12-31": "$6,090", "2017-09-30": "$6,049", "2017-06-30": "$6,116", "2017-03-31": "$5,797", "2016-12-31": "$5,817", "2016-09-30": "$6,218", "2016-06-30": "$5,893", "2016-03-31": "$5,433", "2015-12-31": "$5,484", "2015-09-30": "$5,428", "2015-06-30": "$5,694", "2015-03-31": "$5,213", "2014-12-31": "$5,090", "2014-09-30": "$4,807", "2014-06-30": "$4,469", "2014-03-31": "$4,166", "2013-12-31": "$4,103", "2013-09-30": "$4,125", "2013-06-30": "$3,957", "2013-03-31": "$3,798", "2012-12-31": "$3,699", "2012-09-30": "$3,713", "2012-06-30": "$3,627", "2012-03-31": "$3,561", "2011-12-31": "$3,327", "2011-09-30": "$3,572", "2011-06-30": "$3,756", "2011-03-31": "$3,918", "2010-12-31": "$3,828", "2010-09-30": "$3,744", "2010-06-30": "$3,607", "2010-03-31": "$3,454", "2009-12-31": "$3,497", "2009-09-30": "$0", "2009-06-30": "$0", "2009-03-31": "$0", "2008-12-31": "$0"}}, "total-share-holder-equity": {"First American Financial Annual Share Holder Equity (Millions of US $)": {"2019": "$4,425", "2018": "$3,745", "2017": "$3,483", "2016": "$3,014", "2015": "$2,753", "2014": "$2,576", "2013": "$2,456", "2012": "$2,352", "2011": "$2,035", "2010": "$1,994", "2009": "$2,033", "2008": "$0"}, "First American Financial Quarterly Share Holder Equity (Millions of US $)": {"2020-09-30": "$4,735", "2020-06-30": "$4,576", "2020-03-31": "$4,369", "2019-12-31": "$4,425", "2019-09-30": "$4,246", "2019-06-30": "$4,088", "2019-03-31": "$3,881", "2018-12-31": "$3,745", "2018-09-30": "$3,676", "2018-06-30": "$3,571", "2018-03-31": "$3,472", "2017-12-31": "$3,483", "2017-09-30": "$3,298", "2017-06-30": "$3,198", "2017-03-31": "$3,078", "2016-12-31": "$3,014", "2016-09-30": "$3,029", "2016-06-30": "$2,944", "2016-03-31": "$2,846", "2015-12-31": "$2,753", "2015-09-30": "$2,693", "2015-06-30": "$2,659", "2015-03-31": "$2,607", "2014-12-31": "$2,576", "2014-09-30": "$2,581", "2014-06-30": "$2,547", "2014-03-31": "$2,463", "2013-12-31": "$2,456", "2013-09-30": "$2,376", "2013-06-30": "$2,346", "2013-03-31": "$2,384", "2012-12-31": "$2,352", "2012-09-30": "$2,286", "2012-06-30": "$2,164", "2012-03-31": "$2,092", "2011-12-31": "$2,035", "2011-09-30": "$1,984", "2011-06-30": "$2,028", "2011-03-31": "$1,988", "2010-12-31": "$1,994", "2010-09-30": "$1,942", "2010-06-30": "$1,880", "2010-03-31": "$2,049", "2009-12-31": "$2,033", "2009-09-30": "$0", "2009-06-30": "$0", "2009-03-31": "$0", "2008-12-31": "$0"}}, "profit-margins": {"current": "9.61%"}, "gross margin": {"2020-09-30": "100.00%", "2020-06-30": "100.00%", "2020-03-31": "100.00%", "2019-12-31": "100.00%", "2019-09-30": "100.00%", "2019-06-30": "100.00%", "2019-03-31": "100.00%", "2018-12-31": "100.00%", "2018-09-30": "100.00%", "2018-06-30": "100.00%", "2018-03-31": "100.00%", "2017-12-31": "100.00%", "2017-09-30": "100.00%", "2017-06-30": "100.00%", "2017-03-31": "100.00%", "2016-12-31": "100.00%", "2016-09-30": "100.00%", "2016-06-30": "100.00%", "2016-03-31": "100.00%", "2015-12-31": "100.00%", "2015-09-30": "100.00%", "2015-06-30": "100.00%", "2015-03-31": "100.00%", "2014-12-31": "100.00%", "2014-09-30": "100.00%", "2014-06-30": "100.00%", "2014-03-31": "100.00%", "2013-12-31": "100.00%", "2013-09-30": "100.00%", "2013-06-30": "100.00%", "2013-03-31": "100.00%", "2012-12-31": "100.00%", "2012-09-30": "100.00%", "2012-06-30": "100.00%", "2012-03-31": "100.00%", "2011-12-31": "100.00%", "2011-09-30": "100.00%", "2011-06-30": "100.00%", "2011-03-31": "100.00%", "2010-12-31": "100.00%", "2010-09-30": "100.00%", "2010-06-30": "100.00%", "2010-03-31": "100.00%", "2009-12-31": "100.00%"}, "operating margin": {"2020-09-30": "15.45%", "2020-06-30": "14.86%", "2020-03-31": "15.16%", "2019-12-31": "16.49%", "2019-09-30": "14.45%", "2019-06-30": "13.87%", "2019-03-31": "13.38%", "2018-12-31": "12.53%", "2018-09-30": "13.04%", "2018-06-30": "10.02%", "2018-03-31": "9.75%", "2017-12-31": "9.55%", "2017-09-30": "8.16%", "2017-06-30": "10.70%", "2017-03-31": "10.30%", "2016-12-31": "10.33%", "2016-09-30": "11.22%", "2016-06-30": "10.48%", "2016-03-31": "10.33%", "2015-12-31": "10.16%", "2015-09-30": "10.43%", "2015-06-30": "10.61%", "2015-03-31": "9.53%", "2014-12-31": "9.11%", "2014-09-30": "8.29%", "2014-06-30": "8.03%", "2014-03-31": "7.45%", "2013-12-31": "7.73%", "2013-09-30": "8.86%", "2013-06-30": "9.92%", "2013-03-31": "11.37%", "2012-12-31": "11.60%", "2012-09-30": "10.39%", "2012-06-30": "8.19%", "2012-03-31": "6.82%", "2011-12-31": "4.89%", "2011-09-30": "5.09%", "2011-06-30": "5.38%", "2011-03-31": "5.55%", "2010-12-31": "6.78%", "2010-09-30": "16.21%", "2010-06-30": "16.17%", "2010-03-31": "16.17%", "2009-12-31": "15.98%"}, "ebitda margin": {"2020-09-30": "18.12%", "2020-06-30": "17.52%", "2020-03-31": "17.68%", "2019-12-31": "19.02%", "2019-09-30": "17.11%", "2019-06-30": "16.59%", "2019-03-31": "16.09%", "2018-12-31": "15.21%", "2018-09-30": "15.66%", "2018-06-30": "12.73%", "2018-03-31": "12.48%", "2017-12-31": "12.32%", "2017-09-30": "10.89%", "2017-06-30": "13.23%", "2017-03-31": "12.74%", "2016-12-31": "12.63%", "2016-09-30": "13.45%", "2016-06-30": "12.70%", "2016-03-31": "12.53%", "2015-12-31": "12.36%", "2015-09-30": "12.67%", "2015-06-30": "12.93%", "2015-03-31": "11.85%", "2014-12-31": "11.48%", "2014-09-30": "10.66%", "2014-06-30": "10.27%", "2014-03-31": "9.60%", "2013-12-31": "9.77%", "2013-09-30": "11.05%", "2013-06-30": "12.03%", "2013-03-31": "13.45%", "2012-12-31": "13.63%", "2012-09-30": "12.41%", "2012-06-30": "10.33%", "2012-03-31": "9.08%", "2011-12-31": "7.22%", "2011-09-30": "7.14%", "2011-06-30": "7.41%", "2011-03-31": "7.58%", "2010-12-31": "8.83%", "2010-09-30": "18.06%", "2010-06-30": "18.00%", "2010-03-31": "17.98%", "2009-12-31": "17.82%"}, "pre tax profit margin": {"2020-09-30": "12.44%", "2020-06-30": "12.94%", "2020-03-31": "13.23%", "2019-12-31": "14.59%", "2019-09-30": "12.48%", "2019-06-30": "11.91%", "2019-03-31": "11.45%", "2018-12-31": "10.61%", "2018-09-30": "11.19%", "2018-06-30": "8.15%", "2018-03-31": "7.89%", "2017-12-31": "7.71%", "2017-09-30": "6.33%", "2017-06-30": "8.92%", "2017-03-31": "8.54%", "2016-12-31": "8.57%", "2016-09-30": "9.47%", "2016-06-30": "8.71%", "2016-03-31": "8.54%", "2015-12-31": "8.37%", "2015-09-30": "8.65%", "2015-06-30": "8.89%", "2015-03-31": "7.83%", "2014-12-31": "7.48%", "2014-09-30": "6.72%", "2014-06-30": "6.47%", "2014-03-31": "5.93%", "2013-12-31": "6.28%", "2013-09-30": "7.46%", "2013-06-30": "8.60%", "2013-03-31": "10.08%", "2012-12-31": "10.30%", "2012-09-30": "9.06%", "2012-06-30": "6.67%", "2012-03-31": "5.32%", "2011-12-31": "3.40%", "2011-09-30": "3.61%", "2011-06-30": "4.04%", "2011-03-31": "4.20%", "2010-12-31": "5.45%", "2010-09-30": "4.55%", "2010-06-30": "4.74%", "2010-03-31": "4.86%", "2009-12-31": "4.55%"}, "net profit margin": {"2020-09-30": "9.60%", "2020-06-30": "10.04%", "2020-03-31": "10.47%", "2019-12-31": "11.41%", "2019-09-30": "9.78%", "2019-06-30": "9.37%", "2019-03-31": "8.83%", "2018-12-31": "8.25%", "2018-09-30": "10.38%", "2018-06-30": "8.17%", "2018-03-31": "7.65%", "2017-12-31": "7.31%", "2017-09-30": "4.87%", "2017-06-30": "6.36%", "2017-03-31": "6.11%", "2016-12-31": "6.15%", "2016-09-30": "6.32%", "2016-06-30": "5.88%", "2016-03-31": "5.75%", "2015-12-31": "5.56%", "2015-09-30": "5.66%", "2015-06-30": "5.90%", "2015-03-31": "5.21%", "2014-12-31": "4.98%", "2014-09-30": "4.42%", "2014-06-30": "4.01%", "2014-03-31": "3.59%", "2013-12-31": "3.77%", "2013-09-30": "4.55%", "2013-06-30": "5.43%", "2013-03-31": "6.46%", "2012-12-31": "6.61%", "2012-09-30": "5.80%", "2012-06-30": "4.11%", "2012-03-31": "3.22%", "2011-12-31": "2.04%", "2011-09-30": "2.21%", "2011-06-30": "2.49%", "2011-03-31": "2.52%", "2010-12-31": "3.28%", "2010-09-30": "2.72%", "2010-06-30": "2.80%", "2010-03-31": "2.65%", "2009-12-31": "2.46%"}, "pe ratio": {"current": "10.47", "2021-02-05": "9.66", "2020-09-30": "8.91", "2020-06-30": "8.29", "2020-03-31": "7.11", "2019-12-31": "9.06", "2019-09-30": "11.19", "2019-06-30": "10.77", "2019-03-31": "10.86", "2018-12-31": "10.01", "2018-09-30": "8.99", "2018-06-30": "11.40", "2018-03-31": "13.76", "2017-12-31": "13.58", "2017-09-30": "17.87", "2017-06-30": "12.16", "2017-03-31": "11.18", "2016-12-31": "10.50", "2016-09-30": "11.12", "2016-06-30": "12.37", "2016-03-31": "11.94", "2015-12-31": "11.73", "2015-09-30": "12.68", "2015-06-30": "11.77", "2015-03-31": "13.07", "2014-12-31": "13.13", "2014-09-30": "11.86", "2014-06-30": "13.09", "2014-03-31": "13.66", "2013-12-31": "13.34", "2013-09-30": "9.43", "2013-06-30": "7.23", "2013-03-31": "7.25", "2012-12-31": "6.90", "2012-09-30": "7.43", "2012-06-30": "8.60", "2012-03-31": "11.12", "2011-12-31": "13.51", "2011-09-30": "12.55", "2011-06-30": "13.41", "2011-03-31": "13.78"}, "price sales": {"2021-02-05": "0.93", "2020-09-30": "0.86", "2020-06-30": "0.83", "2020-03-31": "0.74", "2019-12-31": "1.03", "2019-09-30": "1.09", "2019-06-30": "1.01", "2019-03-31": "0.96", "2018-12-31": "0.83", "2018-09-30": "0.93", "2018-06-30": "0.93", "2018-03-31": "1.05", "2017-12-31": "0.99", "2017-09-30": "0.87", "2017-06-30": "0.77", "2017-03-31": "0.68", "2016-12-31": "0.64", "2016-09-30": "0.70", "2016-06-30": "0.73", "2016-03-31": "0.69", "2015-12-31": "0.65", "2015-09-30": "0.72", "2015-06-30": "0.69", "2015-03-31": "0.68", "2014-12-31": "0.66", "2014-09-30": "0.53", "2014-06-30": "0.53", "2014-03-31": "0.49", "2013-12-31": "0.50", "2013-09-30": "0.43", "2013-06-30": "0.39", "2013-03-31": "0.47", "2012-12-31": "0.46", "2012-09-30": "0.43", "2012-06-30": "0.36", "2012-03-31": "0.36", "2011-12-31": "0.27", "2011-09-30": "0.27", "2011-06-30": "0.33", "2011-03-31": "0.34"}, "price book": {"current": "1.29", "2021-02-05": "1.29", "2020-09-30": "1.19", "2020-06-30": "1.15", "2020-03-31": "1.05", "2019-12-31": "1.43", "2019-09-30": "1.50", "2019-06-30": "1.41", "2019-03-31": "1.41", "2018-12-31": "1.25", "2018-09-30": "1.46", "2018-06-30": "1.49", "2018-03-31": "1.73", "2017-12-31": "1.63", "2017-09-30": "1.52", "2017-06-30": "1.39", "2017-03-31": "1.26", "2016-12-31": "1.18", "2016-09-30": "1.25", "2016-06-30": "1.30", "2016-03-31": "1.26", "2015-12-31": "1.22", "2015-09-30": "1.34", "2015-06-30": "1.28", "2015-03-31": "1.24", "2014-12-31": "1.18", "2014-09-30": "0.93", "2014-06-30": "0.96", "2014-03-31": "0.93", "2013-12-31": "0.98", "2013-09-30": "0.87", "2013-06-30": "0.81", "2013-03-31": "0.92", "2012-12-31": "0.87", "2012-09-30": "0.80", "2012-06-30": "0.66", "2012-03-31": "0.66", "2011-12-31": "0.51", "2011-09-30": "0.53", "2011-06-30": "0.63", "2011-03-31": "0.67", "2010-12-31": "0.60", "2010-09-30": "0.61", "2010-06-30": "0.53"}, "price fcf": {"2021-02-05": "", "2020-09-30": "$7.75", "2020-06-30": "$7.80", "2020-03-31": "$7.12", "2019-12-31": "$7.10", "2019-09-30": "$7.15", "2019-06-30": "$6.39", "2019-03-31": "$5.85", "2018-12-31": "$5.98", "2018-09-30": "$4.82", "2018-06-30": "$4.73", "2018-03-31": "$4.92", "2017-12-31": "$4.52", "2017-09-30": "$5.10", "2017-06-30": "$4.00", "2017-03-31": "$3.78", "2016-12-31": "$3.30", "2016-09-30": "$2.95", "2016-06-30": "$3.79", "2016-03-31": "$4.21", "2015-12-31": "$4.05", "2015-09-30": "$4.01", "2015-06-30": "$3.60", "2015-03-31": "$2.84", "2014-12-31": "$2.53", "2014-09-30": "$2.02", "2014-06-30": "$1.64", "2014-03-31": "$2.15", "2013-12-31": "$2.72", "2013-09-30": "$3.15", "2013-06-30": "$3.74", "2013-03-31": "$2.90", "2012-12-31": "$3.26", "2012-09-30": "$2.61", "2012-06-30": "$1.87", "2012-03-31": "$1.09", "2011-12-31": "$0.71", "2011-09-30": "$0.83", "2011-06-30": "$0.82", "2011-03-31": "$0.12"}, "net worth": {"value": "$6.1B"}, "current ratio": {"2020-09-30": "0.91", "2020-06-30": "0.85", "2020-03-31": "0.76", "2019-12-31": "0.81", "2019-09-30": "0.94", "2019-06-30": "0.80", "2019-03-31": "0.75", "2018-12-31": "0.74", "2018-09-30": "1.04", "2018-06-30": "0.68", "2018-03-31": "0.62", "2017-12-31": "0.68", "2017-09-30": "0.60", "2017-06-30": "0.61", "2017-03-31": "0.56", "2016-12-31": "0.54", "2016-09-30": "0.69", "2016-06-30": "0.64", "2016-03-31": "0.54", "2015-12-31": "0.53", "2015-09-30": "0.48", "2015-06-30": "0.64", "2015-03-31": "0.49", "2014-12-31": "0.60", "2014-09-30": "0.71", "2014-06-30": "0.63", "2014-03-31": "0.52", "2013-12-31": "0.56", "2013-09-30": "0.56", "2013-06-30": "0.58", "2013-03-31": "0.58", "2012-12-31": "0.51", "2012-09-30": "0.56", "2012-06-30": "0.59", "2012-03-31": "0.53", "2011-12-31": "0.39", "2011-09-30": "0.52", "2011-06-30": "0.49", "2011-03-31": "0.56", "2010-12-31": "0.54", "2010-09-30": "0.54", "2010-06-30": "0.46", "2010-03-31": "0.40", "2009-12-31": "0.49", "2009-09-30": "0.00", "2009-06-30": "0.00", "2009-03-31": "0.00", "2008-12-31": "0.00"}, "quick ratio": {"2020-09-30": "0.00", "2020-06-30": "0.00", "2020-03-31": "0.00", "2019-12-31": "0.00", "2019-09-30": "0.00", "2019-06-30": "0.00", "2019-03-31": "0.00", "2018-12-31": "0.00", "2018-09-30": "0.00", "2018-06-30": "0.00", "2018-03-31": "0.00", "2017-12-31": "0.00", "2017-09-30": "0.00", "2017-06-30": "0.00", "2017-03-31": "0.00", "2016-12-31": "0.00", "2016-09-30": "0.00", "2016-06-30": "0.00", "2016-03-31": "0.00", "2015-12-31": "0.00", "2015-09-30": "0.00", "2015-06-30": "0.00", "2015-03-31": "0.00", "2014-12-31": "0.00", "2014-09-30": "0.00", "2014-06-30": "0.00", "2014-03-31": "0.00", "2013-12-31": "0.00", "2013-09-30": "0.00", "2013-06-30": "0.00", "2013-03-31": "0.00", "2012-12-31": "0.00", "2012-09-30": "0.00", "2012-06-30": "0.00", "2012-03-31": "0.00", "2011-12-31": "0.00", "2011-09-30": "0.00", "2011-06-30": "0.00", "2011-03-31": "0.00", "2010-12-31": "0.00", "2010-09-30": "0.00", "2010-06-30": "0.00", "2010-03-31": "0.00", "2009-12-31": "0.00", "2009-09-30": "0.00", "2009-06-30": "0.00", "2009-03-31": "0.00", "2008-12-31": "0.00"}, "debt equity ratio": {"current": "0.00", "2020-09-30": "1.67", "2020-06-30": "1.69", "2020-03-31": "1.67", "2019-12-31": "1.60", "2019-09-30": "1.78", "2019-06-30": "1.80", "2019-03-31": "1.88", "2018-12-31": "1.84", "2018-09-30": "2.10", "2018-06-30": "1.79", "2018-03-31": "1.75", "2017-12-31": "1.75", "2017-09-30": "1.83", "2017-06-30": "1.91", "2017-03-31": "1.88", "2016-12-31": "1.93", "2016-09-30": "2.05", "2016-06-30": "2.00", "2016-03-31": "1.91", "2015-12-31": "1.99", "2015-09-30": "2.02", "2015-06-30": "2.14", "2015-03-31": "2.00", "2014-12-31": "1.98", "2014-09-30": "1.86", "2014-06-30": "1.76", "2014-03-31": "1.69", "2013-12-31": "1.67", "2013-09-30": "1.74", "2013-06-30": "1.69", "2013-03-31": "1.59", "2012-12-31": "1.57", "2012-09-30": "1.63", "2012-06-30": "1.68", "2012-03-31": "1.70", "2011-12-31": "1.64", "2011-09-30": "1.80", "2011-06-30": "1.85", "2011-03-31": "1.97", "2010-12-31": "1.92", "2010-09-30": "1.93", "2010-06-30": "1.92", "2010-03-31": "1.69", "2009-12-31": "1.72", "2009-09-30": "0.00", "2009-06-30": "0.00", "2009-03-31": "0.00", "2008-12-31": "0.00"}, "return on equity": {"2020-09-30": "14.14%", "2020-06-30": "14.65%", "2020-03-31": "15.44%", "2019-12-31": "17.02%", "2019-09-30": "14.44%", "2019-06-30": "14.04%", "2019-03-31": "13.66%", "2018-12-31": "13.11%", "2018-09-30": "16.98%", "2018-06-30": "13.69%", "2018-03-31": "13.08%", "2017-12-31": "12.93%", "2017-09-30": "8.96%", "2017-06-30": "11.95%", "2017-03-31": "11.54%", "2016-12-31": "11.59%", "2016-09-30": "11.86%", "2016-06-30": "11.11%", "2016-03-31": "11.07%", "2015-12-31": "10.75%", "2015-09-30": "10.90%", "2015-06-30": "11.21%", "2015-03-31": "9.66%", "2014-12-31": "9.17%", "2014-09-30": "8.16%", "2014-06-30": "7.64%", "2014-03-31": "7.18%", "2013-12-31": "7.82%", "2013-09-30": "9.64%", "2013-06-30": "11.40%", "2013-03-31": "13.28%", "2012-12-31": "13.49%", "2012-09-30": "11.52%", "2012-06-30": "7.98%", "2012-03-31": "6.09%", "2011-12-31": "3.88%", "2011-09-30": "4.25%", "2011-06-30": "4.88%", "2011-03-31": "5.07%", "2010-12-31": "6.51%", "2010-09-30": "6.02%", "2010-06-30": "8.39%", "2010-03-31": "11.76%", "2009-12-31": "21.84%"}, "return on assets": {"2020-09-30": "5.32%", "2020-06-30": "5.46%", "2020-03-31": "5.69%", "2019-12-31": "6.17%", "2019-09-30": "5.12%", "2019-06-30": "4.84%", "2019-03-31": "4.71%", "2018-12-31": "4.57%", "2018-09-30": "5.96%", "2018-06-30": "4.92%", "2018-03-31": "4.66%", "2017-12-31": "4.55%", "2017-09-30": "3.10%", "2017-06-30": "4.06%", "2017-03-31": "3.89%", "2016-12-31": "3.90%", "2016-09-30": "3.97%", "2016-06-30": "3.73%", "2016-03-31": "3.67%", "2015-12-31": "3.54%", "2015-09-30": "3.59%", "2015-06-30": "3.74%", "2015-03-31": "3.33%", "2014-12-31": "3.25%", "2014-09-30": "2.97%", "2014-06-30": "2.82%", "2014-03-31": "2.66%", "2013-12-31": "2.93%", "2013-09-30": "3.64%", "2013-06-30": "4.35%", "2013-03-31": "5.08%", "2012-12-31": "5.11%", "2012-09-30": "4.33%", "2012-06-30": "2.95%", "2012-03-31": "2.22%", "2011-12-31": "1.38%", "2011-09-30": "1.47%", "2011-06-30": "1.67%", "2011-03-31": "1.73%", "2010-12-31": "2.28%", "2010-09-30": "2.14%", "2010-06-30": "3.03%", "2010-03-31": "4.35%", "2009-12-31": "8.03%"}, "return on investments": {"2020-09-30": "inf%", "2020-06-30": "inf%", "2020-03-31": "inf%", "2019-12-31": "inf%", "2019-09-30": "inf%", "2019-06-30": "inf%", "2019-03-31": "inf%", "2018-12-31": "inf%", "2018-09-30": "inf%", "2018-06-30": "inf%", "2018-03-31": "inf%", "2017-12-31": "inf%", "2017-09-30": "inf%", "2017-06-30": "inf%", "2017-03-31": "inf%", "2016-12-31": "inf%", "2016-09-30": "inf%", "2016-06-30": "inf%", "2016-03-31": "inf%", "2015-12-31": "inf%", "2015-09-30": "inf%", "2015-06-30": "inf%", "2015-03-31": "inf%", "2014-12-31": "inf%", "2014-09-30": "inf%", "2014-06-30": "inf%", "2014-03-31": "inf%", "2013-12-31": "inf%", "2013-09-30": "inf%", "2013-06-30": "inf%", "2013-03-31": "inf%", "2012-12-31": "inf%", "2012-09-30": "inf%", "2012-06-30": "inf%", "2012-03-31": "inf%", "2011-12-31": "inf%", "2011-09-30": "inf%", "2011-06-30": "inf%", "2011-03-31": "inf%", "2010-12-31": "inf%", "2010-09-30": "inf%", "2010-06-30": "inf%", "2010-03-31": "inf%", "2009-12-31": "inf%"}, "return on tangible equity": {"2020-09-30": "21.07%", "2020-06-30": "21.55%", "2020-03-31": "22.35%", "2019-12-31": "24.29%", "2019-09-30": "21.00%", "2019-06-30": "20.80%", "2019-03-31": "20.64%", "2018-12-31": "20.06%", "2018-09-30": "26.13%", "2018-06-30": "21.28%", "2018-03-31": "20.28%", "2017-12-31": "20.05%", "2017-09-30": "13.98%", "2017-06-30": "18.52%", "2017-03-31": "17.91%", "2016-12-31": "18.01%", "2016-09-30": "18.44%", "2016-06-30": "17.44%", "2016-03-31": "17.62%", "2015-12-31": "17.40%", "2015-09-30": "17.83%", "2015-06-30": "18.45%", "2015-03-31": "16.07%", "2014-12-31": "15.42%", "2014-09-30": "13.56%", "2014-06-30": "12.60%", "2014-03-31": "11.69%", "2013-12-31": "12.49%", "2013-09-30": "15.53%", "2013-06-30": "18.48%", "2013-03-31": "21.77%", "2012-12-31": "22.56%", "2012-09-30": "19.65%", "2012-06-30": "13.90%", "2012-03-31": "10.74%", "2011-12-31": "6.90%", "2011-09-30": "7.59%", "2011-06-30": "8.74%", "2011-03-31": "9.22%", "2010-12-31": "11.75%", "2010-09-30": "10.82%", "2010-06-30": "15.01%", "2010-03-31": "20.65%", "2009-12-31": "38.51%"}, "dividend yield history": {"last payout": "$1.84", "last yield": "3.37%"}}