{"ticker": "FIS", "price": {"title": "Fidelity National Information Services Historical Annual Stock Price Data", "value": 132.23, "historical": {"2020": {"Average Stock Price": "139.3943", "Year Open": "139.9000", "Year High": "157.4400", "Year Low": "102.4500", "Year Close": "141.4600", "Annual % Change": "1.70%"}, "2019": {"Average Stock Price": "122.9434", "Year Open": "101.4300", "Year High": "139.7500", "Year Low": "98.3100", "Year Close": "139.0900", "Annual % Change": "35.63%"}, "2018": {"Average Stock Price": "102.9930", "Year Open": "93.7000", "Year High": "110.5800", "Year Low": "92.7400", "Year Close": "102.5500", "Annual % Change": "8.99%"}, "2017": {"Average Stock Price": "87.2575", "Year Open": "76.9800", "Year High": "96.6200", "Year Low": "76.9800", "Year Close": "94.0900", "Annual % Change": "24.39%"}, "2016": {"Average Stock Price": "71.2952", "Year Open": "59.9100", "Year High": "80.8400", "Year Low": "56.0400", "Year Close": "75.6400", "Annual % Change": "24.82%"}, "2015": {"Average Stock Price": "65.5517", "Year Open": "62.4100", "Year High": "73.5000", "Year Low": "58.5200", "Year Close": "60.6000", "Annual % Change": "-2.57%"}, "2014": {"Average Stock Price": "55.6071", "Year Open": "53.0000", "Year High": "64.0400", "Year Low": "48.8700", "Year Close": "62.2000", "Annual % Change": "15.87%"}, "2013": {"Average Stock Price": "43.7978", "Year Open": "35.8200", "Year High": "53.6800", "Year Low": "35.5700", "Year Close": "53.6800", "Annual % Change": "54.21%"}, "2012": {"Average Stock Price": "32.3000", "Year Open": "26.6900", "Year High": "36.9700", "Year Low": "26.4300", "Year Close": "34.8100", "Annual % Change": "30.91%"}, "2011": {"Average Stock Price": "29.0091", "Year Open": "28.1300", "Year High": "33.5400", "Year Low": "22.5800", "Year Close": "26.5900", "Annual % Change": "-2.92%"}, "2010": {"Average Stock Price": "26.2965", "Year Open": "23.8200", "Year High": "29.9000", "Year Low": "22.2800", "Year Close": "27.3900", "Annual % Change": "16.85%"}, "2009": {"Average Stock Price": "20.7759", "Year Open": "17.0500", "Year High": "25.7000", "Year Low": "15.5200", "Year Close": "23.4400", "Annual % Change": "44.07%"}, "2008": {"Average Stock Price": "28.7252", "Year Open": "40.3200", "Year High": "43.5000", "Year Low": "12.4700", "Year Close": "16.2700", "Annual % Change": "-60.88%"}, "2007": {"Average Stock Price": "47.2755", "Year Open": "40.6100", "Year High": "57.6700", "Year Low": "40.3400", "Year Close": "41.5900", "Annual % Change": "3.74%"}, "2006": {"Average Stock Price": "38.5378", "Year Open": "41.0400", "Year High": "44.1600", "Year Low": "33.7400", "Year Close": "40.0900", "Annual % Change": "-1.16%"}, "2005": {"Average Stock Price": "36.7110", "Year Open": "35.2400", "Year High": "41.2900", "Year Low": "32.7800", "Year Close": "40.5600", "Annual % Change": "14.16%"}, "2004": {"Average Stock Price": "35.8874", "Year Open": "32.9400", "Year High": "39.6500", "Year Low": "31.4400", "Year Close": "35.5300", "Annual % Change": "8.32%"}, "2003": {"Average Stock Price": "28.4095", "Year Open": "25.2700", "Year High": "35.0300", "Year Low": "21.6500", "Year Close": "32.8000", "Annual % Change": "33.60%"}, "2002": {"Average Stock Price": "32.9645", "Year Open": "35.2000", "Year High": "44.1300", "Year Low": "18.0800", "Year Close": "24.5500", "Annual % Change": "-28.26%"}, "2001": {"Average Stock Price": "30.3129", "Year Open": "23.9000", "Year High": "35.4500", "Year Low": "23.9000", "Year Close": "34.2200", "Annual % Change": "0.00%"}}}, "market cap": {"value": "$82.05B"}, "income statement": {"Revenue": {"2019-12-31": "10333.00000", "2018-12-31": "8423.00000", "2017-12-31": "8668.00000", "2016-12-31": "8831.00000", "2015-12-31": "6596.00000", "2014-12-31": "6413.00000", "2013-12-31": "6063.40000", "2012-12-31": "5795.80000", "2011-12-31": "5625.60000", "2010-12-31": "5145.60000", "2009-12-31": "3711.10000", "2008-12-31": "3359.50000", "2007-12-31": "2892.90000", "2006-12-31": "2416.50000", "2005-12-31": "2688.21800"}, "Cost Of Goods Sold": {"2019-12-31": "6610.00000", "2018-12-31": "5569.00000", "2017-12-31": "5794.00000", "2016-12-31": "5895.00000", "2015-12-31": "4395.00000", "2014-12-31": "4327.00000", "2013-12-31": "4092.70000", "2012-12-31": "3956.20000", "2011-12-31": "3919.10000", "2010-12-31": "3553.70000", "2009-12-31": "2741.50000", "2008-12-31": "2616.10000", "2007-12-31": "2315.30000", "2006-12-31": "1872.20000", "2005-12-31": "1750.19900"}, "Gross Profit": {"2019-12-31": "3723.00000", "2018-12-31": "2854.00000", "2017-12-31": "2874.00000", "2016-12-31": "2936.00000", "2015-12-31": "2201.00000", "2014-12-31": "2086.00000", "2013-12-31": "1970.70000", "2012-12-31": "1839.60000", "2011-12-31": "1706.50000", "2010-12-31": "1591.90000", "2009-12-31": "969.60010", "2008-12-31": "743.39990", "2007-12-31": "577.59990", "2006-12-31": "544.30000", "2005-12-31": "938.01900"}, "Research And Development Expenses": {"2019-12-31": "", "2018-12-31": "", "2017-12-31": "", "2016-12-31": "", "2015-12-31": "", "2014-12-31": "", "2013-12-31": "", "2012-12-31": "", "2011-12-31": "", "2010-12-31": "", "2009-12-31": "", "2008-12-31": "", "2007-12-31": "", "2006-12-31": "70.90000", "2005-12-31": "113.49800"}, "SG&A Expenses": {"2019-12-31": "2667.00000", "2018-12-31": "1301.00000", "2017-12-31": "1442.00000", "2016-12-31": "1707.00000", "2015-12-31": "1102.00000", "2014-12-31": "815.00000", "2013-12-31": "907.80000", "2012-12-31": "763.30000", "2011-12-31": "647.90000", "2010-12-31": "654.00000", "2009-12-31": "547.10000", "2008-12-31": "381.00000", "2007-12-31": "302.50000", "2006-12-31": "279.80000", "2005-12-31": "411.91800"}, "Other Operating Income Or Expenses": {"2019-12-31": "-87.00000", "2018-12-31": "-95.00000", "2017-12-31": "", "2016-12-31": "", "2015-12-31": "", "2014-12-31": "", "2013-12-31": "", "2012-12-31": "", "2011-12-31": "-9.10000", "2010-12-31": "-154.90000", "2009-12-31": "-136.90000", "2008-12-31": "-26.00000", "2007-12-31": "-13.50000", "2006-12-31": "", "2005-12-31": ""}, "Operating Expenses": {"2019-12-31": "9364.00000", "2018-12-31": "6965.00000", "2017-12-31": "7236.00000", "2016-12-31": "7602.00000", "2015-12-31": "5497.00000", "2014-12-31": "5142.00000", "2013-12-31": "5000.50000", "2012-12-31": "4719.50000", "2011-12-31": "4576.10000", "2010-12-31": "4362.60000", "2009-12-31": "3425.50000", "2008-12-31": "3023.10000", "2007-12-31": "2631.30000", "2006-12-31": "2222.90000", "2005-12-31": "2275.61500"}, "Operating Income": {"2019-12-31": "969.00000", "2018-12-31": "1458.00000", "2017-12-31": "1432.00000", "2016-12-31": "1229.00000", "2015-12-31": "1099.00000", "2014-12-31": "1271.00000", "2013-12-31": "1062.90000", "2012-12-31": "1076.30000", "2011-12-31": "1049.50000", "2010-12-31": "783.00000", "2009-12-31": "285.60010", "2008-12-31": "336.39990", "2007-12-31": "261.59990", "2006-12-31": "193.60010", "2005-12-31": "412.60300"}, "Total Non-Operating Income/Expense": {"2019-12-31": "-556.00000", "2018-12-31": "-354.00000", "2017-12-31": "-456.00000", "2016-12-31": "-392.00000", "2015-12-31": "-62.00000", "2014-12-31": "-218.00000", "2013-12-31": "-239.40000", "2012-12-31": "-248.00000", "2011-12-31": "-322.50000", "2010-12-31": "-184.90000", "2009-12-31": "-121.90000", "2008-12-31": "-155.60000", "2007-12-31": "102.10000", "2006-12-31": "-188.40000", "2005-12-31": "-124.79200"}, "Pre-Tax Income": {"2019-12-31": "413.00000", "2018-12-31": "1104.00000", "2017-12-31": "976.00000", "2016-12-31": "837.00000", "2015-12-31": "1037.00000", "2014-12-31": "1053.00000", "2013-12-31": "823.50000", "2012-12-31": "828.30000", "2011-12-31": "727.00000", "2010-12-31": "598.10000", "2009-12-31": "163.70000", "2008-12-31": "180.80000", "2007-12-31": "363.70000", "2006-12-31": "5.20000", "2005-12-31": "287.81100"}, "Income Taxes": {"2019-12-31": "100.00000", "2018-12-31": "208.00000", "2017-12-31": "-321.00000", "2016-12-31": "291.00000", "2015-12-31": "379.00000", "2014-12-31": "335.00000", "2013-12-31": "308.90000", "2012-12-31": "270.10000", "2011-12-31": "232.40000", "2010-12-31": "208.40000", "2009-12-31": "54.70000", "2008-12-31": "57.60000", "2007-12-31": "128.40000", "2006-12-31": "-2.90000", "2005-12-31": "107.06600"}, "Income After Taxes": {"2019-12-31": "313.00000", "2018-12-31": "896.00000", "2017-12-31": "1297.00000", "2016-12-31": "546.00000", "2015-12-31": "658.00000", "2014-12-31": "718.00000", "2013-12-31": "514.60000", "2012-12-31": "558.20000", "2011-12-31": "494.60000", "2010-12-31": "389.70000", "2009-12-31": "109.00000", "2008-12-31": "123.20000", "2007-12-31": "235.30000", "2006-12-31": "8.10000", "2005-12-31": "180.74500"}, "Other Income": {"2019-12-31": "", "2018-12-31": "", "2017-12-31": "", "2016-12-31": "", "2015-12-31": "", "2014-12-31": "", "2013-12-31": "", "2012-12-31": "", "2011-12-31": "", "2010-12-31": "", "2009-12-31": "", "2008-12-31": "", "2007-12-31": "", "2006-12-31": "", "2005-12-31": ""}, "Income From Continuous Operations": {"2019-12-31": "303.00000", "2018-12-31": "881.00000", "2017-12-31": "1294.00000", "2016-12-31": "546.00000", "2015-12-31": "658.00000", "2014-12-31": "718.00000", "2013-12-31": "514.60000", "2012-12-31": "558.20000", "2011-12-31": "494.60000", "2010-12-31": "389.70000", "2009-12-31": "109.00000", "2008-12-31": "123.00000", "2007-12-31": "238.10000", "2006-12-31": "15.60000", "2005-12-31": "181.32400"}, "Income From Discontinued Operations": {"2019-12-31": "", "2018-12-31": "", "2017-12-31": "", "2016-12-31": "1.00000", "2015-12-31": "-7.00000", "2014-12-31": "-11.00000", "2013-12-31": "3.10000", "2012-12-31": "-77.10000", "2011-12-31": "-13.50000", "2010-12-31": "-31.80000", "2009-12-31": "-0.50000", "2008-12-31": "96.50000", "2007-12-31": "323.00000", "2006-12-31": "243.50000", "2005-12-31": "15.22600"}, "Net Income": {"2019-12-31": "298.00000", "2018-12-31": "846.00000", "2017-12-31": "1261.00000", "2016-12-31": "525.00000", "2015-12-31": "632.00000", "2014-12-31": "679.00000", "2013-12-31": "493.10000", "2012-12-31": "461.20000", "2011-12-31": "469.60000", "2010-12-31": "404.50000", "2009-12-31": "105.90000", "2008-12-31": "214.80000", "2007-12-31": "561.20000", "2006-12-31": "259.10000", "2005-12-31": "196.55000"}, "EBITDA": {"2019-12-31": "3437.00000", "2018-12-31": "2895.00000", "2017-12-31": "2817.00000", "2016-12-31": "2401.00000", "2015-12-31": "1779.00000", "2014-12-31": "1917.00000", "2013-12-31": "1697.40000", "2012-12-31": "1738.50000", "2011-12-31": "1724.90000", "2010-12-31": "1416.20000", "2009-12-31": "724.60010", "2008-12-31": "792.59990", "2007-12-31": "775.49980", "2006-12-31": "632.50010", "2005-12-31": "718.04000"}, "EBIT": {"2019-12-31": "969.00000", "2018-12-31": "1458.00000", "2017-12-31": "1432.00000", "2016-12-31": "1229.00000", "2015-12-31": "1099.00000", "2014-12-31": "1271.00000", "2013-12-31": "1062.90000", "2012-12-31": "1076.30000", "2011-12-31": "1049.50000", "2010-12-31": "783.00000", "2009-12-31": "285.60010", "2008-12-31": "336.39990", "2007-12-31": "261.59990", "2006-12-31": "193.60010", "2005-12-31": "412.60300"}, "Basic Shares Outstanding": {"2019-12-31": "445.00000", "2018-12-31": "328.00000", "2017-12-31": "330.00000", "2016-12-31": "326.00000", "2015-12-31": "285.00000", "2014-12-31": "285.00000", "2013-12-31": "289.70000", "2012-12-31": "291.80000", "2011-12-31": "300.60000", "2010-12-31": "345.10000", "2009-12-31": "236.40000", "2008-12-31": "191.60000", "2007-12-31": "193.10000", "2006-12-31": "185.90000", "2005-12-31": "127.92000"}, "Shares Outstanding": {"2019-12-31": "451.00000", "2018-12-31": "332.00000", "2017-12-31": "336.00000", "2016-12-31": "330.00000", "2015-12-31": "289.00000", "2014-12-31": "289.00000", "2013-12-31": "294.20000", "2012-12-31": "297.50000", "2011-12-31": "307.00000", "2010-12-31": "352.00000", "2009-12-31": "239.40000", "2008-12-31": "193.50000", "2007-12-31": "196.50000", "2006-12-31": "189.20000", "2005-12-31": "128.35400"}, "Basic EPS": {"2019-12-31": "0.67000", "2018-12-31": "2.58000", "2017-12-31": "3.82000", "2016-12-31": "1.61000", "2015-12-31": "2.22000", "2014-12-31": "2.38000", "2013-12-31": "1.70000", "2012-12-31": "1.58000", "2011-12-31": "1.56000", "2010-12-31": "1.17000", "2009-12-31": "0.45000", "2008-12-31": "1.12000", "2007-12-31": "2.91000", "2006-12-31": "1.39000", "2005-12-31": "1.54000"}, "EPS - Earnings Per Share": {"2019-12-31": "0.66000", "2018-12-31": "2.55000", "2017-12-31": "3.75000", "2016-12-31": "1.59000", "2015-12-31": "2.19000", "2014-12-31": "2.35000", "2013-12-31": "1.68000", "2012-12-31": "1.55000", "2011-12-31": "1.53000", "2010-12-31": "1.15000", "2009-12-31": "0.44000", "2008-12-31": "1.11000", "2007-12-31": "2.86000", "2006-12-31": "1.37000", "2005-12-31": "1.53000"}}, "income statement, quarterly": {"Revenue": {"2020-09-30": "3197.00000", "2020-06-30": "2962.00000", "2020-03-31": "3078.00000", "2019-12-31": "3342.00000", "2019-09-30": "2822.00000", "2019-06-30": "2112.00000", "2019-03-31": "2057.00000", "2018-12-31": "2167.00000", "2018-09-30": "2084.00000", "2018-06-30": "2106.00000", "2018-03-31": "2066.00000", "2017-12-31": "2166.00000", "2017-09-30": "2096.00000", "2017-06-30": "2258.00000", "2017-03-31": "2148.00000", "2016-12-31": "2036.00000", "2016-09-30": "2309.00000", "2016-06-30": "2305.00000", "2016-03-31": "2181.00000", "2015-12-31": "1875.00000", "2015-09-30": "1579.00000", "2015-06-30": "1587.00000", "2015-03-31": "1555.00000", "2014-12-31": "1688.30000", "2014-09-30": "1605.30000", "2014-06-30": "1599.10000", "2014-03-31": "1520.30000", "2013-12-31": "1572.60000", "2013-09-30": "1500.00000", "2013-06-30": "1512.80000", "2013-03-31": "1478.00000", "2012-12-31": "1488.30000", "2012-09-30": "1436.90000", "2012-06-30": "1457.20000", "2012-03-31": "1413.40000", "2011-12-31": "1430.70000", "2011-09-30": "1398.20000", "2011-06-30": "1413.30000", "2011-03-31": "1383.40000", "2010-12-31": "1272.40000", "2010-09-30": "1367.20000", "2010-06-30": "1271.00000", "2010-03-31": "1235.00000", "2009-12-31": "1259.10000", "2009-09-30": "828.70000", "2009-06-30": "829.20000", "2009-03-31": "794.10000", "2008-12-31": "775.50010", "2008-09-30": "884.00000", "2008-06-30": "869.70000", "2008-03-31": "830.30000", "2007-12-31": "855.30000", "2007-09-30": "712.81200", "2007-06-30": "1125.03400", "2007-03-31": "1071.44000", "2006-12-31": "1108.52200", "2006-09-30": "1058.19700", "2006-06-30": "1021.94600", "2006-03-31": "900.93600", "2005-12-31": "629.81600", "2005-09-30": "698.10900", "2005-06-30": "708.71300", "2005-03-31": "651.58000"}, "Cost Of Goods Sold": {"2020-09-30": "2104.00000", "2020-06-30": "2046.00000", "2020-03-31": "2089.00000", "2019-12-31": "1987.00000", "2019-09-30": "1838.00000", "2019-06-30": "1404.00000", "2019-03-31": "1381.00000", "2018-12-31": "1377.00000", "2018-09-30": "1364.00000", "2018-06-30": "1414.00000", "2018-03-31": "1414.00000", "2017-12-31": "1397.00000", "2017-09-30": "1386.00000", "2017-06-30": "1520.00000", "2017-03-31": "1491.00000", "2016-12-31": "1215.00000", "2016-09-30": "1527.00000", "2016-06-30": "1600.00000", "2016-03-31": "1553.00000", "2015-12-31": "1233.00000", "2015-09-30": "1022.00000", "2015-06-30": "1070.00000", "2015-03-31": "1070.00000", "2014-12-31": "1115.60000", "2014-09-30": "1074.50000", "2014-06-30": "1092.50000", "2014-03-31": "1044.40000", "2013-12-31": "1058.10000", "2013-09-30": "995.10000", "2013-06-30": "1031.50000", "2013-03-31": "1008.00000", "2012-12-31": "1016.80000", "2012-09-30": "968.80000", "2012-06-30": "981.10000", "2012-03-31": "989.50000", "2011-12-31": "968.40000", "2011-09-30": "965.30000", "2011-06-30": "989.40000", "2011-03-31": "996.00000", "2010-12-31": "872.79990", "2010-09-30": "897.30000", "2010-06-30": "893.20000", "2010-03-31": "890.40000", "2009-12-31": "894.90000", "2009-09-30": "605.40000", "2009-06-30": "622.80000", "2009-03-31": "618.40000", "2008-12-31": "631.60000", "2008-09-30": "661.80000", "2008-06-30": "674.00000", "2008-03-31": "648.70000", "2007-12-31": "648.40000", "2007-09-30": "562.99800", "2007-06-30": "802.46100", "2007-03-31": "772.38100", "2006-12-31": "802.78600", "2006-09-30": "758.81300", "2006-06-30": "719.71800", "2006-03-31": "622.33700", "2005-12-31": "418.82600", "2005-09-30": "447.79400", "2005-06-30": "453.50400", "2005-03-31": "430.07500"}, "Gross Profit": {"2020-09-30": "1093.00000", "2020-06-30": "916.00000", "2020-03-31": "989.00000", "2019-12-31": "1355.00000", "2019-09-30": "984.00000", "2019-06-30": "708.00000", "2019-03-31": "676.00000", "2018-12-31": "790.00000", "2018-09-30": "720.00000", "2018-06-30": "692.00000", "2018-03-31": "652.00000", "2017-12-31": "769.00000", "2017-09-30": "710.00000", "2017-06-30": "738.00000", "2017-03-31": "657.00000", "2016-12-31": "821.00000", "2016-09-30": "782.00000", "2016-06-30": "705.00000", "2016-03-31": "628.00000", "2015-12-31": "642.00000", "2015-09-30": "557.00000", "2015-06-30": "517.00000", "2015-03-31": "485.00000", "2014-12-31": "572.70010", "2014-09-30": "530.80000", "2014-06-30": "506.60000", "2014-03-31": "475.90000", "2013-12-31": "514.49980", "2013-09-30": "504.90000", "2013-06-30": "481.30000", "2013-03-31": "470.00000", "2012-12-31": "471.50000", "2012-09-30": "468.10000", "2012-06-30": "476.10000", "2012-03-31": "423.90000", "2011-12-31": "462.30030", "2011-09-30": "432.90000", "2011-06-30": "423.90000", "2011-03-31": "387.40000", "2010-12-31": "399.60020", "2010-09-30": "469.90000", "2010-06-30": "377.80000", "2010-03-31": "344.60000", "2009-12-31": "364.20020", "2009-09-30": "223.30000", "2009-06-30": "206.40000", "2009-03-31": "175.70000", "2008-12-31": "143.90000", "2008-09-30": "222.20000", "2008-06-30": "195.70000", "2008-03-31": "181.60000", "2007-12-31": "206.90000", "2007-09-30": "149.81400", "2007-06-30": "322.57310", "2007-03-31": "299.05900", "2006-12-31": "305.73600", "2006-09-30": "299.38400", "2006-06-30": "302.22800", "2006-03-31": "278.59900", "2005-12-31": "210.99000", "2005-09-30": "250.31500", "2005-06-30": "255.20900", "2005-03-31": "221.50500"}, "Research And Development Expenses": {"2020-09-30": "", "2020-06-30": "", "2020-03-31": "", "2019-12-31": "", "2019-09-30": "", "2019-06-30": "", "2019-03-31": "", "2018-12-31": "", "2018-09-30": "", "2018-06-30": "", "2018-03-31": "", "2017-12-31": "", "2017-09-30": "", "2017-06-30": "", "2017-03-31": "", "2016-12-31": "", "2016-09-30": "", "2016-06-30": "", "2016-03-31": "", "2015-12-31": "", "2015-09-30": "", "2015-06-30": "", "2015-03-31": "", "2014-12-31": "", "2014-09-30": "", "2014-06-30": "", "2014-03-31": "", "2013-12-31": "", "2013-09-30": "", "2013-06-30": "", "2013-03-31": "", "2012-12-31": "", "2012-09-30": "", "2012-06-30": "", "2012-03-31": "", "2011-12-31": "", "2011-09-30": "", "2011-06-30": "", "2011-03-31": "", "2010-12-31": "", "2010-09-30": "", "2010-06-30": "", "2010-03-31": "", "2009-12-31": "", "2009-09-30": "", "2009-06-30": "", "2009-03-31": "", "2008-12-31": "", "2008-09-30": "22.50000", "2008-06-30": "19.90000", "2008-03-31": "19.30000", "2007-12-31": "20.40000", "2007-09-30": "17.57900", "2007-06-30": "23.58800", "2007-03-31": "27.10900", "2006-12-31": "28.01900", "2006-09-30": "25.85500", "2006-06-30": "23.64600", "2006-03-31": "28.06000", "2005-12-31": "27.71400", "2005-09-30": "33.54500", "2005-06-30": "28.30300", "2005-03-31": "23.93600"}, "SG&A Expenses": {"2020-09-30": "862.00000", "2020-06-30": "870.00000", "2020-03-31": "881.00000", "2019-12-31": "1232.00000", "2019-09-30": "757.00000", "2019-06-30": "317.00000", "2019-03-31": "361.00000", "2018-12-31": "321.00000", "2018-09-30": "283.00000", "2018-06-30": "339.00000", "2018-03-31": "358.00000", "2017-12-31": "338.00000", "2017-09-30": "325.00000", "2017-06-30": "368.00000", "2017-03-31": "411.00000", "2016-12-31": "457.00000", "2016-09-30": "384.00000", "2016-06-30": "422.00000", "2016-03-31": "444.00000", "2015-12-31": "383.00000", "2015-09-30": "219.00000", "2015-06-30": "230.00000", "2015-03-31": "270.00000", "2014-12-31": "221.20000", "2014-09-30": "207.10000", "2014-06-30": "196.90000", "2014-03-31": "189.80000", "2013-12-31": "293.10000", "2013-09-30": "187.20000", "2013-06-30": "232.60000", "2013-03-31": "194.90000", "2012-12-31": "188.30000", "2012-09-30": "180.20000", "2012-06-30": "193.40000", "2012-03-31": "201.40000", "2011-12-31": "145.40000", "2011-09-30": "159.70000", "2011-06-30": "169.30000", "2011-03-31": "173.50000", "2010-12-31": "164.20000", "2010-09-30": "138.90000", "2010-06-30": "193.70000", "2010-03-31": "157.20000", "2009-12-31": "268.80000", "2009-09-30": "89.40000", "2009-06-30": "93.00000", "2009-03-31": "95.90000", "2008-12-31": "72.10000", "2008-09-30": "79.90000", "2008-06-30": "117.90000", "2008-03-31": "111.10000", "2007-12-31": "86.30000", "2007-09-30": "72.38700", "2007-06-30": "119.61600", "2007-03-31": "113.08200", "2006-12-31": "118.96800", "2006-09-30": "111.01400", "2006-06-30": "125.86600", "2006-03-31": "145.72900", "2005-12-31": "98.99700", "2005-09-30": "93.04700", "2005-06-30": "109.31800", "2005-03-31": "110.55600"}, "Other Operating Income Or Expenses": {"2020-09-30": "", "2020-06-30": "", "2020-03-31": "", "2019-12-31": "", "2019-09-30": "-87.00000", "2019-06-30": "", "2019-03-31": "", "2018-12-31": "", "2018-09-30": "-95.00000", "2018-06-30": "", "2018-03-31": "", "2017-12-31": "", "2017-09-30": "", "2017-06-30": "", "2017-03-31": "", "2016-12-31": "", "2016-09-30": "", "2016-06-30": "", "2016-03-31": "", "2015-12-31": "", "2015-09-30": "", "2015-06-30": "", "2015-03-31": "", "2014-12-31": "", "2014-09-30": "", "2014-06-30": "", "2014-03-31": "", "2013-12-31": "", "2013-09-30": "", "2013-06-30": "", "2013-03-31": "", "2012-12-31": "", "2012-09-30": "", "2012-06-30": "", "2012-03-31": "", "2011-12-31": "", "2011-09-30": "", "2011-06-30": "", "2011-03-31": "", "2010-12-31": "", "2010-09-30": "-154.90000", "2010-06-30": "", "2010-03-31": "", "2009-12-31": "", "2009-09-30": "", "2009-06-30": "", "2009-03-31": "", "2008-12-31": "", "2008-09-30": "", "2008-06-30": "", "2008-03-31": "", "2007-12-31": "", "2007-09-30": "", "2007-06-30": "", "2007-03-31": "", "2006-12-31": "", "2006-09-30": "", "2006-06-30": "", "2006-03-31": "", "2005-12-31": "", "2005-09-30": "", "2005-06-30": "", "2005-03-31": ""}, "Operating Expenses": {"2020-09-30": "2966.00000", "2020-06-30": "2916.00000", "2020-03-31": "2970.00000", "2019-12-31": "3219.00000", "2019-09-30": "2682.00000", "2019-06-30": "1721.00000", "2019-03-31": "1742.00000", "2018-12-31": "1698.00000", "2018-09-30": "1742.00000", "2018-06-30": "1753.00000", "2018-03-31": "1772.00000", "2017-12-31": "1735.00000", "2017-09-30": "1711.00000", "2017-06-30": "1888.00000", "2017-03-31": "1902.00000", "2016-12-31": "1672.00000", "2016-09-30": "1911.00000", "2016-06-30": "2022.00000", "2016-03-31": "1997.00000", "2015-12-31": "1616.00000", "2015-09-30": "1241.00000", "2015-06-30": "1300.00000", "2015-03-31": "1340.00000", "2014-12-31": "1336.80000", "2014-09-30": "1281.60000", "2014-06-30": "1289.40000", "2014-03-31": "1234.20000", "2013-12-31": "1351.20000", "2013-09-30": "1182.30000", "2013-06-30": "1264.10000", "2013-03-31": "1202.90000", "2012-12-31": "1205.10000", "2012-09-30": "1149.00000", "2012-06-30": "1174.50000", "2012-03-31": "1190.90000", "2011-12-31": "1122.90000", "2011-09-30": "1125.00000", "2011-06-30": "1158.70000", "2011-03-31": "1169.50000", "2010-12-31": "1037.00000", "2010-09-30": "1191.10000", "2010-06-30": "1086.90000", "2010-03-31": "1047.60000", "2009-12-31": "1300.60000", "2009-09-30": "694.80000", "2009-06-30": "715.80000", "2009-03-31": "714.30000", "2008-12-31": "668.00010", "2008-09-30": "764.20000", "2008-06-30": "811.80000", "2008-03-31": "779.10000", "2007-12-31": "755.10000", "2007-09-30": "652.96400", "2007-06-30": "945.66500", "2007-03-31": "912.57200", "2006-12-31": "949.77300", "2006-09-30": "895.68190", "2006-06-30": "869.23000", "2006-03-31": "796.12600", "2005-12-31": "545.53700", "2005-09-30": "574.38600", "2005-06-30": "591.12500", "2005-03-31": "564.56700"}, "Operating Income": {"2020-09-30": "231.00000", "2020-06-30": "46.00000", "2020-03-31": "108.00000", "2019-12-31": "123.00000", "2019-09-30": "140.00000", "2019-06-30": "391.00000", "2019-03-31": "315.00000", "2018-12-31": "469.00000", "2018-09-30": "342.00000", "2018-06-30": "353.00000", "2018-03-31": "294.00000", "2017-12-31": "431.00000", "2017-09-30": "385.00000", "2017-06-30": "370.00000", "2017-03-31": "246.00000", "2016-12-31": "364.00000", "2016-09-30": "398.00000", "2016-06-30": "283.00000", "2016-03-31": "184.00000", "2015-12-31": "259.00000", "2015-09-30": "338.00000", "2015-06-30": "287.00000", "2015-03-31": "215.00000", "2014-12-31": "351.50010", "2014-09-30": "323.70010", "2014-06-30": "309.70000", "2014-03-31": "286.10000", "2013-12-31": "221.39980", "2013-09-30": "317.70010", "2013-06-30": "248.70010", "2013-03-31": "275.10000", "2012-12-31": "283.20000", "2012-09-30": "287.90000", "2012-06-30": "282.70000", "2012-03-31": "222.50000", "2011-12-31": "307.80040", "2011-09-30": "273.20000", "2011-06-30": "254.60000", "2011-03-31": "213.90000", "2010-12-31": "235.40000", "2010-09-30": "176.10000", "2010-06-30": "184.10000", "2010-03-31": "187.40000", "2009-12-31": "-41.49960", "2009-09-30": "133.90000", "2009-06-30": "113.40000", "2009-03-31": "79.79990", "2008-12-31": "107.49990", "2008-09-30": "119.80000", "2008-06-30": "57.90000", "2008-03-31": "51.20000", "2007-12-31": "100.20000", "2007-09-30": "59.84800", "2007-06-30": "179.36900", "2007-03-31": "158.86790", "2006-12-31": "158.74900", "2006-09-30": "162.51510", "2006-06-30": "152.71600", "2006-03-31": "104.81000", "2005-12-31": "84.27900", "2005-09-30": "123.72300", "2005-06-30": "117.58800", "2005-03-31": "87.01300"}, "Total Non-Operating Income/Expense": {"2020-09-30": "-88.00000", "2020-06-30": "-14.00000", "2020-03-31": "-119.00000", "2019-12-31": "-306.00000", "2019-09-30": "69.00000", "2019-06-30": "-192.00000", "2019-03-31": "-127.00000", "2018-12-31": "-70.00000", "2018-09-30": "-138.00000", "2018-06-30": "-77.00000", "2018-03-31": "-69.00000", "2017-12-31": "-66.00000", "2017-09-30": "-266.00000", "2017-06-30": "-87.00000", "2017-03-31": "-37.00000", "2016-12-31": "-100.00000", "2016-09-30": "-104.00000", "2016-06-30": "-94.00000", "2016-03-31": "-94.00000", "2015-12-31": "-83.00000", "2015-09-30": "-56.00000", "2015-06-30": "116.00000", "2015-03-31": "-39.00000", "2014-12-31": "-40.80000", "2014-09-30": "-92.50000", "2014-06-30": "-43.10000", "2014-03-31": "-41.60000", "2013-12-31": "-43.70000", "2013-09-30": "-37.80000", "2013-06-30": "-111.30000", "2013-03-31": "-46.60000", "2012-12-31": "-53.80000", "2012-09-30": "-55.50000", "2012-06-30": "-58.40000", "2012-03-31": "-80.30000", "2011-12-31": "-130.50000", "2011-09-30": "-61.30000", "2011-06-30": "-66.00000", "2011-03-31": "-64.70000", "2010-12-31": "-76.50000", "2010-09-30": "-43.00000", "2010-06-30": "-31.90000", "2010-03-31": "-33.50000", "2009-12-31": "-35.70000", "2009-09-30": "-30.40000", "2009-06-30": "-25.80000", "2009-03-31": "-30.00000", "2008-12-31": "-30.80000", "2008-09-30": "-46.80000", "2008-06-30": "-40.80000", "2008-03-31": "-37.20000", "2007-12-31": "-26.30000", "2007-09-30": "148.63400", "2007-06-30": "50.37600", "2007-03-31": "-70.89100", "2006-12-31": "-48.37400", "2006-09-30": "-49.86600", "2006-06-30": "-46.63400", "2006-03-31": "-43.48700", "2005-12-31": "-39.87000", "2005-09-30": "-34.93700", "2005-06-30": "-36.02900", "2005-03-31": "-13.95600"}, "Pre-Tax Income": {"2020-09-30": "143.00000", "2020-06-30": "32.00000", "2020-03-31": "-11.00000", "2019-12-31": "-183.00000", "2019-09-30": "209.00000", "2019-06-30": "199.00000", "2019-03-31": "188.00000", "2018-12-31": "399.00000", "2018-09-30": "204.00000", "2018-06-30": "276.00000", "2018-03-31": "225.00000", "2017-12-31": "365.00000", "2017-09-30": "119.00000", "2017-06-30": "283.00000", "2017-03-31": "209.00000", "2016-12-31": "264.00000", "2016-09-30": "294.00000", "2016-06-30": "189.00000", "2016-03-31": "90.00000", "2015-12-31": "176.00000", "2015-09-30": "282.00000", "2015-06-30": "403.00000", "2015-03-31": "176.00000", "2014-12-31": "310.70000", "2014-09-30": "231.20000", "2014-06-30": "266.60000", "2014-03-31": "244.50000", "2013-12-31": "177.70000", "2013-09-30": "279.90000", "2013-06-30": "137.40000", "2013-03-31": "228.50000", "2012-12-31": "229.40000", "2012-09-30": "232.40000", "2012-06-30": "224.30000", "2012-03-31": "142.20000", "2011-12-31": "177.30000", "2011-09-30": "211.90000", "2011-06-30": "188.60000", "2011-03-31": "149.20000", "2010-12-31": "158.90000", "2010-09-30": "133.10000", "2010-06-30": "152.20000", "2010-03-31": "153.90000", "2009-12-31": "-77.20000", "2009-09-30": "103.50000", "2009-06-30": "87.60000", "2009-03-31": "49.80000", "2008-12-31": "76.70000", "2008-09-30": "73.00000", "2008-06-30": "17.10000", "2008-03-31": "14.00000", "2007-12-31": "73.90000", "2007-09-30": "208.48200", "2007-06-30": "229.74500", "2007-03-31": "87.97700", "2006-12-31": "110.37500", "2006-09-30": "112.64900", "2006-06-30": "106.08200", "2006-03-31": "61.32300", "2005-12-31": "44.40900", "2005-09-30": "88.78600", "2005-06-30": "81.55900", "2005-03-31": "73.05700"}, "Income Taxes": {"2020-09-30": "121.00000", "2020-06-30": "4.00000", "2020-03-31": "-30.00000", "2019-12-31": "-20.00000", "2019-09-30": "48.00000", "2019-06-30": "40.00000", "2019-03-31": "32.00000", "2018-12-31": "86.00000", "2018-09-30": "37.00000", "2018-06-30": "51.00000", "2018-03-31": "34.00000", "2017-12-31": "-581.00000", "2017-09-30": "50.00000", "2017-06-30": "136.00000", "2017-03-31": "74.00000", "2016-12-31": "91.00000", "2016-09-30": "103.00000", "2016-06-30": "66.00000", "2016-03-31": "31.00000", "2015-12-31": "65.00000", "2015-09-30": "100.00000", "2015-06-30": "156.00000", "2015-03-31": "58.00000", "2014-12-31": "101.30000", "2014-09-30": "72.10000", "2014-06-30": "80.40000", "2014-03-31": "81.20000", "2013-12-31": "94.70000", "2013-09-30": "97.80000", "2013-06-30": "41.20000", "2013-03-31": "75.20000", "2012-12-31": "78.10000", "2012-09-30": "79.00000", "2012-06-30": "65.30000", "2012-03-31": "47.70000", "2011-12-31": "55.30000", "2011-09-30": "64.60000", "2011-06-30": "60.20000", "2011-03-31": "52.30000", "2010-12-31": "47.20000", "2010-09-30": "48.20000", "2010-06-30": "56.10000", "2010-03-31": "56.90000", "2009-12-31": "-28.00000", "2009-09-30": "35.50000", "2009-06-30": "30.10000", "2009-03-31": "17.10000", "2008-12-31": "24.00000", "2008-09-30": "27.00000", "2008-06-30": "3.30000", "2008-03-31": "3.30000", "2007-12-31": "26.00000", "2007-09-30": "75.23800", "2007-06-30": "84.58000", "2007-03-31": "32.72900", "2006-12-31": "40.96600", "2006-09-30": "40.20700", "2006-06-30": "40.62900", "2006-03-31": "23.48700", "2005-12-31": "16.52000", "2005-09-30": "31.11200", "2005-06-30": "31.38000", "2005-03-31": "28.05400"}, "Income After Taxes": {"2020-09-30": "22.00000", "2020-06-30": "28.00000", "2020-03-31": "19.00000", "2019-12-31": "-163.00000", "2019-09-30": "161.00000", "2019-06-30": "159.00000", "2019-03-31": "156.00000", "2018-12-31": "313.00000", "2018-09-30": "167.00000", "2018-06-30": "225.00000", "2018-03-31": "191.00000", "2017-12-31": "946.00000", "2017-09-30": "69.00000", "2017-06-30": "147.00000", "2017-03-31": "135.00000", "2016-12-31": "173.00000", "2016-09-30": "191.00000", "2016-06-30": "123.00000", "2016-03-31": "59.00000", "2015-12-31": "111.00000", "2015-09-30": "182.00000", "2015-06-30": "247.00000", "2015-03-31": "118.00000", "2014-12-31": "209.40000", "2014-09-30": "159.10000", "2014-06-30": "186.20000", "2014-03-31": "163.30000", "2013-12-31": "83.00000", "2013-09-30": "182.10000", "2013-06-30": "96.20000", "2013-03-31": "153.30000", "2012-12-31": "151.30000", "2012-09-30": "153.40000", "2012-06-30": "159.00000", "2012-03-31": "94.50000", "2011-12-31": "122.00000", "2011-09-30": "147.30000", "2011-06-30": "128.40000", "2011-03-31": "96.90000", "2010-12-31": "111.70000", "2010-09-30": "84.90000", "2010-06-30": "96.10000", "2010-03-31": "97.00000", "2009-12-31": "-49.20000", "2009-09-30": "68.00000", "2009-06-30": "57.50000", "2009-03-31": "32.70000", "2008-12-31": "52.70000", "2008-09-30": "46.00000", "2008-06-30": "13.80000", "2008-03-31": "10.70000", "2007-12-31": "47.90000", "2007-09-30": "133.24400", "2007-06-30": "145.16500", "2007-03-31": "55.24800", "2006-12-31": "69.40900", "2006-09-30": "72.44200", "2006-06-30": "65.45300", "2006-03-31": "37.83600", "2005-12-31": "27.88900", "2005-09-30": "57.67400", "2005-06-30": "50.17900", "2005-03-31": "45.00300"}, "Other Income": {"2020-09-30": "", "2020-06-30": "", "2020-03-31": "", "2019-12-31": "", "2019-09-30": "", "2019-06-30": "", "2019-03-31": "", "2018-12-31": "", "2018-09-30": "", "2018-06-30": "", "2018-03-31": "", "2017-12-31": "", "2017-09-30": "", "2017-06-30": "", "2017-03-31": "", "2016-12-31": "", "2016-09-30": "", "2016-06-30": "", "2016-03-31": "", "2015-12-31": "", "2015-09-30": "", "2015-06-30": "", "2015-03-31": "", "2014-12-31": "", "2014-09-30": "", "2014-06-30": "", "2014-03-31": "", "2013-12-31": "", "2013-09-30": "", "2013-06-30": "", "2013-03-31": "", "2012-12-31": "", "2012-09-30": "", "2012-06-30": "", "2012-03-31": "", "2011-12-31": "", "2011-09-30": "", "2011-06-30": "", "2011-03-31": "", "2010-12-31": "", "2010-09-30": "", "2010-06-30": "", "2010-03-31": "", "2009-12-31": "", "2009-09-30": "", "2009-06-30": "", "2009-03-31": "", "2008-12-31": "", "2008-09-30": "", "2008-06-30": "", "2008-03-31": "", "2007-12-31": "", "2007-09-30": "", "2007-06-30": "", "2007-03-31": "", "2006-12-31": "", "2006-09-30": "", "2006-06-30": "", "2006-03-31": "", "2005-12-31": "", "2005-09-30": "", "2005-06-30": "", "2005-03-31": ""}, "Income From Continuous Operations": {"2020-09-30": "22.00000", "2020-06-30": "21.00000", "2020-03-31": "18.00000", "2019-12-31": "-157.00000", "2019-09-30": "156.00000", "2019-06-30": "155.00000", "2019-03-31": "149.00000", "2018-12-31": "310.00000", "2018-09-30": "163.00000", "2018-06-30": "218.00000", "2018-03-31": "190.00000", "2017-12-31": "943.00000", "2017-09-30": "69.00000", "2017-06-30": "147.00000", "2017-03-31": "135.00000", "2016-12-31": "173.00000", "2016-09-30": "191.00000", "2016-06-30": "123.00000", "2016-03-31": "59.00000", "2015-12-31": "111.00000", "2015-09-30": "182.00000", "2015-06-30": "247.00000", "2015-03-31": "118.00000", "2014-12-31": "209.40000", "2014-09-30": "159.10000", "2014-06-30": "186.20000", "2014-03-31": "163.30000", "2013-12-31": "83.00000", "2013-09-30": "182.10000", "2013-06-30": "96.20000", "2013-03-31": "153.30000", "2012-12-31": "151.30000", "2012-09-30": "153.40000", "2012-06-30": "159.00000", "2012-03-31": "94.50000", "2011-12-31": "122.00000", "2011-09-30": "147.30000", "2011-06-30": "128.40000", "2011-03-31": "96.90000", "2010-12-31": "111.70000", "2010-09-30": "84.90000", "2010-06-30": "96.10000", "2010-03-31": "97.00000", "2009-12-31": "-49.20000", "2009-09-30": "68.00000", "2009-06-30": "57.50000", "2009-03-31": "32.70000", "2008-12-31": "52.70000", "2008-09-30": "46.00000", "2008-06-30": "13.60000", "2008-03-31": "10.70000", "2007-12-31": "47.60000", "2007-09-30": "133.37100", "2007-06-30": "145.61500", "2007-03-31": "56.36000", "2006-12-31": "71.19800", "2006-09-30": "74.16200", "2006-06-30": "66.02900", "2006-03-31": "39.35800", "2005-12-31": "30.26000", "2005-09-30": "57.89200", "2005-06-30": "48.57600", "2005-03-31": "44.59600"}, "Income From Discontinued Operations": {"2020-09-30": "", "2020-06-30": "", "2020-03-31": "", "2019-12-31": "", "2019-09-30": "", "2019-06-30": "", "2019-03-31": "", "2018-12-31": "", "2018-09-30": "", "2018-06-30": "", "2018-03-31": "", "2017-12-31": "", "2017-09-30": "", "2017-06-30": "", "2017-03-31": "", "2016-12-31": "", "2016-09-30": "", "2016-06-30": "1.00000", "2016-03-31": "", "2015-12-31": "", "2015-09-30": "-2.00000", "2015-06-30": "-2.00000", "2015-03-31": "-3.00000", "2014-12-31": "-6.70000", "2014-09-30": "-1.20000", "2014-06-30": "-0.90000", "2014-03-31": "-2.20000", "2013-12-31": "-2.80000", "2013-09-30": "-3.00000", "2013-06-30": "12.80000", "2013-03-31": "-3.90000", "2012-12-31": "-6.50000", "2012-09-30": "-61.00000", "2012-06-30": "-5.20000", "2012-03-31": "-4.40000", "2011-12-31": "0.00000", "2011-09-30": "-7.10000", "2011-06-30": "-3.10000", "2011-03-31": "-3.30000", "2010-12-31": "0.60000", "2010-09-30": "-23.90000", "2010-06-30": "-5.00000", "2010-03-31": "-3.50000", "2009-12-31": "-3.60000", "2009-09-30": "1.00000", "2009-06-30": "2.10000", "2009-03-31": "", "2008-12-31": "-22.70000", "2008-09-30": "0.40000", "2008-06-30": "59.20000", "2008-03-31": "59.60000", "2007-12-31": "60.80000", "2007-09-30": "111.93300", "2007-06-30": "2.38900", "2007-03-31": "3.14300", "2006-12-31": "3.92200", "2006-09-30": "4.41800", "2006-06-30": "", "2006-03-31": "", "2005-12-31": "", "2005-09-30": "", "2005-06-30": "", "2005-03-31": ""}, "Net Income": {"2020-09-30": "20.00000", "2020-06-30": "19.00000", "2020-03-31": "15.00000", "2019-12-31": "-158.00000", "2019-09-30": "154.00000", "2019-06-30": "154.00000", "2019-03-31": "148.00000", "2018-12-31": "298.00000", "2018-09-30": "154.00000", "2018-06-30": "212.00000", "2018-03-31": "182.00000", "2017-12-31": "934.00000", "2017-09-30": "59.00000", "2017-06-30": "139.00000", "2017-03-31": "129.00000", "2016-12-31": "164.00000", "2016-09-30": "185.00000", "2016-06-30": "121.00000", "2016-03-31": "55.00000", "2015-12-31": "106.00000", "2015-09-30": "175.00000", "2015-06-30": "240.00000", "2015-03-31": "111.00000", "2014-12-31": "195.20000", "2014-09-30": "150.50000", "2014-06-30": "178.80000", "2014-03-31": "154.50000", "2013-12-31": "71.90000", "2013-09-30": "172.30000", "2013-06-30": "104.80000", "2013-03-31": "144.10000", "2012-12-31": "136.70000", "2012-09-30": "86.80000", "2012-06-30": "150.60000", "2012-03-31": "87.10000", "2011-12-31": "117.00000", "2011-09-30": "136.30000", "2011-06-30": "123.50000", "2011-03-31": "92.80000", "2010-12-31": "110.60000", "2010-09-30": "110.40000", "2010-06-30": "89.90000", "2010-03-31": "93.60000", "2009-12-31": "-53.90000", "2009-09-30": "67.60000", "2009-06-30": "59.20000", "2009-03-31": "33.00000", "2008-12-31": "28.80000", "2008-09-30": "43.60000", "2008-06-30": "71.90000", "2008-03-31": "70.50000", "2007-12-31": "108.40000", "2007-09-30": "245.30400", "2007-06-30": "148.00400", "2007-03-31": "59.50300", "2006-12-31": "75.12000", "2006-09-30": "78.58000", "2006-06-30": "66.02900", "2006-03-31": "39.35800", "2005-12-31": "45.48600", "2005-09-30": "57.89200", "2005-06-30": "48.57600", "2005-03-31": "44.59600"}, "EBITDA": {"2020-09-30": "1169.00000", "2020-06-30": "970.00000", "2020-03-31": "1030.00000", "2019-12-31": "1086.00000", "2019-09-30": "899.00000", "2019-06-30": "765.00000", "2019-03-31": "687.00000", "2018-12-31": "833.00000", "2018-09-30": "700.00000", "2018-06-30": "711.00000", "2018-03-31": "651.00000", "2017-12-31": "786.00000", "2017-09-30": "725.00000", "2017-06-30": "716.00000", "2017-03-31": "590.00000", "2016-12-31": "646.00000", "2016-09-30": "695.00000", "2016-06-30": "578.00000", "2016-03-31": "482.00000", "2015-12-31": "468.00000", "2015-09-30": "497.00000", "2015-06-30": "444.00000", "2015-03-31": "370.00000", "2014-12-31": "516.20010", "2014-09-30": "489.20010", "2014-06-30": "470.30000", "2014-03-31": "441.30000", "2013-12-31": "381.29980", "2013-09-30": "472.20010", "2013-06-30": "412.80010", "2013-03-31": "431.10000", "2012-12-31": "445.20000", "2012-09-30": "446.30000", "2012-06-30": "445.00000", "2012-03-31": "402.00000", "2011-12-31": "501.00040", "2011-09-30": "438.30000", "2011-06-30": "413.70000", "2011-03-31": "371.90000", "2010-12-31": "399.20000", "2010-09-30": "334.90000", "2010-06-30": "340.50000", "2010-03-31": "341.60000", "2009-12-31": "119.10040", "2009-09-30": "228.20000", "2009-06-30": "205.50000", "2009-03-31": "171.79990", "2008-12-31": "203.19990", "2008-09-30": "232.90000", "2008-06-30": "179.80000", "2008-03-31": "176.70000", "2007-12-31": "225.93290", "2007-09-30": "195.07500", "2007-06-30": "293.37300", "2007-03-31": "297.80390", "2006-12-31": "275.36900", "2006-09-30": "275.13010", "2006-06-30": "264.49900", "2006-03-31": "202.69200", "2005-12-31": "167.83100", "2005-09-30": "194.50500", "2005-06-30": "192.95100", "2005-03-31": "162.75300"}, "EBIT": {"2020-09-30": "231.00000", "2020-06-30": "46.00000", "2020-03-31": "108.00000", "2019-12-31": "123.00000", "2019-09-30": "140.00000", "2019-06-30": "391.00000", "2019-03-31": "315.00000", "2018-12-31": "469.00000", "2018-09-30": "342.00000", "2018-06-30": "353.00000", "2018-03-31": "294.00000", "2017-12-31": "431.00000", "2017-09-30": "385.00000", "2017-06-30": "370.00000", "2017-03-31": "246.00000", "2016-12-31": "364.00000", "2016-09-30": "398.00000", "2016-06-30": "283.00000", "2016-03-31": "184.00000", "2015-12-31": "259.00000", "2015-09-30": "338.00000", "2015-06-30": "287.00000", "2015-03-31": "215.00000", "2014-12-31": "351.50000", "2014-09-30": "323.70010", "2014-06-30": "309.70000", "2014-03-31": "286.10000", "2013-12-31": "221.39980", "2013-09-30": "317.70010", "2013-06-30": "248.70010", "2013-03-31": "275.10000", "2012-12-31": "283.19980", "2012-09-30": "287.90000", "2012-06-30": "282.70000", "2012-03-31": "222.50000", "2011-12-31": "307.80000", "2011-09-30": "273.20000", "2011-06-30": "254.60000", "2011-03-31": "213.90000", "2010-12-31": "235.40000", "2010-09-30": "176.10000", "2010-06-30": "184.10000", "2010-03-31": "187.40000", "2009-12-31": "-41.49980", "2009-09-30": "133.90000", "2009-06-30": "113.40000", "2009-03-31": "79.79990", "2008-12-31": "107.49990", "2008-09-30": "119.80000", "2008-06-30": "57.90000", "2008-03-31": "51.20000", "2007-12-31": "100.20000", "2007-09-30": "59.84800", "2007-06-30": "179.36900", "2007-03-31": "158.86790", "2006-12-31": "158.74900", "2006-09-30": "162.51510", "2006-06-30": "152.71600", "2006-03-31": "104.81000", "2005-12-31": "84.27900", "2005-09-30": "123.72300", "2005-06-30": "117.58800", "2005-03-31": "87.01300"}, "Basic Shares Outstanding": {"2020-09-30": "620.00000", "2020-06-30": "618.00000", "2020-03-31": "616.00000", "2019-12-31": "445.00000", "2019-09-30": "516.00000", "2019-06-30": "324.00000", "2019-03-31": "323.00000", "2018-12-31": "328.00000", "2018-09-30": "328.00000", "2018-06-30": "329.00000", "2018-03-31": "330.00000", "2017-12-31": "330.00000", "2017-09-30": "331.00000", "2017-06-30": "330.00000", "2017-03-31": "328.00000", "2016-12-31": "326.00000", "2016-09-30": "326.00000", "2016-06-30": "325.00000", "2016-03-31": "324.00000", "2015-12-31": "285.00000", "2015-09-30": "280.00000", "2015-06-30": "281.00000", "2015-03-31": "283.00000", "2014-12-31": "285.00000", "2014-09-30": "283.10000", "2014-06-30": "285.50000", "2014-03-31": "288.00000", "2013-12-31": "289.70000", "2013-09-30": "289.20000", "2013-06-30": "289.90000", "2013-03-31": "291.00000", "2012-12-31": "291.80000", "2012-09-30": "292.40000", "2012-06-30": "292.70000", "2012-03-31": "289.70000", "2011-12-31": "300.60000", "2011-09-30": "300.90000", "2011-06-30": "303.60000", "2011-03-31": "301.50000", "2010-12-31": "345.10000", "2010-09-30": "332.20000", "2010-06-30": "376.50000", "2010-03-31": "373.30000", "2009-12-31": "236.40000", "2009-09-30": "191.10000", "2009-06-30": "190.30000", "2009-03-31": "190.00000", "2008-12-31": "191.60000", "2008-09-30": "189.50000", "2008-06-30": "192.50000", "2008-03-31": "194.50000", "2007-12-31": "194.50000", "2007-09-30": "193.17100", "2007-06-30": "192.74300", "2007-03-31": "191.89800", "2006-12-31": "190.53400", "2006-09-30": "190.68000", "2006-06-30": "192.22400", "2006-03-31": "169.98900", "2005-12-31": "127.92000", "2005-09-30": "127.92000", "2005-06-30": "127.92000", "2005-03-31": "127.92000"}, "Shares Outstanding": {"2020-09-30": "627.00000", "2020-06-30": "625.00000", "2020-03-31": "625.00000", "2019-12-31": "451.00000", "2019-09-30": "524.00000", "2019-06-30": "327.00000", "2019-03-31": "326.00000", "2018-12-31": "332.00000", "2018-09-30": "331.00000", "2018-06-30": "333.00000", "2018-03-31": "334.00000", "2017-12-31": "336.00000", "2017-09-30": "336.00000", "2017-06-30": "334.00000", "2017-03-31": "333.00000", "2016-12-31": "330.00000", "2016-09-30": "330.00000", "2016-06-30": "329.00000", "2016-03-31": "327.00000", "2015-12-31": "289.00000", "2015-09-30": "284.00000", "2015-06-30": "284.00000", "2015-03-31": "287.00000", "2014-12-31": "289.00000", "2014-09-30": "287.00000", "2014-06-30": "289.20000", "2014-03-31": "291.90000", "2013-12-31": "294.20000", "2013-09-30": "293.20000", "2013-06-30": "294.30000", "2013-03-31": "295.50000", "2012-12-31": "297.50000", "2012-09-30": "297.90000", "2012-06-30": "298.30000", "2012-03-31": "295.40000", "2011-12-31": "307.00000", "2011-09-30": "306.80000", "2011-06-30": "310.90000", "2011-03-31": "308.70000", "2010-12-31": "352.00000", "2010-09-30": "339.20000", "2010-06-30": "384.60000", "2010-03-31": "379.90000", "2009-12-31": "239.40000", "2009-09-30": "194.60000", "2009-06-30": "192.70000", "2009-03-31": "191.60000", "2008-12-31": "193.50000", "2008-09-30": "191.80000", "2008-06-30": "194.40000", "2008-03-31": "196.50000", "2007-12-31": "196.70000", "2007-09-30": "196.64900", "2007-06-30": "196.97700", "2007-03-31": "195.80700", "2006-12-31": "194.52100", "2006-09-30": "193.62600", "2006-06-30": "195.37400", "2006-03-31": "172.98700", "2005-12-31": "128.35400", "2005-09-30": "127.92000", "2005-06-30": "127.92000", "2005-03-31": "127.92000"}, "Basic EPS": {"2020-09-30": "0.03000", "2020-06-30": "0.03000", "2020-03-31": "0.02000", "2019-12-31": "-0.57000", "2019-09-30": "0.30000", "2019-06-30": "0.48000", "2019-03-31": "0.46000", "2018-12-31": "0.92000", "2018-09-30": "0.47000", "2018-06-30": "0.64000", "2018-03-31": "0.55000", "2017-12-31": "2.83000", "2017-09-30": "0.18000", "2017-06-30": "0.42000", "2017-03-31": "0.39000", "2016-12-31": "0.50000", "2016-09-30": "0.57000", "2016-06-30": "0.37000", "2016-03-31": "0.17000", "2015-12-31": "0.36000", "2015-09-30": "0.62000", "2015-06-30": "0.85000", "2015-03-31": "0.39000", "2014-12-31": "0.68000", "2014-09-30": "0.53000", "2014-06-30": "0.63000", "2014-03-31": "0.54000", "2013-12-31": "0.24000", "2013-09-30": "0.60000", "2013-06-30": "0.36000", "2013-03-31": "0.50000", "2012-12-31": "0.47000", "2012-09-30": "0.30000", "2012-06-30": "0.51000", "2012-03-31": "0.30000", "2011-12-31": "0.39000", "2011-09-30": "0.45000", "2011-06-30": "0.41000", "2011-03-31": "0.31000", "2010-12-31": "0.35000", "2010-09-30": "0.33000", "2010-06-30": "0.24000", "2010-03-31": "0.25000", "2009-12-31": "-0.38000", "2009-09-30": "0.35000", "2009-06-30": "0.31000", "2009-03-31": "0.17000", "2008-12-31": "0.16000", "2008-09-30": "0.23000", "2008-06-30": "0.37000", "2008-03-31": "0.36000", "2007-12-31": "0.56000", "2007-09-30": "1.27000", "2007-06-30": "0.77000", "2007-03-31": "0.31000", "2006-12-31": "0.39000", "2006-09-30": "0.41000", "2006-06-30": "0.34000", "2006-03-31": "0.23000", "2005-12-31": "0.36000", "2005-09-30": "0.45000", "2005-06-30": "0.38000", "2005-03-31": "0.35000"}, "EPS - Earnings Per Share": {"2020-09-30": "0.03000", "2020-06-30": "0.03000", "2020-03-31": "0.02000", "2019-12-31": "-0.55000", "2019-09-30": "0.29000", "2019-06-30": "0.47000", "2019-03-31": "0.45000", "2018-12-31": "0.90000", "2018-09-30": "0.47000", "2018-06-30": "0.64000", "2018-03-31": "0.54000", "2017-12-31": "2.76000", "2017-09-30": "0.18000", "2017-06-30": "0.42000", "2017-03-31": "0.39000", "2016-12-31": "0.49000", "2016-09-30": "0.56000", "2016-06-30": "0.37000", "2016-03-31": "0.17000", "2015-12-31": "0.34000", "2015-09-30": "0.62000", "2015-06-30": "0.84000", "2015-03-31": "0.39000", "2014-12-31": "0.68000", "2014-09-30": "0.52000", "2014-06-30": "0.62000", "2014-03-31": "0.53000", "2013-12-31": "0.24000", "2013-09-30": "0.59000", "2013-06-30": "0.36000", "2013-03-31": "0.49000", "2012-12-31": "0.47000", "2012-09-30": "0.29000", "2012-06-30": "0.50000", "2012-03-31": "0.29000", "2011-12-31": "0.39000", "2011-09-30": "0.44000", "2011-06-30": "0.40000", "2011-03-31": "0.30000", "2010-12-31": "0.34000", "2010-09-30": "0.33000", "2010-06-30": "0.23000", "2010-03-31": "0.25000", "2009-12-31": "-0.39000", "2009-09-30": "0.35000", "2009-06-30": "0.31000", "2009-03-31": "0.17000", "2008-12-31": "0.15000", "2008-09-30": "0.23000", "2008-06-30": "0.37000", "2008-03-31": "0.36000", "2007-12-31": "0.55000", "2007-09-30": "1.25000", "2007-06-30": "0.75000", "2007-03-31": "0.30000", "2006-12-31": "0.39000", "2006-09-30": "0.41000", "2006-06-30": "0.34000", "2006-03-31": "0.23000", "2005-12-31": "0.35000", "2005-09-30": "0.45000", "2005-06-30": "0.38000", "2005-03-31": "0.35000"}}, "balance sheet": {"Cash On Hand": {"2019-12-31": "1152.00000", "2018-12-31": "703.00000", "2017-12-31": "665.00000", "2016-12-31": "683.00000", "2015-12-31": "682.00000", "2014-12-31": "492.80000", "2013-12-31": "547.50000", "2012-12-31": "517.60000", "2011-12-31": "415.50000", "2010-12-31": "338.00000", "2009-12-31": "430.90000", "2008-12-31": "220.90000", "2007-12-31": "355.30000", "2006-12-31": "211.75300", "2005-12-31": "133.15200"}, "Receivables": {"2019-12-31": "7108.00000", "2018-12-31": "2619.00000", "2017-12-31": "2662.00000", "2016-12-31": "2399.00000", "2015-12-31": "2461.00000", "2014-12-31": "1705.50000", "2013-12-31": "1555.60000", "2012-12-31": "1116.80000", "2011-12-31": "1010.50000", "2010-12-31": "1071.30000", "2009-12-31": "941.60000", "2008-12-31": "752.80000", "2007-12-31": "1185.60000", "2006-12-31": "831.78700", "2005-12-31": "493.99100"}, "Inventory": {"2019-12-31": "", "2018-12-31": "", "2017-12-31": "", "2016-12-31": "", "2015-12-31": "", "2014-12-31": "", "2013-12-31": "", "2012-12-31": "", "2011-12-31": "", "2010-12-31": "", "2009-12-31": "", "2008-12-31": "", "2007-12-31": "", "2006-12-31": "", "2005-12-31": ""}, "Pre-Paid Expenses": {"2019-12-31": "308.00000", "2018-12-31": "288.00000", "2017-12-31": "253.00000", "2016-12-31": "236.00000", "2015-12-31": "266.00000", "2014-12-31": "167.00000", "2013-12-31": "154.10000", "2012-12-31": "111.90000", "2011-12-31": "117.10000", "2010-12-31": "138.00000", "2009-12-31": "141.20000", "2008-12-31": "115.10000", "2007-12-31": "168.50000", "2006-12-31": "148.60100", "2005-12-31": "58.22800"}, "Other Current Assets": {"2019-12-31": "124.00000", "2018-12-31": "123.00000", "2017-12-31": "108.00000", "2016-12-31": "863.00000", "2015-12-31": "", "2014-12-31": "40.40000", "2013-12-31": "35.80000", "2012-12-31": "42.00000", "2011-12-31": "56.90000", "2010-12-31": "67.60000", "2009-12-31": "71.50000", "2008-12-31": "", "2007-12-31": "", "2006-12-31": "", "2005-12-31": ""}, "Total Current Assets": {"2019-12-31": "8692.00000", "2018-12-31": "3733.00000", "2017-12-31": "3688.00000", "2016-12-31": "4282.00000", "2015-12-31": "3509.00000", "2014-12-31": "2473.10000", "2013-12-31": "2351.90000", "2012-12-31": "1844.20000", "2011-12-31": "1674.00000", "2010-12-31": "1673.00000", "2009-12-31": "1666.10000", "2008-12-31": "1166.20000", "2007-12-31": "1829.50000", "2006-12-31": "1300.53900", "2005-12-31": "791.21600"}, "Property, Plant, And Equipment": {"2019-12-31": "900.00000", "2018-12-31": "587.00000", "2017-12-31": "610.00000", "2016-12-31": "626.00000", "2015-12-31": "611.00000", "2014-12-31": "483.30000", "2013-12-31": "439.00000", "2012-12-31": "419.50000", "2011-12-31": "414.50000", "2010-12-31": "390.00000", "2009-12-31": "375.90000", "2008-12-31": "272.60000", "2007-12-31": "392.50000", "2006-12-31": "345.79900", "2005-12-31": "220.42500"}, "Long-Term Investments": {"2019-12-31": "", "2018-12-31": "", "2017-12-31": "", "2016-12-31": "", "2015-12-31": "", "2014-12-31": "", "2013-12-31": "", "2012-12-31": "", "2011-12-31": "", "2010-12-31": "", "2009-12-31": "", "2008-12-31": "", "2007-12-31": "30.50000", "2006-12-31": "195.73900", "2005-12-31": "136.02400"}, "Goodwill And Intangible Assets": {"2019-12-31": "71244.00000", "2018-12-31": "18472.00000", "2017-12-31": "19343.00000", "2016-12-31": "20450.00000", "2015-12-31": "21488.00000", "2014-12-31": "11039.00000", "2013-12-31": "10695.80000", "2012-12-31": "10804.70000", "2011-12-31": "11327.60000", "2010-12-31": "10752.90000", "2009-12-31": "10629.70000", "2008-12-31": "5118.30000", "2007-12-31": "6357.40000", "2006-12-31": "4747.51800", "2005-12-31": "2296.49300"}, "Other Long-Term Assets": {"2019-12-31": "2303.00000", "2018-12-31": "503.00000", "2017-12-31": "531.00000", "2016-12-31": "363.00000", "2015-12-31": "339.00000", "2014-12-31": "311.90000", "2013-12-31": "266.60000", "2012-12-31": "270.10000", "2011-12-31": "224.40000", "2010-12-31": "197.20000", "2009-12-31": "131.80000", "2008-12-31": "79.60000", "2007-12-31": "146.50000", "2006-12-31": "113.45200", "2005-12-31": "109.60700"}, "Total Long-Term Assets": {"2019-12-31": "75114.00000", "2018-12-31": "20037.00000", "2017-12-31": "20838.00000", "2016-12-31": "21749.00000", "2015-12-31": "22691.00000", "2014-12-31": "12047.40000", "2013-12-31": "11608.20000", "2012-12-31": "11705.50000", "2011-12-31": "12199.20000", "2010-12-31": "12503.30000", "2009-12-31": "12331.50000", "2008-12-31": "6334.20000", "2007-12-31": "7965.10000", "2006-12-31": "6330.02100", "2005-12-31": "3397.80500"}, "Total Assets": {"2019-12-31": "83806.00000", "2018-12-31": "23770.00000", "2017-12-31": "24526.00000", "2016-12-31": "26031.00000", "2015-12-31": "26200.00000", "2014-12-31": "14520.50000", "2013-12-31": "13960.10000", "2012-12-31": "13549.70000", "2011-12-31": "13873.20000", "2010-12-31": "14176.30000", "2009-12-31": "13997.60000", "2008-12-31": "7500.40000", "2007-12-31": "9794.60000", "2006-12-31": "7630.56000", "2005-12-31": "4189.02100"}, "Total Current Liabilities": {"2019-12-31": "10382.00000", "2018-12-31": "3125.00000", "2017-12-31": "4011.00000", "2016-12-31": "3151.00000", "2015-12-31": "2364.00000", "2014-12-31": "1598.90000", "2013-12-31": "1672.70000", "2012-12-31": "1256.80000", "2011-12-31": "1356.30000", "2010-12-31": "1300.40000", "2009-12-31": "1234.70000", "2008-12-31": "816.50000", "2007-12-31": "1254.20000", "2006-12-31": "880.51500", "2005-12-31": "597.79800"}, "Long Term Debt": {"2019-12-31": "17229.00000", "2018-12-31": "8670.00000", "2017-12-31": "7718.00000", "2016-12-31": "10146.00000", "2015-12-31": "11429.00000", "2014-12-31": "5054.60000", "2013-12-31": "4339.80000", "2012-12-31": "4231.60000", "2011-12-31": "4550.60000", "2010-12-31": "4935.20000", "2009-12-31": "3016.60000", "2008-12-31": "2409.00000", "2007-12-31": "4003.40000", "2006-12-31": "2947.84000", "2005-12-31": "2530.45500"}, "Other Non-Current Liabilities": {"2019-12-31": "2406.00000", "2018-12-31": "326.00000", "2017-12-31": "403.00000", "2016-12-31": "386.00000", "2015-12-31": "312.00000", "2014-12-31": "275.00000", "2013-12-31": "359.50000", "2012-12-31": "403.70000", "2011-12-31": "375.10000", "2010-12-31": "433.50000", "2009-12-31": "207.00000", "2008-12-31": "158.50000", "2007-12-31": "234.70000", "2006-12-31": "145.74900", "2005-12-31": "88.40900"}, "Total Long Term Liabilities": {"2019-12-31": "23968.00000", "2018-12-31": "10423.00000", "2017-12-31": "9695.00000", "2016-12-31": "13035.00000", "2015-12-31": "14429.00000", "2014-12-31": "6230.10000", "2013-12-31": "5550.10000", "2012-12-31": "5499.30000", "2011-12-31": "5865.70000", "2010-12-31": "6314.30000", "2009-12-31": "4244.30000", "2008-12-31": "2986.90000", "2007-12-31": "4759.20000", "2006-12-31": "3607.30100", "2005-12-31": "2896.65300"}, "Total Liabilities": {"2019-12-31": "34350.00000", "2018-12-31": "13548.00000", "2017-12-31": "13706.00000", "2016-12-31": "16186.00000", "2015-12-31": "16793.00000", "2014-12-31": "7829.00000", "2013-12-31": "7222.80000", "2012-12-31": "6756.10000", "2011-12-31": "7222.00000", "2010-12-31": "7614.70000", "2009-12-31": "5479.00000", "2008-12-31": "3803.40000", "2007-12-31": "6013.40000", "2006-12-31": "4487.81600", "2005-12-31": "3494.45100"}, "Common Stock Net": {"2019-12-31": "6.00000", "2018-12-31": "4.00000", "2017-12-31": "4.00000", "2016-12-31": "4.00000", "2015-12-31": "4.00000", "2014-12-31": "3.90000", "2013-12-31": "3.90000", "2012-12-31": "3.80000", "2011-12-31": "3.80000", "2010-12-31": "3.80000", "2009-12-31": "3.80000", "2008-12-31": "2.00000", "2007-12-31": "2.00000", "2006-12-31": "1.97400", "2005-12-31": "1.27900"}, "Retained Earnings (Accumulated Deficit)": {"2019-12-31": "4161.00000", "2018-12-31": "4528.00000", "2017-12-31": "4109.00000", "2016-12-31": "3299.00000", "2015-12-31": "3073.00000", "2014-12-31": "2746.80000", "2013-12-31": "2341.90000", "2012-12-31": "2105.80000", "2011-12-31": "1880.40000", "2010-12-31": "1471.20000", "2009-12-31": "1134.60000", "2008-12-31": "1076.10000", "2007-12-31": "899.50000", "2006-12-31": "376.96100", "2005-12-31": "156.12700"}, "Comprehensive Income": {"2019-12-31": "-33.00000", "2018-12-31": "-430.00000", "2017-12-31": "-332.00000", "2016-12-31": "-331.00000", "2015-12-31": "-279.00000", "2014-12-31": "-107.20000", "2013-12-31": "-9.90000", "2012-12-31": "30.00000", "2011-12-31": "36.30000", "2010-12-31": "87.90000", "2009-12-31": "82.20000", "2008-12-31": "-102.30000", "2007-12-31": "53.40000", "2006-12-31": "45.00900", "2005-12-31": "-8.47500"}, "Other Share Holders Equity": {"2019-12-31": "", "2018-12-31": "", "2017-12-31": "", "2016-12-31": "", "2015-12-31": "", "2014-12-31": "", "2013-12-31": "", "2012-12-31": "", "2011-12-31": "", "2010-12-31": "", "2009-12-31": "", "2008-12-31": "", "2007-12-31": "", "2006-12-31": "", "2005-12-31": ""}, "Share Holder Equity": {"2019-12-31": "49456.00000", "2018-12-31": "10222.00000", "2017-12-31": "10820.00000", "2016-12-31": "9845.00000", "2015-12-31": "9407.00000", "2014-12-31": "6691.50000", "2013-12-31": "6737.30000", "2012-12-31": "6793.60000", "2011-12-31": "6651.20000", "2010-12-31": "6561.60000", "2009-12-31": "8518.60000", "2008-12-31": "3697.00000", "2007-12-31": "3781.20000", "2006-12-31": "3142.74400", "2005-12-31": "694.57000"}, "Total Liabilities And Share Holders Equity": {"2019-12-31": "83806.00000", "2018-12-31": "23770.00000", "2017-12-31": "24526.00000", "2016-12-31": "26031.00000", "2015-12-31": "26200.00000", "2014-12-31": "14520.50000", "2013-12-31": "13960.10000", "2012-12-31": "13549.70000", "2011-12-31": "13873.20000", "2010-12-31": "14176.30000", "2009-12-31": "13997.60000", "2008-12-31": "7500.40000", "2007-12-31": "9794.60000", "2006-12-31": "7630.56000", "2005-12-31": "4189.02100"}}, "balance sheet, quarterly": {"Cash On Hand": {"2020-09-30": "1826.00000", "2020-06-30": "1183.00000", "2020-03-31": "1373.00000", "2019-12-31": "1152.00000", "2019-09-30": "1305.00000", "2019-06-30": "9756.00000", "2019-03-31": "576.00000", "2018-12-31": "703.00000", "2018-09-30": "632.00000", "2018-06-30": "683.00000", "2018-03-31": "725.00000", "2017-12-31": "665.00000", "2017-09-30": "720.00000", "2017-06-30": "786.00000", "2017-03-31": "705.00000", "2016-12-31": "683.00000", "2016-09-30": "701.00000", "2016-06-30": "765.00000", "2016-03-31": "702.00000", "2015-12-31": "682.00000", "2015-09-30": "441.50000", "2015-06-30": "446.40000", "2015-03-31": "489.00000", "2014-12-31": "492.80000", "2014-09-30": "611.80000", "2014-06-30": "793.70000", "2014-03-31": "737.70000", "2013-12-31": "547.50000", "2013-09-30": "811.60000", "2013-06-30": "653.10000", "2013-03-31": "590.60000", "2012-12-31": "517.60000", "2012-09-30": "576.60000", "2012-06-30": "533.80000", "2012-03-31": "481.70000", "2011-12-31": "415.50000", "2011-09-30": "386.80000", "2011-06-30": "427.30000", "2011-03-31": "384.10000", "2010-12-31": "338.00000", "2010-09-30": "389.40000", "2010-06-30": "502.00000", "2010-03-31": "463.90000", "2009-12-31": "430.90000", "2009-09-30": "205.60000", "2009-06-30": "227.90000", "2009-03-31": "272.00000", "2008-12-31": "220.90000", "2008-09-30": "238.45800", "2008-06-30": "207.03500", "2008-03-31": "327.96500", "2007-12-31": "355.30000", "2007-09-30": "279.07600", "2007-06-30": "220.89000", "2007-03-31": "222.00400", "2006-12-31": "211.75300", "2006-09-30": "174.69000", "2006-06-30": "143.69400", "2006-03-31": "211.35500", "2005-12-31": "133.15200", "2005-09-30": "105.26100", "2005-06-30": "101.66700", "2005-03-31": "50.62500"}, "Receivables": {"2020-09-30": "7121.00000", "2020-06-30": "6934.00000", "2020-03-31": "6498.00000", "2019-12-31": "7108.00000", "2019-09-30": "7565.00000", "2019-06-30": "2330.00000", "2019-03-31": "2613.00000", "2018-12-31": "2619.00000", "2018-09-30": "2545.00000", "2018-06-30": "2408.00000", "2018-03-31": "2594.00000", "2017-12-31": "2662.00000", "2017-09-30": "2348.00000", "2017-06-30": "2252.00000", "2017-03-31": "2428.00000", "2016-12-31": "2399.00000", "2016-09-30": "2450.00000", "2016-06-30": "2463.00000", "2016-03-31": "2495.00000", "2015-12-31": "2461.00000", "2015-09-30": "1698.70000", "2015-06-30": "1727.10000", "2015-03-31": "1810.60000", "2014-12-31": "1705.50000", "2014-09-30": "1678.60000", "2014-06-30": "1761.30000", "2014-03-31": "1709.20000", "2013-12-31": "1555.60000", "2013-09-30": "1785.90000", "2013-06-30": "1120.30000", "2013-03-31": "1088.70000", "2012-12-31": "1116.80000", "2012-09-30": "1053.00000", "2012-06-30": "1059.90000", "2012-03-31": "1043.90000", "2011-12-31": "1010.50000", "2011-09-30": "1006.80000", "2011-06-30": "1049.60000", "2011-03-31": "1047.00000", "2010-12-31": "1071.30000", "2010-09-30": "880.20000", "2010-06-30": "899.50000", "2010-03-31": "921.90000", "2009-12-31": "941.60000", "2009-09-30": "684.10000", "2009-06-30": "687.60000", "2009-03-31": "702.60000", "2008-12-31": "752.80000", "2008-09-30": "764.11900", "2008-06-30": "1254.90000", "2008-03-31": "1217.23500", "2007-12-31": "1185.60000", "2007-09-30": "1060.60700", "2007-06-30": "982.31900", "2007-03-31": "927.00200", "2006-12-31": "831.78700", "2006-09-30": "775.88400", "2006-06-30": "784.45500", "2006-03-31": "748.22900", "2005-12-31": "493.99100", "2005-09-30": "261.69300", "2005-06-30": "270.74700", "2005-03-31": "270.79700"}, "Inventory": {"2020-09-30": "", "2020-06-30": "", "2020-03-31": "", "2019-12-31": "", "2019-09-30": "", "2019-06-30": "", "2019-03-31": "", "2018-12-31": "", "2018-09-30": "", "2018-06-30": "", "2018-03-31": "", "2017-12-31": "", "2017-09-30": "", "2017-06-30": "", "2017-03-31": "", "2016-12-31": "", "2016-09-30": "", "2016-06-30": "", "2016-03-31": "", "2015-12-31": "", "2015-09-30": "", "2015-06-30": "", "2015-03-31": "", "2014-12-31": "", "2014-09-30": "", "2014-06-30": "", "2014-03-31": "", "2013-12-31": "", "2013-09-30": "", "2013-06-30": "", "2013-03-31": "", "2012-12-31": "", "2012-09-30": "", "2012-06-30": "", "2012-03-31": "", "2011-12-31": "", "2011-09-30": "", "2011-06-30": "", "2011-03-31": "", "2010-12-31": "", "2010-09-30": "", "2010-06-30": "", "2010-03-31": "", "2009-12-31": "", "2009-09-30": "", "2009-06-30": "", "2009-03-31": "", "2008-12-31": "", "2008-09-30": "", "2008-06-30": "", "2008-03-31": "", "2007-12-31": "", "2007-09-30": "", "2007-06-30": "", "2007-03-31": "", "2006-12-31": "", "2006-09-30": "", "2006-06-30": "", "2006-03-31": "", "2005-12-31": "", "2005-09-30": "", "2005-06-30": "", "2005-03-31": ""}, "Pre-Paid Expenses": {"2020-09-30": "823.00000", "2020-06-30": "333.00000", "2020-03-31": "334.00000", "2019-12-31": "308.00000", "2019-09-30": "302.00000", "2019-06-30": "297.00000", "2019-03-31": "299.00000", "2018-12-31": "288.00000", "2018-09-30": "252.00000", "2018-06-30": "294.00000", "2018-03-31": "309.00000", "2017-12-31": "253.00000", "2017-09-30": "256.00000", "2017-06-30": "271.00000", "2017-03-31": "276.00000", "2016-12-31": "236.00000", "2016-09-30": "290.00000", "2016-06-30": "298.00000", "2016-03-31": "290.00000", "2015-12-31": "266.00000", "2015-09-30": "186.80000", "2015-06-30": "204.00000", "2015-03-31": "196.40000", "2014-12-31": "167.00000", "2014-09-30": "158.80000", "2014-06-30": "167.70000", "2014-03-31": "153.70000", "2013-12-31": "154.10000", "2013-09-30": "144.50000", "2013-06-30": "181.20000", "2013-03-31": "140.50000", "2012-12-31": "111.90000", "2012-09-30": "130.10000", "2012-06-30": "135.60000", "2012-03-31": "127.40000", "2011-12-31": "117.10000", "2011-09-30": "137.10000", "2011-06-30": "154.20000", "2011-03-31": "148.10000", "2010-12-31": "138.00000", "2010-09-30": "123.80000", "2010-06-30": "144.80000", "2010-03-31": "149.10000", "2009-12-31": "141.20000", "2009-09-30": "89.20000", "2009-06-30": "98.90000", "2009-03-31": "99.10000", "2008-12-31": "115.10000", "2008-09-30": "119.60400", "2008-06-30": "155.18700", "2008-03-31": "174.91400", "2007-12-31": "168.50000", "2007-09-30": "163.38600", "2007-06-30": "163.37800", "2007-03-31": "142.93200", "2006-12-31": "148.60100", "2006-09-30": "125.96000", "2006-06-30": "118.04400", "2006-03-31": "102.30800", "2005-12-31": "58.22800", "2005-09-30": "", "2005-06-30": "", "2005-03-31": ""}, "Other Current Assets": {"2020-09-30": "164.00000", "2020-06-30": "150.00000", "2020-03-31": "141.00000", "2019-12-31": "124.00000", "2019-09-30": "153.00000", "2019-06-30": "122.00000", "2019-03-31": "123.00000", "2018-12-31": "123.00000", "2018-09-30": "168.00000", "2018-06-30": "109.00000", "2018-03-31": "107.00000", "2017-12-31": "108.00000", "2017-09-30": "", "2017-06-30": "753.00000", "2017-03-31": "", "2016-12-31": "863.00000", "2016-09-30": "", "2016-06-30": "", "2016-03-31": "", "2015-12-31": "", "2015-09-30": "29.70000", "2015-06-30": "34.90000", "2015-03-31": "32.40000", "2014-12-31": "40.40000", "2014-09-30": "42.30000", "2014-06-30": "46.50000", "2014-03-31": "34.90000", "2013-12-31": "35.80000", "2013-09-30": "41.00000", "2013-06-30": "38.10000", "2013-03-31": "45.20000", "2012-12-31": "42.00000", "2012-09-30": "66.10000", "2012-06-30": "370.20000", "2012-03-31": "59.40000", "2011-12-31": "56.90000", "2011-09-30": "", "2011-06-30": "", "2011-03-31": "", "2010-12-31": "67.60000", "2010-09-30": "15.00000", "2010-06-30": "", "2010-03-31": "", "2009-12-31": "71.50000", "2009-09-30": "", "2009-06-30": "", "2009-03-31": "", "2008-12-31": "", "2008-09-30": "", "2008-06-30": "", "2008-03-31": "", "2007-12-31": "", "2007-09-30": "", "2007-06-30": "", "2007-03-31": "", "2006-12-31": "", "2006-09-30": "", "2006-06-30": "", "2006-03-31": "", "2005-12-31": "", "2005-09-30": "21.21800", "2005-06-30": "24.80800", "2005-03-31": "62.55500"}, "Total Current Assets": {"2020-09-30": "9934.00000", "2020-06-30": "8600.00000", "2020-03-31": "8346.00000", "2019-12-31": "8692.00000", "2019-09-30": "9325.00000", "2019-06-30": "12505.00000", "2019-03-31": "3611.00000", "2018-12-31": "3733.00000", "2018-09-30": "3597.00000", "2018-06-30": "3494.00000", "2018-03-31": "3735.00000", "2017-12-31": "3688.00000", "2017-09-30": "3324.00000", "2017-06-30": "4062.00000", "2017-03-31": "3409.00000", "2016-12-31": "4282.00000", "2016-09-30": "3523.00000", "2016-06-30": "3678.00000", "2016-03-31": "3629.00000", "2015-12-31": "3509.00000", "2015-09-30": "2436.30000", "2015-06-30": "2482.60000", "2015-03-31": "2597.00000", "2014-12-31": "2473.10000", "2014-09-30": "2562.90000", "2014-06-30": "2834.90000", "2014-03-31": "2688.30000", "2013-12-31": "2351.90000", "2013-09-30": "2834.10000", "2013-06-30": "2051.30000", "2013-03-31": "1923.10000", "2012-12-31": "1844.20000", "2012-09-30": "1875.40000", "2012-06-30": "2157.60000", "2012-03-31": "1767.60000", "2011-12-31": "1674.00000", "2011-09-30": "1604.20000", "2011-06-30": "1705.60000", "2011-03-31": "1644.70000", "2010-12-31": "1673.00000", "2010-09-30": "1483.50000", "2010-06-30": "1618.20000", "2010-03-31": "1593.20000", "2009-12-31": "1666.10000", "2009-09-30": "1057.30000", "2009-06-30": "1094.90000", "2009-03-31": "1136.00000", "2008-12-31": "1166.20000", "2008-09-30": "1205.49800", "2008-06-30": "1737.60100", "2008-03-31": "1840.09700", "2007-12-31": "1829.50000", "2007-09-30": "1579.92300", "2007-06-30": "1458.82600", "2007-03-31": "1373.17500", "2006-12-31": "1300.53900", "2006-09-30": "1166.94900", "2006-06-30": "1139.88500", "2006-03-31": "1169.15000", "2005-12-31": "791.21600", "2005-09-30": "388.17200", "2005-06-30": "397.22200", "2005-03-31": "383.97700"}, "Property, Plant, And Equipment": {"2020-09-30": "914.00000", "2020-06-30": "887.00000", "2020-03-31": "870.00000", "2019-12-31": "900.00000", "2019-09-30": "811.00000", "2019-06-30": "541.00000", "2019-03-31": "556.00000", "2018-12-31": "587.00000", "2018-09-30": "546.00000", "2018-06-30": "557.00000", "2018-03-31": "581.00000", "2017-12-31": "610.00000", "2017-09-30": "576.00000", "2017-06-30": "584.00000", "2017-03-31": "610.00000", "2016-12-31": "626.00000", "2016-09-30": "604.00000", "2016-06-30": "595.00000", "2016-03-31": "611.00000", "2015-12-31": "611.00000", "2015-09-30": "481.00000", "2015-06-30": "495.00000", "2015-03-31": "490.00000", "2014-12-31": "483.30000", "2014-09-30": "456.30000", "2014-06-30": "459.00000", "2014-03-31": "449.20000", "2013-12-31": "439.00000", "2013-09-30": "428.30000", "2013-06-30": "415.80000", "2013-03-31": "422.30000", "2012-12-31": "419.50000", "2012-09-30": "424.40000", "2012-06-30": "421.80000", "2012-03-31": "414.40000", "2011-12-31": "414.50000", "2011-09-30": "410.70000", "2011-06-30": "408.90000", "2011-03-31": "383.90000", "2010-12-31": "390.00000", "2010-09-30": "371.90000", "2010-06-30": "368.30000", "2010-03-31": "368.90000", "2009-12-31": "375.90000", "2009-09-30": "263.30000", "2009-06-30": "271.40000", "2009-03-31": "269.60000", "2008-12-31": "272.60000", "2008-09-30": "280.50200", "2008-06-30": "394.49600", "2008-03-31": "402.84800", "2007-12-31": "392.50000", "2007-09-30": "399.63300", "2007-06-30": "352.97300", "2007-03-31": "348.14900", "2006-12-31": "345.79900", "2006-09-30": "299.26700", "2006-06-30": "300.25600", "2006-03-31": "299.45800", "2005-12-31": "220.42500", "2005-09-30": "66.19700", "2005-06-30": "66.35600", "2005-03-31": "64.43800"}, "Long-Term Investments": {"2020-09-30": "", "2020-06-30": "", "2020-03-31": "", "2019-12-31": "", "2019-09-30": "", "2019-06-30": "", "2019-03-31": "", "2018-12-31": "", "2018-09-30": "", "2018-06-30": "", "2018-03-31": "", "2017-12-31": "", "2017-09-30": "", "2017-06-30": "", "2017-03-31": "", "2016-12-31": "", "2016-09-30": "", "2016-06-30": "", "2016-03-31": "", "2015-12-31": "", "2015-09-30": "", "2015-06-30": "", "2015-03-31": "", "2014-12-31": "", "2014-09-30": "", "2014-06-30": "", "2014-03-31": "", "2013-12-31": "", "2013-09-30": "", "2013-06-30": "", "2013-03-31": "", "2012-12-31": "", "2012-09-30": "", "2012-06-30": "", "2012-03-31": "", "2011-12-31": "", "2011-09-30": "", "2011-06-30": "", "2011-03-31": "", "2010-12-31": "", "2010-09-30": "", "2010-06-30": "", "2010-03-31": "", "2009-12-31": "", "2009-09-30": "", "2009-06-30": "", "2009-03-31": "", "2008-12-31": "", "2008-09-30": "", "2008-06-30": "28.13600", "2008-03-31": "28.54600", "2007-12-31": "30.50000", "2007-09-30": "31.01800", "2007-06-30": "166.53400", "2007-03-31": "197.90700", "2006-12-31": "195.73900", "2006-09-30": "149.22700", "2006-06-30": "134.25200", "2006-03-31": "147.54000", "2005-12-31": "136.02400", "2005-09-30": "", "2005-06-30": "", "2005-03-31": ""}, "Goodwill And Intangible Assets": {"2020-09-30": "70092.00000", "2020-06-30": "69821.00000", "2020-03-31": "70210.00000", "2019-12-31": "71244.00000", "2019-09-30": "70998.00000", "2019-06-30": "18203.00000", "2019-03-31": "18340.00000", "2018-12-31": "18472.00000", "2018-09-30": "18599.00000", "2018-06-30": "18913.00000", "2018-03-31": "19193.00000", "2017-12-31": "19343.00000", "2017-09-30": "19494.00000", "2017-06-30": "19601.00000", "2017-03-31": "20364.00000", "2016-12-31": "20450.00000", "2016-09-30": "21354.00000", "2016-06-30": "21463.00000", "2016-03-31": "21571.00000", "2015-12-31": "21488.00000", "2015-09-30": "10717.50000", "2015-06-30": "10780.70000", "2015-03-31": "10886.50000", "2014-12-31": "11039.00000", "2014-09-30": "10643.10000", "2014-06-30": "10633.90000", "2014-03-31": "10649.10000", "2013-12-31": "10695.80000", "2013-09-30": "10750.10000", "2013-06-30": "10802.00000", "2013-03-31": "10883.80000", "2012-12-31": "10804.70000", "2012-09-30": "10871.30000", "2012-06-30": "10923.10000", "2012-03-31": "11266.20000", "2011-12-31": "11327.60000", "2011-09-30": "11434.20000", "2011-06-30": "11591.50000", "2011-03-31": "11636.10000", "2010-12-31": "10752.90000", "2010-09-30": "11239.30000", "2010-06-30": "11408.30000", "2010-03-31": "11504.70000", "2009-12-31": "10629.70000", "2009-09-30": "5772.70000", "2009-06-30": "5746.10000", "2009-03-31": "5696.20000", "2008-12-31": "5118.30000", "2008-09-30": "5724.70300", "2008-06-30": "7171.13400", "2008-03-31": "7134.30800", "2007-12-31": "6357.40000", "2007-09-30": "7205.13200", "2007-06-30": "5399.63500", "2007-03-31": "5378.63500", "2006-12-31": "4747.51800", "2006-09-30": "5462.92700", "2006-06-30": "5424.42900", "2006-03-31": "5459.28100", "2005-12-31": "2296.49300", "2005-09-30": "271.82900", "2005-06-30": "265.74300", "2005-03-31": "254.99000"}, "Other Long-Term Assets": {"2020-09-30": "1404.00000", "2020-06-30": "2535.00000", "2020-03-31": "2299.00000", "2019-12-31": "2303.00000", "2019-09-30": "1996.00000", "2019-06-30": "1049.00000", "2019-03-31": "1028.00000", "2018-12-31": "503.00000", "2018-09-30": "510.00000", "2018-06-30": "492.00000", "2018-03-31": "504.00000", "2017-12-31": "531.00000", "2017-09-30": "550.00000", "2017-06-30": "394.00000", "2017-03-31": "378.00000", "2016-12-31": "363.00000", "2016-09-30": "360.00000", "2016-06-30": "363.00000", "2016-03-31": "355.00000", "2015-12-31": "339.00000", "2015-09-30": "314.60000", "2015-06-30": "312.90000", "2015-03-31": "304.10000", "2014-12-31": "311.90000", "2014-09-30": "296.30000", "2014-06-30": "300.80000", "2014-03-31": "277.40000", "2013-12-31": "266.60000", "2013-09-30": "260.40000", "2013-06-30": "267.80000", "2013-03-31": "256.90000", "2012-12-31": "270.10000", "2012-09-30": "229.60000", "2012-06-30": "213.70000", "2012-03-31": "207.00000", "2011-12-31": "224.40000", "2011-09-30": "181.00000", "2011-06-30": "193.80000", "2011-03-31": "189.80000", "2010-12-31": "197.20000", "2010-09-30": "208.50000", "2010-06-30": "131.80000", "2010-03-31": "117.90000", "2009-12-31": "131.80000", "2009-09-30": "80.80000", "2009-06-30": "73.30000", "2009-03-31": "72.10000", "2008-12-31": "79.60000", "2008-09-30": "100.03600", "2008-06-30": "166.46100", "2008-03-31": "150.42600", "2007-12-31": "146.50000", "2007-09-30": "121.94000", "2007-06-30": "108.88800", "2007-03-31": "96.95400", "2006-12-31": "113.45200", "2006-09-30": "122.29700", "2006-06-30": "113.82000", "2006-03-31": "118.36000", "2005-12-31": "109.60700", "2005-09-30": "72.59200", "2005-06-30": "72.08300", "2005-03-31": "71.58800"}, "Total Long-Term Assets": {"2020-09-30": "73261.00000", "2020-06-30": "74042.00000", "2020-03-31": "74128.00000", "2019-12-31": "75114.00000", "2019-09-30": "74393.00000", "2019-06-30": "20354.00000", "2019-03-31": "20462.00000", "2018-12-31": "20037.00000", "2018-09-30": "20097.00000", "2018-06-30": "20374.00000", "2018-03-31": "20670.00000", "2017-12-31": "20838.00000", "2017-09-30": "20970.00000", "2017-06-30": "20908.00000", "2017-03-31": "21677.00000", "2016-12-31": "21749.00000", "2016-09-30": "22611.00000", "2016-06-30": "22706.00000", "2016-03-31": "22801.00000", "2015-12-31": "22691.00000", "2015-09-30": "11751.50000", "2015-06-30": "11820.90000", "2015-03-31": "11903.00000", "2014-12-31": "12047.40000", "2014-09-30": "11609.20000", "2014-06-30": "11605.90000", "2014-03-31": "11582.60000", "2013-12-31": "11608.20000", "2013-09-30": "11656.60000", "2013-06-30": "11698.80000", "2013-03-31": "11776.10000", "2012-12-31": "11705.50000", "2012-09-30": "11750.60000", "2012-06-30": "11785.40000", "2012-03-31": "12136.80000", "2011-12-31": "12199.20000", "2011-09-30": "12281.30000", "2011-06-30": "12456.00000", "2011-03-31": "12469.60000", "2010-12-31": "12503.30000", "2010-09-30": "12072.20000", "2010-06-30": "12148.10000", "2010-03-31": "12240.80000", "2009-12-31": "12331.50000", "2009-09-30": "6373.20000", "2009-06-30": "6344.90000", "2009-03-31": "6280.40000", "2008-12-31": "6334.20000", "2008-09-30": "6344.47500", "2008-06-30": "8040.84400", "2008-03-31": "7992.13300", "2007-12-31": "7965.10000", "2007-09-30": "8013.83300", "2007-06-30": "6336.39000", "2007-03-31": "6315.29200", "2006-12-31": "6330.02100", "2006-09-30": "6265.17000", "2006-06-30": "6202.89900", "2006-03-31": "6237.63200", "2005-12-31": "3397.80500", "2005-09-30": "545.92200", "2005-06-30": "532.54800", "2005-03-31": "513.38200"}, "Total Assets": {"2020-09-30": "83195.00000", "2020-06-30": "82642.00000", "2020-03-31": "82474.00000", "2019-12-31": "83806.00000", "2019-09-30": "83718.00000", "2019-06-30": "32859.00000", "2019-03-31": "24073.00000", "2018-12-31": "23770.00000", "2018-09-30": "23694.00000", "2018-06-30": "23868.00000", "2018-03-31": "24405.00000", "2017-12-31": "24526.00000", "2017-09-30": "24294.00000", "2017-06-30": "24970.00000", "2017-03-31": "25086.00000", "2016-12-31": "26031.00000", "2016-09-30": "26134.00000", "2016-06-30": "26384.00000", "2016-03-31": "26430.00000", "2015-12-31": "26200.00000", "2015-09-30": "14187.80000", "2015-06-30": "14303.50000", "2015-03-31": "14500.00000", "2014-12-31": "14520.50000", "2014-09-30": "14172.10000", "2014-06-30": "14440.80000", "2014-03-31": "14270.90000", "2013-12-31": "13960.10000", "2013-09-30": "14490.70000", "2013-06-30": "13750.10000", "2013-03-31": "13699.20000", "2012-12-31": "13549.70000", "2012-09-30": "13626.00000", "2012-06-30": "13943.00000", "2012-03-31": "13904.40000", "2011-12-31": "13873.20000", "2011-09-30": "13885.50000", "2011-06-30": "14161.60000", "2011-03-31": "14114.30000", "2010-12-31": "14176.30000", "2010-09-30": "13555.70000", "2010-06-30": "13766.30000", "2010-03-31": "13834.00000", "2009-12-31": "13997.60000", "2009-09-30": "7430.50000", "2009-06-30": "7439.80000", "2009-03-31": "7416.40000", "2008-12-31": "7500.40000", "2008-09-30": "7549.97200", "2008-06-30": "9778.44500", "2008-03-31": "9832.23000", "2007-12-31": "9794.60000", "2007-09-30": "9593.75700", "2007-06-30": "7795.21600", "2007-03-31": "7688.46700", "2006-12-31": "7630.56000", "2006-09-30": "7432.11900", "2006-06-30": "7342.78500", "2006-03-31": "7406.78200", "2005-12-31": "4189.02100", "2005-09-30": "934.09400", "2005-06-30": "929.77000", "2005-03-31": "897.35900"}, "Total Current Liabilities": {"2020-09-30": "12775.00000", "2020-06-30": "12117.00000", "2020-03-31": "7926.00000", "2019-12-31": "10382.00000", "2019-09-30": "10901.00000", "2019-06-30": "4170.00000", "2019-03-31": "3521.00000", "2018-12-31": "3125.00000", "2018-09-30": "2692.00000", "2018-06-30": "2534.00000", "2018-03-31": "3816.00000", "2017-12-31": "4011.00000", "2017-09-30": "2658.00000", "2017-06-30": "2729.00000", "2017-03-31": "3138.00000", "2016-12-31": "3151.00000", "2016-09-30": "2937.00000", "2016-06-30": "3496.00000", "2016-03-31": "3322.00000", "2015-12-31": "2364.00000", "2015-09-30": "1566.20000", "2015-06-30": "1677.30000", "2015-03-31": "1761.10000", "2014-12-31": "1598.90000", "2014-09-30": "1469.70000", "2014-06-30": "1701.30000", "2014-03-31": "1704.40000", "2013-12-31": "1672.70000", "2013-09-30": "1797.50000", "2013-06-30": "1142.90000", "2013-03-31": "1278.40000", "2012-12-31": "1256.80000", "2012-09-30": "1210.80000", "2012-06-30": "1121.30000", "2012-03-31": "1104.60000", "2011-12-31": "1356.30000", "2011-09-30": "1515.90000", "2011-06-30": "1615.50000", "2011-03-31": "1570.30000", "2010-12-31": "1300.40000", "2010-09-30": "1187.00000", "2010-06-30": "1212.20000", "2010-03-31": "1258.70000", "2009-12-31": "1234.70000", "2009-09-30": "885.90000", "2009-06-30": "881.90000", "2009-03-31": "802.80000", "2008-12-31": "816.50000", "2008-09-30": "720.78700", "2008-06-30": "1222.10200", "2008-03-31": "1279.80400", "2007-12-31": "1254.20000", "2007-09-30": "1155.72900", "2007-06-30": "979.90700", "2007-03-31": "870.56800", "2006-12-31": "880.51500", "2006-09-30": "846.86400", "2006-06-30": "776.95100", "2006-03-31": "847.48300", "2005-12-31": "597.79800", "2005-09-30": "231.73000", "2005-06-30": "265.38400", "2005-03-31": "272.14200"}, "Long Term Debt": {"2020-09-30": "15213.00000", "2020-06-30": "14874.00000", "2020-03-31": "18982.00000", "2019-12-31": "17229.00000", "2019-09-30": "16945.00000", "2019-06-30": "16682.00000", "2019-03-31": "8562.00000", "2018-12-31": "8670.00000", "2018-09-30": "8998.00000", "2018-06-30": "8854.00000", "2018-03-31": "8040.00000", "2017-12-31": "7718.00000", "2017-09-30": "8813.00000", "2017-06-30": "9415.00000", "2017-03-31": "9154.00000", "2016-12-31": "10146.00000", "2016-09-30": "10470.00000", "2016-06-30": "10208.00000", "2016-03-31": "10533.00000", "2015-12-31": "11429.00000", "2015-09-30": "4957.00000", "2015-06-30": "5029.80000", "2015-03-31": "5182.80000", "2014-12-31": "5054.60000", "2014-09-30": "4966.80000", "2014-06-30": "4900.50000", "2014-03-31": "4728.90000", "2013-12-31": "4339.80000", "2013-09-30": "4704.10000", "2013-06-30": "4672.70000", "2013-03-31": "4436.20000", "2012-12-31": "4231.60000", "2012-09-30": "4391.70000", "2012-06-30": "4735.60000", "2012-03-31": "4728.40000", "2011-12-31": "4550.60000", "2011-09-30": "4327.70000", "2011-06-30": "4320.00000", "2011-03-31": "4435.20000", "2010-12-31": "4935.20000", "2010-09-30": "4828.80000", "2010-06-30": "2697.20000", "2010-03-31": "2815.60000", "2009-12-31": "3016.60000", "2009-09-30": "1947.90000", "2009-06-30": "2134.00000", "2009-03-31": "2327.70000", "2008-12-31": "2409.00000", "2008-09-30": "2554.79900", "2008-06-30": "3975.07800", "2008-03-31": "3908.70200", "2007-12-31": "4003.40000", "2007-09-30": "4048.15700", "2007-06-30": "2738.80300", "2007-03-31": "2931.72300", "2006-12-31": "2947.84000", "2006-09-30": "2844.65100", "2006-06-30": "2863.68400", "2006-03-31": "2894.53500", "2005-12-31": "2530.45500", "2005-09-30": "225.86400", "2005-06-30": "226.02600", "2005-03-31": "250.20900"}, "Other Non-Current Liabilities": {"2020-09-30": "1944.00000", "2020-06-30": "2463.00000", "2020-03-31": "2206.00000", "2019-12-31": "2406.00000", "2019-09-30": "2411.00000", "2019-06-30": "664.00000", "2019-03-31": "681.00000", "2018-12-31": "326.00000", "2018-09-30": "375.00000", "2018-06-30": "378.00000", "2018-03-31": "390.00000", "2017-12-31": "403.00000", "2017-09-30": "407.00000", "2017-06-30": "427.00000", "2017-03-31": "394.00000", "2016-12-31": "386.00000", "2016-09-30": "325.00000", "2016-06-30": "323.00000", "2016-03-31": "324.00000", "2015-12-31": "312.00000", "2015-09-30": "188.60000", "2015-06-30": "199.30000", "2015-03-31": "200.00000", "2014-12-31": "275.00000", "2014-09-30": "277.90000", "2014-06-30": "294.30000", "2014-03-31": "297.80000", "2013-12-31": "359.50000", "2013-09-30": "351.90000", "2013-06-30": "347.50000", "2013-03-31": "337.50000", "2012-12-31": "403.70000", "2012-09-30": "383.50000", "2012-06-30": "371.40000", "2012-03-31": "375.10000", "2011-12-31": "375.10000", "2011-09-30": "384.90000", "2011-06-30": "387.00000", "2011-03-31": "411.90000", "2010-12-31": "433.50000", "2010-09-30": "225.90000", "2010-06-30": "232.80000", "2010-03-31": "234.90000", "2009-12-31": "207.00000", "2009-09-30": "118.50000", "2009-06-30": "115.30000", "2009-03-31": "147.50000", "2008-12-31": "158.50000", "2008-09-30": "175.24800", "2008-06-30": "217.35600", "2008-03-31": "288.93000", "2007-12-31": "234.70000", "2007-09-30": "167.28500", "2007-06-30": "138.24000", "2007-03-31": "143.24500", "2006-12-31": "145.74900", "2006-09-30": "187.22200", "2006-06-30": "176.56400", "2006-03-31": "149.19400", "2005-12-31": "88.40900", "2005-09-30": "19.65200", "2005-06-30": "19.23000", "2005-03-31": "17.88900"}, "Total Long Term Liabilities": {"2020-09-30": "21375.00000", "2020-06-30": "21468.00000", "2020-03-31": "25366.00000", "2019-12-31": "23968.00000", "2019-09-30": "23605.00000", "2019-06-30": "18697.00000", "2019-03-31": "10649.00000", "2018-12-31": "10423.00000", "2018-09-30": "10836.00000", "2018-06-30": "10790.00000", "2018-03-31": "9978.00000", "2017-12-31": "9695.00000", "2017-09-30": "11547.00000", "2017-06-30": "12236.00000", "2017-03-31": "11958.00000", "2016-12-31": "13035.00000", "2016-09-30": "13441.00000", "2016-06-30": "13281.00000", "2016-03-31": "13619.00000", "2015-12-31": "14429.00000", "2015-09-30": "6017.40000", "2015-06-30": "6094.90000", "2015-03-31": "6256.50000", "2014-12-31": "6230.10000", "2014-09-30": "6110.90000", "2014-06-30": "6039.40000", "2014-03-31": "5864.10000", "2013-12-31": "5550.10000", "2013-09-30": "5889.50000", "2013-06-30": "5857.00000", "2013-03-31": "5622.30000", "2012-12-31": "5499.30000", "2012-09-30": "5638.50000", "2012-06-30": "6016.60000", "2012-03-31": "6032.70000", "2011-12-31": "5865.70000", "2011-09-30": "5618.70000", "2011-06-30": "5651.70000", "2011-03-31": "5813.50000", "2010-12-31": "6314.30000", "2010-09-30": "5947.80000", "2010-06-30": "3875.60000", "2010-03-31": "4017.80000", "2009-12-31": "4244.30000", "2009-09-30": "2512.70000", "2009-06-30": "2669.60000", "2009-03-31": "2889.70000", "2008-12-31": "2986.90000", "2008-09-30": "3226.89400", "2008-06-30": "4800.82600", "2008-03-31": "4712.59400", "2007-12-31": "4759.20000", "2007-09-30": "4767.68700", "2007-06-30": "3375.29000", "2007-03-31": "3569.85900", "2006-12-31": "3607.30100", "2006-09-30": "3538.89400", "2006-06-30": "3569.67300", "2006-03-31": "3590.94600", "2005-12-31": "2896.65300", "2005-09-30": "280.41700", "2005-06-30": "276.68000", "2005-03-31": "297.85800"}, "Total Liabilities": {"2020-09-30": "34150.00000", "2020-06-30": "33585.00000", "2020-03-31": "33292.00000", "2019-12-31": "34350.00000", "2019-09-30": "34506.00000", "2019-06-30": "22867.00000", "2019-03-31": "14170.00000", "2018-12-31": "13548.00000", "2018-09-30": "13528.00000", "2018-06-30": "13324.00000", "2018-03-31": "13794.00000", "2017-12-31": "13706.00000", "2017-09-30": "14205.00000", "2017-06-30": "14965.00000", "2017-03-31": "15096.00000", "2016-12-31": "16186.00000", "2016-09-30": "16378.00000", "2016-06-30": "16777.00000", "2016-03-31": "16941.00000", "2015-12-31": "16793.00000", "2015-09-30": "7583.60000", "2015-06-30": "7772.20000", "2015-03-31": "8017.60000", "2014-12-31": "7829.00000", "2014-09-30": "7580.60000", "2014-06-30": "7740.70000", "2014-03-31": "7568.50000", "2013-12-31": "7222.80000", "2013-09-30": "7687.00000", "2013-06-30": "6999.90000", "2013-03-31": "6900.70000", "2012-12-31": "6756.10000", "2012-09-30": "6849.30000", "2012-06-30": "7137.90000", "2012-03-31": "7137.30000", "2011-12-31": "7222.00000", "2011-09-30": "7134.60000", "2011-06-30": "7267.20000", "2011-03-31": "7383.80000", "2010-12-31": "7614.70000", "2010-09-30": "7134.80000", "2010-06-30": "5087.80000", "2010-03-31": "5276.50000", "2009-12-31": "5479.00000", "2009-09-30": "3398.60000", "2009-06-30": "3551.50000", "2009-03-31": "3692.50000", "2008-12-31": "3803.40000", "2008-09-30": "3947.68100", "2008-06-30": "6022.92800", "2008-03-31": "5992.39800", "2007-12-31": "6013.40000", "2007-09-30": "5923.41600", "2007-06-30": "4355.19700", "2007-03-31": "4440.42700", "2006-12-31": "4487.81600", "2006-09-30": "4385.75800", "2006-06-30": "4346.62400", "2006-03-31": "4438.42900", "2005-12-31": "3494.45100", "2005-09-30": "512.14700", "2005-06-30": "542.06400", "2005-03-31": "570.00000"}, "Common Stock Net": {"2020-09-30": "6.00000", "2020-06-30": "6.00000", "2020-03-31": "6.00000", "2019-12-31": "6.00000", "2019-09-30": "6.00000", "2019-06-30": "4.00000", "2019-03-31": "4.00000", "2018-12-31": "4.00000", "2018-09-30": "4.00000", "2018-06-30": "4.00000", "2018-03-31": "4.00000", "2017-12-31": "4.00000", "2017-09-30": "4.00000", "2017-06-30": "4.00000", "2017-03-31": "4.00000", "2016-12-31": "4.00000", "2016-09-30": "4.00000", "2016-06-30": "4.00000", "2016-03-31": "4.00000", "2015-12-31": "4.00000", "2015-09-30": "3.90000", "2015-06-30": "3.90000", "2015-03-31": "3.90000", "2014-12-31": "3.90000", "2014-09-30": "3.90000", "2014-06-30": "3.90000", "2014-03-31": "3.90000", "2013-12-31": "3.90000", "2013-09-30": "3.90000", "2013-06-30": "3.80000", "2013-03-31": "3.80000", "2012-12-31": "3.80000", "2012-09-30": "3.80000", "2012-06-30": "3.80000", "2012-03-31": "3.80000", "2011-12-31": "3.80000", "2011-09-30": "3.80000", "2011-06-30": "3.80000", "2011-03-31": "3.80000", "2010-12-31": "3.80000", "2010-09-30": "3.80000", "2010-06-30": "3.80000", "2010-03-31": "3.80000", "2009-12-31": "3.80000", "2009-09-30": "2.00000", "2009-06-30": "2.00000", "2009-03-31": "2.00000", "2008-12-31": "2.00000", "2008-09-30": "1.99400", "2008-06-30": "1.99400", "2008-03-31": "1.99400", "2007-12-31": "2.00000", "2007-09-30": "1.99000", "2007-06-30": "1.97500", "2007-03-31": "1.97400", "2006-12-31": "1.97400", "2006-09-30": "1.97400", "2006-06-30": "1.97400", "2006-03-31": "1.97400", "2005-12-31": "1.27900", "2005-09-30": "0.69300", "2005-06-30": "0.69300", "2005-03-31": "0.69300"}, "Retained Earnings (Accumulated Deficit)": {"2020-09-30": "3556.00000", "2020-06-30": "3753.00000", "2020-03-31": "3952.00000", "2019-12-31": "4161.00000", "2019-09-30": "4538.00000", "2019-06-30": "4599.00000", "2019-03-31": "4558.00000", "2018-12-31": "4528.00000", "2018-09-30": "4339.00000", "2018-06-30": "4291.00000", "2018-03-31": "4186.00000", "2017-12-31": "4109.00000", "2017-09-30": "3341.00000", "2017-06-30": "3377.00000", "2017-03-31": "3341.00000", "2016-12-31": "3299.00000", "2016-09-30": "3177.00000", "2016-06-30": "3078.00000", "2016-03-31": "3043.00000", "2015-12-31": "3073.00000", "2015-09-30": "3053.10000", "2015-06-30": "2950.90000", "2015-03-31": "2784.30000", "2014-12-31": "2746.80000", "2014-09-30": "2620.00000", "2014-06-30": "2538.00000", "2014-03-31": "2427.60000", "2013-12-31": "2341.90000", "2013-09-30": "2334.40000", "2013-06-30": "2226.10000", "2013-03-31": "2185.70000", "2012-12-31": "2105.80000", "2012-09-30": "2028.50000", "2012-06-30": "2000.40000", "2012-03-31": "1908.70000", "2011-12-31": "1880.40000", "2011-09-30": "1778.40000", "2011-06-30": "1657.10000", "2011-03-31": "1548.80000", "2010-12-31": "1471.20000", "2010-09-30": "1375.80000", "2010-06-30": "1280.40000", "2010-03-31": "1209.50000", "2009-12-31": "1134.60000", "2009-09-30": "1207.10000", "2009-06-30": "1149.20000", "2009-03-31": "1099.60000", "2008-12-31": "1076.10000", "2008-09-30": "1056.80100", "2008-06-30": "1022.66400", "2008-03-31": "960.29600", "2007-12-31": "899.50000", "2007-09-30": "800.84100", "2007-06-30": "565.20100", "2007-03-31": "426.84300", "2006-12-31": "376.96100", "2006-09-30": "311.46500", "2006-06-30": "242.35800", "2006-03-31": "185.86900", "2005-12-31": "156.12700", "2005-09-30": "380.13700", "2005-06-30": "360.01100", "2005-03-31": "315.60000"}, "Comprehensive Income": {"2020-09-30": "-212.00000", "2020-06-30": "-358.00000", "2020-03-31": "-248.00000", "2019-12-31": "-33.00000", "2019-09-30": "-391.00000", "2019-06-30": "-438.00000", "2019-03-31": "-427.00000", "2018-12-31": "-430.00000", "2018-09-30": "-433.00000", "2018-06-30": "-403.00000", "2018-03-31": "-318.00000", "2017-12-31": "-332.00000", "2017-09-30": "-340.00000", "2017-06-30": "-385.00000", "2017-03-31": "-298.00000", "2016-12-31": "-331.00000", "2016-09-30": "-240.00000", "2016-06-30": "-246.00000", "2016-03-31": "-232.00000", "2015-12-31": "-279.00000", "2015-09-30": "-261.40000", "2015-06-30": "-198.10000", "2015-03-31": "-227.80000", "2014-12-31": "-107.20000", "2014-09-30": "-40.50000", "2014-06-30": "12.90000", "2014-03-31": "3.20000", "2013-12-31": "-9.90000", "2013-09-30": "-1.20000", "2013-06-30": "-10.30000", "2013-03-31": "21.00000", "2012-12-31": "30.00000", "2012-09-30": "35.40000", "2012-06-30": "20.10000", "2012-03-31": "63.00000", "2011-12-31": "36.30000", "2011-09-30": "39.80000", "2011-06-30": "120.70000", "2011-03-31": "105.00000", "2010-12-31": "87.90000", "2010-09-30": "70.20000", "2010-06-30": "16.10000", "2010-03-31": "54.20000", "2009-12-31": "82.20000", "2009-09-30": "44.60000", "2009-06-30": "-15.70000", "2009-03-31": "-111.50000", "2008-12-31": "-102.30000", "2008-09-30": "-11.68200", "2008-06-30": "86.09900", "2008-03-31": "28.47600", "2007-12-31": "53.40000", "2007-09-30": "73.00500", "2007-06-30": "76.44900", "2007-03-31": "48.02500", "2006-12-31": "45.00900", "2006-09-30": "13.41600", "2006-06-30": "8.67300", "2006-03-31": "2.56500", "2005-12-31": "-8.47500", "2005-09-30": "-44.63800", "2005-06-30": "-51.94000", "2005-03-31": "-62.96000"}, "Other Share Holders Equity": {"2020-09-30": "", "2020-06-30": "", "2020-03-31": "", "2019-12-31": "", "2019-09-30": "", "2019-06-30": "", "2019-03-31": "", "2018-12-31": "", "2018-09-30": "", "2018-06-30": "", "2018-03-31": "", "2017-12-31": "", "2017-09-30": "", "2017-06-30": "", "2017-03-31": "", "2016-12-31": "", "2016-09-30": "", "2016-06-30": "", "2016-03-31": "", "2015-12-31": "", "2015-09-30": "", "2015-06-30": "", "2015-03-31": "", "2014-12-31": "", "2014-09-30": "", "2014-06-30": "", "2014-03-31": "", "2013-12-31": "", "2013-09-30": "", "2013-06-30": "", "2013-03-31": "", "2012-12-31": "", "2012-09-30": "", "2012-06-30": "", "2012-03-31": "", "2011-12-31": "", "2011-09-30": "", "2011-06-30": "", "2011-03-31": "", "2010-12-31": "", "2010-09-30": "", "2010-06-30": "", "2010-03-31": "", "2009-12-31": "", "2009-09-30": "", "2009-06-30": "", "2009-03-31": "", "2008-12-31": "", "2008-09-30": "", "2008-06-30": "", "2008-03-31": "", "2007-12-31": "", "2007-09-30": "", "2007-06-30": "", "2007-03-31": "", "2006-12-31": "", "2006-09-30": "", "2006-06-30": "", "2006-03-31": "", "2005-12-31": "", "2005-09-30": "", "2005-06-30": "", "2005-03-31": ""}, "Share Holder Equity": {"2020-09-30": "49045.00000", "2020-06-30": "49057.00000", "2020-03-31": "49182.00000", "2019-12-31": "49456.00000", "2019-09-30": "49212.00000", "2019-06-30": "9992.00000", "2019-03-31": "9903.00000", "2018-12-31": "10222.00000", "2018-09-30": "10166.00000", "2018-06-30": "10544.00000", "2018-03-31": "10611.00000", "2017-12-31": "10820.00000", "2017-09-30": "10089.00000", "2017-06-30": "10005.00000", "2017-03-31": "9990.00000", "2016-12-31": "9845.00000", "2016-09-30": "9756.00000", "2016-06-30": "9607.00000", "2016-03-31": "9489.00000", "2015-12-31": "9407.00000", "2015-09-30": "6604.20000", "2015-06-30": "6531.30000", "2015-03-31": "6482.40000", "2014-12-31": "6691.50000", "2014-09-30": "6591.50000", "2014-06-30": "6700.10000", "2014-03-31": "6702.40000", "2013-12-31": "6737.30000", "2013-09-30": "6803.70000", "2013-06-30": "6750.20000", "2013-03-31": "6798.50000", "2012-12-31": "6793.60000", "2012-09-30": "6776.70000", "2012-06-30": "6805.10000", "2012-03-31": "6767.10000", "2011-12-31": "6651.20000", "2011-09-30": "6750.90000", "2011-06-30": "6894.40000", "2011-03-31": "6730.50000", "2010-12-31": "6561.60000", "2010-09-30": "6420.90000", "2010-06-30": "8678.50000", "2010-03-31": "8557.50000", "2009-12-31": "8518.60000", "2009-09-30": "4031.90000", "2009-06-30": "3888.30000", "2009-03-31": "3723.90000", "2008-12-31": "3697.00000", "2008-09-30": "3602.29100", "2008-06-30": "3755.51700", "2008-03-31": "3839.83200", "2007-12-31": "3781.20000", "2007-09-30": "3670.34100", "2007-06-30": "3440.01900", "2007-03-31": "3248.04000", "2006-12-31": "3142.74400", "2006-09-30": "3046.36100", "2006-06-30": "2996.16100", "2006-03-31": "2968.35300", "2005-12-31": "694.57000", "2005-09-30": "421.94700", "2005-06-30": "387.70600", "2005-03-31": "327.35900"}, "Total Liabilities And Share Holders Equity": {"2020-09-30": "83195.00000", "2020-06-30": "82642.00000", "2020-03-31": "82474.00000", "2019-12-31": "83806.00000", "2019-09-30": "83718.00000", "2019-06-30": "32859.00000", "2019-03-31": "24073.00000", "2018-12-31": "23770.00000", "2018-09-30": "23694.00000", "2018-06-30": "23868.00000", "2018-03-31": "24405.00000", "2017-12-31": "24526.00000", "2017-09-30": "24294.00000", "2017-06-30": "24970.00000", "2017-03-31": "25086.00000", "2016-12-31": "26031.00000", "2016-09-30": "26134.00000", "2016-06-30": "26384.00000", "2016-03-31": "26430.00000", "2015-12-31": "26200.00000", "2015-09-30": "14187.80000", "2015-06-30": "14303.50000", "2015-03-31": "14500.00000", "2014-12-31": "14520.50000", "2014-09-30": "14172.10000", "2014-06-30": "14440.80000", "2014-03-31": "14270.90000", "2013-12-31": "13960.10000", "2013-09-30": "14490.70000", "2013-06-30": "13750.10000", "2013-03-31": "13699.20000", "2012-12-31": "13549.70000", "2012-09-30": "13626.00000", "2012-06-30": "13943.00000", "2012-03-31": "13904.40000", "2011-12-31": "13873.20000", "2011-09-30": "13885.50000", "2011-06-30": "14161.60000", "2011-03-31": "14114.30000", "2010-12-31": "14176.30000", "2010-09-30": "13555.70000", "2010-06-30": "13766.30000", "2010-03-31": "13834.00000", "2009-12-31": "13997.60000", "2009-09-30": "7430.50000", "2009-06-30": "7439.80000", "2009-03-31": "7416.40000", "2008-12-31": "7500.40000", "2008-09-30": "7549.97200", "2008-06-30": "9778.44500", "2008-03-31": "9832.23000", "2007-12-31": "9794.60000", "2007-09-30": "9593.75700", "2007-06-30": "7795.21600", "2007-03-31": "7688.46700", "2006-12-31": "7630.56000", "2006-09-30": "7432.11900", "2006-06-30": "7342.78500", "2006-03-31": "7406.78200", "2005-12-31": "4189.02100", "2005-09-30": "934.09400", "2005-06-30": "929.77000", "2005-03-31": "897.35900"}}, "cash flow statement": {"Net Income/Loss": {"2019-12-31": "303.00000", "2018-12-31": "881.00000", "2017-12-31": "1294.00000", "2016-12-31": "547.00000", "2015-12-31": "651.00000", "2014-12-31": "707.00000", "2013-12-31": "517.70000", "2012-12-31": "481.10000", "2011-12-31": "481.10000", "2010-12-31": "357.90000", "2009-12-31": "108.50000", "2008-12-31": "219.50000", "2007-12-31": "561.10000", "2006-12-31": "259.10000", "2005-12-31": "196.55000"}, "Total Depreciation And Amortization - Cash Flow": {"2019-12-31": "2468.00000", "2018-12-31": "1437.00000", "2017-12-31": "1385.00000", "2016-12-31": "1172.00000", "2015-12-31": "680.00000", "2014-12-31": "646.00000", "2013-12-31": "634.50000", "2012-12-31": "662.20000", "2011-12-31": "675.40000", "2010-12-31": "633.20000", "2009-12-31": "439.00000", "2008-12-31": "456.20000", "2007-12-31": "513.90000", "2006-12-31": "438.90000", "2005-12-31": "305.43700"}, "Other Non-Cash Items": {"2019-12-31": "490.00000", "2018-12-31": "114.00000", "2017-12-31": "-744.00000", "2016-12-31": "-85.00000", "2015-12-31": "-32.00000", "2014-12-31": "10.00000", "2013-12-31": "-26.30000", "2012-12-31": "-11.20000", "2011-12-31": "101.50000", "2010-12-31": "158.60000", "2009-12-31": "144.90000", "2008-12-31": "126.80000", "2007-12-31": "-336.30000", "2006-12-31": "29.20000", "2005-12-31": "65.74500"}, "Total Non-Cash Items": {"2019-12-31": "2958.00000", "2018-12-31": "1551.00000", "2017-12-31": "641.00000", "2016-12-31": "1087.00000", "2015-12-31": "648.00000", "2014-12-31": "656.00000", "2013-12-31": "608.20010", "2012-12-31": "651.00000", "2011-12-31": "776.90000", "2010-12-31": "791.80000", "2009-12-31": "583.90000", "2008-12-31": "582.99990", "2007-12-31": "177.59990", "2006-12-31": "468.10000", "2005-12-31": "371.18200"}, "Change In Accounts Receivable": {"2019-12-31": "-161.00000", "2018-12-31": "78.00000", "2017-12-31": "-232.00000", "2016-12-31": "42.00000", "2015-12-31": "-103.00000", "2014-12-31": "-115.00000", "2013-12-31": "-56.10000", "2012-12-31": "-68.00000", "2011-12-31": "40.90000", "2010-12-31": "-21.30000", "2009-12-31": "92.70000", "2008-12-31": "-39.10000", "2007-12-31": "-169.90000", "2006-12-31": "32.00000", "2005-12-31": "-39.01100"}, "Change In Inventories": {"2019-12-31": "", "2018-12-31": "", "2017-12-31": "", "2016-12-31": "", "2015-12-31": "", "2014-12-31": "", "2013-12-31": "", "2012-12-31": "", "2011-12-31": "", "2010-12-31": "", "2009-12-31": "", "2008-12-31": "", "2007-12-31": "", "2006-12-31": "", "2005-12-31": ""}, "Change In Accounts Payable": {"2019-12-31": "", "2018-12-31": "", "2017-12-31": "", "2016-12-31": "", "2015-12-31": "", "2014-12-31": "", "2013-12-31": "", "2012-12-31": "", "2011-12-31": "", "2010-12-31": "", "2009-12-31": "", "2008-12-31": "", "2007-12-31": "", "2006-12-31": "", "2005-12-31": ""}, "Change In Assets/Liabilities": {"2019-12-31": "-616.00000", "2018-12-31": "-355.00000", "2017-12-31": "-77.00000", "2016-12-31": "156.00000", "2015-12-31": "-98.00000", "2014-12-31": "-94.00000", "2013-12-31": "-171.00000", "2012-12-31": "-96.90000", "2011-12-31": "-89.30000", "2010-12-31": "-135.40000", "2009-12-31": "27.60000", "2008-12-31": "-57.10000", "2007-12-31": "-139.50000", "2006-12-31": "-176.10000", "2005-12-31": "-155.08400"}, "Total Change In Assets/Liabilities": {"2019-12-31": "-851.00000", "2018-12-31": "-439.00000", "2017-12-31": "-194.00000", "2016-12-31": "293.00000", "2015-12-31": "-172.00000", "2014-12-31": "-219.00000", "2013-12-31": "-65.60000", "2012-12-31": "-85.40000", "2011-12-31": "-90.30000", "2010-12-31": "-76.70000", "2009-12-31": "13.70000", "2008-12-31": "-239.70000", "2007-12-31": "-275.20000", "2006-12-31": "-232.50000", "2005-12-31": "-141.75600"}, "Cash Flow From Operating Activities": {"2019-12-31": "2410.00000", "2018-12-31": "1993.00000", "2017-12-31": "1741.00000", "2016-12-31": "1925.00000", "2015-12-31": "1131.00000", "2014-12-31": "1165.00000", "2013-12-31": "1060.30000", "2012-12-31": "1046.70000", "2011-12-31": "1171.50000", "2010-12-31": "1071.30000", "2009-12-31": "714.10000", "2008-12-31": "596.40000", "2007-12-31": "463.50000", "2006-12-31": "494.70000", "2005-12-31": "425.97600"}, "Net Change In Property, Plant, And Equipment": {"2019-12-31": "-828.00000", "2018-12-31": "-622.00000", "2017-12-31": "-613.00000", "2016-12-31": "-616.00000", "2015-12-31": "-415.00000", "2014-12-31": "-372.00000", "2013-12-31": "-336.20000", "2012-12-31": "-296.10000", "2011-12-31": "-300.30000", "2010-12-31": "-314.00000", "2009-12-31": "-212.50000", "2008-12-31": "-255.40000", "2007-12-31": "-343.30000", "2006-12-31": "-300.20000", "2005-12-31": "-238.66500"}, "Net Change In Intangible Assets": {"2019-12-31": "", "2018-12-31": "", "2017-12-31": "", "2016-12-31": "", "2015-12-31": "", "2014-12-31": "", "2013-12-31": "", "2012-12-31": "", "2011-12-31": "", "2010-12-31": "", "2009-12-31": "", "2008-12-31": "", "2007-12-31": "", "2006-12-31": "", "2005-12-31": ""}, "Net Acquisitions/Divestitures": {"2019-12-31": "-6583.00000", "2018-12-31": "-16.00000", "2017-12-31": "1307.00000", "2016-12-31": "", "2015-12-31": "-1720.00000", "2014-12-31": "-595.00000", "2013-12-31": "-150.50000", "2012-12-31": "-63.60000", "2011-12-31": "-20.20000", "2010-12-31": "-403.20000", "2009-12-31": "435.90000", "2008-12-31": "-19.90000", "2007-12-31": "-1632.80000", "2006-12-31": "111.00000", "2005-12-31": "-48.38900"}, "Net Change In Short-term Investments": {"2019-12-31": "", "2018-12-31": "", "2017-12-31": "", "2016-12-31": "", "2015-12-31": "", "2014-12-31": "", "2013-12-31": "", "2012-12-31": "", "2011-12-31": "", "2010-12-31": "", "2009-12-31": "", "2008-12-31": "", "2007-12-31": "", "2006-12-31": "", "2005-12-31": ""}, "Net Change In Long-Term Investments": {"2019-12-31": "", "2018-12-31": "", "2017-12-31": "", "2016-12-31": "", "2015-12-31": "", "2014-12-31": "", "2013-12-31": "", "2012-12-31": "", "2011-12-31": "", "2010-12-31": "", "2009-12-31": "", "2008-12-31": "-25.70000", "2007-12-31": "430.20000", "2006-12-31": "", "2005-12-31": ""}, "Net Change In Investments - Total": {"2019-12-31": "", "2018-12-31": "", "2017-12-31": "", "2016-12-31": "", "2015-12-31": "", "2014-12-31": "", "2013-12-31": "", "2012-12-31": "", "2011-12-31": "", "2010-12-31": "", "2009-12-31": "", "2008-12-31": "-25.70000", "2007-12-31": "430.20000", "2006-12-31": "", "2005-12-31": ""}, "Investing Activities - Other": {"2019-12-31": "-90.00000", "2018-12-31": "-30.00000", "2017-12-31": "-4.00000", "2016-12-31": "-3.00000", "2015-12-31": "237.00000", "2014-12-31": "-18.00000", "2013-12-31": "22.00000", "2012-12-31": "336.50000", "2011-12-31": "21.30000", "2010-12-31": "73.00000", "2009-12-31": "25.40000", "2008-12-31": "27.90000", "2007-12-31": "", "2006-12-31": "", "2005-12-31": ""}, "Cash Flow From Investing Activities": {"2019-12-31": "-7501.00000", "2018-12-31": "-668.00000", "2017-12-31": "690.00000", "2016-12-31": "-619.00000", "2015-12-31": "-1898.00000", "2014-12-31": "-985.00000", "2013-12-31": "-464.70000", "2012-12-31": "-23.20000", "2011-12-31": "-299.20000", "2010-12-31": "-644.20000", "2009-12-31": "248.80000", "2008-12-31": "-273.10000", "2007-12-31": "-1545.90000", "2006-12-31": "-189.20000", "2005-12-31": "-287.05400"}, "Net Long-Term Debt": {"2019-12-31": "8680.00000", "2018-12-31": "223.00000", "2017-12-31": "-2074.00000", "2016-12-31": "-1004.00000", "2015-12-31": "1655.00000", "2014-12-31": "572.00000", "2013-12-31": "72.60060", "2012-12-31": "-427.10060", "2011-12-31": "9547.30000", "2010-12-31": "1932.90000", "2009-12-31": "-987.10010", "2008-12-31": "-177.29980", "2007-12-31": "1267.60000", "2006-12-31": "-123.50000", "2005-12-31": "2088.96300"}, "Net Current Debt": {"2019-12-31": "", "2018-12-31": "", "2017-12-31": "", "2016-12-31": "", "2015-12-31": "", "2014-12-31": "", "2013-12-31": "", "2012-12-31": "", "2011-12-31": "-9961.20000", "2010-12-31": "", "2009-12-31": "", "2008-12-31": "", "2007-12-31": "", "2006-12-31": "", "2005-12-31": ""}, "Debt Issuance/Retirement Net - Total": {"2019-12-31": "8680.00000", "2018-12-31": "223.00000", "2017-12-31": "-2074.00000", "2016-12-31": "-1004.00000", "2015-12-31": "1655.00000", "2014-12-31": "572.00000", "2013-12-31": "72.60060", "2012-12-31": "-427.10060", "2011-12-31": "-413.90040", "2010-12-31": "1932.90000", "2009-12-31": "-987.10010", "2008-12-31": "-177.29980", "2007-12-31": "1267.60000", "2006-12-31": "-123.50000", "2005-12-31": "2088.96300"}, "Net Common Equity Issued/Repurchased": {"2019-12-31": "-292.00000", "2018-12-31": "-967.00000", "2017-12-31": "55.00000", "2016-12-31": "72.00000", "2015-12-31": "-263.00000", "2014-12-31": "-461.00000", "2013-12-31": "-332.90000", "2012-12-31": "-234.70000", "2011-12-31": "-295.00000", "2010-12-31": "-2330.70000", "2009-12-31": "266.00000", "2008-12-31": "-216.90000", "2007-12-31": "-22.60000", "2006-12-31": "-90.10000", "2005-12-31": "454.33600"}, "Net Total Equity Issued/Repurchased": {"2019-12-31": "-292.00000", "2018-12-31": "-967.00000", "2017-12-31": "55.00000", "2016-12-31": "72.00000", "2015-12-31": "-263.00000", "2014-12-31": "-461.00000", "2013-12-31": "-332.90000", "2012-12-31": "-234.70000", "2011-12-31": "-295.00000", "2010-12-31": "-2330.70000", "2009-12-31": "266.00000", "2008-12-31": "-216.90000", "2007-12-31": "-22.60000", "2006-12-31": "-90.10000", "2005-12-31": "454.33600"}, "Total Common And Preferred Stock Dividends Paid": {"2019-12-31": "-656.00000", "2018-12-31": "-421.00000", "2017-12-31": "-385.00000", "2016-12-31": "-341.00000", "2015-12-31": "-305.00000", "2014-12-31": "-275.00000", "2013-12-31": "-256.30000", "2012-12-31": "-234.80000", "2011-12-31": "-60.40000", "2010-12-31": "-67.90000", "2009-12-31": "-47.40000", "2008-12-31": "-38.20000", "2007-12-31": "-38.70000", "2006-12-31": "-38.20000", "2005-12-31": "-2700.00000"}, "Financial Activities - Other": {"2019-12-31": "-151.00000", "2018-12-31": "-71.00000", "2017-12-31": "-76.00000", "2016-12-31": "-36.00000", "2015-12-31": "-72.00000", "2014-12-31": "-34.00000", "2013-12-31": "-29.40000", "2012-12-31": "-24.20000", "2011-12-31": "-15.40000", "2010-12-31": "-53.30000", "2009-12-31": "-1.50000", "2008-12-31": "-6.00000", "2007-12-31": "18.10000", "2006-12-31": "23.20000", "2005-12-31": "-40.55300"}, "Cash Flow From Financial Activities": {"2019-12-31": "7581.00000", "2018-12-31": "-1236.00000", "2017-12-31": "-2480.00000", "2016-12-31": "-1309.00000", "2015-12-31": "1015.00000", "2014-12-31": "-198.00000", "2013-12-31": "-546.00000", "2012-12-31": "-920.80000", "2011-12-31": "-784.70000", "2010-12-31": "-519.00000", "2009-12-31": "-770.00000", "2008-12-31": "-438.40000", "2007-12-31": "1224.40000", "2006-12-31": "-228.60000", "2005-12-31": "-197.25400"}, "Net Cash Flow": {"2019-12-31": "2508.00000", "2018-12-31": "38.00000", "2017-12-31": "-18.00000", "2016-12-31": "1.00000", "2015-12-31": "189.00000", "2014-12-31": "-55.00000", "2013-12-31": "29.90000", "2012-12-31": "102.10000", "2011-12-31": "77.50000", "2010-12-31": "-92.90000", "2009-12-31": "210.00000", "2008-12-31": "-134.40000", "2007-12-31": "143.50000", "2006-12-31": "78.60000", "2005-12-31": "-57.73600"}, "Stock-Based Compensation": {"2019-12-31": "402.00000", "2018-12-31": "84.00000", "2017-12-31": "107.00000", "2016-12-31": "137.00000", "2015-12-31": "98.00000", "2014-12-31": "56.00000", "2013-12-31": "53.40000", "2012-12-31": "83.80000", "2011-12-31": "64.70000", "2010-12-31": "58.70000", "2009-12-31": "71.00000", "2008-12-31": "60.70000", "2007-12-31": "39.00000", "2006-12-31": "50.10000", "2005-12-31": "20.36700"}, "Common Stock Dividends Paid": {"2019-12-31": "-656.00000", "2018-12-31": "-421.00000", "2017-12-31": "-385.00000", "2016-12-31": "-341.00000", "2015-12-31": "-305.00000", "2014-12-31": "-275.00000", "2013-12-31": "-256.30000", "2012-12-31": "-234.80000", "2011-12-31": "-60.40000", "2010-12-31": "-67.90000", "2009-12-31": "-47.40000", "2008-12-31": "-38.20000", "2007-12-31": "-38.70000", "2006-12-31": "-38.20000", "2005-12-31": "-2700.00000"}}, "cash flow statement, quarterly": {"Net Income/Loss": {"2020-09-30": 21, "2020-06-30": 22, "2020-03-31": "18.00000", "2019-12-31": -156, "2019-09-30": 155, "2019-06-30": 155, "2019-03-31": "149.00000", "2018-12-31": 310, "2018-09-30": 163, "2018-06-30": 218, "2018-03-31": "190.00000", "2017-12-31": 943, "2017-09-30": 68, "2017-06-30": 148, "2017-03-31": "135.00000", "2016-12-31": 173, "2016-09-30": 191, "2016-06-30": 124, "2016-03-31": "59.00000", "2015-12-31": 111, "2015-09-30": 180, "2015-06-30": 245, "2015-03-31": "115.00000", "2014-12-31": 202.7, "2014-09-30": 157.9, "2014-06-30": 185.3, "2014-03-31": "161.10000", "2013-12-31": 80.2, "2013-09-30": 179.1, "2013-06-30": 109, "2013-03-31": "149.40000", "2012-12-31": 144.8, "2012-09-30": 92.4, "2012-06-30": 153.8, "2012-03-31": "90.10000", "2011-12-31": 122, "2011-09-30": 140.2, "2011-06-30": 125.3, "2011-03-31": "93.60000", "2010-12-31": 112.3, "2010-09-30": 61, "2010-06-30": 91.1, "2010-03-31": "93.50000", "2009-12-31": -52.8, "2009-09-30": 69, "2009-06-30": 59.6, "2009-03-31": "32.70000", "2008-12-31": 30, "2008-09-30": 46.4, "2008-06-30": 72.6, "2008-03-31": "70.50000", "2007-12-31": 108.289, "2007-09-30": 245.304, "2007-06-30": 148.004, "2007-03-31": "59.50300", "2006-12-31": 75.133, "2006-09-30": 78.58, "2006-06-30": 66.029, "2006-03-31": "39.35800", "2005-12-31": 45.486, "2005-09-30": 57.892, "2005-06-30": 48.576, "2005-03-31": "44.59600"}, "Total Depreciation And Amortization - Cash Flow": {"2020-09-30": 938, "2020-06-30": 924, "2020-03-31": "922.00000", "2019-12-31": 963, "2019-09-30": 759, "2019-06-30": 374, "2019-03-31": "372.00000", "2018-12-31": 364, "2018-09-30": 358, "2018-06-30": 358, "2018-03-31": "357.00000", "2017-12-31": 355, "2017-09-30": 340, "2017-06-30": 346, "2017-03-31": "344.00000", "2016-12-31": 282, "2016-09-30": 297, "2016-06-30": 295, "2016-03-31": "298.00000", "2015-12-31": 209, "2015-09-30": 159, "2015-06-30": 157, "2015-03-31": "155.00000", "2014-12-31": 164.7, "2014-09-30": 165.5, "2014-06-30": 160.6, "2014-03-31": "155.20000", "2013-12-31": 159.9, "2013-09-30": 154.5, "2013-06-30": 164.1, "2013-03-31": "156.00000", "2012-12-31": 162, "2012-09-30": 158.4, "2012-06-30": 162.3, "2012-03-31": "179.50000", "2011-12-31": 193.2, "2011-09-30": 165.1, "2011-06-30": 159.1, "2011-03-31": "158.00000", "2010-12-31": 163.8, "2010-09-30": 158.8, "2010-06-30": 156.4, "2010-03-31": "154.20000", "2009-12-31": 160.6, "2009-09-30": 94.3, "2009-06-30": 92.1, "2009-03-31": "92.00000", "2008-12-31": 95.7, "2008-09-30": 113.1, "2008-06-30": 121.9, "2008-03-31": "125.50000", "2007-12-31": 125.733, "2007-09-30": 135.227, "2007-06-30": 114.004, "2007-03-31": "138.93600", "2006-12-31": 116.62, "2006-09-30": 112.615, "2006-06-30": 111.783, "2006-03-31": "97.88200", "2005-12-31": 83.552, "2005-09-30": 70.782, "2005-06-30": 75.363, "2005-03-31": "75.74000"}, "Other Non-Cash Items": {"2020-09-30": 151, "2020-06-30": 60, "2020-03-31": "-50.00000", "2019-12-31": 434, "2019-09-30": -40, "2019-06-30": 81, "2019-03-31": "15.00000", "2018-12-31": -31, "2018-09-30": 129, "2018-06-30": 17, "2018-03-31": "-1.00000", "2017-12-31": -771, "2017-09-30": 184, "2017-06-30": 54, "2017-03-31": "-211.00000", "2016-12-31": -35, "2016-09-30": -17, "2016-06-30": 9, "2016-03-31": "-42.00000", "2015-12-31": 121, "2015-09-30": 9, "2015-06-30": -150, "2015-03-31": "-12.00000", "2014-12-31": 7.9, "2014-09-30": 4.6, "2014-06-30": -0.6, "2014-03-31": "-1.90000", "2013-12-31": 24, "2013-09-30": -1.5, "2013-06-30": -33.4, "2013-03-31": "-15.40000", "2012-12-31": -9.4, "2012-09-30": -40.2, "2012-06-30": 0.1, "2012-03-31": "38.30000", "2011-12-31": 75.9, "2011-09-30": -0.5, "2011-06-30": -5.8, "2011-03-31": "31.90000", "2010-12-31": 66.6, "2010-09-30": 115.8, "2010-06-30": -31.4, "2010-03-31": "7.60000", "2009-12-31": 146.7, "2009-09-30": 11.8, "2009-06-30": -24.3, "2009-03-31": "10.70000", "2008-12-31": 68.4, "2008-09-30": 12.8, "2008-06-30": 14.7, "2008-03-31": "30.90000", "2007-12-31": 53.492, "2007-09-30": -306.37, "2007-06-30": -89.261, "2007-03-31": "5.83900", "2006-12-31": -17.276, "2006-09-30": 50.095, "2006-06-30": -23.815, "2006-03-31": "20.19600", "2005-12-31": 12.665, "2005-09-30": 10.912, "2005-06-30": 48.08, "2005-03-31": "-5.91200"}, "Total Non-Cash Items": {"2020-09-30": 1089, "2020-06-30": 984, "2020-03-31": "872.00000", "2019-12-31": 1397, "2019-09-30": 719, "2019-06-30": 455, "2019-03-31": "387.00000", "2018-12-31": 333, "2018-09-30": 487, "2018-06-30": 375, "2018-03-31": "356.00000", "2017-12-31": -416, "2017-09-30": 524, "2017-06-30": 400, "2017-03-31": "133.00000", "2016-12-31": 247, "2016-09-30": 280, "2016-06-30": 304, "2016-03-31": "256.00000", "2015-12-31": 330, "2015-09-30": 168, "2015-06-30": 7, "2015-03-31": "143.00000", "2014-12-31": 172.6, "2014-09-30": 170.1, "2014-06-30": 160, "2014-03-31": "153.30000", "2013-12-31": 183.9001, "2013-09-30": 153, "2013-06-30": 130.7, "2013-03-31": "140.60000", "2012-12-31": 152.6, "2012-09-30": 118.2, "2012-06-30": 162.4, "2012-03-31": "217.80000", "2011-12-31": 269.1, "2011-09-30": 164.6, "2011-06-30": 153.3, "2011-03-31": "189.90000", "2010-12-31": 230.4, "2010-09-30": 274.6, "2010-06-30": 125, "2010-03-31": "161.80000", "2009-12-31": 307.3, "2009-09-30": 106.1, "2009-06-30": 67.8, "2009-03-31": "102.70000", "2008-12-31": 164.0999, "2008-09-30": 125.9, "2008-06-30": 136.6, "2008-03-31": "156.40000", "2007-12-31": 179.2249, "2007-09-30": -171.143, "2007-06-30": 24.743, "2007-03-31": "144.77500", "2006-12-31": 99.344, "2006-09-30": 162.71, "2006-06-30": 87.968, "2006-03-31": "118.07800", "2005-12-31": 96.217, "2005-09-30": 81.694, "2005-06-30": 123.443, "2005-03-31": "69.82800"}, "Change In Accounts Receivable": {"2020-09-30": -27, "2020-06-30": 9, "2020-03-31": "96.00000", "2019-12-31": -173, "2019-09-30": -81, "2019-06-30": 80, "2019-03-31": "13.00000", "2018-12-31": -73, "2018-09-30": -38, "2018-06-30": 145, "2018-03-31": "44.00000", "2017-12-31": -45, "2017-09-30": -182, "2017-06-30": 20, "2017-03-31": "-25.00000", "2016-12-31": -80, "2016-09-30": 4, "2016-06-30": 97, "2016-03-31": "21.00000", "2015-12-31": -69, "2015-09-30": -8, "2015-06-30": -4, "2015-03-31": "-22.00000", "2014-12-31": -61.9, "2014-09-30": -30.7, "2014-06-30": -37.7, "2014-03-31": "15.30000", "2013-12-31": -0.4, "2013-09-30": -29.6, "2013-06-30": -14.1, "2013-03-31": "-12.00000", "2012-12-31": -11.2, "2012-09-30": -1.2, "2012-06-30": -36.9, "2012-03-31": "-18.70000", "2011-12-31": 9.5, "2011-09-30": 18.9, "2011-06-30": 12.5, "2011-03-31": "", "2010-12-31": -55, "2010-09-30": -15.1, "2010-06-30": 3.1, "2010-03-31": "45.70000", "2009-12-31": -41.7, "2009-09-30": 40.6, "2009-06-30": 24.9, "2009-03-31": "68.90000", "2008-12-31": -8.1, "2008-09-30": 27.2, "2008-06-30": -50.1, "2008-03-31": "-8.10000", "2007-12-31": -54.089, "2007-09-30": 3.412, "2007-06-30": -53.875, "2007-03-31": "-65.34800", "2006-12-31": -33.225, "2006-09-30": -13.122, "2006-06-30": 128.38, "2006-03-31": "-50.03300", "2005-12-31": -60.056, "2005-09-30": 22.633, "2005-06-30": 19.768, "2005-03-31": "-21.35600"}, "Change In Inventories": {"2020-09-30": 0, "2020-06-30": 0, "2020-03-31": "", "2019-12-31": 0, "2019-09-30": 0, "2019-06-30": 0, "2019-03-31": "", "2018-12-31": 0, "2018-09-30": 0, "2018-06-30": 0, "2018-03-31": "", "2017-12-31": 0, "2017-09-30": 0, "2017-06-30": 0, "2017-03-31": "", "2016-12-31": 0, "2016-09-30": 0, "2016-06-30": 0, "2016-03-31": "", "2015-12-31": 0, "2015-09-30": 0, "2015-06-30": 0, "2015-03-31": "", "2014-12-31": 0, "2014-09-30": 0, "2014-06-30": 0, "2014-03-31": "", "2013-12-31": 0, "2013-09-30": 0, "2013-06-30": 0, "2013-03-31": "", "2012-12-31": 0, "2012-09-30": 0, "2012-06-30": 0, "2012-03-31": "", "2011-12-31": 0, "2011-09-30": 0, "2011-06-30": 0, "2011-03-31": "", "2010-12-31": 0, "2010-09-30": 0, "2010-06-30": 0, "2010-03-31": "", "2009-12-31": 0, "2009-09-30": 0, "2009-06-30": 0, "2009-03-31": "", "2008-12-31": 0, "2008-09-30": 0, "2008-06-30": 0, "2008-03-31": "", "2007-12-31": 0, "2007-09-30": 0, "2007-06-30": 0, "2007-03-31": "", "2006-12-31": 0, "2006-09-30": 0, "2006-06-30": 0, "2006-03-31": "", "2005-12-31": 0, "2005-09-30": 0, "2005-06-30": 0, "2005-03-31": ""}, "Change In Accounts Payable": {"2020-09-30": 0, "2020-06-30": 0, "2020-03-31": "", "2019-12-31": 0, "2019-09-30": 0, "2019-06-30": 0, "2019-03-31": "", "2018-12-31": 0, "2018-09-30": 0, "2018-06-30": 0, "2018-03-31": "", "2017-12-31": 0, "2017-09-30": 0, "2017-06-30": 0, "2017-03-31": "", "2016-12-31": 0, "2016-09-30": 0, "2016-06-30": 0, "2016-03-31": "", "2015-12-31": 0, "2015-09-30": 0, "2015-06-30": 0, "2015-03-31": "", "2014-12-31": 0, "2014-09-30": 0, "2014-06-30": 0, "2014-03-31": "", "2013-12-31": 0, "2013-09-30": 0, "2013-06-30": 0, "2013-03-31": "", "2012-12-31": 0, "2012-09-30": 0, "2012-06-30": 0, "2012-03-31": "", "2011-12-31": 0, "2011-09-30": 0, "2011-06-30": 0, "2011-03-31": "", "2010-12-31": 0, "2010-09-30": 0, "2010-06-30": 0, "2010-03-31": "", "2009-12-31": 0, "2009-09-30": 0, "2009-06-30": 0, "2009-03-31": "", "2008-12-31": 0, "2008-09-30": 0, "2008-06-30": 0, "2008-03-31": "", "2007-12-31": 0, "2007-09-30": 0, "2007-06-30": 0, "2007-03-31": "", "2006-12-31": 0, "2006-09-30": 0, "2006-06-30": 0, "2006-03-31": "", "2005-12-31": 0, "2005-09-30": 0, "2005-06-30": 0, "2005-03-31": ""}, "Change In Assets/Liabilities": {"2020-09-30": 260, "2020-06-30": 153, "2020-03-31": "-392.00000", "2019-12-31": -456, "2019-09-30": 141, "2019-06-30": -131, "2019-03-31": "-170.00000", "2018-12-31": -68, "2018-09-30": -165, "2018-06-30": -87, "2018-03-31": "-35.00000", "2017-12-31": 55, "2017-09-30": -66, "2017-06-30": -133, "2017-03-31": "67.00000", "2016-12-31": 161, "2016-09-30": -24, "2016-06-30": -58, "2016-03-31": "77.00000", "2015-12-31": 3, "2015-09-30": -22, "2015-06-30": -29, "2015-03-31": "-50.00000", "2014-12-31": 8.5, "2014-09-30": -73.1, "2014-06-30": -28.2, "2014-03-31": "-1.20000", "2013-12-31": -14.8, "2013-09-30": -28.6, "2013-06-30": -50.6, "2013-03-31": "-77.00000", "2012-12-31": 31.8, "2012-09-30": -48.6, "2012-06-30": -59.4, "2012-03-31": "-20.70000", "2011-12-31": -63.3, "2011-09-30": -29.7, "2011-06-30": -20.1, "2011-03-31": "23.80000", "2010-12-31": -63.4, "2010-09-30": -41.8, "2010-06-30": -3.7, "2010-03-31": "-26.50000", "2009-12-31": 50.1, "2009-09-30": -27.2, "2009-06-30": -20.2, "2009-03-31": "24.90000", "2008-12-31": 18.3, "2008-09-30": -44.9, "2008-06-30": -1.1, "2008-03-31": "-29.40000", "2007-12-31": -44.964, "2007-09-30": -27.294, "2007-06-30": -40.838, "2007-03-31": "-26.40400", "2006-12-31": -54.342, "2006-09-30": -19.939, "2006-06-30": -185.075, "2006-03-31": "83.25600", "2005-12-31": -48.51, "2005-09-30": -94.374, "2005-06-30": -12.635, "2005-03-31": "0.43500"}, "Total Change In Assets/Liabilities": {"2020-09-30": 301, "2020-06-30": 224, "2020-03-31": "-507.00000", "2019-12-31": -572, "2019-09-30": 47, "2019-06-30": -84, "2019-03-31": "-242.00000", "2018-12-31": 62, "2018-09-30": -185, "2018-06-30": -124, "2018-03-31": "-192.00000", "2017-12-31": 135, "2017-09-30": -41, "2017-06-30": -474, "2017-03-31": "186.00000", "2016-12-31": 165, "2016-09-30": 49, "2016-06-30": 8, "2016-03-31": "71.00000", "2015-12-31": -8, "2015-09-30": -97, "2015-06-30": -38, "2015-03-31": "-29.00000", "2014-12-31": 97.3, "2014-09-30": -137.6, "2014-06-30": -87.5, "2014-03-31": "-91.20000", "2013-12-31": 122.2, "2013-09-30": -21.2, "2013-06-30": -84.1, "2013-03-31": "-82.50000", "2012-12-31": 33.4, "2012-09-30": 42.6, "2012-06-30": -57.3, "2012-03-31": "-104.10000", "2011-12-31": -27, "2011-09-30": -29.2, "2011-06-30": -15.3, "2011-03-31": "-18.80000", "2010-12-31": -71, "2010-09-30": 24.5, "2010-06-30": -42.5, "2010-03-31": "12.30000", "2009-12-31": -50.9, "2009-09-30": -2, "2009-06-30": 40, "2009-03-31": "26.60000", "2008-12-31": -30, "2008-09-30": -16.4, "2008-06-30": -134.6, "2008-03-31": "-58.70000", "2007-12-31": -80.42, "2007-09-30": -60.842, "2007-06-30": -2.09, "2007-03-31": "-131.84800", "2006-12-31": -51.299, "2006-09-30": -93.128, "2006-06-30": -28.533, "2006-03-31": "-59.54000", "2005-12-31": -120.275, "2005-09-30": 48.543, "2005-06-30": -33.773, "2005-03-31": "-36.25100"}, "Cash Flow From Operating Activities": {"2020-09-30": 1411, "2020-06-30": 1230, "2020-03-31": "383.00000", "2019-12-31": 669, "2019-09-30": 921, "2019-06-30": 526, "2019-03-31": "294.00000", "2018-12-31": 705, "2018-09-30": 465, "2018-06-30": 469, "2018-03-31": "354.00000", "2017-12-31": 662, "2017-09-30": 551, "2017-06-30": 74, "2017-03-31": "454.00000", "2016-12-31": 583, "2016-09-30": 522, "2016-06-30": 435, "2016-03-31": "385.00000", "2015-12-31": 433, "2015-09-30": 255, "2015-06-30": 212, "2015-03-31": "231.00000", "2014-12-31": 477.9, "2014-09-30": 208, "2014-06-30": 256.5, "2014-03-31": "222.60000", "2013-12-31": 384.4, "2013-09-30": 311.1, "2013-06-30": 157.3, "2013-03-31": "207.50000", "2012-12-31": 328.7, "2012-09-30": 255.3, "2012-06-30": 258.9, "2012-03-31": "203.80000", "2011-12-31": 372.4, "2011-09-30": 275.6, "2011-06-30": 263.3, "2011-03-31": "260.20000", "2010-12-31": 285.4, "2010-09-30": 340.7, "2010-06-30": 173.6, "2010-03-31": "271.60000", "2009-12-31": 209.1, "2009-09-30": 173.9, "2009-06-30": 168.2, "2009-03-31": "162.90000", "2008-12-31": 197.7, "2008-09-30": 155.9, "2008-06-30": 74.6, "2008-03-31": "168.20000", "2007-12-31": 207.094, "2007-09-30": 13.319, "2007-06-30": 170.657, "2007-03-31": "72.43000", "2006-12-31": 123.178, "2006-09-30": 148.162, "2006-06-30": 125.464, "2006-03-31": "97.89600", "2005-12-31": 21.428, "2005-09-30": 188.129, "2005-06-30": 138.246, "2005-03-31": "78.17300"}, "Net Change In Property, Plant, And Equipment": {"2020-09-30": -271, "2020-06-30": -261, "2020-03-31": "-306.00000", "2019-12-31": -284, "2019-09-30": -259, "2019-06-30": -140, "2019-03-31": "-145.00000", "2018-12-31": -158, "2018-09-30": -148, "2018-06-30": -144, "2018-03-31": "-172.00000", "2017-12-31": -165, "2017-09-30": -151, "2017-06-30": -142, "2017-03-31": "-155.00000", "2016-12-31": -170, "2016-09-30": -153, "2016-06-30": -148, "2016-03-31": "-145.00000", "2015-12-31": -109, "2015-09-30": -87, "2015-06-30": -118, "2015-03-31": "-101.00000", "2014-12-31": -99.4, "2014-09-30": -86, "2014-06-30": -96.7, "2014-03-31": "-89.90000", "2013-12-31": -97.6, "2013-09-30": -81.6, "2013-06-30": -83.3, "2013-03-31": "-73.70000", "2012-12-31": -69.8, "2012-09-30": -70.6, "2012-06-30": -90.7, "2012-03-31": "-65.00000", "2011-12-31": -78.5, "2011-09-30": -82.2, "2011-06-30": -68, "2011-03-31": "-71.60000", "2010-12-31": -86.7, "2010-09-30": -93.1, "2010-06-30": -76, "2010-03-31": "-58.20000", "2009-12-31": -66.9, "2009-09-30": -49.4, "2009-06-30": -50.9, "2009-03-31": "-45.30000", "2008-12-31": -51.6, "2008-09-30": -48.2, "2008-06-30": -66, "2008-03-31": "-89.60000", "2007-12-31": -98.629, "2007-09-30": -90.661, "2007-06-30": -79.894, "2007-03-31": "-74.11600", "2006-12-31": -83.666, "2006-09-30": -67.114, "2006-06-30": -80.156, "2006-03-31": "-69.26400", "2005-12-31": -58.168, "2005-09-30": -74.602, "2005-06-30": -63.883, "2005-03-31": "-42.01200"}, "Net Change In Intangible Assets": {"2020-09-30": 0, "2020-06-30": 0, "2020-03-31": "", "2019-12-31": 0, "2019-09-30": 0, "2019-06-30": 0, "2019-03-31": "", "2018-12-31": 0, "2018-09-30": 0, "2018-06-30": 0, "2018-03-31": "", "2017-12-31": 0, "2017-09-30": 0, "2017-06-30": 0, "2017-03-31": "", "2016-12-31": 0, "2016-09-30": 0, "2016-06-30": 0, "2016-03-31": "", "2015-12-31": 0, "2015-09-30": 0, "2015-06-30": 0, "2015-03-31": "", "2014-12-31": 0, "2014-09-30": 0, "2014-06-30": 0, "2014-03-31": "", "2013-12-31": 0, "2013-09-30": 0, "2013-06-30": 0, "2013-03-31": "", "2012-12-31": 0, "2012-09-30": 0, "2012-06-30": 0, "2012-03-31": "", "2011-12-31": 0, "2011-09-30": 0, "2011-06-30": 0, "2011-03-31": "", "2010-12-31": 0, "2010-09-30": 0, "2010-06-30": 0, "2010-03-31": "", "2009-12-31": 0, "2009-09-30": 0, "2009-06-30": 0, "2009-03-31": "", "2008-12-31": 0, "2008-09-30": 0, "2008-06-30": 0, "2008-03-31": "", "2007-12-31": 0, "2007-09-30": 0, "2007-06-30": 0, "2007-03-31": "", "2006-12-31": 0, "2006-09-30": 0, "2006-06-30": 0, "2006-03-31": "", "2005-12-31": 0, "2005-09-30": 0, "2005-06-30": 0, "2005-03-31": ""}, "Net Acquisitions/Divestitures": {"2020-09-30": 0, "2020-06-30": -67, "2020-03-31": "-402.00000", "2019-12-31": -3, "2019-09-30": -6623, "2019-06-30": 0, "2019-03-31": "43.00000", "2018-12-31": -74, "2018-09-30": 9, "2018-06-30": 49, "2018-03-31": "", "2017-12-31": 1307, "2017-09-30": -846, "2017-06-30": 19, "2017-03-31": "827.00000", "2016-12-31": 0, "2016-09-30": 0, "2016-06-30": 0, "2016-03-31": "", "2015-12-31": -1703, "2015-09-30": -17, "2015-06-30": 0, "2015-03-31": "", "2014-12-31": -461.4, "2014-09-30": -104.6, "2014-06-30": -29, "2014-03-31": "", "2013-12-31": -12.9, "2013-09-30": -7.5, "2013-06-30": -15.1, "2013-03-31": "-115.00000", "2012-12-31": -23.6, "2012-09-30": 1.7, "2012-06-30": -41.7, "2012-03-31": "", "2011-12-31": -7.5, "2011-09-30": 0, "2011-06-30": 0.1, "2011-03-31": "-12.80000", "2010-12-31": -336.6, "2010-09-30": -20, "2010-06-30": 3.4, "2010-03-31": "-50.00000", "2009-12-31": 439.7, "2009-09-30": 0, "2009-06-30": -0.8, "2009-03-31": "-3.00000", "2008-12-31": -2.5, "2008-09-30": 0, "2008-06-30": -15.5, "2008-03-31": "-1.90000", "2007-12-31": 89.457, "2007-09-30": -1656.507, "2007-06-30": -44.554, "2007-03-31": "-21.19600", "2006-12-31": -11.621, "2006-09-30": 0.336, "2006-06-30": -3.048, "2006-03-31": "125.33300", "2005-12-31": 2.785, "2005-09-30": -51.174, "2005-06-30": 0, "2005-03-31": ""}, "Net Change In Short-term Investments": {"2020-09-30": 0, "2020-06-30": 0, "2020-03-31": "", "2019-12-31": 0, "2019-09-30": 0, "2019-06-30": 0, "2019-03-31": "", "2018-12-31": 0, "2018-09-30": 0, "2018-06-30": 0, "2018-03-31": "", "2017-12-31": 0, "2017-09-30": 0, "2017-06-30": 0, "2017-03-31": "", "2016-12-31": 0, "2016-09-30": 0, "2016-06-30": 0, "2016-03-31": "", "2015-12-31": 0, "2015-09-30": 0, "2015-06-30": 0, "2015-03-31": "", "2014-12-31": 0, "2014-09-30": 0, "2014-06-30": 0, "2014-03-31": "", "2013-12-31": 0, "2013-09-30": 0, "2013-06-30": 0, "2013-03-31": "", "2012-12-31": 0, "2012-09-30": 0, "2012-06-30": 0, "2012-03-31": "", "2011-12-31": 0, "2011-09-30": 0, "2011-06-30": 0, "2011-03-31": "", "2010-12-31": 0, "2010-09-30": 0, "2010-06-30": 0, "2010-03-31": "", "2009-12-31": 0, "2009-09-30": 0, "2009-06-30": 0, "2009-03-31": "", "2008-12-31": 0, "2008-09-30": 0, "2008-06-30": 0, "2008-03-31": "", "2007-12-31": 0, "2007-09-30": 0, "2007-06-30": 0, "2007-03-31": "", "2006-12-31": 0, "2006-09-30": 0, "2006-06-30": 0, "2006-03-31": "", "2005-12-31": 0, "2005-09-30": 0, "2005-06-30": 0, "2005-03-31": ""}, "Net Change In Long-Term Investments": {"2020-09-30": 0, "2020-06-30": 0, "2020-03-31": "", "2019-12-31": 0, "2019-09-30": 0, "2019-06-30": 0, "2019-03-31": "", "2018-12-31": 0, "2018-09-30": 0, "2018-06-30": -49, "2018-03-31": "49.00000", "2017-12-31": 0, "2017-09-30": 0, "2017-06-30": 0, "2017-03-31": "", "2016-12-31": 0, "2016-09-30": 0, "2016-06-30": 0, "2016-03-31": "", "2015-12-31": 0, "2015-09-30": 0, "2015-06-30": 0, "2015-03-31": "", "2014-12-31": 0, "2014-09-30": 0, "2014-06-30": 0, "2014-03-31": "", "2013-12-31": 0, "2013-09-30": 0, "2013-06-30": 0, "2013-03-31": "", "2012-12-31": 0, "2012-09-30": 0, "2012-06-30": 0, "2012-03-31": "", "2011-12-31": 0, "2011-09-30": 0, "2011-06-30": 0, "2011-03-31": "", "2010-12-31": 0, "2010-09-30": 0, "2010-06-30": 0, "2010-03-31": "", "2009-12-31": 0, "2009-09-30": 0, "2009-06-30": 0, "2009-03-31": "", "2008-12-31": -25.7, "2008-09-30": 0, "2008-06-30": 0, "2008-03-31": "", "2007-12-31": 0.043, "2007-09-30": 293.819, "2007-06-30": 136.338, "2007-03-31": "", "2006-12-31": 0, "2006-09-30": 0, "2006-06-30": 0, "2006-03-31": "", "2005-12-31": 0, "2005-09-30": 0, "2005-06-30": 0, "2005-03-31": ""}, "Net Change In Investments - Total": {"2020-09-30": 0, "2020-06-30": 0, "2020-03-31": "", "2019-12-31": 0, "2019-09-30": 0, "2019-06-30": 0, "2019-03-31": "", "2018-12-31": 0, "2018-09-30": 0, "2018-06-30": -49, "2018-03-31": "49.00000", "2017-12-31": 0, "2017-09-30": 0, "2017-06-30": 0, "2017-03-31": "", "2016-12-31": 0, "2016-09-30": 0, "2016-06-30": 0, "2016-03-31": "", "2015-12-31": 0, "2015-09-30": 0, "2015-06-30": 0, "2015-03-31": "", "2014-12-31": 0, "2014-09-30": 0, "2014-06-30": 0, "2014-03-31": "", "2013-12-31": 0, "2013-09-30": 0, "2013-06-30": 0, "2013-03-31": "", "2012-12-31": 0, "2012-09-30": 0, "2012-06-30": 0, "2012-03-31": "", "2011-12-31": 0, "2011-09-30": 0, "2011-06-30": 0, "2011-03-31": "", "2010-12-31": 0, "2010-09-30": 0, "2010-06-30": 0, "2010-03-31": "", "2009-12-31": 0, "2009-09-30": 0, "2009-06-30": 0, "2009-03-31": "", "2008-12-31": -25.7, "2008-09-30": 0, "2008-06-30": 0, "2008-03-31": "", "2007-12-31": 0.043, "2007-09-30": 293.819, "2007-06-30": 136.338, "2007-03-31": "", "2006-12-31": 0, "2006-09-30": 0, "2006-06-30": 0, "2006-03-31": "", "2005-12-31": 0, "2005-09-30": 0, "2005-06-30": 0, "2005-03-31": ""}, "Investing Activities - Other": {"2020-09-30": 2, "2020-06-30": -2, "2020-03-31": "92.00000", "2019-12-31": -47, "2019-09-30": -1, "2019-06-30": -1, "2019-03-31": "-41.00000", "2018-12-31": -4, "2018-09-30": -20, "2018-06-30": -2, "2018-03-31": "-4.00000", "2017-12-31": -1308, "2017-09-30": 1307, "2017-06-30": -2, "2017-03-31": "-1.00000", "2016-12-31": 1, "2016-09-30": -1, "2016-06-30": -2, "2016-03-31": "-1.00000", "2015-12-31": -4, "2015-09-30": -1, "2015-06-30": 243, "2015-03-31": "-1.00000", "2014-12-31": -25.5, "2014-09-30": -1.8, "2014-06-30": 0.8, "2014-03-31": "8.50000", "2013-12-31": -8.6, "2013-09-30": 26.6, "2013-06-30": 11, "2013-03-31": "-7.00000", "2012-12-31": 3, "2012-09-30": 333.5, "2012-06-30": 0, "2012-03-31": "", "2011-12-31": 15.4, "2011-09-30": 0, "2011-06-30": 0, "2011-03-31": "5.90000", "2010-12-31": 0, "2010-09-30": -34.5, "2010-06-30": -3.2, "2010-03-31": "110.70000", "2009-12-31": 19.5, "2009-09-30": 5.9, "2009-06-30": 0, "2009-03-31": "", "2008-12-31": -0.9, "2008-09-30": 0, "2008-06-30": 22.8, "2008-03-31": "6.00000", "2007-12-31": -81.235, "2007-09-30": 81.235, "2007-06-30": 0, "2007-03-31": "", "2006-12-31": 0, "2006-09-30": 0, "2006-06-30": 0, "2006-03-31": "", "2005-12-31": 0, "2005-09-30": -7.695, "2005-06-30": 7.695, "2005-03-31": ""}, "Cash Flow From Investing Activities": {"2020-09-30": -269, "2020-06-30": -330, "2020-03-31": "-616.00000", "2019-12-31": -334, "2019-09-30": -6883, "2019-06-30": -141, "2019-03-31": "-143.00000", "2018-12-31": -236, "2018-09-30": -159, "2018-06-30": -146, "2018-03-31": "-127.00000", "2017-12-31": -166, "2017-09-30": 310, "2017-06-30": -125, "2017-03-31": "671.00000", "2016-12-31": -169, "2016-09-30": -154, "2016-06-30": -150, "2016-03-31": "-146.00000", "2015-12-31": -1816, "2015-09-30": -105, "2015-06-30": 125, "2015-03-31": "-102.00000", "2014-12-31": -586.3, "2014-09-30": -192.4, "2014-06-30": -124.9, "2014-03-31": "-81.40000", "2013-12-31": -119.1, "2013-09-30": -62.5, "2013-06-30": -87.4, "2013-03-31": "-195.70000", "2012-12-31": -90.4, "2012-09-30": 264.6, "2012-06-30": -132.4, "2012-03-31": "-65.00000", "2011-12-31": -70.6, "2011-09-30": -82.2, "2011-06-30": -67.9, "2011-03-31": "-78.50000", "2010-12-31": -423.3, "2010-09-30": -147.6, "2010-06-30": -75.8, "2010-03-31": "2.50000", "2009-12-31": 392.3, "2009-09-30": -43.5, "2009-06-30": -51.7, "2009-03-31": "-48.30000", "2008-12-31": -80.7, "2008-09-30": -48.2, "2008-06-30": -58.7, "2008-03-31": "-85.50000", "2007-12-31": -90.364, "2007-09-30": -1372.114, "2007-06-30": 11.89, "2007-03-31": "-95.31200", "2006-12-31": -95.287, "2006-09-30": -66.778, "2006-06-30": -83.204, "2006-03-31": "56.06900", "2005-12-31": -55.383, "2005-09-30": -133.471, "2005-06-30": -56.188, "2005-03-31": "-42.01200"}, "Net Long-Term Debt": {"2020-09-30": -350, "2020-06-30": -738, "2020-03-31": "567.00000", "2019-12-31": -748, "2019-09-30": 255, "2019-06-30": 8975, "2019-03-31": "198.00000", "2018-12-31": -120, "2018-09-30": 161, "2018-06-30": -78, "2018-03-31": "260.00000", "2017-12-31": -380, "2017-09-30": -835, "2017-06-30": 203, "2017-03-31": "-1062.00000", "2016-12-31": -318, "2016-09-30": -353, "2016-06-30": -181, "2016-03-31": "-152.00000", "2015-12-31": 1755, "2015-09-30": -73, "2015-06-30": -154, "2015-03-31": "127.00000", "2014-12-31": 69.1997, "2014-09-30": 49.3003, "2014-06-30": 144.1, "2014-03-31": "309.40000", "2013-12-31": -354.1992, "2013-09-30": 51.1997, "2013-06-30": 159.4, "2013-03-31": "216.20010", "2012-12-31": -147.7002, "2012-09-30": -331.9004, "2012-06-30": 19.2998, "2012-03-31": "33.20020", "2011-12-31": 9904.9001, "2011-09-30": -17.6001, "2011-06-30": -159.5, "2011-03-31": "-180.50000", "2010-12-31": 95.4, "2010-09-30": 2131.6997, "2010-06-30": -93.7997, "2010-03-31": "-200.40000", "2009-12-31": -617.3001, "2009-09-30": -148.4, "2009-06-30": -167.3, "2009-03-31": "-54.10000", "2008-12-31": -134.1997, "2008-09-30": -38.2002, "2008-06-30": 92.9002, "2008-03-31": "-97.80010", "2007-12-31": -45.54, "2007-09-30": 1487.0379, "2007-06-30": -185.153, "2007-03-31": "11.25510", "2006-12-31": 37.076, "2006-09-30": -15.8, "2006-06-30": -47, "2006-03-31": "-97.77600", "2005-12-31": -7.904, "2005-09-30": -128.165, "2005-06-30": -250.168, "2005-03-31": "2475.20000"}, "Net Current Debt": {"2020-09-30": 0, "2020-06-30": 0, "2020-03-31": "", "2019-12-31": 0, "2019-09-30": 0, "2019-06-30": 0, "2019-03-31": "", "2018-12-31": 0, "2018-09-30": 0, "2018-06-30": 0, "2018-03-31": "", "2017-12-31": 0, "2017-09-30": 0, "2017-06-30": 0, "2017-03-31": "", "2016-12-31": 0, "2016-09-30": 0, "2016-06-30": 0, "2016-03-31": "", "2015-12-31": 0, "2015-09-30": 0, "2015-06-30": 0, "2015-03-31": "", "2014-12-31": 0, "2014-09-30": 0, "2014-06-30": 0, "2014-03-31": "", "2013-12-31": 0, "2013-09-30": 0, "2013-06-30": 0, "2013-03-31": "", "2012-12-31": 0, "2012-09-30": 0, "2012-06-30": 0, "2012-03-31": "", "2011-12-31": -9961.2, "2011-09-30": 0, "2011-06-30": 0, "2011-03-31": "", "2010-12-31": 0, "2010-09-30": 0, "2010-06-30": 0, "2010-03-31": "", "2009-12-31": 0, "2009-09-30": 0, "2009-06-30": 0, "2009-03-31": "", "2008-12-31": 0, "2008-09-30": 0, "2008-06-30": 0, "2008-03-31": "", "2007-12-31": 0, "2007-09-30": 0, "2007-06-30": 0, "2007-03-31": "", "2006-12-31": 0, "2006-09-30": 0, "2006-06-30": 0, "2006-03-31": "", "2005-12-31": 0, "2005-09-30": 0, "2005-06-30": 0, "2005-03-31": ""}, "Debt Issuance/Retirement Net - Total": {"2020-09-30": -350, "2020-06-30": -738, "2020-03-31": "567.00000", "2019-12-31": -748, "2019-09-30": 255, "2019-06-30": 8975, "2019-03-31": "198.00000", "2018-12-31": -120, "2018-09-30": 161, "2018-06-30": -78, "2018-03-31": "260.00000", "2017-12-31": -380, "2017-09-30": -835, "2017-06-30": 203, "2017-03-31": "-1062.00000", "2016-12-31": -318, "2016-09-30": -353, "2016-06-30": -181, "2016-03-31": "-152.00000", "2015-12-31": 1755, "2015-09-30": -73, "2015-06-30": -154, "2015-03-31": "127.00000", "2014-12-31": 69.1997, "2014-09-30": 49.3003, "2014-06-30": 144.1, "2014-03-31": "309.40000", "2013-12-31": -354.1992, "2013-09-30": 51.1997, "2013-06-30": 159.4, "2013-03-31": "216.20010", "2012-12-31": -147.7002, "2012-09-30": -331.9004, "2012-06-30": 19.2998, "2012-03-31": "33.20020", "2011-12-31": -56.3003, "2011-09-30": -17.6001, "2011-06-30": -159.5, "2011-03-31": "-180.50000", "2010-12-31": 95.4, "2010-09-30": 2131.6997, "2010-06-30": -93.7997, "2010-03-31": "-200.40000", "2009-12-31": -617.3001, "2009-09-30": -148.4, "2009-06-30": -167.3, "2009-03-31": "-54.10000", "2008-12-31": -134.1997, "2008-09-30": -38.2002, "2008-06-30": 92.9002, "2008-03-31": "-97.80010", "2007-12-31": -45.54, "2007-09-30": 1487.0379, "2007-06-30": -185.153, "2007-03-31": "11.25510", "2006-12-31": 37.076, "2006-09-30": -15.8, "2006-06-30": -47, "2006-03-31": "-97.77600", "2005-12-31": -7.904, "2005-09-30": -128.165, "2005-06-30": -250.168, "2005-03-31": "2475.20000"}, "Net Common Equity Issued/Repurchased": {"2020-09-30": -25, "2020-06-30": 95, "2020-03-31": "130.00000", "2019-12-31": -6, "2019-09-30": 51, "2019-06-30": 24, "2019-03-31": "-361.00000", "2018-12-31": -202, "2018-09-30": -331, "2018-06-30": -108, "2018-03-31": "-326.00000", "2017-12-31": -67, "2017-09-30": 56, "2017-06-30": 19, "2017-03-31": "47.00000", "2016-12-31": 99, "2016-09-30": -69, "2016-06-30": 34, "2016-03-31": "8.00000", "2015-12-31": -1, "2015-09-30": 18, "2015-06-30": -137, "2015-03-31": "-143.00000", "2014-12-31": 3.9, "2014-09-30": -124.8, "2014-06-30": -149.8, "2014-03-31": "-190.30000", "2013-12-31": -80.8, "2013-09-30": -94.2, "2013-06-30": -71.4, "2013-03-31": "-86.50000", "2012-12-31": -109.2, "2012-09-30": -92.4, "2012-06-30": -21.8, "2012-03-31": "-11.30000", "2011-12-31": -106.5, "2011-09-30": -254.9, "2011-06-30": 14.9, "2011-03-31": "51.50000", "2010-12-31": 9.9, "2010-09-30": -2394.7, "2010-06-30": 73.1, "2010-03-31": "-19.00000", "2009-12-31": 254.4, "2009-09-30": 5.6, "2009-06-30": 2.4, "2009-03-31": "3.60000", "2008-12-31": 0.6, "2008-09-30": 7.2, "2008-06-30": -220.8, "2008-03-31": "-3.90000", "2007-12-31": 12.779, "2007-09-30": -78.573, "2007-06-30": 10.037, "2007-03-31": "33.15700", "2006-12-31": -26.779, "2006-09-30": -35.741, "2006-06-30": -54.414, "2006-03-31": "26.83400", "2005-12-31": 0, "2005-09-30": 0, "2005-06-30": 0, "2005-03-31": "454.33600"}, "Net Total Equity Issued/Repurchased": {"2020-09-30": -25, "2020-06-30": 95, "2020-03-31": "130.00000", "2019-12-31": -6, "2019-09-30": 51, "2019-06-30": 24, "2019-03-31": "-361.00000", "2018-12-31": -202, "2018-09-30": -331, "2018-06-30": -108, "2018-03-31": "-326.00000", "2017-12-31": -67, "2017-09-30": 56, "2017-06-30": 19, "2017-03-31": "47.00000", "2016-12-31": 99, "2016-09-30": -69, "2016-06-30": 34, "2016-03-31": "8.00000", "2015-12-31": -1, "2015-09-30": 18, "2015-06-30": -137, "2015-03-31": "-143.00000", "2014-12-31": 3.9, "2014-09-30": -124.8, "2014-06-30": -149.8, "2014-03-31": "-190.30000", "2013-12-31": -80.8, "2013-09-30": -94.2, "2013-06-30": -71.4, "2013-03-31": "-86.50000", "2012-12-31": -109.2, "2012-09-30": -92.4, "2012-06-30": -21.8, "2012-03-31": "-11.30000", "2011-12-31": -106.5, "2011-09-30": -254.9, "2011-06-30": 14.9, "2011-03-31": "51.50000", "2010-12-31": 9.9, "2010-09-30": -2394.7, "2010-06-30": 73.1, "2010-03-31": "-19.00000", "2009-12-31": 254.4, "2009-09-30": 5.6, "2009-06-30": 2.4, "2009-03-31": "3.60000", "2008-12-31": 0.6, "2008-09-30": 7.2, "2008-06-30": -220.8, "2008-03-31": "-3.90000", "2007-12-31": 12.779, "2007-09-30": -78.573, "2007-06-30": 10.037, "2007-03-31": "33.15700", "2006-12-31": -26.779, "2006-09-30": -35.741, "2006-06-30": -54.414, "2006-03-31": "26.83400", "2005-12-31": 0, "2005-09-30": 0, "2005-06-30": 0, "2005-03-31": "454.33600"}, "Total Common And Preferred Stock Dividends Paid": {"2020-09-30": -217, "2020-06-30": -217, "2020-03-31": "-216.00000", "2019-12-31": -215, "2019-09-30": -215, "2019-06-30": -113, "2019-03-31": "-113.00000", "2018-12-31": -105, "2018-09-30": -105, "2018-06-30": -105, "2018-03-31": "-106.00000", "2017-12-31": -96, "2017-09-30": -97, "2017-06-30": -97, "2017-03-31": "-95.00000", "2016-12-31": -86, "2016-09-30": -84, "2016-06-30": -86, "2016-03-31": "-85.00000", "2015-12-31": -85, "2015-09-30": -73, "2015-06-30": -73, "2015-03-31": "-74.00000", "2014-12-31": -69.3, "2014-09-30": -67.8, "2014-06-30": -68.4, "2014-03-31": "-69.50000", "2013-12-31": -64.6, "2013-09-30": -63.8, "2013-06-30": -63.1, "2013-03-31": "-64.80000", "2012-12-31": -58.4, "2012-09-30": -58.7, "2012-06-30": -58.9, "2012-03-31": "-58.80000", "2011-12-31": -12.4, "2011-09-30": -15.9, "2011-06-30": -16.9, "2011-03-31": "-15.20000", "2010-12-31": -12.8, "2010-09-30": -15.8, "2010-06-30": -19.8, "2010-03-31": "-19.50000", "2009-12-31": -16.8, "2009-09-30": -11.5, "2009-06-30": -9.6, "2009-03-31": "-9.50000", "2008-12-31": -9.5, "2008-09-30": -9.4, "2008-06-30": -9.6, "2008-03-31": "-9.70000", "2007-12-31": -9.769, "2007-09-30": -9.664, "2007-06-30": -9.646, "2007-03-31": "-9.62100", "2006-12-31": -9.571, "2006-09-30": -9.473, "2006-06-30": -9.54, "2006-03-31": "-9.61600", "2005-12-31": 0, "2005-09-30": 0, "2005-06-30": 0, "2005-03-31": "-2700.00000"}, "Financial Activities - Other": {"2020-09-30": -204, "2020-06-30": -14, "2020-03-31": "-4.00000", "2019-12-31": -41, "2019-09-30": -15, "2019-06-30": -96, "2019-03-31": "1.00000", "2018-12-31": -15, "2018-09-30": -30, "2018-06-30": -25, "2018-03-31": "-1.00000", "2017-12-31": -4, "2017-09-30": -67, "2017-06-30": -1, "2017-03-31": "-4.00000", "2016-12-31": -113, "2016-09-30": 76, "2016-06-30": 11, "2016-03-31": "-10.00000", "2015-12-31": -42, "2015-09-30": 1, "2015-06-30": -23, "2015-03-31": "-8.00000", "2014-12-31": 6.3, "2014-09-30": -25.5, "2014-06-30": -7.6, "2014-03-31": "-7.20000", "2013-12-31": -24.2, "2013-09-30": 9.1, "2013-06-30": -17.6, "2013-03-31": "3.30000", "2012-12-31": 17.8, "2012-09-30": -0.1, "2012-06-30": -3, "2012-03-31": "-38.90000", "2011-12-31": -96.1, "2011-09-30": 72.4, "2011-06-30": 4.2, "2011-03-31": "4.10000", "2010-12-31": -7.1, "2010-09-30": -37.1, "2010-06-30": -9, "2010-03-31": "-0.10000", "2009-12-31": -6, "2009-09-30": 4.4, "2009-06-30": 0, "2009-03-31": "0.10000", "2008-12-31": 14.7, "2008-09-30": -21.6, "2008-06-30": 0.5, "2008-03-31": "0.40000", "2007-12-31": 1.909, "2007-09-30": 17.607, "2007-06-30": 0.405, "2007-03-31": "-1.82100", "2006-12-31": 8.201, "2006-09-30": 10.348, "2006-06-30": 0.388, "2006-03-31": "4.26300", "2005-12-31": -7.013, "2005-09-30": 0, "2005-06-30": -1.271, "2005-03-31": "-32.26900"}, "Cash Flow From Financial Activities": {"2020-09-30": -796, "2020-06-30": -874, "2020-03-31": "477.00000", "2019-12-31": -1010, "2019-09-30": 76, "2019-06-30": 8790, "2019-03-31": "-275.00000", "2018-12-31": -442, "2018-09-30": -305, "2018-06-30": -316, "2018-03-31": "-173.00000", "2017-12-31": -547, "2017-09-30": -943, "2017-06-30": 124, "2017-03-31": "-1114.00000", "2016-12-31": -418, "2016-09-30": -430, "2016-06-30": -222, "2016-03-31": "-239.00000", "2015-12-31": 1627, "2015-09-30": -127, "2015-06-30": -387, "2015-03-31": "-98.00000", "2014-12-31": 10.1, "2014-09-30": -168.8, "2014-06-30": -81.7, "2014-03-31": "42.40000", "2013-12-31": -523.8, "2013-09-30": -97.7, "2013-06-30": 7.3, "2013-03-31": "68.20000", "2012-12-31": -297.5, "2012-09-30": -483.1, "2012-06-30": -64.4, "2012-03-31": "-75.80000", "2011-12-31": -271.3, "2011-09-30": -216, "2011-06-30": -157.3, "2011-03-31": "-140.10000", "2010-12-31": 85.4, "2010-09-30": -315.9, "2010-06-30": -49.5, "2010-03-31": "-239.00000", "2009-12-31": -385.7, "2009-09-30": -149.9, "2009-06-30": -174.5, "2009-03-31": "-59.90000", "2008-12-31": -128.4, "2008-09-30": -62, "2008-06-30": -137, "2008-03-31": "-111.00000", "2007-12-31": -40.621, "2007-09-30": 1416.408, "2007-06-30": -184.357, "2007-03-31": "32.97000", "2006-12-31": 8.927, "2006-09-30": -50.666, "2006-06-30": -110.566, "2006-03-31": "-76.29500", "2005-12-31": -14.917, "2005-09-30": -128.165, "2005-06-30": -251.439, "2005-03-31": "197.26700"}, "Net Cash Flow": {"2020-09-30": 377, "2020-06-30": 18, "2020-03-31": "229.00000", "2019-12-31": -619, "2019-09-30": -5926, "2019-06-30": 9180, "2019-03-31": "-127.00000", "2018-12-31": 71, "2018-09-30": -51, "2018-06-30": -42, "2018-03-31": "60.00000", "2017-12-31": -55, "2017-09-30": -66, "2017-06-30": 81, "2017-03-31": "22.00000", "2016-12-31": -18, "2016-09-30": -64, "2016-06-30": 63, "2016-03-31": "20.00000", "2015-12-31": 240, "2015-09-30": -4, "2015-06-30": -43, "2015-03-31": "-4.00000", "2014-12-31": -119.3, "2014-09-30": -181.9, "2014-06-30": 56, "2014-03-31": "190.20000", "2013-12-31": -264.1, "2013-09-30": 158.5, "2013-06-30": 62.5, "2013-03-31": "73.00000", "2012-12-31": -59, "2012-09-30": 42.8, "2012-06-30": 52.1, "2012-03-31": "66.20000", "2011-12-31": 28.7, "2011-09-30": -40.5, "2011-06-30": 43.2, "2011-03-31": "46.10000", "2010-12-31": -51.4, "2010-09-30": -112.6, "2010-06-30": 38.1, "2010-03-31": "33.00000", "2009-12-31": 225.3, "2009-09-30": -22.3, "2009-06-30": -44.1, "2009-03-31": "51.10000", "2008-12-31": -17.6, "2008-09-30": 31.5, "2008-06-30": -121, "2008-03-31": "-27.30000", "2007-12-31": 76.177, "2007-09-30": 58.186, "2007-06-30": -1.114, "2007-03-31": "10.25100", "2006-12-31": 37.062, "2006-09-30": 30.996, "2006-06-30": -67.661, "2006-03-31": "78.20300", "2005-12-31": -48.276, "2005-09-30": -73.507, "2005-06-30": -169.381, "2005-03-31": "233.42800"}, "Stock-Based Compensation": {"2020-09-30": 57, "2020-06-30": 69, "2020-03-31": "56.00000", "2019-12-31": 264, "2019-09-30": 95, "2019-06-30": 24, "2019-03-31": "19.00000", "2018-12-31": 18, "2018-09-30": 21, "2018-06-30": 25, "2018-03-31": "20.00000", "2017-12-31": 21, "2017-09-30": 25, "2017-06-30": 35, "2017-03-31": "26.00000", "2016-12-31": 36, "2016-09-30": 33, "2016-06-30": 38, "2016-03-31": "30.00000", "2015-12-31": 39, "2015-09-30": 23, "2015-06-30": 17, "2015-03-31": "19.00000", "2014-12-31": 15.5, "2014-09-30": 13.9, "2014-06-30": 13.3, "2014-03-31": "13.30000", "2013-12-31": 14.6, "2013-09-30": 12.4, "2013-06-30": 13.2, "2013-03-31": "13.20000", "2012-12-31": 23.3, "2012-09-30": 17.6, "2012-06-30": 16.6, "2012-03-31": "26.30000", "2011-12-31": 18.7, "2011-09-30": 14.9, "2011-06-30": 15.7, "2011-03-31": "15.40000", "2010-12-31": 18, "2010-09-30": 14.3, "2010-06-30": 10.4, "2010-03-31": "16.00000", "2009-12-31": 43.7, "2009-09-30": 9, "2009-06-30": 8.8, "2009-03-31": "9.50000", "2008-12-31": 10.1, "2008-09-30": 8.4, "2008-06-30": 15.8, "2008-03-31": "26.40000", "2007-12-31": 11.87, "2007-09-30": 9.89, "2007-06-30": 8.751, "2007-03-31": "8.48900", "2006-12-31": 12.878, "2006-09-30": 4.434, "2006-06-30": 4.83, "2006-03-31": "27.95800", "2005-12-31": 4.351, "2005-09-30": 4.562, "2005-06-30": 7.432, "2005-03-31": "4.02200"}, "Common Stock Dividends Paid": {"2020-09-30": -217, "2020-06-30": -217, "2020-03-31": "-216.00000", "2019-12-31": -215, "2019-09-30": -215, "2019-06-30": -113, "2019-03-31": "-113.00000", "2018-12-31": -105, "2018-09-30": -105, "2018-06-30": -105, "2018-03-31": "-106.00000", "2017-12-31": -96, "2017-09-30": -97, "2017-06-30": -97, "2017-03-31": "-95.00000", "2016-12-31": -86, "2016-09-30": -84, "2016-06-30": -86, "2016-03-31": "-85.00000", "2015-12-31": -85, "2015-09-30": -73, "2015-06-30": -73, "2015-03-31": "-74.00000", "2014-12-31": -69.3, "2014-09-30": -67.8, "2014-06-30": -68.4, "2014-03-31": "-69.50000", "2013-12-31": -64.6, "2013-09-30": -63.8, "2013-06-30": -63.1, "2013-03-31": "-64.80000", "2012-12-31": -58.4, "2012-09-30": -58.7, "2012-06-30": -58.9, "2012-03-31": "-58.80000", "2011-12-31": -12.4, "2011-09-30": -15.9, "2011-06-30": -16.9, "2011-03-31": "-15.20000", "2010-12-31": -12.8, "2010-09-30": -15.8, "2010-06-30": -19.8, "2010-03-31": "-19.50000", "2009-12-31": -16.8, "2009-09-30": -11.5, "2009-06-30": -9.6, "2009-03-31": "-9.50000", "2008-12-31": -9.5, "2008-09-30": -9.4, "2008-06-30": -9.6, "2008-03-31": "-9.70000", "2007-12-31": -9.769, "2007-09-30": -9.664, "2007-06-30": -9.646, "2007-03-31": "-9.62100", "2006-12-31": -9.571, "2006-09-30": -9.473, "2006-06-30": -9.54, "2006-03-31": "-9.61600", "2005-12-31": 0, "2005-09-30": 0, "2005-06-30": 0, "2005-03-31": "-2700.00000"}}, "financial ratios": {"Current Ratio": {"2019-12-31": "0.83720", "2018-12-31": "1.19460", "2017-12-31": "0.91950", "2016-12-31": "1.35890", "2015-12-31": "1.48430", "2014-12-31": "1.54680", "2013-12-31": "1.40610", "2012-12-31": "1.46740", "2011-12-31": "1.23420", "2010-12-31": "1.28650", "2009-12-31": "1.34940", "2008-12-31": "1.42830", "2007-12-31": "1.45870", "2006-12-31": "1.47700", "2005-12-31": "1.32360"}, "Long-term Debt / Capital": {"2019-12-31": "0.25840", "2018-12-31": "0.45890", "2017-12-31": "0.41630", "2016-12-31": "0.50750", "2015-12-31": "0.54850", "2014-12-31": "0.43030", "2013-12-31": "0.39180", "2012-12-31": "0.38380", "2011-12-31": "0.40620", "2010-12-31": "0.42930", "2009-12-31": "0.26150", "2008-12-31": "0.39450", "2007-12-31": "0.51430", "2006-12-31": "0.48400", "2005-12-31": "0.78460"}, "Debt/Equity Ratio": {"2019-12-31": "0.40830", "2018-12-31": "0.87900", "2017-12-31": "0.80990", "2016-12-31": "1.06430", "2015-12-31": "1.21650", "2014-12-31": "0.75730", "2013-12-31": "0.66330", "2012-12-31": "0.64550", "2011-12-31": "0.72310", "2010-12-31": "0.79130", "2009-12-31": "0.38190", "2008-12-31": "0.68010", "2007-12-31": "1.13070", "2006-12-31": "0.95760", "2005-12-31": "3.69170"}, "Gross Margin": {"2019-12-31": "36.03020", "2018-12-31": "33.88340", "2017-12-31": "33.15640", "2016-12-31": "33.24650", "2015-12-31": "33.36870", "2014-12-31": "32.52770", "2013-12-31": "32.50160", "2012-12-31": "31.74020", "2011-12-31": "30.33450", "2010-12-31": "30.93710", "2009-12-31": "26.12700", "2008-12-31": "22.12830", "2007-12-31": "19.96610", "2006-12-31": "22.52430", "2005-12-31": "34.89370"}, "Operating Margin": {"2019-12-31": "9.37770", "2018-12-31": "17.30980", "2017-12-31": "16.52050", "2016-12-31": "13.91690", "2015-12-31": "16.66160", "2014-12-31": "19.81910", "2013-12-31": "17.52980", "2012-12-31": "18.57030", "2011-12-31": "18.65580", "2010-12-31": "15.21690", "2009-12-31": "7.69580", "2008-12-31": "10.01340", "2007-12-31": "9.04280", "2006-12-31": "8.01160", "2005-12-31": "15.34860"}, "EBIT Margin": {"2019-12-31": "9.37770", "2018-12-31": "17.30980", "2017-12-31": "16.52050", "2016-12-31": "13.91690", "2015-12-31": "16.66160", "2014-12-31": "19.81910", "2013-12-31": "17.52980", "2012-12-31": "18.57030", "2011-12-31": "18.65580", "2010-12-31": "15.21690", "2009-12-31": "7.69580", "2008-12-31": "10.01340", "2007-12-31": "9.04280", "2006-12-31": "8.01160", "2005-12-31": "15.34860"}, "EBITDA Margin": {"2019-12-31": "33.26240", "2018-12-31": "34.37020", "2017-12-31": "32.49880", "2016-12-31": "27.18830", "2015-12-31": "26.97090", "2014-12-31": "29.89240", "2013-12-31": "27.99420", "2012-12-31": "29.99590", "2011-12-31": "30.66160", "2010-12-31": "27.52250", "2009-12-31": "19.52520", "2008-12-31": "23.59280", "2007-12-31": "26.80700", "2006-12-31": "26.17420", "2005-12-31": "26.71060"}, "Pre-Tax Profit Margin": {"2019-12-31": "3.99690", "2018-12-31": "13.10700", "2017-12-31": "11.25980", "2016-12-31": "9.47800", "2015-12-31": "15.72170", "2014-12-31": "16.41980", "2013-12-31": "13.58150", "2012-12-31": "14.29140", "2011-12-31": "12.92310", "2010-12-31": "11.62350", "2009-12-31": "4.41110", "2008-12-31": "5.38180", "2007-12-31": "12.57220", "2006-12-31": "0.21520", "2005-12-31": "10.70640"}, "Net Profit Margin": {"2019-12-31": "2.88400", "2018-12-31": "10.04390", "2017-12-31": "14.54780", "2016-12-31": "5.94500", "2015-12-31": "9.58160", "2014-12-31": "10.58790", "2013-12-31": "8.13240", "2012-12-31": "7.95750", "2011-12-31": "8.34760", "2010-12-31": "7.86110", "2009-12-31": "2.85360", "2008-12-31": "6.39380", "2007-12-31": "19.39920", "2006-12-31": "10.72210", "2005-12-31": "7.31150"}, "Asset Turnover": {"2019-12-31": "0.12330", "2018-12-31": "0.35440", "2017-12-31": "0.35340", "2016-12-31": "0.33920", "2015-12-31": "0.25180", "2014-12-31": "0.44170", "2013-12-31": "0.43430", "2012-12-31": "0.42770", "2011-12-31": "0.40550", "2010-12-31": "0.36300", "2009-12-31": "0.26510", "2008-12-31": "0.44790", "2007-12-31": "0.29540", "2006-12-31": "0.31670", "2005-12-31": "0.64170"}, "Inventory Turnover Ratio": {"2019-12-31": "", "2018-12-31": "", "2017-12-31": "", "2016-12-31": "", "2015-12-31": "", "2014-12-31": "", "2013-12-31": "", "2012-12-31": "", "2011-12-31": "", "2010-12-31": "", "2009-12-31": "", "2008-12-31": "", "2007-12-31": "", "2006-12-31": "", "2005-12-31": ""}, "Receiveable Turnover": {"2019-12-31": "1.45370", "2018-12-31": "3.21610", "2017-12-31": "3.25620", "2016-12-31": "3.68110", "2015-12-31": "2.68020", "2014-12-31": "3.76020", "2013-12-31": "3.89780", "2012-12-31": "5.18960", "2011-12-31": "5.56710", "2010-12-31": "4.80310", "2009-12-31": "3.94130", "2008-12-31": "4.46270", "2007-12-31": "2.44000", "2006-12-31": "2.90520", "2005-12-31": "5.44180"}, "Days Sales In Receivables": {"2019-12-31": "251.08100", "2018-12-31": "113.49100", "2017-12-31": "112.09390", "2016-12-31": "99.15470", "2015-12-31": "136.18330", "2014-12-31": "97.06960", "2013-12-31": "93.64290", "2012-12-31": "70.33230", "2011-12-31": "65.56320", "2010-12-31": "75.99200", "2009-12-31": "92.60970", "2008-12-31": "81.78960", "2007-12-31": "149.58830", "2006-12-31": "125.63720", "2005-12-31": "67.07300"}, "ROE - Return On Equity": {"2019-12-31": "0.61270", "2018-12-31": "8.61870", "2017-12-31": "11.95930", "2016-12-31": "5.54600", "2015-12-31": "6.99480", "2014-12-31": "10.73000", "2013-12-31": "7.63810", "2012-12-31": "8.21660", "2011-12-31": "7.43630", "2010-12-31": "5.93910", "2009-12-31": "1.27960", "2008-12-31": "3.32700", "2007-12-31": "6.29690", "2006-12-31": "0.49640", "2005-12-31": "26.10590"}, "Return On Tangible Equity": {"2019-12-31": "-1.39070", "2018-12-31": "-10.67880", "2017-12-31": "-15.18250", "2016-12-31": "-5.14850", "2015-12-31": "-5.44660", "2014-12-31": "-16.51520", "2013-12-31": "-12.99990", "2012-12-31": "-13.91640", "2011-12-31": "-10.57650", "2010-12-31": "-9.29780", "2009-12-31": "-5.16320", "2008-12-31": "-8.65410", "2007-12-31": "-9.24230", "2006-12-31": "-0.97210", "2005-12-31": "-11.31920"}, "ROA - Return On Assets": {"2019-12-31": "0.36150", "2018-12-31": "3.70640", "2017-12-31": "5.27600", "2016-12-31": "2.09750", "2015-12-31": "2.51150", "2014-12-31": "4.94470", "2013-12-31": "3.68620", "2012-12-31": "4.11960", "2011-12-31": "3.56510", "2010-12-31": "2.74900", "2009-12-31": "0.77870", "2008-12-31": "1.63990", "2007-12-31": "2.43090", "2006-12-31": "0.20440", "2005-12-31": "4.32860"}, "ROI - Return On Investment": {"2019-12-31": "0.45440", "2018-12-31": "4.66340", "2017-12-31": "6.98030", "2016-12-31": "2.73120", "2015-12-31": "3.15800", "2014-12-31": "6.11270", "2013-12-31": "4.64560", "2012-12-31": "5.06290", "2011-12-31": "4.41540", "2010-12-31": "3.38960", "2009-12-31": "0.94490", "2008-12-31": "2.01440", "2007-12-31": "3.05860", "2006-12-31": "0.25610", "2005-12-31": "5.62240"}, "Book Value Per Share": {"2019-12-31": "80.54720", "2018-12-31": "31.25990", "2017-12-31": "32.49250", "2016-12-31": "30.01520", "2015-12-31": "29.03400", "2014-12-31": "23.48720", "2013-12-31": "23.18410", "2012-12-31": "23.09960", "2011-12-31": "22.70810", "2010-12-31": "21.73440", "2009-12-31": "22.74660", "2008-12-31": "19.36620", "2007-12-31": "19.42070", "2006-12-31": "16.45420", "2005-12-31": "5.43060"}, "Operating Cash Flow Per Share": {"2019-12-31": -0.6593, "2018-12-31": 0.8215, "2017-12-31": -0.6518, "2016-12-31": 1.9198, "2015-12-31": -0.1176, "2014-12-31": 0.4271, "2013-12-31": 0.0857, "2012-12-31": -0.2977, "2011-12-31": 0.7725, "2010-12-31": 0.0606, "2009-12-31": -0.0993, "2008-12-31": 0.7234, "2007-12-31": -0.2559, "2006-12-31": -0.7041, "2005-12-31": 3.3188}, "Free Cash Flow Per Share": {"2019-12-31": -0.6217, "2018-12-31": 0.7724, "2017-12-31": -0.6096, "2016-12-31": 1.4892, "2015-12-31": -0.2664, "2014-12-31": 0.2826, "2013-12-31": -0.0617, "2012-12-31": -0.3148, "2011-12-31": 0.6864, "2010-12-31": 0.0562, "2009-12-31": 0.3329, "2008-12-31": 1.1506, "2007-12-31": -0.4163, "2006-12-31": -0.4313, "2005-12-31": 1.4593}}, "financial ratios, quarterly": {"Current Ratio": {"2020-09-30": "0.77760", "2020-06-30": "0.70970", "2020-03-31": "1.05300", "2019-12-31": "0.83720", "2019-09-30": "0.85540", "2019-06-30": "2.99880", "2019-03-31": "1.02560", "2018-12-31": "1.19460", "2018-09-30": "1.33620", "2018-06-30": "1.37880", "2018-03-31": "0.97880", "2017-12-31": "0.91950", "2017-09-30": "1.25060", "2017-06-30": "1.48850", "2017-03-31": "1.08640", "2016-12-31": "1.35890", "2016-09-30": "1.19950", "2016-06-30": "1.05210", "2016-03-31": "1.09240", "2015-12-31": "1.48430", "2015-09-30": "1.55550", "2015-06-30": "1.48010", "2015-03-31": "1.47460", "2014-12-31": "1.54680", "2014-09-30": "1.74380", "2014-06-30": "1.66630", "2014-03-31": "1.57730", "2013-12-31": "1.40610", "2013-09-30": "1.57670", "2013-06-30": "1.79480", "2013-03-31": "1.50430", "2012-12-31": "1.46740", "2012-09-30": "1.54890", "2012-06-30": "1.92420", "2012-03-31": "1.60020", "2011-12-31": "1.23420", "2011-09-30": "1.05820", "2011-06-30": "1.05580", "2011-03-31": "1.04740", "2010-12-31": "1.28650", "2010-09-30": "1.24980", "2010-06-30": "1.33490", "2010-03-31": "1.26580", "2009-12-31": "1.34940", "2009-09-30": "1.19350", "2009-06-30": "1.24150", "2009-03-31": "1.41500", "2008-12-31": "1.42830", "2008-09-30": "1.67250", "2008-06-30": "1.42180", "2008-03-31": "1.43780", "2007-12-31": "1.45870", "2007-09-30": "1.36700", "2007-06-30": "1.48870", "2007-03-31": "1.57730", "2006-12-31": "1.47700", "2006-09-30": "1.37800", "2006-06-30": "1.46710", "2006-03-31": "1.37960", "2005-12-31": "1.32360", "2005-09-30": "1.67510", "2005-06-30": "1.49680", "2005-03-31": "1.41090"}, "Long-term Debt / Capital": {"2020-09-30": "0.23670", "2020-06-30": "0.23270", "2020-03-31": "0.27850", "2019-12-31": "0.25840", "2019-09-30": "0.25610", "2019-06-30": "0.62540", "2019-03-31": "0.46370", "2018-12-31": "0.45890", "2018-09-30": "0.46950", "2018-06-30": "0.45640", "2018-03-31": "0.43110", "2017-12-31": "0.41630", "2017-09-30": "0.46620", "2017-06-30": "0.48480", "2017-03-31": "0.47820", "2016-12-31": "0.50750", "2016-09-30": "0.51770", "2016-06-30": "0.51520", "2016-03-31": "0.52610", "2015-12-31": "0.54850", "2015-09-30": "0.42880", "2015-06-30": "0.43510", "2015-03-31": "0.44430", "2014-12-31": "0.43030", "2014-09-30": "0.42970", "2014-06-30": "0.42240", "2014-03-31": "0.41370", "2013-12-31": "0.39180", "2013-09-30": "0.40880", "2013-06-30": "0.40910", "2013-03-31": "0.39490", "2012-12-31": "0.38380", "2012-09-30": "0.39320", "2012-06-30": "0.41030", "2012-03-31": "0.41130", "2011-12-31": "0.40620", "2011-09-30": "0.39060", "2011-06-30": "0.38520", "2011-03-31": "0.39720", "2010-12-31": "0.42930", "2010-09-30": "0.42920", "2010-06-30": "0.23710", "2010-03-31": "0.24760", "2009-12-31": "0.26150", "2009-09-30": "0.32570", "2009-06-30": "0.35430", "2009-03-31": "0.38460", "2008-12-31": "0.39450", "2008-09-30": "0.41490", "2008-06-30": "0.51420", "2008-03-31": "0.50440", "2007-12-31": "0.51430", "2007-09-30": "0.52450", "2007-06-30": "0.44330", "2007-03-31": "0.47440", "2006-12-31": "0.48400", "2006-09-30": "0.48290", "2006-06-30": "0.48870", "2006-03-31": "0.49370", "2005-12-31": "0.78460", "2005-09-30": "0.34870", "2005-06-30": "0.36830", "2005-03-31": "0.43320"}, "Debt/Equity Ratio": {"2020-09-30": "0.41160", "2020-06-30": "0.40500", "2020-03-31": "0.41430", "2019-12-31": "0.40830", "2019-09-30": "0.41030", "2019-06-30": "1.82570", "2019-03-31": "0.93050", "2018-12-31": "0.87900", "2018-09-30": "0.88900", "2018-06-30": "0.84330", "2018-03-31": "0.85530", "2017-12-31": "0.80990", "2017-09-30": "0.90290", "2017-06-30": "0.97070", "2017-03-31": "0.95150", "2016-12-31": "1.06430", "2016-09-30": "1.10570", "2016-06-30": "1.15760", "2016-03-31": "1.19050", "2015-12-31": "1.21650", "2015-09-30": "0.75260", "2015-06-30": "0.77220", "2015-03-31": "0.80160", "2014-12-31": "0.75730", "2014-09-30": "0.75450", "2014-06-30": "0.73480", "2014-03-31": "0.71300", "2013-12-31": "0.66330", "2013-09-30": "0.70860", "2013-06-30": "0.70460", "2013-03-31": "0.67710", "2012-12-31": "0.64550", "2012-09-30": "0.66880", "2012-06-30": "0.71470", "2012-03-31": "0.71580", "2011-12-31": "0.72310", "2011-09-30": "0.72080", "2011-06-30": "0.70850", "2011-03-31": "0.74470", "2010-12-31": "0.79130", "2010-09-30": "0.79370", "2010-06-30": "0.34120", "2010-03-31": "0.35670", "2009-12-31": "0.38190", "2009-09-30": "0.53170", "2009-06-30": "0.58950", "2009-03-31": "0.66070", "2008-12-31": "0.68010", "2008-09-30": "0.73530", "2008-06-30": "1.13760", "2008-03-31": "1.08840", "2007-12-31": "1.13070", "2007-09-30": "1.17720", "2007-06-30": "0.82920", "2007-03-31": "0.93260", "2006-12-31": "0.95760", "2006-09-30": "0.94170", "2006-06-30": "0.96100", "2006-03-31": "0.98640", "2005-12-31": "3.69170", "2005-09-30": "0.53530", "2005-06-30": "0.58300", "2005-03-31": "0.76430"}, "Gross Margin": {"2020-09-30": "34.18830", "2020-06-30": "30.92510", "2020-03-31": "32.13130", "2019-12-31": "40.54460", "2019-09-30": "34.86890", "2019-06-30": "33.52270", "2019-03-31": "32.86340", "2018-12-31": "36.45590", "2018-09-30": "34.54890", "2018-06-30": "32.85850", "2018-03-31": "31.55860", "2017-12-31": "35.50320", "2017-09-30": "33.87410", "2017-06-30": "32.68380", "2017-03-31": "30.58660", "2016-12-31": "40.32420", "2016-09-30": "33.86750", "2016-06-30": "30.58570", "2016-03-31": "28.79410", "2015-12-31": "34.24000", "2015-09-30": "35.27550", "2015-06-30": "32.57720", "2015-03-31": "31.18970", "2014-12-31": "33.92170", "2014-09-30": "33.06550", "2014-06-30": "31.68030", "2014-03-31": "31.30300", "2013-12-31": "32.71650", "2013-09-30": "33.66000", "2013-06-30": "31.81520", "2013-03-31": "31.79970", "2012-12-31": "31.68040", "2012-09-30": "32.57710", "2012-06-30": "32.67230", "2012-03-31": "29.99150", "2011-12-31": "32.31280", "2011-09-30": "30.96120", "2011-06-30": "29.99360", "2011-03-31": "28.00350", "2010-12-31": "31.40520", "2010-09-30": "34.36950", "2010-06-30": "29.72460", "2010-03-31": "27.90280", "2009-12-31": "28.92540", "2009-09-30": "26.94580", "2009-06-30": "24.89150", "2009-03-31": "22.12570", "2008-12-31": "18.55580", "2008-09-30": "25.13580", "2008-06-30": "22.50200", "2008-03-31": "21.87160", "2007-12-31": "24.19030", "2007-09-30": "21.01730", "2007-06-30": "28.67230", "2007-03-31": "27.91190", "2006-12-31": "27.58050", "2006-09-30": "28.29190", "2006-06-30": "29.57380", "2006-03-31": "30.92330", "2005-12-31": "33.50030", "2005-09-30": "35.85620", "2005-06-30": "36.01020", "2005-03-31": "33.99510"}, "Operating Margin": {"2020-09-30": "7.22550", "2020-06-30": "1.55300", "2020-03-31": "3.50880", "2019-12-31": "3.68040", "2019-09-30": "4.96100", "2019-06-30": "18.51330", "2019-03-31": "15.31360", "2018-12-31": "21.64280", "2018-09-30": "16.41080", "2018-06-30": "16.76160", "2018-03-31": "14.23040", "2017-12-31": "19.89840", "2017-09-30": "18.36830", "2017-06-30": "16.38620", "2017-03-31": "11.45250", "2016-12-31": "17.87820", "2016-09-30": "17.23690", "2016-06-30": "12.27770", "2016-03-31": "8.43650", "2015-12-31": "13.81330", "2015-09-30": "21.40600", "2015-06-30": "18.08440", "2015-03-31": "13.82640", "2014-12-31": "20.81980", "2014-09-30": "20.16450", "2014-06-30": "19.36710", "2014-03-31": "18.81870", "2013-12-31": "14.07860", "2013-09-30": "21.18000", "2013-06-30": "16.43970", "2013-03-31": "18.61300", "2012-12-31": "19.02840", "2012-09-30": "20.03620", "2012-06-30": "19.40020", "2012-03-31": "15.74220", "2011-12-31": "21.51400", "2011-09-30": "19.53940", "2011-06-30": "18.01460", "2011-03-31": "15.46190", "2010-12-31": "18.50050", "2010-09-30": "12.88030", "2010-06-30": "14.48470", "2010-03-31": "15.17410", "2009-12-31": "-3.29600", "2009-09-30": "16.15780", "2009-06-30": "13.67580", "2009-03-31": "10.04910", "2008-12-31": "13.86200", "2008-09-30": "13.55200", "2008-06-30": "6.65750", "2008-03-31": "6.16640", "2007-12-31": "11.71520", "2007-09-30": "8.39600", "2007-06-30": "15.94340", "2007-03-31": "14.82750", "2006-12-31": "14.32080", "2006-09-30": "15.35770", "2006-06-30": "14.94370", "2006-03-31": "11.63350", "2005-12-31": "13.38150", "2005-09-30": "17.72260", "2005-06-30": "16.59180", "2005-03-31": "13.35420"}, "EBIT Margin": {"2020-09-30": "7.22550", "2020-06-30": "1.55300", "2020-03-31": "3.50880", "2019-12-31": "3.68040", "2019-09-30": "4.96100", "2019-06-30": "18.51330", "2019-03-31": "15.31360", "2018-12-31": "21.64280", "2018-09-30": "16.41080", "2018-06-30": "16.76160", "2018-03-31": "14.23040", "2017-12-31": "19.89840", "2017-09-30": "18.36830", "2017-06-30": "16.38620", "2017-03-31": "11.45250", "2016-12-31": "17.87820", "2016-09-30": "17.23690", "2016-06-30": "12.27770", "2016-03-31": "8.43650", "2015-12-31": "13.81330", "2015-09-30": "21.40600", "2015-06-30": "18.08440", "2015-03-31": "13.82640", "2014-12-31": "20.81980", "2014-09-30": "20.16450", "2014-06-30": "19.36710", "2014-03-31": "18.81870", "2013-12-31": "14.07860", "2013-09-30": "21.18000", "2013-06-30": "16.43970", "2013-03-31": "18.61300", "2012-12-31": "19.02840", "2012-09-30": "20.03620", "2012-06-30": "19.40020", "2012-03-31": "15.74220", "2011-12-31": "21.51390", "2011-09-30": "19.53940", "2011-06-30": "18.01460", "2011-03-31": "15.46190", "2010-12-31": "18.50050", "2010-09-30": "12.88030", "2010-06-30": "14.48470", "2010-03-31": "15.17410", "2009-12-31": "-3.29600", "2009-09-30": "16.15780", "2009-06-30": "13.67580", "2009-03-31": "10.04910", "2008-12-31": "13.86200", "2008-09-30": "13.55200", "2008-06-30": "6.65750", "2008-03-31": "6.16640", "2007-12-31": "11.71520", "2007-09-30": "8.39600", "2007-06-30": "15.94340", "2007-03-31": "14.82750", "2006-12-31": "14.32080", "2006-09-30": "15.35770", "2006-06-30": "14.94370", "2006-03-31": "11.63350", "2005-12-31": "13.38150", "2005-09-30": "17.72260", "2005-06-30": "16.59180", "2005-03-31": "13.35420"}, "EBITDA Margin": {"2020-09-30": "", "2020-06-30": "", "2020-03-31": "", "2019-12-31": "", "2019-09-30": "", "2019-06-30": "", "2019-03-31": "", "2018-12-31": "", "2018-09-30": "", "2018-06-30": "", "2018-03-31": "", "2017-12-31": "", "2017-09-30": "", "2017-06-30": "", "2017-03-31": "", "2016-12-31": "", "2016-09-30": "", "2016-06-30": "", "2016-03-31": "", "2015-12-31": "", "2015-09-30": "", "2015-06-30": "", "2015-03-31": "", "2014-12-31": "", "2014-09-30": "", "2014-06-30": "", "2014-03-31": "", "2013-12-31": "", "2013-09-30": "", "2013-06-30": "", "2013-03-31": "", "2012-12-31": "", "2012-09-30": "", "2012-06-30": "", "2012-03-31": "", "2011-12-31": "", "2011-09-30": "", "2011-06-30": "", "2011-03-31": "", "2010-12-31": "", "2010-09-30": "", "2010-06-30": "", "2010-03-31": "", "2009-12-31": "", "2009-09-30": "", "2009-06-30": "", "2009-03-31": "", "2008-12-31": "", "2008-09-30": "", "2008-06-30": "", "2008-03-31": "", "2007-12-31": "", "2007-09-30": "", "2007-06-30": "", "2007-03-31": "", "2006-12-31": "", "2006-09-30": "", "2006-06-30": "", "2006-03-31": "", "2005-12-31": "", "2005-09-30": "", "2005-06-30": "", "2005-03-31": ""}, "Pre-Tax Profit Margin": {"2020-09-30": "4.47290", "2020-06-30": "1.08040", "2020-03-31": "-0.35740", "2019-12-31": "-5.47580", "2019-09-30": "7.40610", "2019-06-30": "9.42230", "2019-03-31": "9.13950", "2018-12-31": "18.41260", "2018-09-30": "9.78890", "2018-06-30": "13.10540", "2018-03-31": "10.89060", "2017-12-31": "16.85130", "2017-09-30": "5.67750", "2017-06-30": "12.53320", "2017-03-31": "9.73000", "2016-12-31": "12.96660", "2016-09-30": "12.73280", "2016-06-30": "8.19960", "2016-03-31": "4.12650", "2015-12-31": "9.38670", "2015-09-30": "17.85940", "2015-06-30": "25.39380", "2015-03-31": "11.31830", "2014-12-31": "18.40310", "2014-09-30": "14.40230", "2014-06-30": "16.67190", "2014-03-31": "16.08240", "2013-12-31": "11.29980", "2013-09-30": "18.66000", "2013-06-30": "9.08250", "2013-03-31": "15.46010", "2012-12-31": "15.41360", "2012-09-30": "16.17370", "2012-06-30": "15.39250", "2012-03-31": "10.06090", "2011-12-31": "12.39250", "2011-09-30": "15.15520", "2011-06-30": "13.34470", "2011-03-31": "10.78500", "2010-12-31": "12.48820", "2010-09-30": "9.73520", "2010-06-30": "11.97480", "2010-03-31": "12.46150", "2009-12-31": "-6.13140", "2009-09-30": "12.48940", "2009-06-30": "10.56440", "2009-03-31": "6.27130", "2008-12-31": "9.89040", "2008-09-30": "8.25790", "2008-06-30": "1.96620", "2008-03-31": "1.68610", "2007-12-31": "8.64020", "2007-09-30": "29.24780", "2007-06-30": "20.42120", "2007-03-31": "8.21110", "2006-12-31": "9.95700", "2006-09-30": "10.64540", "2006-06-30": "10.38040", "2006-03-31": "6.80660", "2005-12-31": "7.05110", "2005-09-30": "12.71810", "2005-06-30": "11.50800", "2005-03-31": "11.21230"}, "Net Profit Margin": {"2020-09-30": "0.62560", "2020-06-30": "0.64150", "2020-03-31": "0.48730", "2019-12-31": "-4.72770", "2019-09-30": "5.45710", "2019-06-30": "7.29170", "2019-03-31": "7.19490", "2018-12-31": "13.75170", "2018-09-30": "7.38960", "2018-06-30": "10.06650", "2018-03-31": "8.80930", "2017-12-31": "43.12100", "2017-09-30": "2.81490", "2017-06-30": "6.15590", "2017-03-31": "6.00560", "2016-12-31": "8.05500", "2016-09-30": "8.01210", "2016-06-30": "5.24950", "2016-03-31": "2.52180", "2015-12-31": "5.65330", "2015-09-30": "11.08300", "2015-06-30": "15.12290", "2015-03-31": "7.13830", "2014-12-31": "11.56190", "2014-09-30": "9.37520", "2014-06-30": "11.18130", "2014-03-31": "10.16250", "2013-12-31": "4.57200", "2013-09-30": "11.48670", "2013-06-30": "6.92760", "2013-03-31": "9.74970", "2012-12-31": "9.18500", "2012-09-30": "6.04080", "2012-06-30": "10.33490", "2012-03-31": "6.16240", "2011-12-31": "8.17780", "2011-09-30": "9.74820", "2011-06-30": "8.73840", "2011-03-31": "6.70810", "2010-12-31": "8.69220", "2010-09-30": "8.07490", "2010-06-30": "7.07320", "2010-03-31": "7.57890", "2009-12-31": "-4.28080", "2009-09-30": "8.15740", "2009-06-30": "7.13940", "2009-03-31": "4.15560", "2008-12-31": "3.71370", "2008-09-30": "4.93210", "2008-06-30": "8.26720", "2008-03-31": "8.49090", "2007-12-31": "12.67390", "2007-09-30": "34.41360", "2007-06-30": "13.15550", "2007-03-31": "5.55360", "2006-12-31": "6.77660", "2006-09-30": "7.42580", "2006-06-30": "6.46110", "2006-03-31": "4.36860", "2005-12-31": "7.22210", "2005-09-30": "8.29270", "2005-06-30": "6.85410", "2005-03-31": "6.84430"}, "Asset Turnover": {"2020-09-30": "0.03840", "2020-06-30": "0.03580", "2020-03-31": "0.03730", "2019-12-31": "0.03990", "2019-09-30": "0.03370", "2019-06-30": "0.06430", "2019-03-31": "0.08540", "2018-12-31": "0.09120", "2018-09-30": "0.08800", "2018-06-30": "0.08820", "2018-03-31": "0.08470", "2017-12-31": "0.08830", "2017-09-30": "0.08630", "2017-06-30": "0.09040", "2017-03-31": "0.08560", "2016-12-31": "0.07820", "2016-09-30": "0.08840", "2016-06-30": "0.08740", "2016-03-31": "0.08250", "2015-12-31": "0.07160", "2015-09-30": "0.11130", "2015-06-30": "0.11100", "2015-03-31": "0.10720", "2014-12-31": "0.11630", "2014-09-30": "0.11330", "2014-06-30": "0.11070", "2014-03-31": "0.10650", "2013-12-31": "0.11260", "2013-09-30": "0.10350", "2013-06-30": "0.11000", "2013-03-31": "0.10790", "2012-12-31": "0.10980", "2012-09-30": "0.10550", "2012-06-30": "0.10450", "2012-03-31": "0.10170", "2011-12-31": "0.10310", "2011-09-30": "0.10070", "2011-06-30": "0.09980", "2011-03-31": "0.09800", "2010-12-31": "0.08980", "2010-09-30": "0.10090", "2010-06-30": "0.09230", "2010-03-31": "0.08930", "2009-12-31": "0.09000", "2009-09-30": "0.11150", "2009-06-30": "0.11150", "2009-03-31": "0.10710", "2008-12-31": "0.10340", "2008-09-30": "0.11710", "2008-06-30": "0.08890", "2008-03-31": "0.08440", "2007-12-31": "0.08730", "2007-09-30": "0.07430", "2007-06-30": "0.14430", "2007-03-31": "0.13940", "2006-12-31": "0.14530", "2006-09-30": "0.14240", "2006-06-30": "0.13920", "2006-03-31": "0.12160", "2005-12-31": "0.15030", "2005-09-30": "0.74740", "2005-06-30": "0.76220", "2005-03-31": "0.72610"}, "Inventory Turnover Ratio": {"2020-09-30": "", "2020-06-30": "", "2020-03-31": "", "2019-12-31": "", "2019-09-30": "", "2019-06-30": "", "2019-03-31": "", "2018-12-31": "", "2018-09-30": "", "2018-06-30": "", "2018-03-31": "", "2017-12-31": "", "2017-09-30": "", "2017-06-30": "", "2017-03-31": "", "2016-12-31": "", "2016-09-30": "", "2016-06-30": "", "2016-03-31": "", "2015-12-31": "", "2015-09-30": "", "2015-06-30": "", "2015-03-31": "", "2014-12-31": "", "2014-09-30": "", "2014-06-30": "", "2014-03-31": "", "2013-12-31": "", "2013-09-30": "", "2013-06-30": "", "2013-03-31": "", "2012-12-31": "", "2012-09-30": "", "2012-06-30": "", "2012-03-31": "", "2011-12-31": "", "2011-09-30": "", "2011-06-30": "", "2011-03-31": "", "2010-12-31": "", "2010-09-30": "", "2010-06-30": "", "2010-03-31": "", "2009-12-31": "", "2009-09-30": "", "2009-06-30": "", "2009-03-31": "", "2008-12-31": "", "2008-09-30": "", "2008-06-30": "", "2008-03-31": "", "2007-12-31": "", "2007-09-30": "", "2007-06-30": "", "2007-03-31": "", "2006-12-31": "", "2006-09-30": "", "2006-06-30": "", "2006-03-31": "", "2005-12-31": "", "2005-09-30": "", "2005-06-30": "", "2005-03-31": ""}, "Receiveable Turnover": {"2020-09-30": "0.44900", "2020-06-30": "0.42720", "2020-03-31": "0.47370", "2019-12-31": "0.47020", "2019-09-30": "0.37300", "2019-06-30": "0.90640", "2019-03-31": "0.78720", "2018-12-31": "0.82740", "2018-09-30": "0.81890", "2018-06-30": "0.87460", "2018-03-31": "0.79650", "2017-12-31": "0.81370", "2017-09-30": "0.89270", "2017-06-30": "1.00270", "2017-03-31": "0.88470", "2016-12-31": "0.84870", "2016-09-30": "0.94240", "2016-06-30": "0.93590", "2016-03-31": "0.87410", "2015-12-31": "0.76190", "2015-09-30": "0.92950", "2015-06-30": "0.91890", "2015-03-31": "0.85880", "2014-12-31": "0.98990", "2014-09-30": "0.95630", "2014-06-30": "0.90790", "2014-03-31": "0.88950", "2013-12-31": "1.01090", "2013-09-30": "0.83990", "2013-06-30": "1.35040", "2013-03-31": "1.35760", "2012-12-31": "1.33260", "2012-09-30": "1.36460", "2012-06-30": "1.37480", "2012-03-31": "1.35400", "2011-12-31": "1.41580", "2011-09-30": "1.38880", "2011-06-30": "1.34650", "2011-03-31": "1.32130", "2010-12-31": "1.18770", "2010-09-30": "1.55330", "2010-06-30": "1.41300", "2010-03-31": "1.33960", "2009-12-31": "1.33720", "2009-09-30": "1.21140", "2009-06-30": "1.20590", "2009-03-31": "1.13020", "2008-12-31": "1.03020", "2008-09-30": "1.15690", "2008-06-30": "0.69300", "2008-03-31": "0.68210", "2007-12-31": "0.72140", "2007-09-30": "0.67210", "2007-06-30": "1.14530", "2007-03-31": "1.15580", "2006-12-31": "1.33270", "2006-09-30": "1.36390", "2006-06-30": "1.30270", "2006-03-31": "1.20410", "2005-12-31": "1.27500", "2005-09-30": "2.66770", "2005-06-30": "2.61760", "2005-03-31": "2.40620"}, "Days Sales In Receivables": {"2020-09-30": "200.46610", "2020-06-30": "210.68870", "2020-03-31": "190.00000", "2019-12-31": "191.41830", "2019-09-30": "241.26510", "2019-06-30": "99.28980", "2019-03-31": "114.32670", "2018-12-31": "108.77250", "2018-09-30": "109.90880", "2018-06-30": "102.90600", "2018-03-31": "113.00100", "2017-12-31": "110.60940", "2017-09-30": "100.82060", "2017-06-30": "89.76090", "2017-03-31": "101.73180", "2016-12-31": "106.04620", "2016-09-30": "95.49590", "2016-06-30": "96.16920", "2016-03-31": "102.95740", "2015-12-31": "118.12800", "2015-09-30": "96.82270", "2015-06-30": "97.94520", "2015-03-31": "104.79360", "2014-12-31": "90.91690", "2014-09-30": "94.10950", "2014-06-30": "99.12890", "2014-03-31": "101.18270", "2013-12-31": "89.02710", "2013-09-30": "107.15400", "2013-06-30": "66.64930", "2013-03-31": "66.29430", "2012-12-31": "67.53480", "2012-09-30": "65.95450", "2012-06-30": "65.46190", "2012-03-31": "66.47160", "2011-12-31": "63.56680", "2011-09-30": "64.80620", "2011-06-30": "66.83930", "2011-03-31": "68.11480", "2010-12-31": "75.77570", "2010-09-30": "57.94180", "2010-06-30": "63.69390", "2010-03-31": "67.18300", "2009-12-31": "67.30520", "2009-09-30": "74.29590", "2009-06-30": "74.63100", "2009-03-31": "79.62980", "2008-12-31": "87.36560", "2008-09-30": "77.79490", "2008-06-30": "129.86200", "2008-03-31": "131.94170", "2007-12-31": "124.75620", "2007-09-30": "133.91280", "2007-06-30": "78.58310", "2007-03-31": "77.86730", "2006-12-31": "67.53210", "2006-09-30": "65.98920", "2006-06-30": "69.08480", "2006-03-31": "74.74520", "2005-12-31": "70.59080", "2005-09-30": "33.73740", "2005-06-30": "34.38240", "2005-03-31": "37.40410"}, "ROE - Return On Equity": {"2020-09-30": "0.04490", "2020-06-30": "0.04280", "2020-03-31": "0.03660", "2019-12-31": "-0.31750", "2019-09-30": "0.31700", "2019-06-30": "1.55120", "2019-03-31": "1.50460", "2018-12-31": "3.03270", "2018-09-30": "1.60340", "2018-06-30": "2.06750", "2018-03-31": "1.79060", "2017-12-31": "8.71530", "2017-09-30": "0.68390", "2017-06-30": "1.46930", "2017-03-31": "1.35140", "2016-12-31": "1.75720", "2016-09-30": "1.95780", "2016-06-30": "1.28030", "2016-03-31": "0.62180", "2015-12-31": "1.18000", "2015-09-30": "2.75580", "2015-06-30": "3.78180", "2015-03-31": "1.82030", "2014-12-31": "3.12930", "2014-09-30": "2.41370", "2014-06-30": "2.77910", "2014-03-31": "2.43640", "2013-12-31": "1.23190", "2013-09-30": "2.67650", "2013-06-30": "1.42510", "2013-03-31": "2.25490", "2012-12-31": "2.22710", "2012-09-30": "2.26360", "2012-06-30": "2.33650", "2012-03-31": "1.39650", "2011-12-31": "1.83430", "2011-09-30": "2.18190", "2011-06-30": "1.86240", "2011-03-31": "1.43970", "2010-12-31": "1.70230", "2010-09-30": "1.32220", "2010-06-30": "1.10730", "2010-03-31": "1.13350", "2009-12-31": "-0.57760", "2009-09-30": "1.68660", "2009-06-30": "1.47880", "2009-03-31": "0.87810", "2008-12-31": "1.42550", "2008-09-30": "1.27700", "2008-06-30": "0.36210", "2008-03-31": "0.27870", "2007-12-31": "1.25890", "2007-09-30": "3.63380", "2007-06-30": "4.23300", "2007-03-31": "1.73520", "2006-12-31": "2.26550", "2006-09-30": "2.43440", "2006-06-30": "2.20380", "2006-03-31": "1.32590", "2005-12-31": "4.35670", "2005-09-30": "13.72020", "2005-06-30": "12.52910", "2005-03-31": "13.62300"}, "Return On Tangible Equity": {"2020-09-30": "-0.10450", "2020-06-30": "-0.10110", "2020-03-31": "-0.08560", "2019-12-31": "0.72060", "2019-09-30": "-0.71610", "2019-06-30": "-1.88770", "2019-03-31": "-1.76600", "2018-12-31": "-3.75760", "2018-09-30": "-1.93290", "2018-06-30": "-2.60490", "2018-03-31": "-2.21390", "2017-12-31": "-11.06420", "2017-09-30": "-0.73370", "2017-06-30": "-1.53190", "2017-03-31": "-1.30130", "2016-12-31": "-1.63130", "2016-09-30": "-1.64680", "2016-06-30": "-1.03740", "2016-03-31": "-0.48830", "2015-12-31": "-0.91880", "2015-09-30": "-4.42470", "2015-06-30": "-5.81260", "2015-03-31": "-2.67930", "2014-12-31": "-4.81660", "2014-09-30": "-3.92680", "2014-06-30": "-4.73330", "2014-03-31": "-4.13760", "2013-12-31": "-2.09680", "2013-09-30": "-4.61430", "2013-06-30": "-2.37430", "2013-03-31": "-3.75250", "2012-12-31": "-3.77200", "2012-09-30": "-3.74640", "2012-06-30": "-3.86110", "2012-03-31": "-2.10040", "2011-12-31": "-2.60880", "2011-09-30": "-3.14520", "2011-06-30": "-2.73360", "2011-03-31": "-1.97530", "2010-12-31": "-2.66500", "2010-09-30": "-1.76200", "2010-06-30": "-3.52040", "2010-03-31": "-3.29130", "2009-12-31": "2.33050", "2009-09-30": "-3.90620", "2009-06-30": "-3.09510", "2009-03-31": "-1.65800", "2008-12-31": "-3.70790", "2008-09-30": "-2.16730", "2008-06-30": "-0.39820", "2008-03-31": "-0.32480", "2007-12-31": "-1.84770", "2007-09-30": "-3.77310", "2007-06-30": "-7.43080", "2007-03-31": "-2.64530", "2006-12-31": "-4.43660", "2006-09-30": "-3.06890", "2006-06-30": "-2.71920", "2006-03-31": "-1.58010", "2005-12-31": "-1.88900", "2005-09-30": "38.56430", "2005-06-30": "39.82850", "2005-03-31": "61.62310"}, "ROA - Return On Assets": {"2020-09-30": "0.02640", "2020-06-30": "0.02540", "2020-03-31": "0.02180", "2019-12-31": "-0.18730", "2019-09-30": "0.18630", "2019-06-30": "0.47170", "2019-03-31": "0.61900", "2018-12-31": "1.30420", "2018-09-30": "0.68790", "2018-06-30": "0.91340", "2018-03-31": "0.77850", "2017-12-31": "3.84490", "2017-09-30": "0.28400", "2017-06-30": "0.58870", "2017-03-31": "0.53810", "2016-12-31": "0.66460", "2016-09-30": "0.73080", "2016-06-30": "0.46620", "2016-03-31": "0.22320", "2015-12-31": "0.42370", "2015-09-30": "1.28280", "2015-06-30": "1.72690", "2015-03-31": "0.81380", "2014-12-31": "1.44210", "2014-09-30": "1.12260", "2014-06-30": "1.28940", "2014-03-31": "1.14430", "2013-12-31": "0.59460", "2013-09-30": "1.25670", "2013-06-30": "0.69960", "2013-03-31": "1.11900", "2012-12-31": "1.11660", "2012-09-30": "1.12580", "2012-06-30": "1.14040", "2012-03-31": "0.67960", "2011-12-31": "0.87940", "2011-09-30": "1.06080", "2011-06-30": "0.90670", "2011-03-31": "0.68650", "2010-12-31": "0.78790", "2010-09-30": "0.62630", "2010-06-30": "0.69810", "2010-03-31": "0.70120", "2009-12-31": "-0.35150", "2009-09-30": "0.91510", "2009-06-30": "0.77290", "2009-03-31": "0.44090", "2008-12-31": "0.70260", "2008-09-30": "0.60930", "2008-06-30": "0.13910", "2008-03-31": "0.10880", "2007-12-31": "0.48600", "2007-09-30": "1.39020", "2007-06-30": "1.86800", "2007-03-31": "0.73300", "2006-12-31": "0.93310", "2006-09-30": "0.99790", "2006-06-30": "0.89920", "2006-03-31": "0.53140", "2005-12-31": "0.72240", "2005-09-30": "6.19770", "2005-06-30": "5.22450", "2005-03-31": "4.96970"}, "ROI - Return On Investment": {"2020-09-30": "0.03420", "2020-06-30": "0.03280", "2020-03-31": "0.02640", "2019-12-31": "-0.23540", "2019-09-30": "0.23580", "2019-06-30": "0.58110", "2019-03-31": "0.80690", "2018-12-31": "1.64090", "2018-09-30": "0.85060", "2018-06-30": "1.12380", "2018-03-31": "1.01870", "2017-12-31": "5.08680", "2017-09-30": "0.36500", "2017-06-30": "0.75700", "2017-03-31": "0.70520", "2016-12-31": "0.86540", "2016-09-30": "0.94430", "2016-06-30": "0.62070", "2016-03-31": "0.29470", "2015-12-31": "0.53270", "2015-09-30": "1.57420", "2015-06-30": "2.13650", "2015-03-31": "1.01160", "2014-12-31": "1.78270", "2014-09-30": "1.37650", "2014-06-30": "1.60510", "2014-03-31": "1.42850", "2013-12-31": "0.74930", "2013-09-30": "1.58240", "2013-06-30": "0.84220", "2013-03-31": "1.36450", "2012-12-31": "1.37230", "2012-09-30": "1.37350", "2012-06-30": "1.37770", "2012-03-31": "0.82210", "2011-12-31": "1.08910", "2011-09-30": "1.32960", "2011-06-30": "1.14500", "2011-03-31": "0.86780", "2010-12-31": "0.97160", "2010-09-30": "0.75470", "2010-06-30": "0.84480", "2010-03-31": "0.85290", "2009-12-31": "-0.42650", "2009-09-30": "1.13720", "2009-06-30": "0.95480", "2009-03-31": "0.54040", "2008-12-31": "0.86310", "2008-09-30": "0.74710", "2008-06-30": "0.17590", "2008-03-31": "0.13810", "2007-12-31": "0.61150", "2007-09-30": "1.72790", "2007-06-30": "2.35670", "2007-03-31": "0.91200", "2006-12-31": "1.16900", "2006-09-30": "1.25890", "2006-06-30": "1.12680", "2006-03-31": "0.67130", "2005-12-31": "0.93830", "2005-09-30": "8.93660", "2005-06-30": "7.91490", "2005-03-31": "7.72130"}, "Book Value Per Share": {"2020-09-30": "79.10480", "2020-06-30": "79.38030", "2020-03-31": "79.84090", "2019-12-31": "80.54720", "2019-09-30": "80.14980", "2019-06-30": "30.83950", "2019-03-31": "30.65940", "2018-12-31": "31.25990", "2018-09-30": "30.99390", "2018-06-30": "31.85500", "2018-03-31": "32.15450", "2017-12-31": "32.49250", "2017-09-30": "30.29730", "2017-06-30": "30.13550", "2017-03-31": "30.36470", "2016-12-31": "30.01520", "2016-09-30": "29.74390", "2016-06-30": "29.37920", "2016-03-31": "29.19690", "2015-12-31": "29.03400", "2015-09-30": "23.41090", "2015-06-30": "23.19350", "2015-03-31": "22.88180", "2014-12-31": "23.48720", "2014-09-30": "23.22590", "2014-06-30": "23.48440", "2014-03-31": "23.28840", "2013-12-31": "23.18410", "2013-09-30": "23.37240", "2013-06-30": "23.10920", "2013-03-31": "23.23480", "2012-12-31": "23.09960", "2012-09-30": "23.16030", "2012-06-30": "23.04470", "2012-03-31": "22.91600", "2011-12-31": "22.70810", "2011-09-30": "22.57830", "2011-06-30": "22.56760", "2011-03-31": "22.08170", "2010-12-31": "21.73440", "2010-09-30": "21.43870", "2010-06-30": "22.91660", "2010-03-31": "22.85660", "2009-12-31": "22.74660", "2009-09-30": "20.93410", "2009-06-30": "20.31510", "2009-03-31": "19.47650", "2008-12-31": "19.36620", "2008-09-30": "18.93950", "2008-06-30": "19.80760", "2008-03-31": "19.68140", "2007-12-31": "19.42070", "2007-09-30": "18.91930", "2007-06-30": "17.82390", "2007-03-31": "16.88170", "2006-12-31": "16.45420", "2006-09-30": "15.99980", "2006-06-30": "15.65390", "2006-03-31": "15.42400", "2005-12-31": "5.43060", "2005-09-30": "6.79330", "2005-06-30": "6.25430", "2005-03-31": "5.29620"}, "Operating Cash Flow Per Share": {"2020-09-30": 2.2422, "2020-06-30": 1.968, "2020-03-31": "0.61280", "2019-12-31": 2.0212, "2019-09-30": 0.8149, "2019-06-30": 1.6058, "2019-03-31": "0.90180", "2018-12-31": 2.1118, "2018-09-30": 1.4197, "2018-06-30": 1.4116, "2018-03-31": "1.05990", "2017-12-31": 1.9702, "2017-09-30": 1.6305, "2017-06-30": 0.2174, "2017-03-31": "1.36340", "2016-12-31": 1.7666, "2016-09-30": 1.5743, "2016-06-30": 1.315, "2016-03-31": "1.17740", "2015-12-31": 1.4558, "2015-09-30": 0.8978, "2015-06-30": 0.755, "2015-03-31": "0.80490", "2014-12-31": 1.637, "2014-09-30": 0.7375, "2014-06-30": 0.894, "2014-03-31": "0.76260", "2013-12-31": 1.2987, "2013-09-30": 1.0657, "2013-06-30": 0.5374, "2013-03-31": "0.70220", "2012-12-31": 1.1081, "2012-09-30": 0.8591, "2012-06-30": 0.8612, "2012-03-31": "0.68990", "2011-12-31": 1.2114, "2011-09-30": 0.9208, "2011-06-30": 0.8409, "2011-03-31": "0.84290", "2010-12-31": 0.7266, "2010-09-30": 1.1593, "2010-06-30": 0.4427, "2010-03-31": "0.71490", "2009-12-31": 0.3878, "2009-09-30": 0.8769, "2009-06-30": 0.868, "2009-03-31": "0.85020", "2008-12-31": 1.0035, "2008-09-30": 0.8297, "2008-06-30": 0.393, "2008-03-31": "0.85600", "2007-12-31": 1.0525, "2007-09-30": 0.0698, "2007-06-30": 0.8642, "2007-03-31": "0.36990", "2006-12-31": 0.6244, "2006-09-30": 0.7756, "2006-06-30": 0.5773, "2006-03-31": "0.56590", "2005-12-31": 0.1563, "2005-09-30": 1.4707, "2005-06-30": 1.0807, "2005-03-31": "0.61110"}, "Free Cash Flow Per Share": {"2020-09-30": 1.8128, "2020-06-30": 1.5504, "2020-03-31": "0.12320", "2019-12-31": 1.2234, "2019-09-30": 0.6483, "2019-06-30": 1.179, "2019-03-31": "0.45710", "2018-12-31": 1.6401, "2018-09-30": 0.9669, "2018-06-30": 0.9776, "2018-03-31": "0.54490", "2017-12-31": 1.4791, "2017-09-30": 1.1864, "2017-06-30": -0.2063, "2017-03-31": "0.89790", "2016-12-31": 1.2515, "2016-09-30": 1.1134, "2016-06-30": 0.8679, "2016-03-31": "0.73390", "2015-12-31": 1.0972, "2015-09-30": 0.5916, "2015-06-30": 0.3357, "2015-03-31": "0.45300", "2014-12-31": 1.2996, "2014-09-30": 0.4329, "2014-06-30": 0.5568, "2014-03-31": "0.45460", "2013-12-31": 0.9698, "2013-09-30": 0.7854, "2013-06-30": 0.2533, "2013-03-31": "0.45280", "2012-12-31": 0.8724, "2012-09-30": 0.6214, "2012-06-30": 0.5593, "2012-03-31": "0.46990", "2011-12-31": 0.9561, "2011-09-30": 0.6469, "2011-06-30": 0.6239, "2011-03-31": "0.61090", "2010-12-31": 0.5046, "2010-09-30": 0.8382, "2010-06-30": 0.2469, "2010-03-31": "0.56170", "2009-12-31": 0.2483, "2009-09-30": 0.6279, "2009-06-30": 0.6052, "2009-03-31": "0.61380", "2008-12-31": 0.7461, "2008-09-30": 0.5676, "2008-06-30": 0.0486, "2008-03-31": "0.40000", "2007-12-31": 0.5514, "2007-09-30": -0.3925, "2007-06-30": 0.4608, "2007-03-31": "-0.00860", "2006-12-31": 0.1994, "2006-09-30": 0.422, "2006-06-30": 0.213, "2006-03-31": "0.16550", "2005-12-31": -0.2922, "2005-09-30": 0.8875, "2005-06-30": 0.5813, "2005-03-31": "0.28270"}}, "revenue": {"Fidelity National Information Services Annual Revenue (Millions of US $)": {"2019": "$10,333", "2018": "$8,423", "2017": "$8,668", "2016": "$8,831", "2015": "$6,596", "2014": "$6,413", "2013": "$6,063", "2012": "$5,796", "2011": "$5,626", "2010": "$5,146", "2009": "$3,711", "2008": "$3,360", "2007": "$2,893", "2006": "$2,417", "2005": "$2,688"}, "Fidelity National Information Services Quarterly Revenue (Millions of US $)": {"2020-09-30": "$3,197", "2020-06-30": "$2,962", "2020-03-31": "$3,078", "2019-12-31": "$3,342", "2019-09-30": "$2,822", "2019-06-30": "$2,112", "2019-03-31": "$2,057", "2018-12-31": "$2,167", "2018-09-30": "$2,084", "2018-06-30": "$2,106", "2018-03-31": "$2,066", "2017-12-31": "$2,166", "2017-09-30": "$2,096", "2017-06-30": "$2,258", "2017-03-31": "$2,148", "2016-12-31": "$2,036", "2016-09-30": "$2,309", "2016-06-30": "$2,305", "2016-03-31": "$2,181", "2015-12-31": "$1,875", "2015-09-30": "$1,579", "2015-06-30": "$1,587", "2015-03-31": "$1,555", "2014-12-31": "$1,688", "2014-09-30": "$1,605", "2014-06-30": "$1,599", "2014-03-31": "$1,520", "2013-12-31": "$1,573", "2013-09-30": "$1,500", "2013-06-30": "$1,513", "2013-03-31": "$1,478", "2012-12-31": "$1,488", "2012-09-30": "$1,437", "2012-06-30": "$1,457", "2012-03-31": "$1,413", "2011-12-31": "$1,431", "2011-09-30": "$1,398", "2011-06-30": "$1,413", "2011-03-31": "$1,383", "2010-12-31": "$1,272", "2010-09-30": "$1,367", "2010-06-30": "$1,271", "2010-03-31": "$1,235", "2009-12-31": "$1,259", "2009-09-30": "$829", "2009-06-30": "$829", "2009-03-31": "$794", "2008-12-31": "$776", "2008-09-30": "$884", "2008-06-30": "$870", "2008-03-31": "$830", "2007-12-31": "$855", "2007-09-30": "$713", "2007-06-30": "$1,125", "2007-03-31": "$1,071", "2006-12-31": "$1,109", "2006-09-30": "$1,058", "2006-06-30": "$1,022", "2006-03-31": "$901", "2005-12-31": "$630", "2005-09-30": "$698", "2005-06-30": "$709", "2005-03-31": "$652"}}, "gross-profit": {"Fidelity National Information Services Annual Gross Profit (Millions of US $)": {"2019": "$3,723", "2018": "$2,854", "2017": "$2,874", "2016": "$2,936", "2015": "$2,201", "2014": "$2,086", "2013": "$1,971", "2012": "$1,840", "2011": "$1,707", "2010": "$1,592", "2009": "$970", "2008": "$743", "2007": "$578", "2006": "$544", "2005": "$938"}, "Fidelity National Information Services Quarterly Gross Profit (Millions of US $)": {"2020-09-30": "$1,093", "2020-06-30": "$916", "2020-03-31": "$989", "2019-12-31": "$1,355", "2019-09-30": "$984", "2019-06-30": "$708", "2019-03-31": "$676", "2018-12-31": "$790", "2018-09-30": "$720", "2018-06-30": "$692", "2018-03-31": "$652", "2017-12-31": "$769", "2017-09-30": "$710", "2017-06-30": "$738", "2017-03-31": "$657", "2016-12-31": "$821", "2016-09-30": "$782", "2016-06-30": "$705", "2016-03-31": "$628", "2015-12-31": "$642", "2015-09-30": "$557", "2015-06-30": "$517", "2015-03-31": "$485", "2014-12-31": "$573", "2014-09-30": "$531", "2014-06-30": "$507", "2014-03-31": "$476", "2013-12-31": "$515", "2013-09-30": "$505", "2013-06-30": "$481", "2013-03-31": "$470", "2012-12-31": "$472", "2012-09-30": "$468", "2012-06-30": "$476", "2012-03-31": "$424", "2011-12-31": "$462", "2011-09-30": "$433", "2011-06-30": "$424", "2011-03-31": "$387", "2010-12-31": "$400", "2010-09-30": "$470", "2010-06-30": "$378", "2010-03-31": "$345", "2009-12-31": "$364", "2009-09-30": "$223", "2009-06-30": "$206", "2009-03-31": "$176", "2008-12-31": "$144", "2008-09-30": "$222", "2008-06-30": "$196", "2008-03-31": "$182", "2007-12-31": "$207", "2007-09-30": "$150", "2007-06-30": "$323", "2007-03-31": "$299", "2006-12-31": "$306", "2006-09-30": "$299", "2006-06-30": "$302", "2006-03-31": "$279", "2005-12-31": "$211", "2005-09-30": "$250", "2005-06-30": "$255", "2005-03-31": "$222"}}, "operating-income": {"Fidelity National Information Services Annual Operating Income (Millions of US $)": {"2019": "$969", "2018": "$1,458", "2017": "$1,432", "2016": "$1,229", "2015": "$1,099", "2014": "$1,271", "2013": "$1,063", "2012": "$1,076", "2011": "$1,050", "2010": "$783", "2009": "$286", "2008": "$336", "2007": "$262", "2006": "$194", "2005": "$413"}, "Fidelity National Information Services Quarterly Operating Income (Millions of US $)": {"2020-09-30": "$231", "2020-06-30": "$46", "2020-03-31": "$108", "2019-12-31": "$123", "2019-09-30": "$140", "2019-06-30": "$391", "2019-03-31": "$315", "2018-12-31": "$469", "2018-09-30": "$342", "2018-06-30": "$353", "2018-03-31": "$294", "2017-12-31": "$431", "2017-09-30": "$385", "2017-06-30": "$370", "2017-03-31": "$246", "2016-12-31": "$364", "2016-09-30": "$398", "2016-06-30": "$283", "2016-03-31": "$184", "2015-12-31": "$259", "2015-09-30": "$338", "2015-06-30": "$287", "2015-03-31": "$215", "2014-12-31": "$352", "2014-09-30": "$324", "2014-06-30": "$310", "2014-03-31": "$286", "2013-12-31": "$221", "2013-09-30": "$318", "2013-06-30": "$249", "2013-03-31": "$275", "2012-12-31": "$283", "2012-09-30": "$288", "2012-06-30": "$283", "2012-03-31": "$223", "2011-12-31": "$308", "2011-09-30": "$273", "2011-06-30": "$255", "2011-03-31": "$214", "2010-12-31": "$235", "2010-09-30": "$176", "2010-06-30": "$184", "2010-03-31": "$187", "2009-12-31": "$-42", "2009-09-30": "$134", "2009-06-30": "$113", "2009-03-31": "$80", "2008-12-31": "$108", "2008-09-30": "$120", "2008-06-30": "$58", "2008-03-31": "$51", "2007-12-31": "$100", "2007-09-30": "$60", "2007-06-30": "$179", "2007-03-31": "$159", "2006-12-31": "$159", "2006-09-30": "$163", "2006-06-30": "$153", "2006-03-31": "$105", "2005-12-31": "$84", "2005-09-30": "$124", "2005-06-30": "$118", "2005-03-31": "$87"}}, "ebitda": {"Fidelity National Information Services Annual EBITDA (Millions of US $)": {"2019": "$3,437", "2018": "$2,895", "2017": "$2,817", "2016": "$2,401", "2015": "$1,779", "2014": "$1,917", "2013": "$1,697", "2012": "$1,739", "2011": "$1,725", "2010": "$1,416", "2009": "$725", "2008": "$793", "2007": "$776", "2006": "$633", "2005": "$718"}, "Fidelity National Information Services Quarterly EBITDA (Millions of US $)": {"2020-09-30": "$1,169", "2020-06-30": "$970", "2020-03-31": "$1,030", "2019-12-31": "$1,086", "2019-09-30": "$899", "2019-06-30": "$765", "2019-03-31": "$687", "2018-12-31": "$833", "2018-09-30": "$700", "2018-06-30": "$711", "2018-03-31": "$651", "2017-12-31": "$786", "2017-09-30": "$725", "2017-06-30": "$716", "2017-03-31": "$590", "2016-12-31": "$646", "2016-09-30": "$695", "2016-06-30": "$578", "2016-03-31": "$482", "2015-12-31": "$468", "2015-09-30": "$497", "2015-06-30": "$444", "2015-03-31": "$370", "2014-12-31": "$516", "2014-09-30": "$489", "2014-06-30": "$470", "2014-03-31": "$441", "2013-12-31": "$381", "2013-09-30": "$472", "2013-06-30": "$413", "2013-03-31": "$431", "2012-12-31": "$445", "2012-09-30": "$446", "2012-06-30": "$445", "2012-03-31": "$402", "2011-12-31": "$501", "2011-09-30": "$438", "2011-06-30": "$414", "2011-03-31": "$372", "2010-12-31": "$399", "2010-09-30": "$335", "2010-06-30": "$341", "2010-03-31": "$342", "2009-12-31": "$119", "2009-09-30": "$228", "2009-06-30": "$206", "2009-03-31": "$172", "2008-12-31": "$203", "2008-09-30": "$233", "2008-06-30": "$180", "2008-03-31": "$177", "2007-12-31": "$226", "2007-09-30": "$195", "2007-06-30": "$293", "2007-03-31": "$298", "2006-12-31": "$275", "2006-09-30": "$275", "2006-06-30": "$264", "2006-03-31": "$203", "2005-12-31": "$168", "2005-09-30": "$195", "2005-06-30": "$193", "2005-03-31": "$163"}}, "net-income": {"Fidelity National Information Services Annual Net Income (Millions of US $)": {"2019": "$298", "2018": "$846", "2017": "$1,261", "2016": "$525", "2015": "$632", "2014": "$679", "2013": "$493", "2012": "$461", "2011": "$470", "2010": "$405", "2009": "$106", "2008": "$215", "2007": "$561", "2006": "$259", "2005": "$197"}, "Fidelity National Information Services Quarterly Net Income (Millions of US $)": {"2020-09-30": "$20", "2020-06-30": "$19", "2020-03-31": "$15", "2019-12-31": "$-158", "2019-09-30": "$154", "2019-06-30": "$154", "2019-03-31": "$148", "2018-12-31": "$298", "2018-09-30": "$154", "2018-06-30": "$212", "2018-03-31": "$182", "2017-12-31": "$934", "2017-09-30": "$59", "2017-06-30": "$139", "2017-03-31": "$129", "2016-12-31": "$164", "2016-09-30": "$185", "2016-06-30": "$121", "2016-03-31": "$55", "2015-12-31": "$106", "2015-09-30": "$175", "2015-06-30": "$240", "2015-03-31": "$111", "2014-12-31": "$195", "2014-09-30": "$151", "2014-06-30": "$179", "2014-03-31": "$155", "2013-12-31": "$72", "2013-09-30": "$172", "2013-06-30": "$105", "2013-03-31": "$144", "2012-12-31": "$137", "2012-09-30": "$87", "2012-06-30": "$151", "2012-03-31": "$87", "2011-12-31": "$117", "2011-09-30": "$136", "2011-06-30": "$124", "2011-03-31": "$93", "2010-12-31": "$111", "2010-09-30": "$110", "2010-06-30": "$90", "2010-03-31": "$94", "2009-12-31": "$-54", "2009-09-30": "$68", "2009-06-30": "$59", "2009-03-31": "$33", "2008-12-31": "$29", "2008-09-30": "$44", "2008-06-30": "$72", "2008-03-31": "$71", "2007-12-31": "$108", "2007-09-30": "$245", "2007-06-30": "$148", "2007-03-31": "$60", "2006-12-31": "$75", "2006-09-30": "$79", "2006-06-30": "$66", "2006-03-31": "$39", "2005-12-31": "$45", "2005-09-30": "$58", "2005-06-30": "$49", "2005-03-31": "$45"}}, "eps-earnings-per-share-diluted": {"Fidelity National Information Services Annual EPS": {"2019": "$0.66", "2018": "$2.55", "2017": "$3.75", "2016": "$1.59", "2015": "$2.19", "2014": "$2.35", "2013": "$1.68", "2012": "$1.55", "2011": "$1.53", "2010": "$1.15", "2009": "$0.44", "2008": "$1.11", "2007": "$2.86", "2006": "$1.37", "2005": "$1.53"}, "Fidelity National Information Services Quarterly EPS": {"2020-09-30": "$0.03", "2020-06-30": "$0.03", "2020-03-31": "$0.02", "2019-12-31": "$-0.55", "2019-09-30": "$0.29", "2019-06-30": "$0.47", "2019-03-31": "$0.45", "2018-12-31": "$0.90", "2018-09-30": "$0.47", "2018-06-30": "$0.64", "2018-03-31": "$0.54", "2017-12-31": "$2.76", "2017-09-30": "$0.18", "2017-06-30": "$0.42", "2017-03-31": "$0.39", "2016-12-31": "$0.49", "2016-09-30": "$0.56", "2016-06-30": "$0.37", "2016-03-31": "$0.17", "2015-12-31": "$0.34", "2015-09-30": "$0.62", "2015-06-30": "$0.84", "2015-03-31": "$0.39", "2014-12-31": "$0.68", "2014-09-30": "$0.52", "2014-06-30": "$0.62", "2014-03-31": "$0.53", "2013-12-31": "$0.24", "2013-09-30": "$0.59", "2013-06-30": "$0.36", "2013-03-31": "$0.49", "2012-12-31": "$0.47", "2012-09-30": "$0.29", "2012-06-30": "$0.50", "2012-03-31": "$0.29", "2011-12-31": "$0.39", "2011-09-30": "$0.44", "2011-06-30": "$0.40", "2011-03-31": "$0.30", "2010-12-31": "$0.34", "2010-09-30": "$0.33", "2010-06-30": "$0.23", "2010-03-31": "$0.25", "2009-12-31": "$-0.39", "2009-09-30": "$0.35", "2009-06-30": "$0.31", "2009-03-31": "$0.17", "2008-12-31": "$0.15", "2008-09-30": "$0.23", "2008-06-30": "$0.37", "2008-03-31": "$0.36", "2007-12-31": "$0.55", "2007-09-30": "$1.25", "2007-06-30": "$0.75", "2007-03-31": "$0.30", "2006-12-31": "$0.39", "2006-09-30": "$0.41", "2006-06-30": "$0.34", "2006-03-31": "$0.23", "2005-12-31": "$0.35", "2005-09-30": "$0.45", "2005-06-30": "$0.38", "2005-03-31": "$0.35"}}, "shares-outstanding": {"Fidelity National Information Services Annual Shares Outstanding (Millions of Shares)": {"2019": "451", "2018": "332", "2017": "336", "2016": "330", "2015": "289", "2014": "289", "2013": "294", "2012": "298", "2011": "307", "2010": "352", "2009": "239", "2008": "194", "2007": "197", "2006": "189", "2005": "128"}, "Fidelity National Information Services Quarterly Shares Outstanding (Millions of Shares)": {"2020-09-30": "627", "2020-06-30": "625", "2020-03-31": "625", "2019-12-31": "451", "2019-09-30": "524", "2019-06-30": "327", "2019-03-31": "326", "2018-12-31": "332", "2018-09-30": "331", "2018-06-30": "333", "2018-03-31": "334", "2017-12-31": "336", "2017-09-30": "336", "2017-06-30": "334", "2017-03-31": "333", "2016-12-31": "330", "2016-09-30": "330", "2016-06-30": "329", "2016-03-31": "327", "2015-12-31": "289", "2015-09-30": "284", "2015-06-30": "284", "2015-03-31": "287", "2014-12-31": "289", "2014-09-30": "287", "2014-06-30": "289", "2014-03-31": "292", "2013-12-31": "294", "2013-09-30": "293", "2013-06-30": "294", "2013-03-31": "296", "2012-12-31": "298", "2012-09-30": "298", "2012-06-30": "298", "2012-03-31": "295", "2011-12-31": "307", "2011-09-30": "307", "2011-06-30": "311", "2011-03-31": "309", "2010-12-31": "352", "2010-09-30": "339", "2010-06-30": "385", "2010-03-31": "380", "2009-12-31": "239", "2009-09-30": "195", "2009-06-30": "193", "2009-03-31": "192", "2008-12-31": "194", "2008-09-30": "192", "2008-06-30": "194", "2008-03-31": "197", "2007-12-31": "197", "2007-09-30": "197", "2007-06-30": "197", "2007-03-31": "196", "2006-12-31": "195", "2006-09-30": "194", "2006-06-30": "195", "2006-03-31": "173", "2005-12-31": "128", "2005-09-30": "128", "2005-06-30": "128", "2005-03-31": "128"}}, "total-assets": {"Fidelity National Information Services Annual Total Assets (Millions of US $)": {"2019": "$83,806", "2018": "$23,770", "2017": "$24,526", "2016": "$26,031", "2015": "$26,200", "2014": "$14,521", "2013": "$13,960", "2012": "$13,550", "2011": "$13,873", "2010": "$14,176", "2009": "$13,998", "2008": "$7,500", "2007": "$9,795", "2006": "$7,631", "2005": "$4,189"}, "Fidelity National Information Services Quarterly Total Assets (Millions of US $)": {"2020-09-30": "$83,195", "2020-06-30": "$82,642", "2020-03-31": "$82,474", "2019-12-31": "$83,806", "2019-09-30": "$83,718", "2019-06-30": "$32,859", "2019-03-31": "$24,073", "2018-12-31": "$23,770", "2018-09-30": "$23,694", "2018-06-30": "$23,868", "2018-03-31": "$24,405", "2017-12-31": "$24,526", "2017-09-30": "$24,294", "2017-06-30": "$24,970", "2017-03-31": "$25,086", "2016-12-31": "$26,031", "2016-09-30": "$26,134", "2016-06-30": "$26,384", "2016-03-31": "$26,430", "2015-12-31": "$26,200", "2015-09-30": "$14,188", "2015-06-30": "$14,304", "2015-03-31": "$14,500", "2014-12-31": "$14,521", "2014-09-30": "$14,172", "2014-06-30": "$14,441", "2014-03-31": "$14,271", "2013-12-31": "$13,960", "2013-09-30": "$14,491", "2013-06-30": "$13,750", "2013-03-31": "$13,699", "2012-12-31": "$13,550", "2012-09-30": "$13,626", "2012-06-30": "$13,943", "2012-03-31": "$13,904", "2011-12-31": "$13,873", "2011-09-30": "$13,886", "2011-06-30": "$14,162", "2011-03-31": "$14,114", "2010-12-31": "$14,176", "2010-09-30": "$13,556", "2010-06-30": "$13,766", "2010-03-31": "$13,834", "2009-12-31": "$13,998", "2009-09-30": "$7,431", "2009-06-30": "$7,440", "2009-03-31": "$7,416", "2008-12-31": "$7,500", "2008-09-30": "$7,550", "2008-06-30": "$9,778", "2008-03-31": "$9,832", "2007-12-31": "$9,795", "2007-09-30": "$9,594", "2007-06-30": "$7,795", "2007-03-31": "$7,688", "2006-12-31": "$7,631", "2006-09-30": "$7,432", "2006-06-30": "$7,343", "2006-03-31": "$7,407", "2005-12-31": "$4,189", "2005-09-30": "$934", "2005-06-30": "$930", "2005-03-31": "$897"}}, "cash-on-hand": {"Fidelity National Information Services Annual Cash on Hand (Millions of US $)": {"2019": "$1,152", "2018": "$703", "2017": "$665", "2016": "$683", "2015": "$682", "2014": "$493", "2013": "$548", "2012": "$518", "2011": "$416", "2010": "$338", "2009": "$431", "2008": "$221", "2007": "$355", "2006": "$212", "2005": "$133"}, "Fidelity National Information Services Quarterly Cash on Hand (Millions of US $)": {"2020-09-30": "$1,826", "2020-06-30": "$1,183", "2020-03-31": "$1,373", "2019-12-31": "$1,152", "2019-09-30": "$1,305", "2019-06-30": "$9,756", "2019-03-31": "$576", "2018-12-31": "$703", "2018-09-30": "$632", "2018-06-30": "$683", "2018-03-31": "$725", "2017-12-31": "$665", "2017-09-30": "$720", "2017-06-30": "$786", "2017-03-31": "$705", "2016-12-31": "$683", "2016-09-30": "$701", "2016-06-30": "$765", "2016-03-31": "$702", "2015-12-31": "$682", "2015-09-30": "$442", "2015-06-30": "$446", "2015-03-31": "$489", "2014-12-31": "$493", "2014-09-30": "$612", "2014-06-30": "$794", "2014-03-31": "$738", "2013-12-31": "$548", "2013-09-30": "$812", "2013-06-30": "$653", "2013-03-31": "$591", "2012-12-31": "$518", "2012-09-30": "$577", "2012-06-30": "$534", "2012-03-31": "$482", "2011-12-31": "$416", "2011-09-30": "$387", "2011-06-30": "$427", "2011-03-31": "$384", "2010-12-31": "$338", "2010-09-30": "$389", "2010-06-30": "$502", "2010-03-31": "$464", "2009-12-31": "$431", "2009-09-30": "$206", "2009-06-30": "$228", "2009-03-31": "$272", "2008-12-31": "$221", "2008-09-30": "$238", "2008-06-30": "$207", "2008-03-31": "$328", "2007-12-31": "$355", "2007-09-30": "$279", "2007-06-30": "$221", "2007-03-31": "$222", "2006-12-31": "$212", "2006-09-30": "$175", "2006-06-30": "$144", "2006-03-31": "$211", "2005-12-31": "$133", "2005-09-30": "$105", "2005-06-30": "$102", "2005-03-31": "$51"}}, "long-term-debt": {"Fidelity National Information Services Annual Long Term Debt (Millions of US $)": {"2019": "$17,229", "2018": "$8,670", "2017": "$7,718", "2016": "$10,146", "2015": "$11,429", "2014": "$5,055", "2013": "$4,340", "2012": "$4,232", "2011": "$4,551", "2010": "$4,935", "2009": "$3,017", "2008": "$2,409", "2007": "$4,003", "2006": "$2,948", "2005": "$2,530"}, "Fidelity National Information Services Quarterly Long Term Debt (Millions of US $)": {"2020-09-30": "$15,213", "2020-06-30": "$14,874", "2020-03-31": "$18,982", "2019-12-31": "$17,229", "2019-09-30": "$16,945", "2019-06-30": "$16,682", "2019-03-31": "$8,562", "2018-12-31": "$8,670", "2018-09-30": "$8,998", "2018-06-30": "$8,854", "2018-03-31": "$8,040", "2017-12-31": "$7,718", "2017-09-30": "$8,813", "2017-06-30": "$9,415", "2017-03-31": "$9,154", "2016-12-31": "$10,146", "2016-09-30": "$10,470", "2016-06-30": "$10,208", "2016-03-31": "$10,533", "2015-12-31": "$11,429", "2015-09-30": "$4,957", "2015-06-30": "$5,030", "2015-03-31": "$5,183", "2014-12-31": "$5,055", "2014-09-30": "$4,967", "2014-06-30": "$4,901", "2014-03-31": "$4,729", "2013-12-31": "$4,340", "2013-09-30": "$4,704", "2013-06-30": "$4,673", "2013-03-31": "$4,436", "2012-12-31": "$4,232", "2012-09-30": "$4,392", "2012-06-30": "$4,736", "2012-03-31": "$4,728", "2011-12-31": "$4,551", "2011-09-30": "$4,328", "2011-06-30": "$4,320", "2011-03-31": "$4,435", "2010-12-31": "$4,935", "2010-09-30": "$4,829", "2010-06-30": "$2,697", "2010-03-31": "$2,816", "2009-12-31": "$3,017", "2009-09-30": "$1,948", "2009-06-30": "$2,134", "2009-03-31": "$2,328", "2008-12-31": "$2,409", "2008-09-30": "$2,555", "2008-06-30": "$3,975", "2008-03-31": "$3,909", "2007-12-31": "$4,003", "2007-09-30": "$4,048", "2007-06-30": "$2,739", "2007-03-31": "$2,932", "2006-12-31": "$2,948", "2006-09-30": "$2,845", "2006-06-30": "$2,864", "2006-03-31": "$2,895", "2005-12-31": "$2,530", "2005-09-30": "$226", "2005-06-30": "$226", "2005-03-31": "$250"}}, "total-liabilities": {"Fidelity National Information Services Annual Total Liabilities (Millions of US $)": {"2019": "$34,350", "2018": "$13,548", "2017": "$13,706", "2016": "$16,186", "2015": "$16,793", "2014": "$7,829", "2013": "$7,223", "2012": "$6,756", "2011": "$7,222", "2010": "$7,615", "2009": "$5,479", "2008": "$3,803", "2007": "$6,013", "2006": "$4,488", "2005": "$3,494"}, "Fidelity National Information Services Quarterly Total Liabilities (Millions of US $)": {"2020-09-30": "$34,150", "2020-06-30": "$33,585", "2020-03-31": "$33,292", "2019-12-31": "$34,350", "2019-09-30": "$34,506", "2019-06-30": "$22,867", "2019-03-31": "$14,170", "2018-12-31": "$13,548", "2018-09-30": "$13,528", "2018-06-30": "$13,324", "2018-03-31": "$13,794", "2017-12-31": "$13,706", "2017-09-30": "$14,205", "2017-06-30": "$14,965", "2017-03-31": "$15,096", "2016-12-31": "$16,186", "2016-09-30": "$16,378", "2016-06-30": "$16,777", "2016-03-31": "$16,941", "2015-12-31": "$16,793", "2015-09-30": "$7,584", "2015-06-30": "$7,772", "2015-03-31": "$8,018", "2014-12-31": "$7,829", "2014-09-30": "$7,581", "2014-06-30": "$7,741", "2014-03-31": "$7,569", "2013-12-31": "$7,223", "2013-09-30": "$7,687", "2013-06-30": "$7,000", "2013-03-31": "$6,901", "2012-12-31": "$6,756", "2012-09-30": "$6,849", "2012-06-30": "$7,138", "2012-03-31": "$7,137", "2011-12-31": "$7,222", "2011-09-30": "$7,135", "2011-06-30": "$7,267", "2011-03-31": "$7,384", "2010-12-31": "$7,615", "2010-09-30": "$7,135", "2010-06-30": "$5,088", "2010-03-31": "$5,277", "2009-12-31": "$5,479", "2009-09-30": "$3,399", "2009-06-30": "$3,552", "2009-03-31": "$3,693", "2008-12-31": "$3,803", "2008-09-30": "$3,948", "2008-06-30": "$6,023", "2008-03-31": "$5,992", "2007-12-31": "$6,013", "2007-09-30": "$5,923", "2007-06-30": "$4,355", "2007-03-31": "$4,440", "2006-12-31": "$4,488", "2006-09-30": "$4,386", "2006-06-30": "$4,347", "2006-03-31": "$4,438", "2005-12-31": "$3,494", "2005-09-30": "$512", "2005-06-30": "$542", "2005-03-31": "$570"}}, "total-share-holder-equity": {"Fidelity National Information Services Annual Share Holder Equity (Millions of US $)": {"2019": "$49,456", "2018": "$10,222", "2017": "$10,820", "2016": "$9,845", "2015": "$9,407", "2014": "$6,692", "2013": "$6,737", "2012": "$6,794", "2011": "$6,651", "2010": "$6,562", "2009": "$8,519", "2008": "$3,697", "2007": "$3,781", "2006": "$3,143", "2005": "$695"}, "Fidelity National Information Services Quarterly Share Holder Equity (Millions of US $)": {"2020-09-30": "$49,045", "2020-06-30": "$49,057", "2020-03-31": "$49,182", "2019-12-31": "$49,456", "2019-09-30": "$49,212", "2019-06-30": "$9,992", "2019-03-31": "$9,903", "2018-12-31": "$10,222", "2018-09-30": "$10,166", "2018-06-30": "$10,544", "2018-03-31": "$10,611", "2017-12-31": "$10,820", "2017-09-30": "$10,089", "2017-06-30": "$10,005", "2017-03-31": "$9,990", "2016-12-31": "$9,845", "2016-09-30": "$9,756", "2016-06-30": "$9,607", "2016-03-31": "$9,489", "2015-12-31": "$9,407", "2015-09-30": "$6,604", "2015-06-30": "$6,531", "2015-03-31": "$6,482", "2014-12-31": "$6,692", "2014-09-30": "$6,592", "2014-06-30": "$6,700", "2014-03-31": "$6,702", "2013-12-31": "$6,737", "2013-09-30": "$6,804", "2013-06-30": "$6,750", "2013-03-31": "$6,799", "2012-12-31": "$6,794", "2012-09-30": "$6,777", "2012-06-30": "$6,805", "2012-03-31": "$6,767", "2011-12-31": "$6,651", "2011-09-30": "$6,751", "2011-06-30": "$6,894", "2011-03-31": "$6,731", "2010-12-31": "$6,562", "2010-09-30": "$6,421", "2010-06-30": "$8,679", "2010-03-31": "$8,558", "2009-12-31": "$8,519", "2009-09-30": "$4,032", "2009-06-30": "$3,888", "2009-03-31": "$3,724", "2008-12-31": "$3,697", "2008-09-30": "$3,602", "2008-06-30": "$3,756", "2008-03-31": "$3,840", "2007-12-31": "$3,781", "2007-09-30": "$3,670", "2007-06-30": "$3,440", "2007-03-31": "$3,248", "2006-12-31": "$3,143", "2006-09-30": "$3,046", "2006-06-30": "$2,996", "2006-03-31": "$2,968", "2005-12-31": "$695", "2005-09-30": "$422", "2005-06-30": "$388", "2005-03-31": "$327"}}, "profit-margins": {"current": "-0.83%"}, "gross margin": {"2020-09-30": "34.61%", "2020-06-30": "34.78%", "2020-03-31": "35.55%", "2019-12-31": "36.03%", "2019-09-30": "34.48%", "2019-06-30": "34.37%", "2019-03-31": "34.20%", "2018-12-31": "33.88%", "2018-09-30": "33.64%", "2018-06-30": "33.47%", "2018-03-31": "33.41%", "2017-12-31": "33.16%", "2017-09-30": "34.27%", "2017-06-30": "34.26%", "2017-03-31": "33.70%", "2016-12-31": "33.25%", "2016-09-30": "31.80%", "2016-06-30": "31.89%", "2016-03-31": "32.46%", "2015-12-31": "33.37%", "2015-09-30": "33.27%", "2015-06-30": "32.73%", "2015-03-31": "32.51%", "2014-12-31": "32.55%", "2014-09-30": "32.21%", "2014-06-30": "32.33%", "2014-03-31": "32.36%", "2013-12-31": "32.49%", "2013-09-30": "32.25%", "2013-06-30": "31.96%", "2013-03-31": "32.18%", "2012-12-31": "31.75%", "2012-09-30": "31.89%", "2012-06-30": "31.50%", "2012-03-31": "30.82%", "2011-12-31": "30.33%", "2011-09-30": "30.08%", "2011-06-30": "30.93%", "2011-03-31": "30.89%", "2010-12-31": "30.96%", "2010-09-30": "30.34%", "2010-06-30": "28.52%", "2010-03-31": "27.41%", "2009-12-31": "26.11%", "2009-09-30": "23.20%", "2009-06-30": "22.78%", "2009-03-31": "22.20%", "2008-12-31": "22.14%", "2008-09-30": "23.47%", "2008-06-30": "22.49%", "2008-03-31": "24.47%", "2007-12-31": "26.01%", "2007-09-30": "26.83%", "2007-06-30": "28.12%", "2007-03-31": "28.31%", "2006-12-31": "29.00%", "2006-09-30": "30.21%", "2006-06-30": "32.05%", "2006-03-31": "33.87%", "2005-12-31": "34.88%"}, "operating margin": {"2020-09-30": "4.04%", "2020-06-30": "3.42%", "2020-03-31": "6.71%", "2019-12-31": "9.38%", "2019-09-30": "14.36%", "2019-06-30": "18.02%", "2019-03-31": "17.58%", "2018-12-31": "17.31%", "2018-09-30": "16.86%", "2018-06-30": "17.35%", "2018-03-31": "17.24%", "2017-12-31": "16.52%", "2017-09-30": "15.99%", "2017-06-30": "15.75%", "2017-03-31": "14.67%", "2016-12-31": "13.92%", "2016-09-30": "12.96%", "2016-06-30": "13.40%", "2016-03-31": "14.79%", "2015-12-31": "16.66%", "2015-09-30": "18.60%", "2015-06-30": "18.31%", "2015-03-31": "18.63%", "2014-12-31": "19.84%", "2014-09-30": "18.12%", "2014-06-30": "18.33%", "2014-03-31": "17.59%", "2013-12-31": "17.53%", "2013-09-30": "18.82%", "2013-06-30": "18.51%", "2013-03-31": "19.27%", "2012-12-31": "18.58%", "2012-09-30": "19.21%", "2012-06-30": "19.07%", "2012-03-31": "18.73%", "2011-12-31": "18.67%", "2011-09-30": "17.87%", "2011-06-30": "16.19%", "2011-03-31": "15.28%", "2010-12-31": "15.20%", "2010-09-30": "9.86%", "2010-06-30": "10.10%", "2010-03-31": "9.47%", "2009-12-31": "7.71%", "2009-09-30": "13.44%", "2009-06-30": "12.79%", "2009-03-31": "10.98%", "2008-12-31": "10.00%", "2008-09-30": "9.57%", "2008-06-30": "8.23%", "2008-03-31": "11.07%", "2007-12-31": "13.23%", "2007-09-30": "13.86%", "2007-06-30": "15.13%", "2007-03-31": "14.88%", "2006-12-31": "14.18%", "2006-09-30": "13.99%", "2006-06-30": "14.33%", "2006-03-31": "14.67%", "2005-12-31": "15.36%"}, "ebitda margin": {"2020-09-30": "33.83%", "2020-06-30": "32.65%", "2020-03-31": "33.29%", "2019-12-31": "33.26%", "2019-09-30": "34.77%", "2019-06-30": "35.45%", "2019-03-31": "34.83%", "2018-12-31": "34.37%", "2018-09-30": "33.82%", "2018-06-30": "34.06%", "2018-03-31": "33.52%", "2017-12-31": "32.50%", "2017-09-30": "31.35%", "2017-06-30": "30.25%", "2017-03-31": "28.52%", "2016-12-31": "27.19%", "2016-09-30": "25.64%", "2016-06-30": "25.50%", "2016-03-31": "26.18%", "2015-12-31": "26.97%", "2015-09-30": "28.51%", "2015-06-30": "28.27%", "2015-03-31": "28.62%", "2014-12-31": "29.88%", "2014-09-30": "28.28%", "2014-06-30": "28.49%", "2014-03-31": "27.96%", "2013-12-31": "27.98%", "2013-09-30": "29.45%", "2013-06-30": "29.33%", "2013-03-31": "30.15%", "2012-12-31": "29.99%", "2012-09-30": "31.27%", "2012-06-30": "31.34%", "2012-03-31": "31.03%", "2011-12-31": "30.67%", "2011-09-30": "29.69%", "2011-06-30": "27.97%", "2011-03-31": "27.34%", "2010-12-31": "27.54%", "2010-09-30": "22.16%", "2010-06-30": "22.42%", "2010-03-31": "21.56%", "2009-12-31": "19.54%", "2009-09-30": "25.06%", "2009-06-30": "24.79%", "2009-03-31": "23.71%", "2008-12-31": "23.60%", "2008-09-30": "23.73%", "2008-06-30": "23.81%", "2008-03-31": "25.29%", "2007-12-31": "26.89%", "2007-09-30": "26.41%", "2007-06-30": "26.15%", "2007-03-31": "26.10%", "2006-12-31": "24.87%", "2006-09-30": "25.20%", "2006-06-30": "25.53%", "2006-03-31": "25.83%", "2005-12-31": "26.74%"}, "pre tax profit margin": {"2020-09-30": "-0.15%", "2020-06-30": "0.39%", "2020-03-31": "1.88%", "2019-12-31": "4.00%", "2019-09-30": "10.86%", "2019-06-30": "11.76%", "2019-03-31": "12.68%", "2018-12-31": "13.11%", "2018-09-30": "12.70%", "2018-06-30": "11.68%", "2018-03-31": "11.55%", "2017-12-31": "11.26%", "2017-09-30": "10.25%", "2017-06-30": "12.00%", "2017-03-31": "10.87%", "2016-12-31": "9.48%", "2016-09-30": "8.64%", "2016-06-30": "9.28%", "2016-03-31": "13.17%", "2015-12-31": "15.72%", "2015-09-30": "18.29%", "2015-06-30": "17.42%", "2015-03-31": "15.28%", "2014-12-31": "16.44%", "2014-09-30": "14.63%", "2014-06-30": "15.67%", "2014-03-31": "13.76%", "2013-12-31": "13.59%", "2013-09-30": "14.63%", "2013-06-30": "13.98%", "2013-03-31": "15.60%", "2012-12-31": "14.27%", "2012-09-30": "13.51%", "2012-06-30": "13.25%", "2012-03-31": "12.73%", "2011-12-31": "12.92%", "2011-09-30": "12.97%", "2011-06-30": "11.59%", "2011-03-31": "11.20%", "2010-12-31": "11.62%", "2010-09-30": "7.05%", "2010-06-30": "7.25%", "2010-03-31": "6.48%", "2009-12-31": "4.45%", "2009-09-30": "9.88%", "2009-06-30": "8.77%", "2009-03-31": "6.53%", "2008-12-31": "5.39%", "2008-09-30": "5.18%", "2008-06-30": "9.58%", "2008-03-31": "14.93%", "2007-12-31": "15.94%", "2007-09-30": "15.83%", "2007-06-30": "12.40%", "2007-03-31": "9.79%", "2006-12-31": "9.54%", "2006-09-30": "8.97%", "2006-06-30": "9.23%", "2006-03-31": "9.39%", "2005-12-31": "10.71%"}, "net profit margin": {"2020-09-30": "-0.83%", "2020-06-30": "0.25%", "2020-03-31": "1.45%", "2019-12-31": "2.88%", "2019-09-30": "8.23%", "2019-06-30": "8.95%", "2019-03-31": "9.65%", "2018-12-31": "10.04%", "2018-09-30": "17.60%", "2018-06-30": "16.45%", "2018-03-31": "15.30%", "2017-12-31": "14.55%", "2017-09-30": "5.75%", "2017-06-30": "7.05%", "2017-03-31": "6.81%", "2016-12-31": "5.94%", "2016-09-30": "5.39%", "2016-06-30": "5.76%", "2016-03-31": "7.98%", "2015-12-31": "9.58%", "2015-09-30": "11.25%", "2015-06-30": "10.83%", "2015-03-31": "9.87%", "2014-12-31": "10.61%", "2014-09-30": "8.85%", "2014-06-30": "9.33%", "2014-03-31": "8.25%", "2013-12-31": "8.13%", "2013-09-30": "9.33%", "2013-06-30": "8.00%", "2013-03-31": "8.86%", "2012-12-31": "7.97%", "2012-09-30": "7.70%", "2012-06-30": "8.62%", "2012-03-31": "8.21%", "2011-12-31": "8.36%", "2011-09-30": "8.49%", "2011-06-30": "8.06%", "2011-03-31": "7.63%", "2010-12-31": "7.87%", "2010-09-30": "4.68%", "2010-06-30": "4.31%", "2010-03-31": "4.02%", "2009-12-31": "2.86%", "2009-09-30": "5.86%", "2009-06-30": "5.03%", "2009-03-31": "5.35%", "2008-12-31": "6.43%", "2008-09-30": "8.58%", "2008-06-30": "15.18%", "2008-03-31": "16.24%", "2007-12-31": "14.90%", "2007-09-30": "13.14%", "2007-06-30": "8.30%", "2007-03-31": "6.57%", "2006-12-31": "6.33%", "2006-09-30": "6.34%", "2006-06-30": "6.40%", "2006-03-31": "6.50%", "2005-12-31": "7.33%"}, "pe ratio": {"current": "24.40", "2021-02-05": "0.00", "2020-09-30": "0.00", "2020-06-30": "1668.16", "2020-03-31": "232.21", "2019-12-31": "144.91", "2019-09-30": "61.82", "2019-06-30": "52.52", "2019-03-31": "44.96", "2018-12-31": "39.20", "2018-09-30": "23.23", "2018-06-30": "24.04", "2018-03-31": "23.06", "2017-12-31": "23.21", "2017-09-30": "55.57", "2017-06-30": "41.03", "2017-03-31": "38.70", "2016-12-31": "41.72", "2016-09-30": "50.52", "2016-06-30": "46.25", "2016-03-31": "30.20", "2015-12-31": "25.91", "2015-09-30": "24.83", "2015-06-30": "23.73", "2015-03-31": "28.62", "2014-12-31": "24.50", "2014-09-30": "27.03", "2014-06-30": "25.25", "2014-03-31": "28.23", "2013-12-31": "28.90", "2013-09-30": "22.14", "2013-06-30": "24.14", "2013-03-31": "20.42", "2012-12-31": "20.16", "2012-09-30": "18.84", "2012-06-30": "18.54", "2012-03-31": "19.09", "2011-12-31": "15.13", "2011-09-30": "14.09", "2011-06-30": "19.21", "2011-03-31": "23.20", "2010-12-31": "20.24", "2010-09-30": "34.94", "2010-06-30": "33.48", "2010-03-31": "26.17", "2009-12-31": "29.14", "2009-09-30": "22.28", "2009-06-30": "19.83", "2009-03-31": "16.86", "2008-12-31": "12.45", "2008-09-30": "10.36", "2008-06-30": "6.78", "2008-03-31": "6.08", "2007-12-31": "6.76", "2007-09-30": "7.63", "2007-06-30": "13.56", "2007-03-31": "14.58", "2006-12-31": "13.50"}, "price sales": {"2021-02-05": "5.96", "2020-09-30": "6.62", "2020-06-30": "5.94", "2020-03-31": "4.99", "2019-12-31": "5.38", "2019-09-30": "5.31", "2019-06-30": "4.72", "2019-03-31": "4.36", "2018-12-31": "3.96", "2018-09-30": "4.21", "2018-06-30": "4.09", "2018-03-31": "3.64", "2017-12-31": "3.51", "2017-09-30": "3.51", "2017-06-30": "3.11", "2017-03-31": "2.86", "2016-12-31": "2.69", "2016-09-30": "2.70", "2016-06-30": "2.71", "2016-03-31": "2.46", "2015-12-31": "2.47", "2015-09-30": "2.80", "2015-06-30": "2.57", "2015-03-31": "2.83", "2014-12-31": "2.60", "2014-09-30": "2.39", "2014-06-30": "2.37", "2014-03-31": "2.35", "2013-12-31": "2.37", "2013-09-30": "2.08", "2013-06-30": "1.93", "2013-03-31": "1.80", "2012-12-31": "1.59", "2012-09-30": "1.45", "2012-06-30": "1.59", "2012-03-31": "1.56", "2011-12-31": "1.27", "2011-09-30": "1.23", "2011-06-30": "1.60", "2011-03-31": "1.83", "2010-12-31": "1.67", "2010-09-30": "1.48", "2010-06-30": "1.44", "2010-03-31": "1.18", "2009-12-31": "1.12", "2009-09-30": "1.31", "2009-06-30": "1.00", "2009-03-31": "0.90", "2008-12-31": "0.80", "2008-09-30": "0.89", "2008-06-30": "1.03", "2008-03-31": "0.99", "2007-12-31": "1.01", "2007-09-30": "1.00", "2007-06-30": "1.12", "2007-03-31": "0.96", "2006-12-31": "0.86"}, "price book": {"current": "1.67", "2021-02-05": "1.67", "2020-09-30": "1.86", "2020-06-30": "1.68", "2020-03-31": "1.51", "2019-12-31": "1.71", "2019-09-30": "1.64", "2019-06-30": "3.92", "2019-03-31": "3.62", "2018-12-31": "3.21", "2018-09-30": "3.43", "2018-06-30": "3.24", "2018-03-31": "2.90", "2017-12-31": "2.80", "2017-09-30": "2.97", "2017-06-30": "2.72", "2017-03-31": "2.51", "2016-12-31": "2.40", "2016-09-30": "2.46", "2016-06-30": "2.38", "2016-03-31": "2.05", "2015-12-31": "1.96", "2015-09-30": "2.68", "2015-06-30": "2.49", "2015-03-31": "2.76", "2014-12-31": "2.45", "2014-09-30": "2.23", "2014-06-30": "2.14", "2014-03-31": "2.10", "2013-12-31": "2.11", "2013-09-30": "1.80", "2013-06-30": "1.67", "2013-03-31": "1.53", "2012-12-31": "1.34", "2012-09-30": "1.20", "2012-06-30": "1.30", "2012-03-31": "1.27", "2011-12-31": "1.02", "2011-09-30": "0.94", "2011-06-30": "1.18", "2011-03-31": "1.28", "2010-12-31": "1.09", "2010-09-30": "1.09", "2010-06-30": "1.01", "2010-03-31": "0.88", "2009-12-31": "0.88", "2009-09-30": "1.04", "2009-06-30": "0.84", "2009-03-31": "0.80", "2008-12-31": "0.71", "2008-09-30": "0.83", "2008-06-30": "0.87", "2008-03-31": "0.90", "2007-12-31": "0.99", "2007-09-30": "1.09", "2007-06-30": "1.41", "2007-03-31": "1.24", "2006-12-31": "1.12", "2006-09-30": "1.07", "2006-06-30": "1.04", "2006-03-31": "1.21"}, "price fcf": {"2021-02-05": "", "2020-09-30": "$4.71", "2020-06-30": "$3.55", "2020-03-31": "$3.17", "2019-12-31": "$3.51", "2019-09-30": "$3.92", "2019-06-30": "$4.24", "2019-03-31": "$4.04", "2018-12-31": "$4.13", "2018-09-30": "$3.97", "2018-06-30": "$4.19", "2018-03-31": "$3.00", "2017-12-31": "$3.36", "2017-09-30": "$3.13", "2017-06-30": "$3.06", "2017-03-31": "$4.13", "2016-12-31": "$3.97", "2016-09-30": "$3.81", "2016-06-30": "$3.29", "2016-03-31": "$2.76", "2015-12-31": "$2.48", "2015-09-30": "$2.68", "2015-06-30": "$2.52", "2015-03-31": "$2.74", "2014-12-31": "$2.74", "2014-09-30": "$2.41", "2014-06-30": "$2.77", "2014-03-31": "$2.46", "2013-12-31": "$2.46", "2013-09-30": "$2.36", "2013-06-30": "$2.20", "2013-03-31": "$2.51", "2012-12-31": "$2.52", "2012-09-30": "$2.61", "2012-06-30": "$2.63", "2012-03-31": "$2.70", "2011-12-31": "$2.84", "2011-09-30": "$2.39", "2011-06-30": "$2.58", "2011-03-31": "$2.20", "2010-12-31": "$2.15", "2010-09-30": "$1.90", "2010-06-30": "$1.68", "2010-03-31": "$2.04", "2009-12-31": "$2.10", "2009-09-30": "$2.59", "2009-06-30": "$2.53", "2009-03-31": "$1.98", "2008-12-31": "$1.76", "2008-09-30": "$1.57", "2008-06-30": "$0.61", "2008-03-31": "$1.02", "2007-12-31": "$0.61", "2007-09-30": "$0.26", "2007-06-30": "$1.07", "2007-03-31": "$0.83", "2006-12-31": "$1.00"}, "net worth": {"value": "$82.05B"}, "current ratio": {"current": "0.78", "2020-09-30": "0.78", "2020-06-30": "0.71", "2020-03-31": "1.05", "2019-12-31": "0.84", "2019-09-30": "0.86", "2019-06-30": "3.00", "2019-03-31": "1.03", "2018-12-31": "1.20", "2018-09-30": "1.34", "2018-06-30": "1.38", "2018-03-31": "0.98", "2017-12-31": "0.92", "2017-09-30": "1.25", "2017-06-30": "1.49", "2017-03-31": "1.09", "2016-12-31": "1.36", "2016-09-30": "1.20", "2016-06-30": "1.05", "2016-03-31": "1.09", "2015-12-31": "1.48", "2015-09-30": "1.56", "2015-06-30": "1.48", "2015-03-31": "1.48", "2014-12-31": "1.55", "2014-09-30": "1.74", "2014-06-30": "1.67", "2014-03-31": "1.58", "2013-12-31": "1.41", "2013-09-30": "1.58", "2013-06-30": "1.80", "2013-03-31": "1.50", "2012-12-31": "1.47", "2012-09-30": "1.55", "2012-06-30": "1.92", "2012-03-31": "1.60", "2011-12-31": "1.23", "2011-09-30": "1.06", "2011-06-30": "1.06", "2011-03-31": "1.05", "2010-12-31": "1.29", "2010-09-30": "1.25", "2010-06-30": "1.34", "2010-03-31": "1.27", "2009-12-31": "1.35", "2009-09-30": "1.19", "2009-06-30": "1.24", "2009-03-31": "1.42", "2008-12-31": "1.43", "2008-09-30": "1.67", "2008-06-30": "1.42", "2008-03-31": "1.44", "2007-12-31": "1.46", "2007-09-30": "1.37", "2007-06-30": "1.49", "2007-03-31": "1.58", "2006-12-31": "1.48", "2006-09-30": "1.38", "2006-06-30": "1.47", "2006-03-31": "1.38", "2005-12-31": "1.32", "2005-09-30": "1.68", "2005-06-30": "1.50", "2005-03-31": "1.41"}, "quick ratio": {"2020-09-30": "0.00", "2020-06-30": "0.00", "2020-03-31": "0.00", "2019-12-31": "0.00", "2019-09-30": "0.00", "2019-06-30": "0.00", "2019-03-31": "0.00", "2018-12-31": "0.00", "2018-09-30": "0.00", "2018-06-30": "0.00", "2018-03-31": "0.00", "2017-12-31": "0.00", "2017-09-30": "0.00", "2017-06-30": "0.00", "2017-03-31": "0.00", "2016-12-31": "0.00", "2016-09-30": "0.00", "2016-06-30": "0.00", "2016-03-31": "0.00", "2015-12-31": "0.00", "2015-09-30": "0.00", "2015-06-30": "0.00", "2015-03-31": "0.00", "2014-12-31": "0.00", "2014-09-30": "0.00", "2014-06-30": "0.00", "2014-03-31": "0.00", "2013-12-31": "0.00", "2013-09-30": "0.00", "2013-06-30": "0.00", "2013-03-31": "0.00", "2012-12-31": "0.00", "2012-09-30": "0.00", "2012-06-30": "0.00", "2012-03-31": "0.00", "2011-12-31": "0.00", "2011-09-30": "0.00", "2011-06-30": "0.00", "2011-03-31": "0.00", "2010-12-31": "0.00", "2010-09-30": "0.00", "2010-06-30": "0.00", "2010-03-31": "0.00", "2009-12-31": "0.00", "2009-09-30": "0.00", "2009-06-30": "0.00", "2009-03-31": "0.00", "2008-12-31": "0.00", "2008-09-30": "0.00", "2008-06-30": "0.00", "2008-03-31": "0.00", "2007-12-31": "0.00", "2007-09-30": "0.00", "2007-06-30": "0.00", "2007-03-31": "0.00", "2006-12-31": "0.00", "2006-09-30": "0.00", "2006-06-30": "0.00", "2006-03-31": "0.00", "2005-12-31": "0.00", "2005-09-30": "0.00", "2005-06-30": "0.00", "2005-03-31": "0.00"}, "debt equity ratio": {"current": "0.31", "2020-09-30": "0.70", "2020-06-30": "0.69", "2020-03-31": "0.68", "2019-12-31": "0.70", "2019-09-30": "0.70", "2019-06-30": "2.29", "2019-03-31": "1.43", "2018-12-31": "1.33", "2018-09-30": "1.33", "2018-06-30": "1.26", "2018-03-31": "1.30", "2017-12-31": "1.27", "2017-09-30": "1.41", "2017-06-30": "1.50", "2017-03-31": "1.51", "2016-12-31": "1.64", "2016-09-30": "1.68", "2016-06-30": "1.75", "2016-03-31": "1.79", "2015-12-31": "1.79", "2015-09-30": "1.15", "2015-06-30": "1.19", "2015-03-31": "1.24", "2014-12-31": "1.17", "2014-09-30": "1.15", "2014-06-30": "1.16", "2014-03-31": "1.13", "2013-12-31": "1.07", "2013-09-30": "1.13", "2013-06-30": "1.04", "2013-03-31": "1.02", "2012-12-31": "0.99", "2012-09-30": "1.01", "2012-06-30": "1.05", "2012-03-31": "1.06", "2011-12-31": "1.09", "2011-09-30": "1.06", "2011-06-30": "1.05", "2011-03-31": "1.10", "2010-12-31": "1.16", "2010-09-30": "1.11", "2010-06-30": "0.59", "2010-03-31": "0.62", "2009-12-31": "0.64", "2009-09-30": "0.84", "2009-06-30": "0.91", "2009-03-31": "0.99", "2008-12-31": "1.03", "2008-09-30": "1.10", "2008-06-30": "1.60", "2008-03-31": "1.56", "2007-12-31": "1.59", "2007-09-30": "1.61", "2007-06-30": "1.27", "2007-03-31": "1.37", "2006-12-31": "1.43", "2006-09-30": "1.44", "2006-06-30": "1.45", "2006-03-31": "1.50", "2005-12-31": "5.03", "2005-09-30": "1.21", "2005-06-30": "1.40", "2005-03-31": "1.74"}, "return on equity": {"2020-09-30": "-0.21%", "2020-06-30": "0.06%", "2020-03-31": "0.42%", "2019-12-31": "1.01%", "2019-09-30": "3.80%", "2019-06-30": "7.49%", "2019-03-31": "7.95%", "2018-12-31": "8.15%", "2018-09-30": "14.07%", "2018-06-30": "13.19%", "2018-03-31": "12.66%", "2017-12-31": "12.33%", "2017-09-30": "4.92%", "2017-06-30": "6.23%", "2017-03-31": "6.11%", "2016-12-31": "5.43%", "2016-09-30": "4.88%", "2016-06-30": "5.21%", "2016-03-31": "7.19%", "2015-12-31": "8.71%", "2015-09-30": "10.96%", "2015-06-30": "10.60%", "2015-03-31": "9.61%", "2014-12-31": "10.19%", "2014-09-30": "8.33%", "2014-06-30": "8.58%", "2014-03-31": "7.47%", "2013-12-31": "7.28%", "2013-09-30": "8.22%", "2013-06-30": "6.98%", "2013-03-31": "7.64%", "2012-12-31": "6.81%", "2012-09-30": "6.55%", "2012-06-30": "7.28%", "2012-03-31": "6.86%", "2011-12-31": "6.96%", "2011-09-30": "6.89%", "2011-06-30": "6.58%", "2011-03-31": "5.69%", "2010-12-31": "5.36%", "2010-09-30": "2.98%", "2010-06-30": "2.66%", "2010-03-31": "2.67%", "2009-12-31": "2.10%", "2009-09-30": "4.93%", "2009-06-30": "4.43%", "2009-03-31": "4.82%", "2008-12-31": "5.80%", "2008-09-30": "7.88%", "2008-06-30": "13.19%", "2008-03-31": "15.53%", "2007-12-31": "15.87%", "2007-09-30": "15.64%", "2007-06-30": "11.24%", "2007-03-31": "9.01%", "2006-12-31": "8.52%", "2006-09-30": "9.44%", "2006-06-30": "11.75%", "2006-03-31": "17.08%", "2005-12-31": "43.01%"}, "return on assets": {"2020-09-30": "-0.13%", "2020-06-30": "0.04%", "2020-03-31": "0.23%", "2019-12-31": "0.53%", "2019-09-30": "1.83%", "2019-06-30": "2.89%", "2019-03-31": "3.40%", "2018-12-31": "3.53%", "2018-09-30": "6.14%", "2018-06-30": "5.71%", "2018-03-31": "5.35%", "2017-12-31": "5.10%", "2017-09-30": "1.96%", "2017-06-30": "2.41%", "2017-03-31": "2.31%", "2016-12-31": "2.00%", "2016-09-30": "1.78%", "2016-06-30": "1.96%", "2016-03-31": "2.84%", "2015-12-31": "3.65%", "2015-09-30": "5.01%", "2015-06-30": "4.85%", "2015-03-31": "4.41%", "2014-12-31": "4.74%", "2014-09-30": "3.92%", "2014-06-30": "4.04%", "2014-03-31": "3.57%", "2013-12-31": "3.53%", "2013-09-30": "4.02%", "2013-06-30": "3.46%", "2013-03-31": "3.79%", "2012-12-31": "3.36%", "2012-09-30": "3.19%", "2012-06-30": "3.53%", "2012-03-31": "3.32%", "2011-12-31": "3.36%", "2011-09-30": "3.29%", "2011-06-30": "3.13%", "2011-03-31": "2.91%", "2010-12-31": "2.93%", "2010-09-30": "1.74%", "2010-06-30": "1.62%", "2010-03-31": "1.56%", "2009-12-31": "1.17%", "2009-09-30": "2.54%", "2009-06-30": "2.21%", "2009-03-31": "2.21%", "2008-12-31": "2.49%", "2008-09-30": "3.19%", "2008-06-30": "5.09%", "2008-03-31": "6.18%", "2007-12-31": "6.43%", "2007-09-30": "6.46%", "2007-06-30": "4.74%", "2007-03-31": "3.72%", "2006-12-31": "3.47%", "2006-09-30": "3.47%", "2006-06-30": "4.19%", "2006-03-31": "5.68%", "2005-12-31": "11.34%"}, "return on investments": {"2020-09-30": "0.77%", "2020-06-30": "0.63%", "2020-03-31": "1.34%", "2019-12-31": "2.18%", "2019-09-30": "4.04%", "2019-06-30": "7.29%", "2019-03-31": "7.79%", "2018-12-31": "7.66%", "2018-09-30": "7.50%", "2018-06-30": "7.75%", "2018-03-31": "7.84%", "2017-12-31": "7.54%", "2017-09-30": "7.05%", "2017-06-30": "7.00%", "2017-03-31": "6.52%", "2016-12-31": "6.14%", "2016-09-30": "5.56%", "2016-06-30": "5.89%", "2016-03-31": "6.68%", "2015-12-31": "7.90%", "2015-09-30": "10.25%", "2015-06-30": "10.13%", "2015-03-31": "10.32%", "2014-12-31": "10.98%", "2014-09-30": "9.99%", "2014-06-30": "9.95%", "2014-03-31": "9.45%", "2013-12-31": "9.40%", "2013-09-30": "9.96%", "2013-06-30": "9.77%", "2013-03-31": "10.04%", "2012-12-31": "9.52%", "2012-09-30": "9.71%", "2012-06-30": "9.59%", "2012-03-31": "9.42%", "2011-12-31": "9.40%", "2011-09-30": "8.69%", "2011-06-30": "7.80%", "2011-03-31": "7.15%", "2010-12-31": "6.88%", "2010-09-30": "4.45%", "2010-06-30": "4.61%", "2010-03-31": "4.50%", "2009-12-31": "3.87%", "2009-09-30": "7.19%", "2009-06-30": "6.90%", "2009-03-31": "5.61%", "2008-12-31": "4.84%", "2008-09-30": "4.47%", "2008-06-30": "3.47%", "2008-03-31": "5.30%", "2007-12-31": "7.15%", "2007-09-30": "8.51%", "2007-06-30": "10.85%", "2007-03-31": "10.56%", "2006-12-31": "9.79%", "2006-09-30": "9.69%", "2006-06-30": "11.95%", "2006-03-31": "16.66%", "2005-12-31": "32.62%"}, "return on tangible equity": {"2020-09-30": "0.49%", "2020-06-30": "-0.14%", "2020-03-31": "-0.91%", "2019-12-31": "-1.98%", "2019-09-30": "-6.46%", "2019-06-30": "-9.05%", "2019-03-31": "-9.70%", "2018-12-31": "-10.06%", "2018-09-30": "-17.48%", "2018-06-30": "-15.91%", "2018-03-31": "-14.56%", "2017-12-31": "-13.31%", "2017-09-30": "-4.91%", "2017-06-30": "-5.85%", "2017-03-31": "-5.39%", "2016-12-31": "-4.55%", "2016-09-30": "-3.92%", "2016-06-30": "-4.55%", "2016-03-31": "-7.08%", "2015-12-31": "-10.17%", "2015-09-30": "-16.85%", "2015-06-30": "-16.35%", "2015-03-31": "-15.20%", "2014-12-31": "-16.71%", "2014-09-30": "-14.02%", "2014-06-30": "-14.65%", "2014-03-31": "-12.68%", "2013-12-31": "-12.29%", "2013-09-30": "-13.87%", "2013-06-30": "-11.65%", "2013-03-31": "-12.73%", "2012-12-31": "-11.05%", "2012-09-30": "-10.17%", "2012-06-30": "-10.93%", "2012-03-31": "-10.00%", "2011-12-31": "-9.91%", "2011-09-30": "-10.04%", "2011-06-30": "-9.41%", "2011-03-31": "-9.71%", "2010-12-31": "-11.03%", "2010-09-30": "-7.62%", "2010-06-30": "-8.31%", "2010-03-31": "-7.72%", "2009-12-31": "-5.52%", "2009-09-30": "-10.81%", "2009-06-30": "-8.95%", "2009-03-31": "-7.97%", "2008-12-31": "-8.43%", "2008-09-30": "-10.34%", "2008-06-30": "-15.47%", "2008-03-31": "-20.13%", "2007-12-31": "-22.00%", "2007-09-30": "-22.88%", "2007-06-30": "-17.85%", "2007-03-31": "-13.05%", "2006-12-31": "-11.59%", "2006-09-30": "-10.25%", "2006-06-30": "-13.06%", "2006-03-31": "-19.99%", "2005-12-31": "-62.64%"}, "dividend yield history": {"last payout": "$1.40", "last yield": "1.06%"}}