{"ticker": "FISV", "price": {"title": "Fiserv Historical Annual Stock Price Data", "value": 112.22, "historical": {"2021": {"Average Stock Price": "109.6104", "Year Open": "111.9200", "Year High": "116.7900", "Year Low": "102.6900", "Year Close": "112.2200", "Annual % Change": "-1.44%"}, "2020": {"Average Stock Price": "104.7498", "Year Open": "115.5200", "Year High": "123.8900", "Year Low": "77.0000", "Year Close": "113.8600", "Annual % Change": "-1.53%"}, "2019": {"Average Stock Price": "95.8488", "Year Open": "72.2100", "Year High": "117.0800", "Year Low": "70.1100", "Year Close": "115.6300", "Annual % Change": "57.34%"}, "2018": {"Average Stock Price": "74.7098", "Year Open": "65.1750", "Year High": "82.3800", "Year Low": "64.5850", "Year Close": "73.4900", "Annual % Change": "12.09%"}, "2017": {"Average Stock Price": "60.8476", "Year Open": "53.6700", "Year High": "66.1700", "Year Low": "52.6900", "Year Close": "65.5650", "Annual % Change": "23.38%"}, "2016": {"Average Stock Price": "50.7102", "Year Open": "44.7500", "Year High": "55.4600", "Year Low": "43.4150", "Year Close": "53.1400", "Annual % Change": "16.20%"}, "2015": {"Average Stock Price": "42.1927", "Year Open": "35.3100", "Year High": "48.6000", "Year Low": "34.9100", "Year Close": "45.7300", "Annual % Change": "28.87%"}, "2014": {"Average Stock Price": "31.0551", "Year Open": "29.1000", "Year High": "36.5125", "Year Low": "27.2000", "Year Close": "35.4850", "Annual % Change": "20.19%"}, "2013": {"Average Stock Price": "23.4631", "Year Open": "20.3200", "Year High": "29.5250", "Year Low": "19.8750", "Year Close": "29.5250", "Annual % Change": "49.44%"}, "2012": {"Average Stock Price": "17.5674", "Year Open": "14.6400", "Year High": "20.2775", "Year Low": "14.5350", "Year Close": "19.7575", "Annual % Change": "34.54%"}, "2011": {"Average Stock Price": "14.8204", "Year Open": "14.8750", "Year High": "16.3050", "Year Low": "12.3750", "Year Close": "14.6850", "Annual % Change": "0.31%"}, "2010": {"Average Stock Price": "12.8090", "Year Open": "12.3575", "Year High": "15.1100", "Year Low": "11.2600", "Year Close": "14.6400", "Annual % Change": "20.79%"}, "2009": {"Average Stock Price": "10.6971", "Year Open": "9.5475", "Year High": "12.6100", "Year Low": "7.4100", "Year Close": "12.1200", "Annual % Change": "33.30%"}, "2008": {"Average Stock Price": "11.6064", "Year Open": "13.8150", "Year High": "13.8150", "Year Low": "7.2375", "Year Close": "9.0925", "Annual % Change": "-34.46%"}, "2007": {"Average Stock Price": "13.2347", "Year Open": "12.8925", "Year High": "14.8125", "Year Low": "11.6050", "Year Close": "13.8725", "Annual % Change": "5.86%"}, "2006": {"Average Stock Price": "11.3474", "Year Open": "10.9225", "Year High": "13.2750", "Year Low": "10.1650", "Year Close": "13.1050", "Annual % Change": "21.15%"}, "2005": {"Average Stock Price": "10.6376", "Year Open": "10.0050", "Year High": "11.7025", "Year Low": "9.2375", "Year Close": "10.8175", "Annual % Change": "7.66%"}, "2004": {"Average Stock Price": "9.1882", "Year Open": "9.7650", "Year High": "10.2125", "Year Low": "8.1100", "Year Close": "10.0475", "Annual % Change": "1.64%"}, "2003": {"Average Stock Price": "8.7710", "Year Open": "8.9100", "Year High": "10.0500", "Year Low": "6.8925", "Year Close": "9.8850", "Annual % Change": "16.47%"}, "2002": {"Average Stock Price": "9.3609", "Year Open": "10.7225", "Year High": "11.6500", "Year Low": "5.6500", "Year Close": "8.4875", "Annual % Change": "-19.78%"}, "2001": {"Average Stock Price": "9.0835", "Year Open": "7.3967", "Year High": "11.0975", "Year Low": "7.3967", "Year Close": "10.5800", "Annual % Change": "33.81%"}, "2000": {"Average Stock Price": "7.5750", "Year Open": "6.3483", "Year High": "10.3550", "Year Low": "4.4267", "Year Close": "7.9067", "Annual % Change": "23.83%"}, "1999": {"Average Stock Price": "5.5834", "Year Open": "5.7156", "Year High": "6.6667", "Year Low": "4.1250", "Year Close": "6.3850", "Annual % Change": "11.71%"}, "1998": {"Average Stock Price": "4.6836", "Year Open": "3.6481", "Year High": "5.9033", "Year Low": "3.4444", "Year Close": "5.7156", "Annual % Change": "57.05%"}, "1997": {"Average Stock Price": "3.1446", "Year Open": "2.7037", "Year High": "3.7133", "Year Low": "2.4259", "Year Close": "3.6393", "Annual % Change": "33.69%"}, "1996": {"Average Stock Price": "2.4127", "Year Open": "2.2133", "Year High": "2.9259", "Year Low": "1.9444", "Year Close": "2.7222", "Annual % Change": "22.50%"}, "1995": {"Average Stock Price": "1.9851", "Year Open": "1.6296", "Year High": "2.2963", "Year Low": "1.5741", "Year Close": "2.2222", "Annual % Change": "37.93%"}, "1994": {"Average Stock Price": "1.5549", "Year Open": "1.4630", "Year High": "1.7593", "Year Low": "1.3704", "Year Close": "1.6111", "Annual % Change": "12.99%"}, "1993": {"Average Stock Price": "1.4785", "Year Open": "1.3457", "Year High": "1.7593", "Year Low": "1.2904", "Year Close": "1.4259", "Annual % Change": "14.36%"}, "1992": {"Average Stock Price": "1.1517", "Year Open": "1.1605", "Year High": "1.2840", "Year Low": "1.0288", "Year Close": "1.2469", "Annual % Change": "0.33%"}, "1991": {"Average Stock Price": "0.9167", "Year Open": "0.6475", "Year High": "1.2428", "Year Low": "0.6091", "Year Close": "1.2428", "Annual % Change": "81.91%"}}}, "market cap": {"value": "$75.24B"}, "income statement": {"Revenue": {"2019-12-31": "10187.00000", "2018-12-31": "5823.00000", "2017-12-31": "5696.00000", "2016-12-31": "5505.00000", "2015-12-31": "5505.00000", "2014-12-31": "5066.00000", "2013-12-31": "4814.00000", "2012-12-31": "4436.00000", "2011-12-31": "4289.00000", "2010-12-31": "4133.00000", "2009-12-31": "4077.00000", "2008-12-31": "4587.00000", "2007-12-31": "3677.00000", "2006-12-31": "3544.00000", "2005-12-31": "3241.00000"}, "Cost Of Goods Sold": {"2019-12-31": "5309.00000", "2018-12-31": "3069.00000", "2017-12-31": "3024.00000", "2016-12-31": "2959.00000", "2015-12-31": "2959.00000", "2014-12-31": "2881.00000", "2013-12-31": "2776.00000", "2012-12-31": "2564.00000", "2011-12-31": "2504.00000", "2010-12-31": "2386.00000", "2009-12-31": "2380.00000", "2008-12-31": "2866.00000", "2007-12-31": "2428.00000", "2006-12-31": "2412.00000", "2005-12-31": "2170.00000"}, "Gross Profit": {"2019-12-31": "4878.00000", "2018-12-31": "2754.00000", "2017-12-31": "2672.00000", "2016-12-31": "2546.00000", "2015-12-31": "2546.00000", "2014-12-31": "2185.00000", "2013-12-31": "2038.00000", "2012-12-31": "1872.00000", "2011-12-31": "1785.00000", "2010-12-31": "1747.00000", "2009-12-31": "1697.00000", "2008-12-31": "1721.00000", "2007-12-31": "1249.00000", "2006-12-31": "1132.00000", "2005-12-31": "1071.00000"}, "Research And Development Expenses": {"2019-12-31": "", "2018-12-31": "", "2017-12-31": "", "2016-12-31": "", "2015-12-31": "", "2014-12-31": "", "2013-12-31": "", "2012-12-31": "", "2011-12-31": "", "2010-12-31": "", "2009-12-31": "", "2008-12-31": "", "2007-12-31": "", "2006-12-31": "", "2005-12-31": ""}, "SG&A Expenses": {"2019-12-31": "3284.00000", "2018-12-31": "1228.00000", "2017-12-31": "1150.00000", "2016-12-31": "1101.00000", "2015-12-31": "1101.00000", "2014-12-31": "975.00000", "2013-12-31": "977.00000", "2012-12-31": "824.00000", "2011-12-31": "795.00000", "2010-12-31": "740.00000", "2009-12-31": "751.00000", "2008-12-31": "813.00000", "2007-12-31": "513.00000", "2006-12-31": "465.00000", "2005-12-31": "409.00000"}, "Other Operating Income Or Expenses": {"2019-12-31": "15.00000", "2018-12-31": "227.00000", "2017-12-31": "10.00000", "2016-12-31": "", "2015-12-31": "", "2014-12-31": "", "2013-12-31": "", "2012-12-31": "", "2011-12-31": "", "2010-12-31": "", "2009-12-31": "", "2008-12-31": "", "2007-12-31": "", "2006-12-31": "", "2005-12-31": ""}, "Operating Expenses": {"2019-12-31": "8578.00000", "2018-12-31": "4070.00000", "2017-12-31": "4164.00000", "2016-12-31": "4060.00000", "2015-12-31": "4060.00000", "2014-12-31": "3856.00000", "2013-12-31": "3753.00000", "2012-12-31": "3388.00000", "2011-12-31": "3299.00000", "2010-12-31": "3126.00000", "2009-12-31": "3131.00000", "2008-12-31": "3679.00000", "2007-12-31": "2941.00000", "2006-12-31": "2877.00000", "2005-12-31": "2579.00000"}, "Operating Income": {"2019-12-31": "1609.00000", "2018-12-31": "1753.00000", "2017-12-31": "1532.00000", "2016-12-31": "1445.00000", "2015-12-31": "1445.00000", "2014-12-31": "1210.00000", "2013-12-31": "1061.00000", "2012-12-31": "1048.00000", "2011-12-31": "990.00000", "2010-12-31": "1007.00000", "2009-12-31": "946.00000", "2008-12-31": "908.00000", "2007-12-31": "736.00000", "2006-12-31": "667.00000", "2005-12-31": "662.00000"}, "Total Non-Operating Income/Expense": {"2019-12-31": "-526.00000", "2018-12-31": "-198.00000", "2017-12-31": "-174.00000", "2016-12-31": "-170.00000", "2015-12-31": "-170.00000", "2014-12-31": "-163.00000", "2013-12-31": "-163.00000", "2012-12-31": "-167.00000", "2011-12-31": "-267.00000", "2010-12-31": "-214.00000", "2009-12-31": "-212.00000", "2008-12-31": "-268.00000", "2007-12-31": "-69.00000", "2006-12-31": "-41.00000", "2005-12-31": "66.00000"}, "Pre-Tax Income": {"2019-12-31": "1083.00000", "2018-12-31": "1555.00000", "2017-12-31": "1358.00000", "2016-12-31": "1275.00000", "2015-12-31": "1275.00000", "2014-12-31": "1047.00000", "2013-12-31": "898.00000", "2012-12-31": "881.00000", "2011-12-31": "723.00000", "2010-12-31": "793.00000", "2009-12-31": "734.00000", "2008-12-31": "640.00000", "2007-12-31": "667.00000", "2006-12-31": "626.00000", "2005-12-31": "728.00000"}, "Income Taxes": {"2019-12-31": "198.00000", "2018-12-31": "378.00000", "2017-12-31": "158.00000", "2016-12-31": "492.00000", "2015-12-31": "492.00000", "2014-12-31": "384.00000", "2013-12-31": "328.00000", "2012-12-31": "300.00000", "2011-12-31": "254.00000", "2010-12-31": "301.00000", "2009-12-31": "273.00000", "2008-12-31": "288.00000", "2007-12-31": "255.00000", "2006-12-31": "236.00000", "2005-12-31": "274.00000"}, "Income After Taxes": {"2019-12-31": "885.00000", "2018-12-31": "1177.00000", "2017-12-31": "1200.00000", "2016-12-31": "783.00000", "2015-12-31": "783.00000", "2014-12-31": "663.00000", "2013-12-31": "570.00000", "2012-12-31": "581.00000", "2011-12-31": "469.00000", "2010-12-31": "492.00000", "2009-12-31": "461.00000", "2008-12-31": "352.00000", "2007-12-31": "412.00000", "2006-12-31": "390.00000", "2005-12-31": "454.00000"}, "Other Income": {"2019-12-31": "", "2018-12-31": "", "2017-12-31": "", "2016-12-31": "", "2015-12-31": "", "2014-12-31": "", "2013-12-31": "", "2012-12-31": "", "2011-12-31": "", "2010-12-31": "", "2009-12-31": "", "2008-12-31": "", "2007-12-31": "", "2006-12-31": "", "2005-12-31": ""}, "Income From Continuous Operations": {"2019-12-31": "914.00000", "2018-12-31": "1187.00000", "2017-12-31": "1232.00000", "2016-12-31": "930.00000", "2015-12-31": "930.00000", "2014-12-31": "754.00000", "2013-12-31": "650.00000", "2012-12-31": "592.00000", "2011-12-31": "487.00000", "2010-12-31": "506.00000", "2009-12-31": "473.00000", "2008-12-31": "358.00000", "2007-12-31": "412.00000", "2006-12-31": "390.00000", "2005-12-31": "454.00000"}, "Income From Discontinued Operations": {"2019-12-31": "", "2018-12-31": "", "2017-12-31": "14.00000", "2016-12-31": "", "2015-12-31": "", "2014-12-31": "", "2013-12-31": "-2.00000", "2012-12-31": "19.00000", "2011-12-31": "-15.00000", "2010-12-31": "-10.00000", "2009-12-31": "3.00000", "2008-12-31": "211.00000", "2007-12-31": "27.00000", "2006-12-31": "60.00000", "2005-12-31": "62.00000"}, "Net Income": {"2019-12-31": "893.00000", "2018-12-31": "1187.00000", "2017-12-31": "1246.00000", "2016-12-31": "930.00000", "2015-12-31": "930.00000", "2014-12-31": "754.00000", "2013-12-31": "648.00000", "2012-12-31": "611.00000", "2011-12-31": "472.00000", "2010-12-31": "496.00000", "2009-12-31": "476.00000", "2008-12-31": "569.00000", "2007-12-31": "439.00000", "2006-12-31": "450.00000", "2005-12-31": "516.00000"}, "EBITDA": {"2019-12-31": "3387.00000", "2018-12-31": "2309.00000", "2017-12-31": "1976.00000", "2016-12-31": "1866.00000", "2015-12-31": "1862.00000", "2014-12-31": "1614.00000", "2013-12-31": "1464.00000", "2012-12-31": "1398.00000", "2011-12-31": "1335.00000", "2010-12-31": "1346.00000", "2009-12-31": "1279.00000", "2008-12-31": "1258.00000", "2007-12-31": "912.00000", "2006-12-31": "834.00000", "2005-12-31": "813.00000"}, "EBIT": {"2019-12-31": "1609.00000", "2018-12-31": "1753.00000", "2017-12-31": "1532.00000", "2016-12-31": "1445.00000", "2015-12-31": "1445.00000", "2014-12-31": "1210.00000", "2013-12-31": "1061.00000", "2012-12-31": "1048.00000", "2011-12-31": "990.00000", "2010-12-31": "1007.00000", "2009-12-31": "946.00000", "2008-12-31": "908.00000", "2007-12-31": "736.00000", "2006-12-31": "667.00000", "2005-12-31": "662.00000"}, "Basic Shares Outstanding": {"2019-12-31": "512.30000", "2018-12-31": "405.50000", "2017-12-31": "422.30000", "2016-12-31": "440.60000", "2015-12-31": "440.60000", "2014-12-31": "497.20000", "2013-12-31": "524.80000", "2012-12-31": "543.20000", "2011-12-31": "570.20000", "2010-12-31": "601.60000", "2009-12-31": "618.00000", "2008-12-31": "648.00000", "2007-12-31": "666.40000", "2006-12-31": "700.00000", "2005-12-31": "755.20000"}, "Shares Outstanding": {"2019-12-31": "522.60000", "2018-12-31": "413.70000", "2017-12-31": "431.30000", "2016-12-31": "447.80000", "2015-12-31": "447.80000", "2014-12-31": "505.40000", "2013-12-31": "532.20000", "2012-12-31": "550.00000", "2011-12-31": "576.80000", "2010-12-31": "606.80000", "2009-12-31": "621.60000", "2008-12-31": "652.40000", "2007-12-31": "675.20000", "2006-12-31": "710.00000", "2005-12-31": "764.00000"}, "Basic EPS": {"2019-12-31": "1.74000", "2018-12-31": "2.93000", "2017-12-31": "2.95000", "2016-12-31": "2.11000", "2015-12-31": "2.11000", "2014-12-31": "1.51500", "2013-12-31": "1.23500", "2012-12-31": "1.12500", "2011-12-31": "0.83000", "2010-12-31": "0.82500", "2009-12-31": "0.77000", "2008-12-31": "0.87750", "2007-12-31": "0.66000", "2006-12-31": "0.64250", "2005-12-31": "0.68500"}, "EPS - Earnings Per Share": {"2019-12-31": "1.71000", "2018-12-31": "2.87000", "2017-12-31": "2.89000", "2016-12-31": "2.08000", "2015-12-31": "2.07500", "2014-12-31": "1.49000", "2013-12-31": "1.22000", "2012-12-31": "1.11000", "2011-12-31": "0.82000", "2010-12-31": "0.81750", "2009-12-31": "0.76500", "2008-12-31": "0.87250", "2007-12-31": "0.65000", "2006-12-31": "0.63250", "2005-12-31": "0.67500"}}, "income statement, quarterly": {"Revenue": {"2020-09-30": "3786.00000", "2020-06-30": "3465.00000", "2020-03-31": "3769.00000", "2019-12-31": "4045.00000", "2019-09-30": "3128.00000", "2019-06-30": "1512.00000", "2019-03-31": "1502.00000", "2018-12-31": "1551.00000", "2018-09-30": "1412.00000", "2018-06-30": "1420.00000", "2018-03-31": "1440.00000", "2017-12-31": "1516.00000", "2017-09-30": "1400.00000", "2017-06-30": "1386.00000", "2017-03-31": "1394.00000", "2016-12-31": "1431.00000", "2016-09-30": "1380.00000", "2016-06-30": "1363.00000", "2016-03-31": "1331.00000", "2015-12-31": "1619.00000", "2015-09-30": "1313.00000", "2015-06-30": "1298.00000", "2015-03-31": "1275.00000", "2014-12-31": "1316.00000", "2014-09-30": "1263.00000", "2014-06-30": "1253.00000", "2014-03-31": "1234.00000", "2013-12-31": "1263.00000", "2013-09-30": "1201.00000", "2013-06-30": "1198.00000", "2013-03-31": "1152.00000", "2012-12-31": "1145.00000", "2012-09-30": "1107.00000", "2012-06-30": "1087.00000", "2012-03-31": "1097.00000", "2011-12-31": "1113.00000", "2011-09-30": "1063.00000", "2011-06-30": "1065.00000", "2011-03-31": "1048.00000", "2010-12-31": "1078.00000", "2010-09-30": "1025.00000", "2010-06-30": "1022.00000", "2010-03-31": "1008.00000", "2009-12-31": "1062.00000", "2009-09-30": "992.00000", "2009-06-30": "1000.00000", "2009-03-31": "1023.00000", "2008-12-31": "951.00000", "2008-09-30": "1038.00000", "2008-06-30": "1292.00000", "2008-03-31": "1306.00000", "2007-12-31": "870.00000", "2007-09-30": "924.00000", "2007-06-30": "939.00000", "2007-03-31": "944.00000", "2006-12-31": "1197.74100", "2006-09-30": "1122.51700", "2006-06-30": "1057.49400", "2006-03-31": "1096.66800", "2005-12-31": "1078.29300", "2005-09-30": "1011.64500", "2005-06-30": "996.42600", "2005-03-31": "973.11400"}, "Cost Of Goods Sold": {"2020-09-30": "1868.00000", "2020-06-30": "1920.00000", "2020-03-31": "2167.00000", "2019-12-31": "2109.00000", "2019-09-30": "1617.00000", "2019-06-30": "785.00000", "2019-03-31": "798.00000", "2018-12-31": "822.00000", "2018-09-30": "749.00000", "2018-06-30": "739.00000", "2018-03-31": "759.00000", "2017-12-31": "502.00000", "2017-09-30": "746.00000", "2017-06-30": "1024.00000", "2017-03-31": "752.00000", "2016-12-31": "761.00000", "2016-09-30": "737.00000", "2016-06-30": "727.00000", "2016-03-31": "734.00000", "2015-12-31": "813.00000", "2015-09-30": "713.00000", "2015-06-30": "710.00000", "2015-03-31": "723.00000", "2014-12-31": "752.00000", "2014-09-30": "705.00000", "2014-06-30": "703.00000", "2014-03-31": "721.00000", "2013-12-31": "700.00000", "2013-09-30": "684.00000", "2013-06-30": "680.00000", "2013-03-31": "712.00000", "2012-12-31": "649.00000", "2012-09-30": "636.00000", "2012-06-30": "626.00000", "2012-03-31": "653.00000", "2011-12-31": "625.00000", "2011-09-30": "631.00000", "2011-06-30": "624.00000", "2011-03-31": "624.00000", "2010-12-31": "613.00000", "2010-09-30": "589.00000", "2010-06-30": "586.00000", "2010-03-31": "598.00000", "2009-12-31": "611.00000", "2009-09-30": "579.00000", "2009-06-30": "590.00000", "2009-03-31": "600.00000", "2008-12-31": "530.00000", "2008-09-30": "622.00000", "2008-06-30": "849.00000", "2008-03-31": "865.00000", "2007-12-31": "553.00000", "2007-09-30": "612.00000", "2007-06-30": "624.00000", "2007-03-31": "639.00000", "2006-12-31": "861.95800", "2006-09-30": "802.23300", "2006-06-30": "743.35700", "2006-03-31": "758.06200", "2005-12-31": "524.93100", "2005-09-30": "710.46700", "2005-06-30": "682.87100", "2005-03-31": "661.89900"}, "Gross Profit": {"2020-09-30": "1918.00000", "2020-06-30": "1545.00000", "2020-03-31": "1602.00000", "2019-12-31": "1936.00000", "2019-09-30": "1511.00000", "2019-06-30": "727.00000", "2019-03-31": "704.00000", "2018-12-31": "729.00000", "2018-09-30": "663.00000", "2018-06-30": "681.00000", "2018-03-31": "681.00000", "2017-12-31": "1014.00000", "2017-09-30": "654.00000", "2017-06-30": "362.00000", "2017-03-31": "642.00000", "2016-12-31": "670.00000", "2016-09-30": "643.00000", "2016-06-30": "636.00000", "2016-03-31": "597.00000", "2015-12-31": "806.00000", "2015-09-30": "600.00000", "2015-06-30": "588.00000", "2015-03-31": "552.00000", "2014-12-31": "564.00000", "2014-09-30": "558.00000", "2014-06-30": "550.00000", "2014-03-31": "513.00000", "2013-12-31": "563.00000", "2013-09-30": "517.00000", "2013-06-30": "518.00000", "2013-03-31": "440.00000", "2012-12-31": "496.00000", "2012-09-30": "471.00000", "2012-06-30": "461.00000", "2012-03-31": "444.00000", "2011-12-31": "488.00000", "2011-09-30": "432.00000", "2011-06-30": "441.00000", "2011-03-31": "424.00000", "2010-12-31": "465.00000", "2010-09-30": "436.00000", "2010-06-30": "436.00000", "2010-03-31": "410.00000", "2009-12-31": "451.00000", "2009-09-30": "413.00000", "2009-06-30": "410.00000", "2009-03-31": "423.00000", "2008-12-31": "421.00000", "2008-09-30": "416.00000", "2008-06-30": "443.00000", "2008-03-31": "441.00000", "2007-12-31": "317.00000", "2007-09-30": "312.00000", "2007-06-30": "315.00000", "2007-03-31": "305.00000", "2006-12-31": "335.78300", "2006-09-30": "320.28400", "2006-06-30": "314.13700", "2006-03-31": "338.60600", "2005-12-31": "553.36190", "2005-09-30": "301.17800", "2005-06-30": "313.55500", "2005-03-31": "311.21500"}, "Research And Development Expenses": {"2020-09-30": "", "2020-06-30": "", "2020-03-31": "", "2019-12-31": "", "2019-09-30": "", "2019-06-30": "", "2019-03-31": "", "2018-12-31": "", "2018-09-30": "", "2018-06-30": "", "2018-03-31": "", "2017-12-31": "", "2017-09-30": "", "2017-06-30": "", "2017-03-31": "", "2016-12-31": "", "2016-09-30": "", "2016-06-30": "", "2016-03-31": "", "2015-12-31": "", "2015-09-30": "", "2015-06-30": "", "2015-03-31": "", "2014-12-31": "", "2014-09-30": "", "2014-06-30": "", "2014-03-31": "", "2013-12-31": "", "2013-09-30": "", "2013-06-30": "", "2013-03-31": "", "2012-12-31": "", "2012-09-30": "", "2012-06-30": "", "2012-03-31": "", "2011-12-31": "", "2011-09-30": "", "2011-06-30": "", "2011-03-31": "", "2010-12-31": "", "2010-09-30": "", "2010-06-30": "", "2010-03-31": "", "2009-12-31": "", "2009-09-30": "", "2009-06-30": "", "2009-03-31": "", "2008-12-31": "", "2008-09-30": "", "2008-06-30": "", "2008-03-31": "", "2007-12-31": "", "2007-09-30": "", "2007-06-30": "", "2007-03-31": "", "2006-12-31": "", "2006-09-30": "", "2006-06-30": "", "2006-03-31": "", "2005-12-31": "", "2005-09-30": "", "2005-06-30": "", "2005-03-31": ""}, "SG&A Expenses": {"2020-09-30": "1412.00000", "2020-06-30": "1377.00000", "2020-03-31": "1404.00000", "2019-12-31": "1463.00000", "2019-09-30": "1137.00000", "2019-06-30": "343.00000", "2019-03-31": "341.00000", "2018-12-31": "298.00000", "2018-09-30": "305.00000", "2018-06-30": "320.00000", "2018-03-31": "305.00000", "2017-12-31": "589.00000", "2017-09-30": "284.00000", "2017-06-30": "", "2017-03-31": "277.00000", "2016-12-31": "295.00000", "2016-09-30": "274.00000", "2016-06-30": "274.00000", "2016-03-31": "258.00000", "2015-12-31": "343.00000", "2015-09-30": "258.00000", "2015-06-30": "262.00000", "2015-03-31": "238.00000", "2014-12-31": "247.00000", "2014-09-30": "243.00000", "2014-06-30": "243.00000", "2014-03-31": "242.00000", "2013-12-31": "266.00000", "2013-09-30": "237.00000", "2013-06-30": "245.00000", "2013-03-31": "229.00000", "2012-12-31": "209.00000", "2012-09-30": "206.00000", "2012-06-30": "204.00000", "2012-03-31": "205.00000", "2011-12-31": "213.00000", "2011-09-30": "189.00000", "2011-06-30": "190.00000", "2011-03-31": "203.00000", "2010-12-31": "198.00000", "2010-09-30": "185.00000", "2010-06-30": "185.00000", "2010-03-31": "172.00000", "2009-12-31": "195.00000", "2009-09-30": "182.00000", "2009-06-30": "176.00000", "2009-03-31": "198.00000", "2008-12-31": "187.00000", "2008-09-30": "199.00000", "2008-06-30": "216.00000", "2008-03-31": "211.00000", "2007-12-31": "132.00000", "2007-09-30": "120.00000", "2007-06-30": "133.00000", "2007-03-31": "128.00000", "2006-12-31": "154.38400", "2006-09-30": "139.90500", "2006-06-30": "137.56900", "2006-03-31": "145.65300", "2005-12-31": "145.70100", "2005-09-30": "129.65900", "2005-06-30": "126.31000", "2005-03-31": "123.19900"}, "Other Operating Income Or Expenses": {"2020-09-30": "36.00000", "2020-06-30": "-3.00000", "2020-03-31": "431.00000", "2019-12-31": "5.00000", "2019-09-30": "", "2019-06-30": "", "2019-03-31": "10.00000", "2018-12-31": "", "2018-09-30": "-2.00000", "2018-06-30": "-3.00000", "2018-03-31": "232.00000", "2017-12-31": "", "2017-09-30": "", "2017-06-30": "10.00000", "2017-03-31": "", "2016-12-31": "", "2016-09-30": "", "2016-06-30": "", "2016-03-31": "", "2015-12-31": "", "2015-09-30": "", "2015-06-30": "", "2015-03-31": "", "2014-12-31": "", "2014-09-30": "", "2014-06-30": "", "2014-03-31": "", "2013-12-31": "", "2013-09-30": "", "2013-06-30": "", "2013-03-31": "", "2012-12-31": "", "2012-09-30": "", "2012-06-30": "", "2012-03-31": "", "2011-12-31": "", "2011-09-30": "", "2011-06-30": "", "2011-03-31": "", "2010-12-31": "", "2010-09-30": "", "2010-06-30": "", "2010-03-31": "", "2009-12-31": "", "2009-09-30": "", "2009-06-30": "", "2009-03-31": "", "2008-12-31": "", "2008-09-30": "", "2008-06-30": "", "2008-03-31": "", "2007-12-31": "", "2007-09-30": "", "2007-06-30": "", "2007-03-31": "", "2006-12-31": "", "2006-09-30": "", "2006-06-30": "", "2006-03-31": "", "2005-12-31": "-162.31800", "2005-09-30": "", "2005-06-30": "", "2005-03-31": ""}, "Operating Expenses": {"2020-09-30": "3244.00000", "2020-06-30": "3300.00000", "2020-03-31": "3140.00000", "2019-12-31": "3567.00000", "2019-09-30": "2754.00000", "2019-06-30": "1128.00000", "2019-03-31": "1129.00000", "2018-12-31": "1120.00000", "2018-09-30": "1056.00000", "2018-06-30": "1062.00000", "2018-03-31": "832.00000", "2017-12-31": "1091.00000", "2017-09-30": "1030.00000", "2017-06-30": "1014.00000", "2017-03-31": "1029.00000", "2016-12-31": "1056.00000", "2016-09-30": "1011.00000", "2016-06-30": "1001.00000", "2016-03-31": "992.00000", "2015-12-31": "1156.00000", "2015-09-30": "971.00000", "2015-06-30": "972.00000", "2015-03-31": "961.00000", "2014-12-31": "999.00000", "2014-09-30": "948.00000", "2014-06-30": "946.00000", "2014-03-31": "963.00000", "2013-12-31": "966.00000", "2013-09-30": "921.00000", "2013-06-30": "925.00000", "2013-03-31": "941.00000", "2012-12-31": "858.00000", "2012-09-30": "842.00000", "2012-06-30": "830.00000", "2012-03-31": "858.00000", "2011-12-31": "838.00000", "2011-09-30": "820.00000", "2011-06-30": "814.00000", "2011-03-31": "827.00000", "2010-12-31": "811.00000", "2010-09-30": "774.00000", "2010-06-30": "771.00000", "2010-03-31": "770.00000", "2009-12-31": "806.00000", "2009-09-30": "761.00000", "2009-06-30": "766.00000", "2009-03-31": "798.00000", "2008-12-31": "717.00000", "2008-09-30": "821.00000", "2008-06-30": "1065.00000", "2008-03-31": "1076.00000", "2007-12-31": "685.00000", "2007-09-30": "732.00000", "2007-06-30": "757.00000", "2007-03-31": "767.00000", "2006-12-31": "1016.34200", "2006-09-30": "942.13790", "2006-06-30": "880.92600", "2006-03-31": "903.71500", "2005-12-31": "879.67700", "2005-09-30": "840.12600", "2005-06-30": "809.18100", "2005-03-31": "785.09800"}, "Operating Income": {"2020-09-30": "542.00000", "2020-06-30": "165.00000", "2020-03-31": "629.00000", "2019-12-31": "478.00000", "2019-09-30": "374.00000", "2019-06-30": "384.00000", "2019-03-31": "373.00000", "2018-12-31": "431.00000", "2018-09-30": "356.00000", "2018-06-30": "358.00000", "2018-03-31": "608.00000", "2017-12-31": "425.00000", "2017-09-30": "370.00000", "2017-06-30": "372.00000", "2017-03-31": "365.00000", "2016-12-31": "375.00000", "2016-09-30": "369.00000", "2016-06-30": "362.00000", "2016-03-31": "339.00000", "2015-12-31": "463.00000", "2015-09-30": "342.00000", "2015-06-30": "326.00000", "2015-03-31": "314.00000", "2014-12-31": "317.00000", "2014-09-30": "315.00000", "2014-06-30": "307.00000", "2014-03-31": "271.00000", "2013-12-31": "297.00000", "2013-09-30": "280.00000", "2013-06-30": "273.00000", "2013-03-31": "211.00000", "2012-12-31": "287.00000", "2012-09-30": "265.00000", "2012-06-30": "257.00000", "2012-03-31": "239.00000", "2011-12-31": "275.00000", "2011-09-30": "243.00000", "2011-06-30": "251.00000", "2011-03-31": "221.00000", "2010-12-31": "267.00000", "2010-09-30": "251.00000", "2010-06-30": "251.00000", "2010-03-31": "238.00000", "2009-12-31": "256.00000", "2009-09-30": "231.00000", "2009-06-30": "234.00000", "2009-03-31": "225.00000", "2008-12-31": "234.00000", "2008-09-30": "217.00000", "2008-06-30": "227.00000", "2008-03-31": "230.00000", "2007-12-31": "185.00000", "2007-09-30": "192.00000", "2007-06-30": "182.00000", "2007-03-31": "177.00000", "2006-12-31": "181.39890", "2006-09-30": "180.37900", "2006-06-30": "176.56800", "2006-03-31": "192.95290", "2005-12-31": "198.61600", "2005-09-30": "171.51900", "2005-06-30": "187.24500", "2005-03-31": "188.01610"}, "Total Non-Operating Income/Expense": {"2020-09-30": "-161.00000", "2020-06-30": "-173.00000", "2020-03-31": "-167.00000", "2019-12-31": "-200.00000", "2019-09-30": "-118.00000", "2019-06-30": "-93.00000", "2019-03-31": "-115.00000", "2018-12-31": "-59.00000", "2018-09-30": "-52.00000", "2018-06-30": "-42.00000", "2018-03-31": "-45.00000", "2017-12-31": "-45.00000", "2017-09-30": "-45.00000", "2017-06-30": "-42.00000", "2017-03-31": "-42.00000", "2016-12-31": "-42.00000", "2016-09-30": "-41.00000", "2016-06-30": "-40.00000", "2016-03-31": "-47.00000", "2015-12-31": "45.00000", "2015-09-30": "-41.00000", "2015-06-30": "-134.00000", "2015-03-31": "-40.00000", "2014-12-31": "-41.00000", "2014-09-30": "-41.00000", "2014-06-30": "-40.00000", "2014-03-31": "-41.00000", "2013-12-31": "-40.00000", "2013-09-30": "-41.00000", "2013-06-30": "-41.00000", "2013-03-31": "-41.00000", "2012-12-31": "-38.00000", "2012-09-30": "-48.00000", "2012-06-30": "-38.00000", "2012-03-31": "-43.00000", "2011-12-31": "-44.00000", "2011-09-30": "-69.00000", "2011-06-30": "-109.00000", "2011-03-31": "-45.00000", "2010-12-31": "-74.00000", "2010-09-30": "-49.00000", "2010-06-30": "-46.00000", "2010-03-31": "-45.00000", "2009-12-31": "-51.00000", "2009-09-30": "-52.00000", "2009-06-30": "-55.00000", "2009-03-31": "-54.00000", "2008-12-31": "-100.00000", "2008-09-30": "-38.00000", "2008-06-30": "-61.00000", "2008-03-31": "-69.00000", "2007-12-31": "-37.00000", "2007-09-30": "-12.00000", "2007-06-30": "-11.00000", "2007-03-31": "-9.00000", "2006-12-31": "-9.12900", "2006-09-30": "-11.58200", "2006-06-30": "-10.35100", "2006-03-31": "-6.10600", "2005-12-31": "37.47400", "2005-09-30": "-3.42900", "2005-06-30": "-1.28000", "2005-03-31": "39.79000"}, "Pre-Tax Income": {"2020-09-30": "381.00000", "2020-06-30": "-8.00000", "2020-03-31": "462.00000", "2019-12-31": "278.00000", "2019-09-30": "256.00000", "2019-06-30": "291.00000", "2019-03-31": "258.00000", "2018-12-31": "372.00000", "2018-09-30": "304.00000", "2018-06-30": "316.00000", "2018-03-31": "563.00000", "2017-12-31": "380.00000", "2017-09-30": "325.00000", "2017-06-30": "330.00000", "2017-03-31": "323.00000", "2016-12-31": "333.00000", "2016-09-30": "328.00000", "2016-06-30": "322.00000", "2016-03-31": "292.00000", "2015-12-31": "508.00000", "2015-09-30": "301.00000", "2015-06-30": "192.00000", "2015-03-31": "274.00000", "2014-12-31": "276.00000", "2014-09-30": "274.00000", "2014-06-30": "267.00000", "2014-03-31": "230.00000", "2013-12-31": "257.00000", "2013-09-30": "239.00000", "2013-06-30": "232.00000", "2013-03-31": "170.00000", "2012-12-31": "249.00000", "2012-09-30": "217.00000", "2012-06-30": "219.00000", "2012-03-31": "196.00000", "2011-12-31": "231.00000", "2011-09-30": "174.00000", "2011-06-30": "142.00000", "2011-03-31": "176.00000", "2010-12-31": "193.00000", "2010-09-30": "202.00000", "2010-06-30": "205.00000", "2010-03-31": "193.00000", "2009-12-31": "205.00000", "2009-09-30": "179.00000", "2009-06-30": "179.00000", "2009-03-31": "171.00000", "2008-12-31": "134.00000", "2008-09-30": "179.00000", "2008-06-30": "166.00000", "2008-03-31": "161.00000", "2007-12-31": "148.00000", "2007-09-30": "180.00000", "2007-06-30": "171.00000", "2007-03-31": "168.00000", "2006-12-31": "172.27000", "2006-09-30": "168.79700", "2006-06-30": "166.21700", "2006-03-31": "186.84700", "2005-12-31": "236.09000", "2005-09-30": "168.09000", "2005-06-30": "185.96500", "2005-03-31": "227.80600"}, "Income Taxes": {"2020-09-30": "124.00000", "2020-06-30": "-27.00000", "2020-03-31": "79.00000", "2019-12-31": "54.00000", "2019-09-30": "53.00000", "2019-06-30": "60.00000", "2019-03-31": "31.00000", "2018-12-31": "88.00000", "2018-09-30": "78.00000", "2018-06-30": "72.00000", "2018-03-31": "140.00000", "2017-12-31": "-151.00000", "2017-09-30": "98.00000", "2017-06-30": "109.00000", "2017-03-31": "102.00000", "2016-12-31": "119.00000", "2016-09-30": "114.00000", "2016-06-30": "110.00000", "2016-03-31": "149.00000", "2015-12-31": "213.00000", "2015-09-30": "117.00000", "2015-06-30": "66.00000", "2015-03-31": "96.00000", "2014-12-31": "97.00000", "2014-09-30": "120.00000", "2014-06-30": "101.00000", "2014-03-31": "66.00000", "2013-12-31": "110.00000", "2013-09-30": "79.00000", "2013-06-30": "81.00000", "2013-03-31": "58.00000", "2012-12-31": "93.00000", "2012-09-30": "80.00000", "2012-06-30": "60.00000", "2012-03-31": "67.00000", "2011-12-31": "86.00000", "2011-09-30": "55.00000", "2011-06-30": "49.00000", "2011-03-31": "64.00000", "2010-12-31": "77.00000", "2010-09-30": "73.00000", "2010-06-30": "78.00000", "2010-03-31": "73.00000", "2009-12-31": "79.00000", "2009-09-30": "60.00000", "2009-06-30": "68.00000", "2009-03-31": "66.00000", "2008-12-31": "55.00000", "2008-09-30": "107.00000", "2008-06-30": "64.00000", "2008-03-31": "62.00000", "2007-12-31": "56.00000", "2007-09-30": "68.00000", "2007-06-30": "66.00000", "2007-03-31": "65.00000", "2006-12-31": "66.32400", "2006-09-30": "63.64100", "2006-06-30": "61.63900", "2006-03-31": "70.63600", "2005-12-31": "87.71400", "2005-09-30": "58.75100", "2005-06-30": "71.96800", "2005-03-31": "88.16100"}, "Income After Taxes": {"2020-09-30": "257.00000", "2020-06-30": "19.00000", "2020-03-31": "383.00000", "2019-12-31": "224.00000", "2019-09-30": "203.00000", "2019-06-30": "231.00000", "2019-03-31": "227.00000", "2018-12-31": "284.00000", "2018-09-30": "226.00000", "2018-06-30": "244.00000", "2018-03-31": "423.00000", "2017-12-31": "531.00000", "2017-09-30": "227.00000", "2017-06-30": "221.00000", "2017-03-31": "221.00000", "2016-12-31": "214.00000", "2016-09-30": "214.00000", "2016-06-30": "212.00000", "2016-03-31": "143.00000", "2015-12-31": "295.00000", "2015-09-30": "184.00000", "2015-06-30": "126.00000", "2015-03-31": "178.00000", "2014-12-31": "179.00000", "2014-09-30": "154.00000", "2014-06-30": "166.00000", "2014-03-31": "164.00000", "2013-12-31": "147.00000", "2013-09-30": "160.00000", "2013-06-30": "151.00000", "2013-03-31": "112.00000", "2012-12-31": "156.00000", "2012-09-30": "137.00000", "2012-06-30": "159.00000", "2012-03-31": "129.00000", "2011-12-31": "145.00000", "2011-09-30": "119.00000", "2011-06-30": "93.00000", "2011-03-31": "112.00000", "2010-12-31": "116.00000", "2010-09-30": "129.00000", "2010-06-30": "127.00000", "2010-03-31": "120.00000", "2009-12-31": "126.00000", "2009-09-30": "119.00000", "2009-06-30": "111.00000", "2009-03-31": "105.00000", "2008-12-31": "79.00000", "2008-09-30": "72.00000", "2008-06-30": "102.00000", "2008-03-31": "99.00000", "2007-12-31": "92.00000", "2007-09-30": "112.00000", "2007-06-30": "105.00000", "2007-03-31": "103.00000", "2006-12-31": "105.94600", "2006-09-30": "105.15600", "2006-06-30": "104.57800", "2006-03-31": "116.21100", "2005-12-31": "148.37600", "2005-09-30": "109.33900", "2005-06-30": "113.99700", "2005-03-31": "139.64500"}, "Other Income": {"2020-09-30": "", "2020-06-30": "", "2020-03-31": "", "2019-12-31": "", "2019-09-30": "", "2019-06-30": "", "2019-03-31": "", "2018-12-31": "", "2018-09-30": "", "2018-06-30": "", "2018-03-31": "", "2017-12-31": "", "2017-09-30": "", "2017-06-30": "", "2017-03-31": "", "2016-12-31": "", "2016-09-30": "", "2016-06-30": "", "2016-03-31": "", "2015-12-31": "", "2015-09-30": "", "2015-06-30": "", "2015-03-31": "", "2014-12-31": "", "2014-09-30": "", "2014-06-30": "", "2014-03-31": "", "2013-12-31": "", "2013-09-30": "", "2013-06-30": "", "2013-03-31": "", "2012-12-31": "", "2012-09-30": "", "2012-06-30": "", "2012-03-31": "", "2011-12-31": "", "2011-09-30": "", "2011-06-30": "", "2011-03-31": "", "2010-12-31": "", "2010-09-30": "", "2010-06-30": "", "2010-03-31": "", "2009-12-31": "", "2009-09-30": "", "2009-06-30": "", "2009-03-31": "", "2008-12-31": "", "2008-09-30": "", "2008-06-30": "", "2008-03-31": "", "2007-12-31": "", "2007-09-30": "", "2007-06-30": "", "2007-03-31": "", "2006-12-31": "", "2006-09-30": "", "2006-06-30": "", "2006-03-31": "", "2005-12-31": "", "2005-09-30": "", "2005-06-30": "", "2005-03-31": ""}, "Income From Continuous Operations": {"2020-09-30": "276.00000", "2020-06-30": "9.00000", "2020-03-31": "377.00000", "2019-12-31": "241.00000", "2019-09-30": "225.00000", "2019-06-30": "223.00000", "2019-03-31": "225.00000", "2018-12-31": "286.00000", "2018-09-30": "227.00000", "2018-06-30": "251.00000", "2018-03-31": "423.00000", "2017-12-31": "532.00000", "2017-09-30": "232.00000", "2017-06-30": "221.00000", "2017-03-31": "247.00000", "2016-12-31": "215.00000", "2016-09-30": "214.00000", "2016-06-30": "212.00000", "2016-03-31": "289.00000", "2015-12-31": "407.00000", "2015-09-30": "218.00000", "2015-06-30": "127.00000", "2015-03-31": "178.00000", "2014-12-31": "181.00000", "2014-09-30": "239.00000", "2014-06-30": "166.00000", "2014-03-31": "168.00000", "2013-12-31": "220.00000", "2013-09-30": "161.00000", "2013-06-30": "152.00000", "2013-03-31": "117.00000", "2012-12-31": "158.00000", "2012-09-30": "140.00000", "2012-06-30": "162.00000", "2012-03-31": "132.00000", "2011-12-31": "149.00000", "2011-09-30": "127.00000", "2011-06-30": "97.00000", "2011-03-31": "114.00000", "2010-12-31": "119.00000", "2010-09-30": "134.00000", "2010-06-30": "130.00000", "2010-03-31": "123.00000", "2009-12-31": "128.00000", "2009-09-30": "124.00000", "2009-06-30": "115.00000", "2009-03-31": "106.00000", "2008-12-31": "82.00000", "2008-09-30": "75.00000", "2008-06-30": "102.00000", "2008-03-31": "99.00000", "2007-12-31": "92.00000", "2007-09-30": "112.00000", "2007-06-30": "105.00000", "2007-03-31": "103.00000", "2006-12-31": "105.94600", "2006-09-30": "105.15600", "2006-06-30": "104.57800", "2006-03-31": "116.21100", "2005-12-31": "148.37600", "2005-09-30": "109.33900", "2005-06-30": "113.99700", "2005-03-31": "139.64500"}, "Income From Discontinued Operations": {"2020-09-30": "", "2020-06-30": "", "2020-03-31": "", "2019-12-31": "", "2019-09-30": "", "2019-06-30": "", "2019-03-31": "", "2018-12-31": "", "2018-09-30": "", "2018-06-30": "", "2018-03-31": "", "2017-12-31": "", "2017-09-30": "", "2017-06-30": "", "2017-03-31": "", "2016-12-31": "", "2016-09-30": "", "2016-06-30": "", "2016-03-31": "", "2015-12-31": "", "2015-09-30": "", "2015-06-30": "", "2015-03-31": "", "2014-12-31": "", "2014-09-30": "", "2014-06-30": "", "2014-03-31": "", "2013-12-31": "1.00000", "2013-09-30": "-2.00000", "2013-06-30": "-1.00000", "2013-03-31": "", "2012-12-31": "21.00000", "2012-09-30": "-1.00000", "2012-06-30": "-1.00000", "2012-03-31": "", "2011-12-31": "-6.00000", "2011-09-30": "", "2011-06-30": "-7.00000", "2011-03-31": "-2.00000", "2010-12-31": "-3.00000", "2010-09-30": "-2.00000", "2010-06-30": "-3.00000", "2010-03-31": "-2.00000", "2009-12-31": "-10.00000", "2009-09-30": "-9.00000", "2009-06-30": "25.00000", "2009-03-31": "-3.00000", "2008-12-31": "-20.00000", "2008-09-30": "3.00000", "2008-06-30": "-2.00000", "2008-03-31": "230.00000", "2007-12-31": "4.00000", "2007-09-30": "9.00000", "2007-06-30": "3.00000", "2007-03-31": "11.00000", "2006-12-31": "41.97700", "2006-09-30": "4.93200", "2006-06-30": "13.09100", "2006-03-31": "", "2005-12-31": "2.10000", "2005-09-30": "3.60000", "2005-06-30": "", "2005-03-31": "-0.61900"}, "Net Income": {"2020-09-30": "264.00000", "2020-06-30": "2.00000", "2020-03-31": "392.00000", "2019-12-31": "247.00000", "2019-09-30": "198.00000", "2019-06-30": "223.00000", "2019-03-31": "225.00000", "2018-12-31": "286.00000", "2018-09-30": "227.00000", "2018-06-30": "251.00000", "2018-03-31": "423.00000", "2017-12-31": "546.00000", "2017-09-30": "232.00000", "2017-06-30": "221.00000", "2017-03-31": "247.00000", "2016-12-31": "215.00000", "2016-09-30": "214.00000", "2016-06-30": "212.00000", "2016-03-31": "289.00000", "2015-12-31": "407.00000", "2015-09-30": "218.00000", "2015-06-30": "127.00000", "2015-03-31": "178.00000", "2014-12-31": "181.00000", "2014-09-30": "239.00000", "2014-06-30": "166.00000", "2014-03-31": "168.00000", "2013-12-31": "221.00000", "2013-09-30": "159.00000", "2013-06-30": "151.00000", "2013-03-31": "117.00000", "2012-12-31": "179.00000", "2012-09-30": "139.00000", "2012-06-30": "161.00000", "2012-03-31": "132.00000", "2011-12-31": "143.00000", "2011-09-30": "127.00000", "2011-06-30": "90.00000", "2011-03-31": "112.00000", "2010-12-31": "116.00000", "2010-09-30": "132.00000", "2010-06-30": "127.00000", "2010-03-31": "121.00000", "2009-12-31": "118.00000", "2009-09-30": "115.00000", "2009-06-30": "140.00000", "2009-03-31": "103.00000", "2008-12-31": "62.00000", "2008-09-30": "78.00000", "2008-06-30": "100.00000", "2008-03-31": "329.00000", "2007-12-31": "96.00000", "2007-09-30": "121.00000", "2007-06-30": "108.00000", "2007-03-31": "114.00000", "2006-12-31": "105.94600", "2006-09-30": "110.08800", "2006-06-30": "117.66900", "2006-03-31": "116.21100", "2005-12-31": "150.47600", "2005-09-30": "112.93900", "2005-06-30": "113.99700", "2005-03-31": "139.02600"}, "EBITDA": {"2020-09-30": "1341.00000", "2020-06-30": "994.00000", "2020-03-31": "1473.00000", "2019-12-31": "1278.00000", "2019-09-30": "956.00000", "2019-06-30": "575.00000", "2019-03-31": "578.00000", "2018-12-31": "581.00000", "2018-09-30": "492.00000", "2018-06-30": "494.00000", "2018-03-31": "742.00000", "2017-12-31": "539.00000", "2017-09-30": "481.00000", "2017-06-30": "483.00000", "2017-03-31": "473.00000", "2016-12-31": "490.00000", "2016-09-30": "473.00000", "2016-06-30": "464.00000", "2016-03-31": "439.00000", "2015-12-31": "568.00000", "2015-09-30": "448.00000", "2015-06-30": "430.00000", "2015-03-31": "416.00000", "2014-12-31": "421.00000", "2014-09-30": "416.00000", "2014-06-30": "406.00000", "2014-03-31": "371.00000", "2013-12-31": "399.00000", "2013-09-30": "381.00000", "2013-06-30": "376.00000", "2013-03-31": "308.00000", "2012-12-31": "375.00000", "2012-09-30": "354.00000", "2012-06-30": "343.00000", "2012-03-31": "326.00000", "2011-12-31": "361.00000", "2011-09-30": "329.00000", "2011-06-30": "339.00000", "2011-03-31": "306.00000", "2010-12-31": "354.00000", "2010-09-30": "336.00000", "2010-06-30": "334.00000", "2010-03-31": "322.00000", "2009-12-31": "341.00000", "2009-09-30": "315.00000", "2009-06-30": "317.00000", "2009-03-31": "306.00000", "2008-12-31": "318.00000", "2008-09-30": "297.00000", "2008-06-30": "324.00000", "2008-03-31": "319.00000", "2007-12-31": "233.00000", "2007-09-30": "233.00000", "2007-06-30": "226.00000", "2007-03-31": "220.00000", "2006-12-31": "213.47990", "2006-09-30": "227.79300", "2006-06-30": "216.70700", "2006-03-31": "240.31890", "2005-12-31": "217.16400", "2005-09-30": "215.80200", "2005-06-30": "232.39100", "2005-03-31": "231.03900"}, "EBIT": {"2020-09-30": "542.00000", "2020-06-30": "165.00000", "2020-03-31": "629.00000", "2019-12-31": "478.00000", "2019-09-30": "374.00000", "2019-06-30": "384.00000", "2019-03-31": "373.00000", "2018-12-31": "431.00000", "2018-09-30": "356.00000", "2018-06-30": "358.00000", "2018-03-31": "608.00000", "2017-12-31": "425.00000", "2017-09-30": "370.00000", "2017-06-30": "372.00000", "2017-03-31": "365.00000", "2016-12-31": "375.00000", "2016-09-30": "369.00000", "2016-06-30": "362.00000", "2016-03-31": "339.00000", "2015-12-31": "463.00000", "2015-09-30": "342.00000", "2015-06-30": "326.00000", "2015-03-31": "314.00000", "2014-12-31": "317.00000", "2014-09-30": "315.00000", "2014-06-30": "307.00000", "2014-03-31": "271.00000", "2013-12-31": "297.00000", "2013-09-30": "280.00000", "2013-06-30": "273.00000", "2013-03-31": "211.00000", "2012-12-31": "287.00000", "2012-09-30": "265.00000", "2012-06-30": "257.00000", "2012-03-31": "239.00000", "2011-12-31": "275.00000", "2011-09-30": "243.00000", "2011-06-30": "251.00000", "2011-03-31": "221.00000", "2010-12-31": "267.00000", "2010-09-30": "251.00000", "2010-06-30": "251.00000", "2010-03-31": "238.00000", "2009-12-31": "256.00000", "2009-09-30": "231.00000", "2009-06-30": "234.00000", "2009-03-31": "225.00000", "2008-12-31": "234.00000", "2008-09-30": "217.00000", "2008-06-30": "227.00000", "2008-03-31": "230.00000", "2007-12-31": "185.00000", "2007-09-30": "192.00000", "2007-06-30": "182.00000", "2007-03-31": "177.00000", "2006-12-31": "181.39890", "2006-09-30": "180.37900", "2006-06-30": "176.56800", "2006-03-31": "192.95290", "2005-12-31": "198.61600", "2005-09-30": "171.51900", "2005-06-30": "187.24500", "2005-03-31": "188.01610"}, "Basic Shares Outstanding": {"2020-09-30": "669.80000", "2020-06-30": "670.00000", "2020-03-31": "678.10000", "2019-12-31": "512.30000", "2019-09-30": "584.80000", "2019-06-30": "392.50000", "2019-03-31": "391.70000", "2018-12-31": "405.50000", "2018-09-30": "403.80000", "2018-06-30": "408.40000", "2018-03-31": "413.10000", "2017-12-31": "422.30000", "2017-09-30": "420.20000", "2017-06-30": "423.60000", "2017-03-31": "429.10000", "2016-12-31": "440.60000", "2016-09-30": "438.40000", "2016-06-30": "444.00000", "2016-03-31": "447.00000", "2015-12-31": "440.60000", "2015-09-30": "465.80000", "2015-06-30": "473.00000", "2015-03-31": "477.60000", "2014-12-31": "497.20000", "2014-09-30": "495.20000", "2014-06-30": "498.60000", "2014-03-31": "508.80000", "2013-12-31": "524.80000", "2013-09-30": "519.80000", "2013-06-30": "530.20000", "2013-03-31": "533.60000", "2012-12-31": "543.20000", "2012-09-30": "539.60000", "2012-06-30": "544.40000", "2012-03-31": "554.80000", "2011-12-31": "570.20000", "2011-09-30": "564.40000", "2011-06-30": "570.00000", "2011-03-31": "583.60000", "2010-12-31": "601.60000", "2010-09-30": "598.80000", "2010-06-30": "605.60000", "2010-03-31": "610.00000", "2009-12-31": "618.00000", "2009-09-30": "615.60000", "2009-06-30": "620.00000", "2009-03-31": "622.00000", "2008-12-31": "648.00000", "2008-09-30": "650.00000", "2008-06-30": "653.60000", "2008-03-31": "656.00000", "2007-12-31": "666.40000", "2007-09-30": "658.80000", "2007-06-30": "669.60000", "2007-03-31": "680.00000", "2006-12-31": "699.62400", "2006-09-30": "693.70400", "2006-06-30": "700.45200", "2006-03-31": "717.40400", "2005-12-31": "755.20000", "2005-09-30": "749.62400", "2005-06-30": "763.51600", "2005-03-31": "773.53200"}, "Shares Outstanding": {"2020-09-30": "680.30000", "2020-06-30": "680.80000", "2020-03-31": "691.20000", "2019-12-31": "522.60000", "2019-09-30": "596.90000", "2019-06-30": "399.60000", "2019-03-31": "399.10000", "2018-12-31": "413.70000", "2018-09-30": "412.00000", "2018-06-30": "416.40000", "2018-03-31": "421.60000", "2017-12-31": "431.30000", "2017-09-30": "429.10000", "2017-06-30": "432.50000", "2017-03-31": "438.50000", "2016-12-31": "447.80000", "2016-09-30": "445.40000", "2016-06-30": "451.20000", "2016-03-31": "454.00000", "2015-12-31": "447.80000", "2015-09-30": "474.00000", "2015-06-30": "480.80000", "2015-03-31": "486.00000", "2014-12-31": "505.40000", "2014-09-30": "503.60000", "2014-06-30": "506.80000", "2014-03-31": "517.20000", "2013-12-31": "532.20000", "2013-09-30": "527.40000", "2013-06-30": "537.20000", "2013-03-31": "540.60000", "2012-12-31": "550.00000", "2012-09-30": "546.40000", "2012-06-30": "551.20000", "2012-03-31": "562.00000", "2011-12-31": "576.80000", "2011-09-30": "570.40000", "2011-06-30": "576.80000", "2011-03-31": "590.80000", "2010-12-31": "606.80000", "2010-09-30": "603.60000", "2010-06-30": "610.40000", "2010-03-31": "614.80000", "2009-12-31": "621.60000", "2009-09-30": "620.80000", "2009-06-30": "623.20000", "2009-03-31": "624.00000", "2008-12-31": "652.40000", "2008-09-30": "655.20000", "2008-06-30": "659.20000", "2008-03-31": "661.60000", "2007-12-31": "675.20000", "2007-09-30": "666.40000", "2007-06-30": "679.60000", "2007-03-31": "690.40000", "2006-12-31": "699.62400", "2006-09-30": "703.50000", "2006-06-30": "710.20400", "2006-03-31": "727.13200", "2005-12-31": "764.00000", "2005-09-30": "758.70400", "2005-06-30": "772.90800", "2005-03-31": "781.98000"}, "Basic EPS": {"2020-09-30": "0.39000", "2020-06-30": "0.00300", "2020-03-31": "0.58000", "2019-12-31": "0.25000", "2019-09-30": "0.34000", "2019-06-30": "0.57000", "2019-03-31": "0.58000", "2018-12-31": "0.74000", "2018-09-30": "0.56000", "2018-06-30": "0.61000", "2018-03-31": "1.02000", "2017-12-31": "1.30000", "2017-09-30": "0.55000", "2017-06-30": "0.52000", "2017-03-31": "0.58000", "2016-12-31": "0.49500", "2016-09-30": "0.49000", "2016-06-30": "0.47500", "2016-03-31": "0.65000", "2015-12-31": "0.99500", "2015-09-30": "0.47000", "2015-06-30": "0.27000", "2015-03-31": "0.37500", "2014-12-31": "0.37500", "2014-09-30": "0.48000", "2014-06-30": "0.33000", "2014-03-31": "0.33000", "2013-12-31": "0.42500", "2013-09-30": "0.30500", "2013-06-30": "0.28500", "2013-03-31": "0.22000", "2012-12-31": "0.33500", "2012-09-30": "0.25750", "2012-06-30": "0.29500", "2012-03-31": "0.23750", "2011-12-31": "0.25500", "2011-09-30": "0.22500", "2011-06-30": "0.15750", "2011-03-31": "0.19250", "2010-12-31": "0.19750", "2010-09-30": "0.22000", "2010-06-30": "0.21000", "2010-03-31": "0.19750", "2009-12-31": "0.19500", "2009-09-30": "0.18500", "2009-06-30": "0.22500", "2009-03-31": "0.16500", "2008-12-31": "0.10500", "2008-09-30": "0.12000", "2008-06-30": "0.15250", "2008-03-31": "0.50000", "2007-12-31": "0.14750", "2007-09-30": "0.18250", "2007-06-30": "0.16250", "2007-03-31": "0.16750", "2006-12-31": "0.15250", "2006-09-30": "0.15750", "2006-06-30": "0.16750", "2006-03-31": "0.16250", "2005-12-31": "0.20500", "2005-09-30": "0.15000", "2005-06-30": "0.15000", "2005-03-31": "0.18000"}, "EPS - Earnings Per Share": {"2020-09-30": "0.39000", "2020-06-30": "0.00290", "2020-03-31": "0.57000", "2019-12-31": "0.26000", "2019-09-30": "0.33000", "2019-06-30": "0.56000", "2019-03-31": "0.56000", "2018-12-31": "0.72000", "2018-09-30": "0.55000", "2018-06-30": "0.60000", "2018-03-31": "1.00000", "2017-12-31": "1.28000", "2017-09-30": "0.54000", "2017-06-30": "0.51000", "2017-03-31": "0.56000", "2016-12-31": "0.49500", "2016-09-30": "0.48000", "2016-06-30": "0.47000", "2016-03-31": "0.63500", "2015-12-31": "0.98500", "2015-09-30": "0.46000", "2015-06-30": "0.26500", "2015-03-31": "0.36500", "2014-12-31": "0.36500", "2014-09-30": "0.47500", "2014-06-30": "0.32500", "2014-03-31": "0.32500", "2013-12-31": "0.42500", "2013-09-30": "0.30000", "2013-06-30": "0.28000", "2013-03-31": "0.21500", "2012-12-31": "0.32750", "2012-09-30": "0.25500", "2012-06-30": "0.29250", "2012-03-31": "0.23500", "2011-12-31": "0.25250", "2011-09-30": "0.22250", "2011-06-30": "0.15500", "2011-03-31": "0.19000", "2010-12-31": "0.19500", "2010-09-30": "0.21750", "2010-06-30": "0.20750", "2010-03-31": "0.19750", "2009-12-31": "0.19000", "2009-09-30": "0.18500", "2009-06-30": "0.22500", "2009-03-31": "0.16500", "2008-12-31": "0.10500", "2008-09-30": "0.12000", "2008-06-30": "0.15000", "2008-03-31": "0.49750", "2007-12-31": "0.14250", "2007-09-30": "0.18250", "2007-06-30": "0.16000", "2007-03-31": "0.16500", "2006-12-31": "0.15250", "2006-09-30": "0.15750", "2006-06-30": "0.16500", "2006-03-31": "0.16000", "2005-12-31": "0.20000", "2005-09-30": "0.15000", "2005-06-30": "0.14750", "2005-03-31": "0.17750"}}, "balance sheet": {"Cash On Hand": {"2019-12-31": "893.00000", "2018-12-31": "415.00000", "2017-12-31": "325.00000", "2016-12-31": "300.00000", "2015-12-31": "275.00000", "2014-12-31": "294.00000", "2013-12-31": "400.00000", "2012-12-31": "358.00000", "2011-12-31": "337.00000", "2010-12-31": "563.00000", "2009-12-31": "363.00000", "2008-12-31": "230.00000", "2007-12-31": "297.00000", "2006-12-31": "117.00000", "2005-12-31": "184.47100"}, "Receivables": {"2019-12-31": "14650.00000", "2018-12-31": "1535.00000", "2017-12-31": "997.00000", "2016-12-31": "902.00000", "2015-12-31": "802.00000", "2014-12-31": "798.00000", "2013-12-31": "751.00000", "2012-12-31": "661.00000", "2011-12-31": "666.00000", "2010-12-31": "572.00000", "2009-12-31": "554.00000", "2008-12-31": "591.00000", "2007-12-31": "836.00000", "2006-12-31": "506.00000", "2005-12-31": "516.80200"}, "Inventory": {"2019-12-31": "", "2018-12-31": "", "2017-12-31": "", "2016-12-31": "", "2015-12-31": "", "2014-12-31": "", "2013-12-31": "", "2012-12-31": "", "2011-12-31": "", "2010-12-31": "", "2009-12-31": "", "2008-12-31": "", "2007-12-31": "", "2006-12-31": "", "2005-12-31": ""}, "Pre-Paid Expenses": {"2019-12-31": "1503.00000", "2018-12-31": "274.00000", "2017-12-31": "603.00000", "2016-12-31": "526.00000", "2015-12-31": "429.00000", "2014-12-31": "352.00000", "2013-12-31": "366.00000", "2012-12-31": "349.00000", "2011-12-31": "309.00000", "2010-12-31": "245.00000", "2009-12-31": "314.00000", "2008-12-31": "294.00000", "2007-12-31": "353.00000", "2006-12-31": "128.00000", "2005-12-31": "142.38200"}, "Other Current Assets": {"2019-12-31": "", "2018-12-31": "", "2017-12-31": "", "2016-12-31": "", "2015-12-31": "", "2014-12-31": "", "2013-12-31": "", "2012-12-31": "", "2011-12-31": "", "2010-12-31": "", "2009-12-31": "", "2008-12-31": "", "2007-12-31": "", "2006-12-31": "", "2005-12-31": ""}, "Total Current Assets": {"2019-12-31": "17046.00000", "2018-12-31": "2224.00000", "2017-12-31": "1975.00000", "2016-12-31": "1728.00000", "2015-12-31": "1506.00000", "2014-12-31": "1444.00000", "2013-12-31": "1572.00000", "2012-12-31": "1443.00000", "2011-12-31": "1356.00000", "2010-12-31": "1417.00000", "2009-12-31": "1277.00000", "2008-12-31": "2202.00000", "2007-12-31": "4240.00000", "2006-12-31": "3480.00000", "2005-12-31": "843.65500"}, "Property, Plant, And Equipment": {"2019-12-31": "1606.00000", "2018-12-31": "398.00000", "2017-12-31": "390.00000", "2016-12-31": "405.00000", "2015-12-31": "396.00000", "2014-12-31": "317.00000", "2013-12-31": "266.00000", "2012-12-31": "248.00000", "2011-12-31": "258.00000", "2010-12-31": "267.00000", "2009-12-31": "293.00000", "2008-12-31": "298.00000", "2007-12-31": "370.00000", "2006-12-31": "220.00000", "2005-12-31": "226.01300"}, "Long-Term Investments": {"2019-12-31": "2720.00000", "2018-12-31": "65.00000", "2017-12-31": "", "2016-12-31": "", "2015-12-31": "", "2014-12-31": "", "2013-12-31": "", "2012-12-31": "", "2011-12-31": "", "2010-12-31": "", "2009-12-31": "", "2008-12-31": "", "2007-12-31": "", "2006-12-31": "", "2005-12-31": "2126.53800"}, "Goodwill And Intangible Assets": {"2019-12-31": "53680.00000", "2018-12-31": "7845.00000", "2017-12-31": "7472.00000", "2016-12-31": "7206.00000", "2015-12-31": "7072.00000", "2014-12-31": "7212.00000", "2013-12-31": "7358.00000", "2012-12-31": "6449.00000", "2011-12-31": "6601.00000", "2010-12-31": "6256.00000", "2009-12-31": "6377.00000", "2008-12-31": "6478.00000", "2007-12-31": "7107.00000", "2006-12-31": "2511.00000", "2005-12-31": "2843.31000"}, "Other Long-Term Assets": {"2019-12-31": "1954.00000", "2018-12-31": "311.00000", "2017-12-31": "368.00000", "2016-12-31": "404.00000", "2015-12-31": "366.00000", "2014-12-31": "335.00000", "2013-12-31": "317.00000", "2012-12-31": "357.00000", "2011-12-31": "333.00000", "2010-12-31": "341.00000", "2009-12-31": "431.00000", "2008-12-31": "353.00000", "2007-12-31": "129.00000", "2006-12-31": "41.00000", "2005-12-31": ""}, "Total Long-Term Assets": {"2019-12-31": "60493.00000", "2018-12-31": "9038.00000", "2017-12-31": "8314.00000", "2016-12-31": "8015.00000", "2015-12-31": "7834.00000", "2014-12-31": "7864.00000", "2013-12-31": "7941.00000", "2012-12-31": "7054.00000", "2011-12-31": "7192.00000", "2010-12-31": "6864.00000", "2009-12-31": "7101.00000", "2008-12-31": "7129.00000", "2007-12-31": "7606.00000", "2006-12-31": "2772.00000", "2005-12-31": "5195.86100"}, "Total Assets": {"2019-12-31": "77539.00000", "2018-12-31": "11262.00000", "2017-12-31": "10289.00000", "2016-12-31": "9743.00000", "2015-12-31": "9340.00000", "2014-12-31": "9308.00000", "2013-12-31": "9513.00000", "2012-12-31": "8497.00000", "2011-12-31": "8548.00000", "2010-12-31": "8281.00000", "2009-12-31": "8378.00000", "2008-12-31": "9331.00000", "2007-12-31": "11846.00000", "2006-12-31": "6252.00000", "2005-12-31": "6039.51600"}, "Total Current Liabilities": {"2019-12-31": "15727.00000", "2018-12-31": "2010.00000", "2017-12-31": "1938.00000", "2016-12-31": "1820.00000", "2015-12-31": "1502.00000", "2014-12-31": "1486.00000", "2013-12-31": "1332.00000", "2012-12-31": "1105.00000", "2011-12-31": "1384.00000", "2010-12-31": "891.00000", "2009-12-31": "1161.00000", "2008-12-31": "2040.00000", "2007-12-31": "3751.00000", "2006-12-31": "2850.00000", "2005-12-31": "827.03100"}, "Long Term Debt": {"2019-12-31": "21612.00000", "2018-12-31": "5955.00000", "2017-12-31": "4897.00000", "2016-12-31": "4467.00000", "2015-12-31": "4288.00000", "2014-12-31": "3698.00000", "2013-12-31": "3756.00000", "2012-12-31": "3228.00000", "2011-12-31": "3216.00000", "2010-12-31": "3353.00000", "2009-12-31": "3382.00000", "2008-12-31": "3850.00000", "2007-12-31": "4895.00000", "2006-12-31": "745.00000", "2005-12-31": "595.38500"}, "Other Non-Current Liabilities": {"2019-12-31": "1096.00000", "2018-12-31": "259.00000", "2017-12-31": "171.00000", "2016-12-31": "153.00000", "2015-12-31": "164.00000", "2014-12-31": "129.00000", "2013-12-31": "127.00000", "2012-12-31": "109.00000", "2011-12-31": "73.00000", "2010-12-31": "181.00000", "2009-12-31": "229.00000", "2008-12-31": "310.00000", "2007-12-31": "159.00000", "2006-12-31": "62.00000", "2005-12-31": "1985.36800"}, "Total Long Term Liabilities": {"2019-12-31": "27217.00000", "2018-12-31": "6959.00000", "2017-12-31": "5620.00000", "2016-12-31": "5382.00000", "2015-12-31": "5178.00000", "2014-12-31": "4527.00000", "2013-12-31": "4596.00000", "2012-12-31": "3975.00000", "2011-12-31": "3906.00000", "2010-12-31": "4161.00000", "2009-12-31": "4191.00000", "2008-12-31": "4697.00000", "2007-12-31": "5628.00000", "2006-12-31": "976.00000", "2005-12-31": "2746.74500"}, "Total Liabilities": {"2019-12-31": "42944.00000", "2018-12-31": "8969.00000", "2017-12-31": "7558.00000", "2016-12-31": "7202.00000", "2015-12-31": "6680.00000", "2014-12-31": "6013.00000", "2013-12-31": "5928.00000", "2012-12-31": "5080.00000", "2011-12-31": "5290.00000", "2010-12-31": "5052.00000", "2009-12-31": "5352.00000", "2008-12-31": "6737.00000", "2007-12-31": "9379.00000", "2006-12-31": "3826.00000", "2005-12-31": "3573.77600"}, "Common Stock Net": {"2019-12-31": "8.00000", "2018-12-31": "8.00000", "2017-12-31": "8.00000", "2016-12-31": "4.00000", "2015-12-31": "4.00000", "2014-12-31": "4.00000", "2013-12-31": "4.00000", "2012-12-31": "4.00000", "2011-12-31": "2.00000", "2010-12-31": "2.00000", "2009-12-31": "2.00000", "2008-12-31": "2.00000", "2007-12-31": "2.00000", "2006-12-31": "2.00000", "2005-12-31": "1.97500"}, "Retained Earnings (Accumulated Deficit)": {"2019-12-31": "12528.00000", "2018-12-31": "11635.00000", "2017-12-31": "10240.00000", "2016-12-31": "8994.00000", "2015-12-31": "8064.00000", "2014-12-31": "7352.00000", "2013-12-31": "6598.00000", "2012-12-31": "5950.00000", "2011-12-31": "5339.00000", "2010-12-31": "4867.00000", "2009-12-31": "4371.00000", "2008-12-31": "3895.00000", "2007-12-31": "3326.00000", "2006-12-31": "2887.00000", "2005-12-31": "2436.97700"}, "Comprehensive Income": {"2019-12-31": "-180.00000", "2018-12-31": "-67.00000", "2017-12-31": "-54.00000", "2016-12-31": "-76.00000", "2015-12-31": "-74.00000", "2014-12-31": "-63.00000", "2013-12-31": "-60.00000", "2012-12-31": "-60.00000", "2011-12-31": "-78.00000", "2010-12-31": "-50.00000", "2009-12-31": "-69.00000", "2008-12-31": "-120.00000", "2007-12-31": "-41.00000", "2006-12-31": "", "2005-12-31": "1.32100"}, "Other Share Holders Equity": {"2019-12-31": "", "2018-12-31": "", "2017-12-31": "", "2016-12-31": "", "2015-12-31": "", "2014-12-31": "", "2013-12-31": "", "2012-12-31": "", "2011-12-31": "", "2010-12-31": "", "2009-12-31": "", "2008-12-31": "", "2007-12-31": "", "2006-12-31": "", "2005-12-31": ""}, "Share Holder Equity": {"2019-12-31": "34595.00000", "2018-12-31": "2293.00000", "2017-12-31": "2731.00000", "2016-12-31": "2541.00000", "2015-12-31": "2660.00000", "2014-12-31": "3295.00000", "2013-12-31": "3585.00000", "2012-12-31": "3417.00000", "2011-12-31": "3258.00000", "2010-12-31": "3229.00000", "2009-12-31": "3026.00000", "2008-12-31": "2594.00000", "2007-12-31": "2467.00000", "2006-12-31": "2426.00000", "2005-12-31": "2465.74000"}, "Total Liabilities And Share Holders Equity": {"2019-12-31": "77539.00000", "2018-12-31": "11262.00000", "2017-12-31": "10289.00000", "2016-12-31": "9743.00000", "2015-12-31": "9340.00000", "2014-12-31": "9308.00000", "2013-12-31": "9513.00000", "2012-12-31": "8497.00000", "2011-12-31": "8548.00000", "2010-12-31": "8281.00000", "2009-12-31": "8378.00000", "2008-12-31": "9331.00000", "2007-12-31": "11846.00000", "2006-12-31": "6252.00000", "2005-12-31": "6039.51600"}}, "balance sheet, quarterly": {"Cash On Hand": {"2020-09-30": "937.00000", "2020-06-30": "869.00000", "2020-03-31": "896.00000", "2019-12-31": "893.00000", "2019-09-30": "1028.00000", "2019-06-30": "8441.00000", "2019-03-31": "452.00000", "2018-12-31": "415.00000", "2018-09-30": "673.00000", "2018-06-30": "348.00000", "2018-03-31": "382.00000", "2017-12-31": "325.00000", "2017-09-30": "325.00000", "2017-06-30": "299.00000", "2017-03-31": "308.00000", "2016-12-31": "300.00000", "2016-09-30": "303.00000", "2016-06-30": "263.00000", "2016-03-31": "283.00000", "2015-12-31": "275.00000", "2015-09-30": "309.00000", "2015-06-30": "530.00000", "2015-03-31": "296.00000", "2014-12-31": "294.00000", "2014-09-30": "409.00000", "2014-06-30": "329.00000", "2014-03-31": "307.00000", "2013-12-31": "400.00000", "2013-09-30": "321.00000", "2013-06-30": "320.00000", "2013-03-31": "356.00000", "2012-12-31": "358.00000", "2012-09-30": "307.00000", "2012-06-30": "302.00000", "2012-03-31": "311.00000", "2011-12-31": "337.00000", "2011-09-30": "281.00000", "2011-06-30": "675.00000", "2011-03-31": "517.00000", "2010-12-31": "563.00000", "2010-09-30": "743.00000", "2010-06-30": "338.00000", "2010-03-31": "416.00000", "2009-12-31": "363.00000", "2009-09-30": "278.00000", "2009-06-30": "309.00000", "2009-03-31": "312.00000", "2008-12-31": "230.00000", "2008-09-30": "472.00000", "2008-06-30": "211.00000", "2008-03-31": "371.00000", "2007-12-31": "297.00000", "2007-09-30": "161.25000", "2007-06-30": "151.58000", "2007-03-31": "200.79500", "2006-12-31": "117.00000", "2006-09-30": "170.89700", "2006-06-30": "151.97900", "2006-03-31": "204.77500", "2005-12-31": "184.47100", "2005-09-30": "174.01300", "2005-06-30": "566.57900", "2005-03-31": "719.72800"}, "Receivables": {"2020-09-30": "2323.00000", "2020-06-30": "2512.00000", "2020-03-31": "2582.00000", "2019-12-31": "2782.00000", "2019-09-30": "15633.00000", "2019-06-30": "989.00000", "2019-03-31": "1044.00000", "2018-12-31": "1535.00000", "2018-09-30": "949.00000", "2018-06-30": "932.00000", "2018-03-31": "878.00000", "2017-12-31": "997.00000", "2017-09-30": "898.00000", "2017-06-30": "845.00000", "2017-03-31": "861.00000", "2016-12-31": "902.00000", "2016-09-30": "830.00000", "2016-06-30": "812.00000", "2016-03-31": "805.00000", "2015-12-31": "802.00000", "2015-09-30": "783.00000", "2015-06-30": "746.00000", "2015-03-31": "765.00000", "2014-12-31": "798.00000", "2014-09-30": "748.00000", "2014-06-30": "730.00000", "2014-03-31": "752.00000", "2013-12-31": "751.00000", "2013-09-30": "710.00000", "2013-06-30": "691.00000", "2013-03-31": "674.00000", "2012-12-31": "661.00000", "2012-09-30": "643.00000", "2012-06-30": "606.00000", "2012-03-31": "650.00000", "2011-12-31": "666.00000", "2011-09-30": "579.00000", "2011-06-30": "547.00000", "2011-03-31": "528.00000", "2010-12-31": "572.00000", "2010-09-30": "604.00000", "2010-06-30": "500.00000", "2010-03-31": "514.00000", "2009-12-31": "554.00000", "2009-09-30": "518.00000", "2009-06-30": "542.00000", "2009-03-31": "552.00000", "2008-12-31": "591.00000", "2008-09-30": "561.00000", "2008-06-30": "808.00000", "2008-03-31": "842.00000", "2007-12-31": "836.00000", "2007-09-30": "658.21200", "2007-06-30": "564.18000", "2007-03-31": "598.97600", "2006-12-31": "506.00000", "2006-09-30": "591.68400", "2006-06-30": "583.22400", "2006-03-31": "550.34600", "2005-12-31": "516.80200", "2005-09-30": "518.20000", "2005-06-30": "473.89700", "2005-03-31": "466.46400"}, "Inventory": {"2020-09-30": "", "2020-06-30": "", "2020-03-31": "", "2019-12-31": "", "2019-09-30": "", "2019-06-30": "", "2019-03-31": "", "2018-12-31": "", "2018-09-30": "", "2018-06-30": "", "2018-03-31": "", "2017-12-31": "", "2017-09-30": "", "2017-06-30": "", "2017-03-31": "", "2016-12-31": "", "2016-09-30": "", "2016-06-30": "", "2016-03-31": "", "2015-12-31": "", "2015-09-30": "", "2015-06-30": "", "2015-03-31": "", "2014-12-31": "", "2014-09-30": "", "2014-06-30": "", "2014-03-31": "", "2013-12-31": "", "2013-09-30": "", "2013-06-30": "", "2013-03-31": "", "2012-12-31": "", "2012-09-30": "", "2012-06-30": "", "2012-03-31": "", "2011-12-31": "", "2011-09-30": "", "2011-06-30": "", "2011-03-31": "", "2010-12-31": "", "2010-09-30": "", "2010-06-30": "", "2010-03-31": "", "2009-12-31": "", "2009-09-30": "", "2009-06-30": "", "2009-03-31": "", "2008-12-31": "", "2008-09-30": "", "2008-06-30": "", "2008-03-31": "", "2007-12-31": "", "2007-09-30": "", "2007-06-30": "", "2007-03-31": "", "2006-12-31": "", "2006-09-30": "", "2006-06-30": "", "2006-03-31": "", "2005-12-31": "", "2005-09-30": "", "2005-06-30": "", "2005-03-31": ""}, "Pre-Paid Expenses": {"2020-09-30": "1362.00000", "2020-06-30": "1114.00000", "2020-03-31": "1055.00000", "2019-12-31": "1503.00000", "2019-09-30": "1330.00000", "2019-06-30": "779.00000", "2019-03-31": "779.00000", "2018-12-31": "274.00000", "2018-09-30": "716.00000", "2018-06-30": "524.00000", "2018-03-31": "508.00000", "2017-12-31": "603.00000", "2017-09-30": "647.00000", "2017-06-30": "488.00000", "2017-03-31": "446.00000", "2016-12-31": "526.00000", "2016-09-30": "467.00000", "2016-06-30": "411.00000", "2016-03-31": "388.00000", "2015-12-31": "429.00000", "2015-09-30": "402.00000", "2015-06-30": "398.00000", "2015-03-31": "398.00000", "2014-12-31": "352.00000", "2014-09-30": "381.00000", "2014-06-30": "421.00000", "2014-03-31": "436.00000", "2013-12-31": "366.00000", "2013-09-30": "442.00000", "2013-06-30": "384.00000", "2013-03-31": "364.00000", "2012-12-31": "349.00000", "2012-09-30": "338.00000", "2012-06-30": "336.00000", "2012-03-31": "317.00000", "2011-12-31": "309.00000", "2011-09-30": "304.00000", "2011-06-30": "259.00000", "2011-03-31": "261.00000", "2010-12-31": "245.00000", "2010-09-30": "331.00000", "2010-06-30": "266.00000", "2010-03-31": "270.00000", "2009-12-31": "314.00000", "2009-09-30": "268.00000", "2009-06-30": "292.00000", "2009-03-31": "307.00000", "2008-12-31": "294.00000", "2008-09-30": "342.00000", "2008-06-30": "381.00000", "2008-03-31": "367.00000", "2007-12-31": "353.00000", "2007-09-30": "161.78900", "2007-06-30": "156.27800", "2007-03-31": "176.16000", "2006-12-31": "128.00000", "2006-09-30": "154.10600", "2006-06-30": "114.03500", "2006-03-31": "117.86200", "2005-12-31": "142.38200", "2005-09-30": "104.90200", "2005-06-30": "102.23100", "2005-03-31": "98.42500"}, "Other Current Assets": {"2020-09-30": "", "2020-06-30": "", "2020-03-31": "", "2019-12-31": "", "2019-09-30": "", "2019-06-30": "", "2019-03-31": "", "2018-12-31": "", "2018-09-30": "", "2018-06-30": "", "2018-03-31": "", "2017-12-31": "", "2017-09-30": "", "2017-06-30": "", "2017-03-31": "", "2016-12-31": "", "2016-09-30": "", "2016-06-30": "", "2016-03-31": "", "2015-12-31": "", "2015-09-30": "", "2015-06-30": "", "2015-03-31": "", "2014-12-31": "", "2014-09-30": "", "2014-06-30": "", "2014-03-31": "", "2013-12-31": "", "2013-09-30": "", "2013-06-30": "", "2013-03-31": "", "2012-12-31": "", "2012-09-30": "", "2012-06-30": "", "2012-03-31": "", "2011-12-31": "", "2011-09-30": "", "2011-06-30": "", "2011-03-31": "", "2010-12-31": "", "2010-09-30": "", "2010-06-30": "", "2010-03-31": "", "2009-12-31": "", "2009-09-30": "", "2009-06-30": "", "2009-03-31": "", "2008-12-31": "", "2008-09-30": "", "2008-06-30": "", "2008-03-31": "", "2007-12-31": "", "2007-09-30": "", "2007-06-30": "", "2007-03-31": "", "2006-12-31": "", "2006-09-30": "", "2006-06-30": "", "2006-03-31": "", "2005-12-31": "", "2005-09-30": "", "2005-06-30": "", "2005-03-31": ""}, "Total Current Assets": {"2020-09-30": "14025.00000", "2020-06-30": "17482.00000", "2020-03-31": "12933.00000", "2019-12-31": "17046.00000", "2019-09-30": "17991.00000", "2019-06-30": "10209.00000", "2019-03-31": "2275.00000", "2018-12-31": "2224.00000", "2018-09-30": "2338.00000", "2018-06-30": "1804.00000", "2018-03-31": "1768.00000", "2017-12-31": "1975.00000", "2017-09-30": "1870.00000", "2017-06-30": "1632.00000", "2017-03-31": "1615.00000", "2016-12-31": "1728.00000", "2016-09-30": "1600.00000", "2016-06-30": "1486.00000", "2016-03-31": "1476.00000", "2015-12-31": "1506.00000", "2015-09-30": "1531.00000", "2015-06-30": "1714.00000", "2015-03-31": "1498.00000", "2014-12-31": "1444.00000", "2014-09-30": "1579.00000", "2014-06-30": "1525.00000", "2014-03-31": "1547.00000", "2013-12-31": "1572.00000", "2013-09-30": "1527.00000", "2013-06-30": "1454.00000", "2013-03-31": "1453.00000", "2012-12-31": "1443.00000", "2012-09-30": "1325.00000", "2012-06-30": "1283.00000", "2012-03-31": "1316.00000", "2011-12-31": "1356.00000", "2011-09-30": "1211.00000", "2011-06-30": "1523.00000", "2011-03-31": "1346.00000", "2010-12-31": "1417.00000", "2010-09-30": "1733.00000", "2010-06-30": "1146.00000", "2010-03-31": "1244.00000", "2009-12-31": "1277.00000", "2009-09-30": "1995.00000", "2009-06-30": "2073.00000", "2009-03-31": "2187.00000", "2008-12-31": "2202.00000", "2008-09-30": "2456.00000", "2008-06-30": "2531.00000", "2008-03-31": "2911.00000", "2007-12-31": "4240.00000", "2007-09-30": "3000.80800", "2007-06-30": "3176.30200", "2007-03-31": "975.93100", "2006-12-31": "3480.00000", "2006-09-30": "916.68700", "2006-06-30": "849.23800", "2006-03-31": "872.98300", "2005-12-31": "843.65500", "2005-09-30": "797.11500", "2005-06-30": "1142.70700", "2005-03-31": "1284.61700"}, "Property, Plant, And Equipment": {"2020-09-30": "1630.00000", "2020-06-30": "1688.00000", "2020-03-31": "1708.00000", "2019-12-31": "1606.00000", "2019-09-30": "1639.00000", "2019-06-30": "418.00000", "2019-03-31": "409.00000", "2018-12-31": "398.00000", "2018-09-30": "385.00000", "2018-06-30": "374.00000", "2018-03-31": "375.00000", "2017-12-31": "390.00000", "2017-09-30": "385.00000", "2017-06-30": "396.00000", "2017-03-31": "400.00000", "2016-12-31": "405.00000", "2016-09-30": "403.00000", "2016-06-30": "394.00000", "2016-03-31": "401.00000", "2015-12-31": "396.00000", "2015-09-30": "397.00000", "2015-06-30": "382.00000", "2015-03-31": "338.00000", "2014-12-31": "317.00000", "2014-09-30": "304.00000", "2014-06-30": "300.00000", "2014-03-31": "284.00000", "2013-12-31": "266.00000", "2013-09-30": "259.00000", "2013-06-30": "255.00000", "2013-03-31": "258.00000", "2012-12-31": "248.00000", "2012-09-30": "256.00000", "2012-06-30": "256.00000", "2012-03-31": "260.00000", "2011-12-31": "258.00000", "2011-09-30": "262.00000", "2011-06-30": "272.00000", "2011-03-31": "276.00000", "2010-12-31": "267.00000", "2010-09-30": "270.00000", "2010-06-30": "273.00000", "2010-03-31": "281.00000", "2009-12-31": "293.00000", "2009-09-30": "288.00000", "2009-06-30": "292.00000", "2009-03-31": "294.00000", "2008-12-31": "298.00000", "2008-09-30": "302.00000", "2008-06-30": "332.00000", "2008-03-31": "360.00000", "2007-12-31": "370.00000", "2007-09-30": "238.16400", "2007-06-30": "238.24600", "2007-03-31": "246.03300", "2006-12-31": "220.00000", "2006-09-30": "253.62400", "2006-06-30": "239.28700", "2006-03-31": "233.14300", "2005-12-31": "226.01300", "2005-09-30": "210.49100", "2005-06-30": "202.33800", "2005-03-31": "196.33600"}, "Long-Term Investments": {"2020-09-30": "2772.00000", "2020-06-30": "2763.00000", "2020-03-31": "2814.00000", "2019-12-31": "2720.00000", "2019-09-30": "2618.00000", "2019-06-30": "", "2019-03-31": "", "2018-12-31": "65.00000", "2018-09-30": "", "2018-06-30": "", "2018-03-31": "", "2017-12-31": "", "2017-09-30": "", "2017-06-30": "", "2017-03-31": "", "2016-12-31": "", "2016-09-30": "", "2016-06-30": "", "2016-03-31": "", "2015-12-31": "", "2015-09-30": "", "2015-06-30": "", "2015-03-31": "", "2014-12-31": "", "2014-09-30": "", "2014-06-30": "", "2014-03-31": "", "2013-12-31": "", "2013-09-30": "", "2013-06-30": "", "2013-03-31": "", "2012-12-31": "", "2012-09-30": "", "2012-06-30": "", "2012-03-31": "", "2011-12-31": "", "2011-09-30": "", "2011-06-30": "", "2011-03-31": "", "2010-12-31": "", "2010-09-30": "", "2010-06-30": "", "2010-03-31": "", "2009-12-31": "", "2009-09-30": "", "2009-06-30": "", "2009-03-31": "", "2008-12-31": "", "2008-09-30": "", "2008-06-30": "", "2008-03-31": "", "2007-12-31": "", "2007-09-30": "", "2007-06-30": "", "2007-03-31": "2120.34400", "2006-12-31": "", "2006-09-30": "2005.58800", "2006-06-30": "2463.58100", "2006-03-31": "2098.26500", "2005-12-31": "2126.53800", "2005-09-30": "2257.22500", "2005-06-30": "2151.97400", "2005-03-31": "2589.89800"}, "Goodwill And Intangible Assets": {"2020-09-30": "51557.00000", "2020-06-30": "52724.00000", "2020-03-31": "52699.00000", "2019-12-31": "53680.00000", "2019-09-30": "53254.00000", "2019-06-30": "7804.00000", "2019-03-31": "7820.00000", "2018-12-31": "7845.00000", "2018-09-30": "7252.00000", "2018-06-30": "7289.00000", "2018-03-31": "7309.00000", "2017-12-31": "7472.00000", "2017-09-30": "7500.00000", "2017-06-30": "7242.00000", "2017-03-31": "7270.00000", "2016-12-31": "7206.00000", "2016-09-30": "7243.00000", "2016-06-30": "7273.00000", "2016-03-31": "7289.00000", "2015-12-31": "7072.00000", "2015-09-30": "7107.00000", "2015-06-30": "7144.00000", "2015-03-31": "7178.00000", "2014-12-31": "7212.00000", "2014-09-30": "7254.00000", "2014-06-30": "7287.00000", "2014-03-31": "7316.00000", "2013-12-31": "7358.00000", "2013-09-30": "7397.00000", "2013-06-30": "7440.00000", "2013-03-31": "7483.00000", "2012-12-31": "6449.00000", "2012-09-30": "6501.00000", "2012-06-30": "6532.00000", "2012-03-31": "6572.00000", "2011-12-31": "6601.00000", "2011-09-30": "6659.00000", "2011-06-30": "6247.00000", "2011-03-31": "6283.00000", "2010-12-31": "6256.00000", "2010-09-30": "6288.00000", "2010-06-30": "6316.00000", "2010-03-31": "6339.00000", "2009-12-31": "6377.00000", "2009-09-30": "6388.00000", "2009-06-30": "6475.00000", "2009-03-31": "6501.00000", "2008-12-31": "6478.00000", "2008-09-30": "6497.00000", "2008-06-30": "7117.00000", "2008-03-31": "7123.00000", "2007-12-31": "7107.00000", "2007-09-30": "2978.21200", "2007-06-30": "2983.79800", "2007-03-31": "3020.79800", "2006-12-31": "2511.00000", "2006-09-30": "2989.14500", "2006-06-30": "2919.10200", "2006-03-31": "2884.76400", "2005-12-31": "2843.31000", "2005-09-30": "2848.07300", "2005-06-30": "2459.20000", "2005-03-31": "2417.89700"}, "Other Long-Term Assets": {"2020-09-30": "1741.00000", "2020-06-30": "1830.00000", "2020-03-31": "1878.00000", "2019-12-31": "1954.00000", "2019-09-30": "1881.00000", "2019-06-30": "764.00000", "2019-03-31": "737.00000", "2018-12-31": "311.00000", "2018-09-30": "363.00000", "2018-06-30": "353.00000", "2018-03-31": "314.00000", "2017-12-31": "368.00000", "2017-09-30": "444.00000", "2017-06-30": "415.00000", "2017-03-31": "411.00000", "2016-12-31": "404.00000", "2016-09-30": "391.00000", "2016-06-30": "377.00000", "2016-03-31": "386.00000", "2015-12-31": "366.00000", "2015-09-30": "352.00000", "2015-06-30": "348.00000", "2015-03-31": "321.00000", "2014-12-31": "335.00000", "2014-09-30": "301.00000", "2014-06-30": "291.00000", "2014-03-31": "326.00000", "2013-12-31": "317.00000", "2013-09-30": "273.00000", "2013-06-30": "285.00000", "2013-03-31": "369.00000", "2012-12-31": "357.00000", "2012-09-30": "371.00000", "2012-06-30": "345.00000", "2012-03-31": "336.00000", "2011-12-31": "333.00000", "2011-09-30": "319.00000", "2011-06-30": "354.00000", "2011-03-31": "352.00000", "2010-12-31": "341.00000", "2010-09-30": "323.00000", "2010-06-30": "447.00000", "2010-03-31": "445.00000", "2009-12-31": "431.00000", "2009-09-30": "425.00000", "2009-06-30": "350.00000", "2009-03-31": "354.00000", "2008-12-31": "353.00000", "2008-09-30": "333.00000", "2008-06-30": "122.00000", "2008-03-31": "126.00000", "2007-12-31": "129.00000", "2007-09-30": "60.75500", "2007-06-30": "54.98000", "2007-03-31": "", "2006-12-31": "41.00000", "2006-09-30": "", "2006-06-30": "", "2006-03-31": "", "2005-12-31": "", "2005-09-30": "", "2005-06-30": "", "2005-03-31": ""}, "Total Long-Term Assets": {"2020-09-30": "58347.00000", "2020-06-30": "59611.00000", "2020-03-31": "59665.00000", "2019-12-31": "60493.00000", "2019-09-30": "59873.00000", "2019-06-30": "9431.00000", "2019-03-31": "9401.00000", "2018-12-31": "9038.00000", "2018-09-30": "8410.00000", "2018-06-30": "8414.00000", "2018-03-31": "8399.00000", "2017-12-31": "8314.00000", "2017-09-30": "8329.00000", "2017-06-30": "8053.00000", "2017-03-31": "8081.00000", "2016-12-31": "8015.00000", "2016-09-30": "8037.00000", "2016-06-30": "8044.00000", "2016-03-31": "8076.00000", "2015-12-31": "7834.00000", "2015-09-30": "7856.00000", "2015-06-30": "7874.00000", "2015-03-31": "7837.00000", "2014-12-31": "7864.00000", "2014-09-30": "7859.00000", "2014-06-30": "7878.00000", "2014-03-31": "7926.00000", "2013-12-31": "7941.00000", "2013-09-30": "7929.00000", "2013-06-30": "7980.00000", "2013-03-31": "8110.00000", "2012-12-31": "7054.00000", "2012-09-30": "7128.00000", "2012-06-30": "7133.00000", "2012-03-31": "7168.00000", "2011-12-31": "7192.00000", "2011-09-30": "7240.00000", "2011-06-30": "6873.00000", "2011-03-31": "6911.00000", "2010-12-31": "6864.00000", "2010-09-30": "6881.00000", "2010-06-30": "7036.00000", "2010-03-31": "7065.00000", "2009-12-31": "7101.00000", "2009-09-30": "7101.00000", "2009-06-30": "7117.00000", "2009-03-31": "7149.00000", "2008-12-31": "7129.00000", "2008-09-30": "7132.00000", "2008-06-30": "7571.00000", "2008-03-31": "7609.00000", "2007-12-31": "7606.00000", "2007-09-30": "3277.13100", "2007-06-30": "3277.02400", "2007-03-31": "5387.17500", "2006-12-31": "2772.00000", "2006-09-30": "5248.35700", "2006-06-30": "5621.97000", "2006-03-31": "5216.17200", "2005-12-31": "5195.86100", "2005-09-30": "5315.78900", "2005-06-30": "4813.51200", "2005-03-31": "5204.13100"}, "Total Assets": {"2020-09-30": "72372.00000", "2020-06-30": "77093.00000", "2020-03-31": "72598.00000", "2019-12-31": "77539.00000", "2019-09-30": "77864.00000", "2019-06-30": "19640.00000", "2019-03-31": "11676.00000", "2018-12-31": "11262.00000", "2018-09-30": "10748.00000", "2018-06-30": "10218.00000", "2018-03-31": "10167.00000", "2017-12-31": "10289.00000", "2017-09-30": "10199.00000", "2017-06-30": "9685.00000", "2017-03-31": "9696.00000", "2016-12-31": "9743.00000", "2016-09-30": "9637.00000", "2016-06-30": "9530.00000", "2016-03-31": "9552.00000", "2015-12-31": "9340.00000", "2015-09-30": "9387.00000", "2015-06-30": "9588.00000", "2015-03-31": "9335.00000", "2014-12-31": "9308.00000", "2014-09-30": "9438.00000", "2014-06-30": "9403.00000", "2014-03-31": "9473.00000", "2013-12-31": "9513.00000", "2013-09-30": "9456.00000", "2013-06-30": "9434.00000", "2013-03-31": "9563.00000", "2012-12-31": "8497.00000", "2012-09-30": "8453.00000", "2012-06-30": "8416.00000", "2012-03-31": "8484.00000", "2011-12-31": "8548.00000", "2011-09-30": "8451.00000", "2011-06-30": "8396.00000", "2011-03-31": "8257.00000", "2010-12-31": "8281.00000", "2010-09-30": "8614.00000", "2010-06-30": "8182.00000", "2010-03-31": "8309.00000", "2009-12-31": "8378.00000", "2009-09-30": "9096.00000", "2009-06-30": "9190.00000", "2009-03-31": "9336.00000", "2008-12-31": "9331.00000", "2008-09-30": "9588.00000", "2008-06-30": "10102.00000", "2008-03-31": "10520.00000", "2007-12-31": "11846.00000", "2007-09-30": "6277.93900", "2007-06-30": "6453.32600", "2007-03-31": "6363.10600", "2006-12-31": "6252.00000", "2006-09-30": "6165.04400", "2006-06-30": "6471.20800", "2006-03-31": "6089.15500", "2005-12-31": "6039.51600", "2005-09-30": "6112.90400", "2005-06-30": "5956.21900", "2005-03-31": "6488.74800"}, "Total Current Liabilities": {"2020-09-30": "13263.00000", "2020-06-30": "16760.00000", "2020-03-31": "12119.00000", "2019-12-31": "15727.00000", "2019-09-30": "16661.00000", "2019-06-30": "2054.00000", "2019-03-31": "2120.00000", "2018-12-31": "2010.00000", "2018-09-30": "2320.00000", "2018-06-30": "1655.00000", "2018-03-31": "1683.00000", "2017-12-31": "1938.00000", "2017-09-30": "1850.00000", "2017-06-30": "1707.00000", "2017-03-31": "1790.00000", "2016-12-31": "1820.00000", "2016-09-30": "1548.00000", "2016-06-30": "1452.00000", "2016-03-31": "1542.00000", "2015-12-31": "1502.00000", "2015-09-30": "1411.00000", "2015-06-30": "1336.00000", "2015-03-31": "1501.00000", "2014-12-31": "1486.00000", "2014-09-30": "1397.00000", "2014-06-30": "1368.00000", "2014-03-31": "1438.00000", "2013-12-31": "1332.00000", "2013-09-30": "1228.00000", "2013-06-30": "1173.00000", "2013-03-31": "1190.00000", "2012-12-31": "1105.00000", "2012-09-30": "1051.00000", "2012-06-30": "1235.00000", "2012-03-31": "1353.00000", "2011-12-31": "1384.00000", "2011-09-30": "1042.00000", "2011-06-30": "1154.00000", "2011-03-31": "946.00000", "2010-12-31": "891.00000", "2010-09-30": "1114.00000", "2010-06-30": "846.00000", "2010-03-31": "990.00000", "2009-12-31": "1161.00000", "2009-09-30": "1589.00000", "2009-06-30": "1781.00000", "2009-03-31": "2040.00000", "2008-12-31": "2040.00000", "2008-09-30": "1818.00000", "2008-06-30": "2250.00000", "2008-03-31": "2730.00000", "2007-12-31": "3751.00000", "2007-09-30": "2737.04600", "2007-06-30": "2930.26400", "2007-03-31": "880.23600", "2006-12-31": "2850.00000", "2006-09-30": "824.39600", "2006-06-30": "802.70200", "2006-03-31": "853.07200", "2005-12-31": "827.03100", "2005-09-30": "830.79000", "2005-06-30": "877.79200", "2005-03-31": "948.51500"}, "Long Term Debt": {"2020-09-30": "20894.00000", "2020-06-30": "21515.00000", "2020-03-31": "21630.00000", "2019-12-31": "21612.00000", "2019-09-30": "22123.00000", "2019-06-30": "13747.00000", "2019-03-31": "5868.00000", "2018-12-31": "5955.00000", "2018-09-30": "4823.00000", "2018-06-30": "4805.00000", "2018-03-31": "4603.00000", "2017-12-31": "4897.00000", "2017-09-30": "5018.00000", "2017-06-30": "4646.00000", "2017-03-31": "4547.00000", "2016-12-31": "4467.00000", "2016-09-30": "4624.00000", "2016-06-30": "4548.00000", "2016-03-31": "4445.00000", "2015-12-31": "4288.00000", "2015-09-30": "4230.00000", "2015-06-30": "4231.00000", "2015-03-31": "3757.00000", "2014-12-31": "3698.00000", "2014-09-30": "3756.00000", "2014-06-30": "3756.00000", "2014-03-31": "3756.00000", "2013-12-31": "3756.00000", "2013-09-30": "3929.00000", "2013-06-30": "3951.00000", "2013-03-31": "4047.00000", "2012-12-31": "3228.00000", "2012-09-30": "3447.00000", "2012-06-30": "3237.00000", "2012-03-31": "3218.00000", "2011-12-31": "3216.00000", "2011-09-30": "3514.00000", "2011-06-30": "3350.00000", "2011-03-31": "3352.00000", "2010-12-31": "3353.00000", "2010-09-30": "3453.00000", "2010-06-30": "3381.00000", "2010-03-31": "3381.00000", "2009-12-31": "3382.00000", "2009-09-30": "3773.00000", "2009-06-30": "3751.00000", "2009-03-31": "3752.00000", "2008-12-31": "3850.00000", "2008-09-30": "4251.00000", "2008-06-30": "4253.00000", "2008-03-31": "4308.00000", "2007-12-31": "4895.00000", "2007-09-30": "911.00300", "2007-06-30": "879.80000", "2007-03-31": "821.90400", "2006-12-31": "745.00000", "2006-09-30": "829.14400", "2006-06-30": "783.09500", "2006-03-31": "757.93500", "2005-12-31": "595.38500", "2005-09-30": "588.66700", "2005-06-30": "490.65900", "2005-03-31": "498.81200"}, "Other Non-Current Liabilities": {"2020-09-30": "994.00000", "2020-06-30": "1051.00000", "2020-03-31": "1076.00000", "2019-12-31": "1096.00000", "2019-09-30": "1118.00000", "2019-06-30": "580.00000", "2019-03-31": "549.00000", "2018-12-31": "259.00000", "2018-09-30": "229.00000", "2018-06-30": "216.00000", "2018-03-31": "217.00000", "2017-12-31": "171.00000", "2017-09-30": "166.00000", "2017-06-30": "168.00000", "2017-03-31": "168.00000", "2016-12-31": "153.00000", "2016-09-30": "154.00000", "2016-06-30": "154.00000", "2016-03-31": "160.00000", "2015-12-31": "164.00000", "2015-09-30": "157.00000", "2015-06-30": "166.00000", "2015-03-31": "139.00000", "2014-12-31": "129.00000", "2014-09-30": "130.00000", "2014-06-30": "124.00000", "2014-03-31": "119.00000", "2013-12-31": "127.00000", "2013-09-30": "156.00000", "2013-06-30": "153.00000", "2013-03-31": "118.00000", "2012-12-31": "109.00000", "2012-09-30": "94.00000", "2012-06-30": "81.00000", "2012-03-31": "78.00000", "2011-12-31": "73.00000", "2011-09-30": "99.00000", "2011-06-30": "170.00000", "2011-03-31": "173.00000", "2010-12-31": "181.00000", "2010-09-30": "202.00000", "2010-06-30": "249.00000", "2010-03-31": "237.00000", "2009-12-31": "229.00000", "2009-09-30": "252.00000", "2009-06-30": "279.00000", "2009-03-31": "309.00000", "2008-12-31": "310.00000", "2008-09-30": "182.00000", "2008-06-30": "169.00000", "2008-03-31": "226.00000", "2007-12-31": "159.00000", "2007-09-30": "61.24500", "2007-06-30": "54.54600", "2007-03-31": "2075.45300", "2006-12-31": "62.00000", "2006-09-30": "1892.60400", "2006-06-30": "2321.51900", "2006-03-31": "1925.83700", "2005-12-31": "1985.36800", "2005-09-30": "2025.54500", "2005-06-30": "1886.36900", "2005-03-31": "2328.71500"}, "Total Long Term Liabilities": {"2020-09-30": "26680.00000", "2020-06-30": "27305.00000", "2020-03-31": "27192.00000", "2019-12-31": "27217.00000", "2019-09-30": "27443.00000", "2019-06-30": "15040.00000", "2019-03-31": "7162.00000", "2018-12-31": "6959.00000", "2018-09-30": "5767.00000", "2018-06-30": "5713.00000", "2018-03-31": "5513.00000", "2017-12-31": "5620.00000", "2017-09-30": "5999.00000", "2017-06-30": "5587.00000", "2017-03-31": "5482.00000", "2016-12-31": "5382.00000", "2016-09-30": "5520.00000", "2016-06-30": "5436.00000", "2016-03-31": "5326.00000", "2015-12-31": "5178.00000", "2015-09-30": "5107.00000", "2015-06-30": "5109.00000", "2015-03-31": "4616.00000", "2014-12-31": "4527.00000", "2014-09-30": "4579.00000", "2014-06-30": "4560.00000", "2014-03-31": "4592.00000", "2013-12-31": "4596.00000", "2013-09-30": "4768.00000", "2013-06-30": "4798.00000", "2013-03-31": "4876.00000", "2012-12-31": "3975.00000", "2012-09-30": "4144.00000", "2012-06-30": "3928.00000", "2012-03-31": "3916.00000", "2011-12-31": "3906.00000", "2011-09-30": "4257.00000", "2011-06-30": "4156.00000", "2011-03-31": "4173.00000", "2010-12-31": "4161.00000", "2010-09-30": "4272.00000", "2010-06-30": "4215.00000", "2010-03-31": "4201.00000", "2009-12-31": "4191.00000", "2009-09-30": "4593.00000", "2009-06-30": "4573.00000", "2009-03-31": "4588.00000", "2008-12-31": "4697.00000", "2008-09-30": "4995.00000", "2008-06-30": "5004.00000", "2008-03-31": "5098.00000", "2007-12-31": "5628.00000", "2007-09-30": "1158.99200", "2007-06-30": "1131.06400", "2007-03-31": "3053.12500", "2006-12-31": "976.00000", "2006-09-30": "2893.33600", "2006-06-30": "3273.00600", "2006-03-31": "2852.94700", "2005-12-31": "2746.74500", "2005-09-30": "2784.43400", "2005-06-30": "2513.54500", "2005-03-31": "2957.44200"}, "Total Liabilities": {"2020-09-30": "39943.00000", "2020-06-30": "44065.00000", "2020-03-31": "39311.00000", "2019-12-31": "42944.00000", "2019-09-30": "44104.00000", "2019-06-30": "17094.00000", "2019-03-31": "9282.00000", "2018-12-31": "8969.00000", "2018-09-30": "8087.00000", "2018-06-30": "7368.00000", "2018-03-31": "7196.00000", "2017-12-31": "7558.00000", "2017-09-30": "7849.00000", "2017-06-30": "7294.00000", "2017-03-31": "7272.00000", "2016-12-31": "7202.00000", "2016-09-30": "7068.00000", "2016-06-30": "6888.00000", "2016-03-31": "6868.00000", "2015-12-31": "6680.00000", "2015-09-30": "6518.00000", "2015-06-30": "6445.00000", "2015-03-31": "6117.00000", "2014-12-31": "6013.00000", "2014-09-30": "5976.00000", "2014-06-30": "5928.00000", "2014-03-31": "6030.00000", "2013-12-31": "5928.00000", "2013-09-30": "5996.00000", "2013-06-30": "5971.00000", "2013-03-31": "6066.00000", "2012-12-31": "5080.00000", "2012-09-30": "5195.00000", "2012-06-30": "5163.00000", "2012-03-31": "5269.00000", "2011-12-31": "5290.00000", "2011-09-30": "5299.00000", "2011-06-30": "5310.00000", "2011-03-31": "5119.00000", "2010-12-31": "5052.00000", "2010-09-30": "5386.00000", "2010-06-30": "5061.00000", "2010-03-31": "5191.00000", "2009-12-31": "5352.00000", "2009-09-30": "6182.00000", "2009-06-30": "6354.00000", "2009-03-31": "6628.00000", "2008-12-31": "6737.00000", "2008-09-30": "6813.00000", "2008-06-30": "7254.00000", "2008-03-31": "7828.00000", "2007-12-31": "9379.00000", "2007-09-30": "3896.03800", "2007-06-30": "4061.32800", "2007-03-31": "3933.36100", "2006-12-31": "3826.00000", "2006-09-30": "3717.73200", "2006-06-30": "4075.70800", "2006-03-31": "3706.01900", "2005-12-31": "3573.77600", "2005-09-30": "3615.22400", "2005-06-30": "3391.33700", "2005-03-31": "3905.95700"}, "Common Stock Net": {"2020-09-30": "8.00000", "2020-06-30": "8.00000", "2020-03-31": "8.00000", "2019-12-31": "8.00000", "2019-09-30": "8.00000", "2019-06-30": "8.00000", "2019-03-31": "8.00000", "2018-12-31": "8.00000", "2018-09-30": "8.00000", "2018-06-30": "8.00000", "2018-03-31": "8.00000", "2017-12-31": "8.00000", "2017-09-30": "4.00000", "2017-06-30": "4.00000", "2017-03-31": "4.00000", "2016-12-31": "4.00000", "2016-09-30": "4.00000", "2016-06-30": "4.00000", "2016-03-31": "4.00000", "2015-12-31": "4.00000", "2015-09-30": "4.00000", "2015-06-30": "4.00000", "2015-03-31": "4.00000", "2014-12-31": "4.00000", "2014-09-30": "4.00000", "2014-06-30": "4.00000", "2014-03-31": "4.00000", "2013-12-31": "4.00000", "2013-09-30": "2.00000", "2013-06-30": "2.00000", "2013-03-31": "2.00000", "2012-12-31": "4.00000", "2012-09-30": "2.00000", "2012-06-30": "2.00000", "2012-03-31": "2.00000", "2011-12-31": "2.00000", "2011-09-30": "2.00000", "2011-06-30": "2.00000", "2011-03-31": "2.00000", "2010-12-31": "2.00000", "2010-09-30": "2.00000", "2010-06-30": "2.00000", "2010-03-31": "2.00000", "2009-12-31": "2.00000", "2009-09-30": "2.00000", "2009-06-30": "2.00000", "2009-03-31": "2.00000", "2008-12-31": "2.00000", "2008-09-30": "2.00000", "2008-06-30": "2.00000", "2008-03-31": "2.00000", "2007-12-31": "2.00000", "2007-09-30": "1.97900", "2007-06-30": "1.97900", "2007-03-31": "1.97900", "2006-12-31": "2.00000", "2006-09-30": "1.97800", "2006-06-30": "1.97800", "2006-03-31": "1.97800", "2005-12-31": "1.97500", "2005-09-30": "1.97500", "2005-06-30": "1.97500", "2005-03-31": "1.96500"}, "Retained Earnings (Accumulated Deficit)": {"2020-09-30": "13141.00000", "2020-06-30": "12877.00000", "2020-03-31": "12875.00000", "2019-12-31": "12528.00000", "2019-09-30": "12281.00000", "2019-06-30": "12083.00000", "2019-03-31": "11860.00000", "2018-12-31": "11635.00000", "2018-09-30": "11349.00000", "2018-06-30": "11122.00000", "2018-03-31": "10871.00000", "2017-12-31": "10240.00000", "2017-09-30": "9694.00000", "2017-06-30": "9462.00000", "2017-03-31": "9241.00000", "2016-12-31": "8994.00000", "2016-09-30": "8779.00000", "2016-06-30": "8565.00000", "2016-03-31": "8353.00000", "2015-12-31": "8064.00000", "2015-09-30": "7875.00000", "2015-06-30": "7657.00000", "2015-03-31": "7530.00000", "2014-12-31": "7352.00000", "2014-09-30": "7171.00000", "2014-06-30": "6932.00000", "2014-03-31": "6766.00000", "2013-12-31": "6598.00000", "2013-09-30": "6377.00000", "2013-06-30": "6218.00000", "2013-03-31": "6067.00000", "2012-12-31": "5950.00000", "2012-09-30": "5771.00000", "2012-06-30": "5632.00000", "2012-03-31": "5471.00000", "2011-12-31": "5339.00000", "2011-09-30": "5196.00000", "2011-06-30": "5069.00000", "2011-03-31": "4979.00000", "2010-12-31": "4867.00000", "2010-09-30": "4751.00000", "2010-06-30": "4619.00000", "2010-03-31": "4492.00000", "2009-12-31": "4371.00000", "2009-09-30": "4253.00000", "2009-06-30": "4138.00000", "2009-03-31": "3998.00000", "2008-12-31": "3895.00000", "2008-09-30": "3833.00000", "2008-06-30": "3754.00000", "2008-03-31": "3655.00000", "2007-12-31": "3326.00000", "2007-09-30": "3229.56500", "2007-06-30": "3108.69000", "2007-03-31": "3000.45400", "2006-12-31": "2887.00000", "2006-09-30": "2780.94500", "2006-06-30": "2670.85700", "2006-03-31": "2553.18800", "2005-12-31": "2436.97700", "2005-09-30": "2286.50100", "2005-06-30": "2173.56200", "2005-03-31": "2059.56500"}, "Comprehensive Income": {"2020-09-30": "-831.00000", "2020-06-30": "-644.00000", "2020-03-31": "-811.00000", "2019-12-31": "-180.00000", "2019-09-30": "-379.00000", "2019-06-30": "-193.00000", "2019-03-31": "-85.00000", "2018-12-31": "-67.00000", "2018-09-30": "-79.00000", "2018-06-30": "-66.00000", "2018-03-31": "-56.00000", "2017-12-31": "-54.00000", "2017-09-30": "-55.00000", "2017-06-30": "-59.00000", "2017-03-31": "-67.00000", "2016-12-31": "-76.00000", "2016-09-30": "-69.00000", "2016-06-30": "-74.00000", "2016-03-31": "-69.00000", "2015-12-31": "-74.00000", "2015-09-30": "-75.00000", "2015-06-30": "-66.00000", "2015-03-31": "-71.00000", "2014-12-31": "-63.00000", "2014-09-30": "-57.00000", "2014-06-30": "-49.00000", "2014-03-31": "-54.00000", "2013-12-31": "-60.00000", "2013-09-30": "-63.00000", "2013-06-30": "-67.00000", "2013-03-31": "-62.00000", "2012-12-31": "-60.00000", "2012-09-30": "-61.00000", "2012-06-30": "-73.00000", "2012-03-31": "-62.00000", "2011-12-31": "-78.00000", "2011-09-30": "-79.00000", "2011-06-30": "-47.00000", "2011-03-31": "-41.00000", "2010-12-31": "-50.00000", "2010-09-30": "-69.00000", "2010-06-30": "-76.00000", "2010-03-31": "-70.00000", "2009-12-31": "-69.00000", "2009-09-30": "-89.00000", "2009-06-30": "-93.00000", "2009-03-31": "-106.00000", "2008-12-31": "-120.00000", "2008-09-30": "-56.00000", "2008-06-30": "-44.00000", "2008-03-31": "-77.00000", "2007-12-31": "-41.00000", "2007-09-30": "-9.93700", "2007-06-30": "0.33500", "2007-03-31": "-0.41400", "2006-12-31": "", "2006-09-30": "0.68500", "2006-06-30": "2.57200", "2006-03-31": "3.46700", "2005-12-31": "1.32100", "2005-09-30": "0.19000", "2005-06-30": "-2.62300", "2005-03-31": "-2.77700"}, "Other Share Holders Equity": {"2020-09-30": "", "2020-06-30": "", "2020-03-31": "", "2019-12-31": "", "2019-09-30": "", "2019-06-30": "", "2019-03-31": "", "2018-12-31": "", "2018-09-30": "", "2018-06-30": "", "2018-03-31": "", "2017-12-31": "", "2017-09-30": "", "2017-06-30": "", "2017-03-31": "", "2016-12-31": "", "2016-09-30": "", "2016-06-30": "", "2016-03-31": "", "2015-12-31": "", "2015-09-30": "", "2015-06-30": "", "2015-03-31": "", "2014-12-31": "", "2014-09-30": "", "2014-06-30": "", "2014-03-31": "", "2013-12-31": "", "2013-09-30": "", "2013-06-30": "", "2013-03-31": "", "2012-12-31": "", "2012-09-30": "", "2012-06-30": "", "2012-03-31": "", "2011-12-31": "", "2011-09-30": "", "2011-06-30": "", "2011-03-31": "", "2010-12-31": "", "2010-09-30": "", "2010-06-30": "", "2010-03-31": "", "2009-12-31": "", "2009-09-30": "", "2009-06-30": "", "2009-03-31": "", "2008-12-31": "", "2008-09-30": "", "2008-06-30": "", "2008-03-31": "", "2007-12-31": "", "2007-09-30": "", "2007-06-30": "", "2007-03-31": "", "2006-12-31": "", "2006-09-30": "", "2006-06-30": "", "2006-03-31": "", "2005-12-31": "", "2005-09-30": "", "2005-06-30": "", "2005-03-31": ""}, "Share Holder Equity": {"2020-09-30": "32429.00000", "2020-06-30": "33028.00000", "2020-03-31": "33287.00000", "2019-12-31": "34595.00000", "2019-09-30": "33760.00000", "2019-06-30": "2546.00000", "2019-03-31": "2394.00000", "2018-12-31": "2293.00000", "2018-09-30": "2661.00000", "2018-06-30": "2850.00000", "2018-03-31": "2971.00000", "2017-12-31": "2731.00000", "2017-09-30": "2350.00000", "2017-06-30": "2391.00000", "2017-03-31": "2424.00000", "2016-12-31": "2541.00000", "2016-09-30": "2569.00000", "2016-06-30": "2642.00000", "2016-03-31": "2684.00000", "2015-12-31": "2660.00000", "2015-09-30": "2869.00000", "2015-06-30": "3143.00000", "2015-03-31": "3218.00000", "2014-12-31": "3295.00000", "2014-09-30": "3462.00000", "2014-06-30": "3475.00000", "2014-03-31": "3443.00000", "2013-12-31": "3585.00000", "2013-09-30": "3460.00000", "2013-06-30": "3463.00000", "2013-03-31": "3497.00000", "2012-12-31": "3417.00000", "2012-09-30": "3258.00000", "2012-06-30": "3253.00000", "2012-03-31": "3215.00000", "2011-12-31": "3258.00000", "2011-09-30": "3152.00000", "2011-06-30": "3086.00000", "2011-03-31": "3138.00000", "2010-12-31": "3229.00000", "2010-09-30": "3228.00000", "2010-06-30": "3121.00000", "2010-03-31": "3118.00000", "2009-12-31": "3026.00000", "2009-09-30": "2914.00000", "2009-06-30": "2836.00000", "2009-03-31": "2708.00000", "2008-12-31": "2594.00000", "2008-09-30": "2775.00000", "2008-06-30": "2848.00000", "2008-03-31": "2692.00000", "2007-12-31": "2467.00000", "2007-09-30": "2381.90100", "2007-06-30": "2391.99800", "2007-03-31": "2429.74500", "2006-12-31": "2426.00000", "2006-09-30": "2447.31200", "2006-06-30": "2395.50000", "2006-03-31": "2383.13600", "2005-12-31": "2465.74000", "2005-09-30": "2497.68000", "2005-06-30": "2564.88200", "2005-03-31": "2582.79100"}, "Total Liabilities And Share Holders Equity": {"2020-09-30": "72372.00000", "2020-06-30": "77093.00000", "2020-03-31": "72598.00000", "2019-12-31": "77539.00000", "2019-09-30": "77864.00000", "2019-06-30": "19640.00000", "2019-03-31": "11676.00000", "2018-12-31": "11262.00000", "2018-09-30": "10748.00000", "2018-06-30": "10218.00000", "2018-03-31": "10167.00000", "2017-12-31": "10289.00000", "2017-09-30": "10199.00000", "2017-06-30": "9685.00000", "2017-03-31": "9696.00000", "2016-12-31": "9743.00000", "2016-09-30": "9637.00000", "2016-06-30": "9530.00000", "2016-03-31": "9552.00000", "2015-12-31": "9340.00000", "2015-09-30": "9387.00000", "2015-06-30": "9588.00000", "2015-03-31": "9335.00000", "2014-12-31": "9308.00000", "2014-09-30": "9438.00000", "2014-06-30": "9403.00000", "2014-03-31": "9473.00000", "2013-12-31": "9513.00000", "2013-09-30": "9456.00000", "2013-06-30": "9434.00000", "2013-03-31": "9563.00000", "2012-12-31": "8497.00000", "2012-09-30": "8453.00000", "2012-06-30": "8416.00000", "2012-03-31": "8484.00000", "2011-12-31": "8548.00000", "2011-09-30": "8451.00000", "2011-06-30": "8396.00000", "2011-03-31": "8257.00000", "2010-12-31": "8281.00000", "2010-09-30": "8614.00000", "2010-06-30": "8182.00000", "2010-03-31": "8309.00000", "2009-12-31": "8378.00000", "2009-09-30": "9096.00000", "2009-06-30": "9190.00000", "2009-03-31": "9336.00000", "2008-12-31": "9331.00000", "2008-09-30": "9588.00000", "2008-06-30": "10102.00000", "2008-03-31": "10520.00000", "2007-12-31": "11846.00000", "2007-09-30": "6277.93900", "2007-06-30": "6453.32600", "2007-03-31": "6363.10600", "2006-12-31": "6252.00000", "2006-09-30": "6165.04400", "2006-06-30": "6471.20800", "2006-03-31": "6089.15500", "2005-12-31": "6039.51600", "2005-09-30": "6112.90400", "2005-06-30": "5956.21900", "2005-03-31": "6488.74800"}}, "cash flow statement": {"Net Income/Loss": {"2019-12-31": "914.00000", "2018-12-31": "1187.00000", "2017-12-31": "1246.00000", "2016-12-31": "930.00000", "2015-12-31": "712.00000", "2014-12-31": "754.00000", "2013-12-31": "648.00000", "2012-12-31": "611.00000", "2011-12-31": "472.00000", "2010-12-31": "496.00000", "2009-12-31": "476.00000", "2008-12-31": "569.00000", "2007-12-31": "439.00000", "2006-12-31": "450.00000", "2005-12-31": "516.00000"}, "Total Depreciation And Amortization - Cash Flow": {"2019-12-31": "1778.00000", "2018-12-31": "556.00000", "2017-12-31": "444.00000", "2016-12-31": "421.00000", "2015-12-31": "417.00000", "2014-12-31": "404.00000", "2013-12-31": "403.00000", "2012-12-31": "350.00000", "2011-12-31": "345.00000", "2010-12-31": "339.00000", "2009-12-31": "333.00000", "2008-12-31": "350.00000", "2007-12-31": "176.00000", "2006-12-31": "167.00000", "2005-12-31": "151.00000"}, "Other Non-Cash Items": {"2019-12-31": "67.00000", "2018-12-31": "-22.00000", "2017-12-31": "-181.00000", "2016-12-31": "57.00000", "2015-12-31": "142.00000", "2014-12-31": "53.00000", "2013-12-31": "-16.00000", "2012-12-31": "-57.00000", "2011-12-31": "148.00000", "2010-12-31": "131.00000", "2009-12-31": "84.00000", "2008-12-31": "-165.00000", "2007-12-31": "-25.00000", "2006-12-31": "-30.00000", "2005-12-31": "-126.00000"}, "Total Non-Cash Items": {"2019-12-31": "1845.00000", "2018-12-31": "534.00000", "2017-12-31": "263.00000", "2016-12-31": "478.00000", "2015-12-31": "559.00000", "2014-12-31": "457.00000", "2013-12-31": "387.00000", "2012-12-31": "293.00000", "2011-12-31": "493.00000", "2010-12-31": "470.00000", "2009-12-31": "417.00000", "2008-12-31": "185.00000", "2007-12-31": "151.00000", "2006-12-31": "137.00000", "2005-12-31": "25.00000"}, "Change In Accounts Receivable": {"2019-12-31": "-7.00000", "2018-12-31": "-108.00000", "2017-12-31": "-75.00000", "2016-12-31": "-88.00000", "2015-12-31": "-2.00000", "2014-12-31": "-42.00000", "2013-12-31": "-47.00000", "2012-12-31": "-12.00000", "2011-12-31": "-83.00000", "2010-12-31": "-12.00000", "2009-12-31": "44.00000", "2008-12-31": "-39.00000", "2007-12-31": "-41.00000", "2006-12-31": "-54.00000", "2005-12-31": "-52.00000"}, "Change In Inventories": {"2019-12-31": "", "2018-12-31": "", "2017-12-31": "", "2016-12-31": "", "2015-12-31": "", "2014-12-31": "", "2013-12-31": "", "2012-12-31": "", "2011-12-31": "", "2010-12-31": "", "2009-12-31": "", "2008-12-31": "", "2007-12-31": "", "2006-12-31": "", "2005-12-31": ""}, "Change In Accounts Payable": {"2019-12-31": "238.00000", "2018-12-31": "116.00000", "2017-12-31": "54.00000", "2016-12-31": "172.00000", "2015-12-31": "148.00000", "2014-12-31": "168.00000", "2013-12-31": "", "2012-12-31": "", "2011-12-31": "79.00000", "2010-12-31": "", "2009-12-31": "-71.00000", "2008-12-31": "", "2007-12-31": "", "2006-12-31": "", "2005-12-31": ""}, "Change In Assets/Liabilities": {"2019-12-31": "-195.00000", "2018-12-31": "-177.00000", "2017-12-31": "-5.00000", "2016-12-31": "-61.00000", "2015-12-31": "-70.00000", "2014-12-31": "-30.00000", "2013-12-31": "14.00000", "2012-12-31": "-66.00000", "2011-12-31": "-16.00000", "2010-12-31": "30.00000", "2009-12-31": "-16.00000", "2008-12-31": "7.00000", "2007-12-31": "-24.00000", "2006-12-31": "-3.00000", "2005-12-31": "4.00000"}, "Total Change In Assets/Liabilities": {"2019-12-31": "36.00000", "2018-12-31": "-169.00000", "2017-12-31": "-26.00000", "2016-12-31": "23.00000", "2015-12-31": "76.00000", "2014-12-31": "96.00000", "2013-12-31": "4.00000", "2012-12-31": "-78.00000", "2011-12-31": "-20.00000", "2010-12-31": "-8.00000", "2009-12-31": "-43.00000", "2008-12-31": "12.00000", "2007-12-31": "-43.00000", "2006-12-31": "-46.00000", "2005-12-31": "-14.00000"}, "Cash Flow From Operating Activities": {"2019-12-31": "2795.00000", "2018-12-31": "1552.00000", "2017-12-31": "1483.00000", "2016-12-31": "1431.00000", "2015-12-31": "1346.00000", "2014-12-31": "1307.00000", "2013-12-31": "1039.00000", "2012-12-31": "826.00000", "2011-12-31": "945.00000", "2010-12-31": "958.00000", "2009-12-31": "850.00000", "2008-12-31": "766.00000", "2007-12-31": "547.00000", "2006-12-31": "541.00000", "2005-12-31": "527.00000"}, "Net Change In Property, Plant, And Equipment": {"2019-12-31": "-721.00000", "2018-12-31": "-360.00000", "2017-12-31": "-287.00000", "2016-12-31": "-290.00000", "2015-12-31": "-359.00000", "2014-12-31": "-292.00000", "2013-12-31": "-236.00000", "2012-12-31": "-193.00000", "2011-12-31": "-190.00000", "2010-12-31": "-175.00000", "2009-12-31": "-198.00000", "2008-12-31": "-198.00000", "2007-12-31": "-152.00000", "2006-12-31": "-160.00000", "2005-12-31": "-141.00000"}, "Net Change In Intangible Assets": {"2019-12-31": "", "2018-12-31": "", "2017-12-31": "", "2016-12-31": "", "2015-12-31": "", "2014-12-31": "", "2013-12-31": "", "2012-12-31": "", "2011-12-31": "", "2010-12-31": "", "2009-12-31": "", "2008-12-31": "", "2007-12-31": "", "2006-12-31": "", "2005-12-31": ""}, "Net Acquisitions/Divestitures": {"2019-12-31": "-15954.00000", "2018-12-31": "-293.00000", "2017-12-31": "-367.00000", "2016-12-31": "-265.00000", "2015-12-31": "", "2014-12-31": "", "2013-12-31": "-30.00000", "2012-12-31": "", "2011-12-31": "-511.00000", "2010-12-31": "-9.00000", "2009-12-31": "", "2008-12-31": "412.00000", "2007-12-31": "-4333.00000", "2006-12-31": "-187.00000", "2005-12-31": "-510.00000"}, "Net Change In Short-term Investments": {"2019-12-31": "", "2018-12-31": "", "2017-12-31": "", "2016-12-31": "", "2015-12-31": "", "2014-12-31": "", "2013-12-31": "", "2012-12-31": "", "2011-12-31": "", "2010-12-31": "", "2009-12-31": "", "2008-12-31": "", "2007-12-31": "", "2006-12-31": "", "2005-12-31": ""}, "Net Change In Long-Term Investments": {"2019-12-31": "-45.00000", "2018-12-31": "-3.00000", "2017-12-31": "-10.00000", "2016-12-31": "-1.00000", "2015-12-31": "-4.00000", "2014-12-31": "7.00000", "2013-12-31": "4.00000", "2012-12-31": "28.00000", "2011-12-31": "-4.00000", "2010-12-31": "14.00000", "2009-12-31": "", "2008-12-31": "", "2007-12-31": "", "2006-12-31": "", "2005-12-31": "109.00000"}, "Net Change In Investments - Total": {"2019-12-31": "-45.00000", "2018-12-31": "-3.00000", "2017-12-31": "-10.00000", "2016-12-31": "-1.00000", "2015-12-31": "-4.00000", "2014-12-31": "7.00000", "2013-12-31": "4.00000", "2012-12-31": "28.00000", "2011-12-31": "-4.00000", "2010-12-31": "14.00000", "2009-12-31": "", "2008-12-31": "", "2007-12-31": "", "2006-12-31": "", "2005-12-31": "109.00000"}, "Investing Activities - Other": {"2019-12-31": "118.00000", "2018-12-31": "-7.00000", "2017-12-31": "7.00000", "2016-12-31": "2.00000", "2015-12-31": "3.00000", "2014-12-31": "-1.00000", "2013-12-31": "114.00000", "2012-12-31": "29.00000", "2011-12-31": "42.00000", "2010-12-31": "54.00000", "2009-12-31": "-50.00000", "2008-12-31": "-9.00000", "2007-12-31": "19.00000", "2006-12-31": "-1.00000", "2005-12-31": "1.00000"}, "Cash Flow From Investing Activities": {"2019-12-31": "-16602.00000", "2018-12-31": "-663.00000", "2017-12-31": "-657.00000", "2016-12-31": "-554.00000", "2015-12-31": "-360.00000", "2014-12-31": "-286.00000", "2013-12-31": "-148.00000", "2012-12-31": "-136.00000", "2011-12-31": "-663.00000", "2010-12-31": "-116.00000", "2009-12-31": "-248.00000", "2008-12-31": "205.00000", "2007-12-31": "-4466.00000", "2006-12-31": "-348.00000", "2005-12-31": "-541.00000"}, "Net Long-Term Debt": {"2019-12-31": "14987.00000", "2018-12-31": "1034.00000", "2017-12-31": "325.00000", "2016-12-31": "263.00000", "2015-12-31": "414.00000", "2014-12-31": "-49.00000", "2013-12-31": "-338.00000", "2012-12-31": "-173.00000", "2011-12-31": "-37.00000", "2010-12-31": "-312.00000", "2009-12-31": "-475.00000", "2008-12-31": "-1303.00000", "2007-12-31": "4462.00000", "2006-12-31": "138.00000", "2005-12-31": "91.00000"}, "Net Current Debt": {"2019-12-31": "", "2018-12-31": "", "2017-12-31": "", "2016-12-31": "", "2015-12-31": "", "2014-12-31": "", "2013-12-31": "", "2012-12-31": "", "2011-12-31": "", "2010-12-31": "", "2009-12-31": "", "2008-12-31": "", "2007-12-31": "", "2006-12-31": "", "2005-12-31": ""}, "Debt Issuance/Retirement Net - Total": {"2019-12-31": "14987.00000", "2018-12-31": "1034.00000", "2017-12-31": "325.00000", "2016-12-31": "263.00000", "2015-12-31": "414.00000", "2014-12-31": "-49.00000", "2013-12-31": "-338.00000", "2012-12-31": "-173.00000", "2011-12-31": "-37.00000", "2010-12-31": "-312.00000", "2009-12-31": "-475.00000", "2008-12-31": "-1303.00000", "2007-12-31": "4462.00000", "2006-12-31": "138.00000", "2005-12-31": "91.00000"}, "Net Common Equity Issued/Repurchased": {"2019-12-31": "-405.00000", "2018-12-31": "-1871.00000", "2017-12-31": "-1145.00000", "2016-12-31": "-1166.00000", "2015-12-31": "-1451.00000", "2014-12-31": "-1095.00000", "2013-12-31": "-529.00000", "2012-12-31": "-538.00000", "2011-12-31": "-460.00000", "2010-12-31": "-351.00000", "2009-12-31": "-130.00000", "2008-12-31": "-404.00000", "2007-12-31": "-419.00000", "2006-12-31": "-524.00000", "2005-12-31": "-625.00000"}, "Net Total Equity Issued/Repurchased": {"2019-12-31": "-405.00000", "2018-12-31": "-1871.00000", "2017-12-31": "-1145.00000", "2016-12-31": "-1166.00000", "2015-12-31": "-1451.00000", "2014-12-31": "-1095.00000", "2013-12-31": "-529.00000", "2012-12-31": "-538.00000", "2011-12-31": "-460.00000", "2010-12-31": "-351.00000", "2009-12-31": "-130.00000", "2008-12-31": "-404.00000", "2007-12-31": "-419.00000", "2006-12-31": "-524.00000", "2005-12-31": "-625.00000"}, "Total Common And Preferred Stock Dividends Paid": {"2019-12-31": "", "2018-12-31": "", "2017-12-31": "", "2016-12-31": "", "2015-12-31": "", "2014-12-31": "", "2013-12-31": "", "2012-12-31": "", "2011-12-31": "", "2010-12-31": "", "2009-12-31": "", "2008-12-31": "", "2007-12-31": "", "2006-12-31": "", "2005-12-31": ""}, "Financial Activities - Other": {"2019-12-31": "-391.00000", "2018-12-31": "-5.00000", "2017-12-31": "", "2016-12-31": "51.00000", "2015-12-31": "32.00000", "2014-12-31": "18.00000", "2013-12-31": "-6.00000", "2012-12-31": "5.00000", "2011-12-31": "-1.00000", "2010-12-31": "-8.00000", "2009-12-31": "4.00000", "2008-12-31": "2.00000", "2007-12-31": "-9.00000", "2006-12-31": "13.00000", "2005-12-31": "-1.00000"}, "Cash Flow From Financial Activities": {"2019-12-31": "14191.00000", "2018-12-31": "-842.00000", "2017-12-31": "-820.00000", "2016-12-31": "-852.00000", "2015-12-31": "-1005.00000", "2014-12-31": "-1126.00000", "2013-12-31": "-873.00000", "2012-12-31": "-706.00000", "2011-12-31": "-498.00000", "2010-12-31": "-671.00000", "2009-12-31": "-601.00000", "2008-12-31": "-1705.00000", "2007-12-31": "4034.00000", "2006-12-31": "-373.00000", "2005-12-31": "-535.00000"}, "Net Cash Flow": {"2019-12-31": "518.00000", "2018-12-31": "90.00000", "2017-12-31": "25.00000", "2016-12-31": "25.00000", "2015-12-31": "-19.00000", "2014-12-31": "-106.00000", "2013-12-31": "42.00000", "2012-12-31": "21.00000", "2011-12-31": "-226.00000", "2010-12-31": "200.00000", "2009-12-31": "133.00000", "2008-12-31": "-65.00000", "2007-12-31": "180.00000", "2006-12-31": "-30.00000", "2005-12-31": "-180.00000"}, "Stock-Based Compensation": {"2019-12-31": "229.00000", "2018-12-31": "73.00000", "2017-12-31": "63.00000", "2016-12-31": "68.00000", "2015-12-31": "65.00000", "2014-12-31": "49.00000", "2013-12-31": "46.00000", "2012-12-31": "44.00000", "2011-12-31": "39.00000", "2010-12-31": "39.00000", "2009-12-31": "36.00000", "2008-12-31": "34.00000", "2007-12-31": "23.00000", "2006-12-31": "26.00000", "2005-12-31": "4.00000"}, "Common Stock Dividends Paid": {"2019-12-31": "", "2018-12-31": "", "2017-12-31": "", "2016-12-31": "", "2015-12-31": "", "2014-12-31": "", "2013-12-31": "", "2012-12-31": "", "2011-12-31": "", "2010-12-31": "", "2009-12-31": "", "2008-12-31": "", "2007-12-31": "", "2006-12-31": "", "2005-12-31": ""}}, "cash flow statement, quarterly": {"Net Income/Loss": {"2020-09-30": 276, "2020-06-30": 9, "2020-03-31": "377.00000", "2019-12-31": 241, "2019-09-30": 225, "2019-06-30": 223, "2019-03-31": "225.00000", "2018-12-31": 286, "2018-09-30": 227, "2018-06-30": 251, "2018-03-31": "423.00000", "2017-12-31": 546, "2017-09-30": 232, "2017-06-30": 221, "2017-03-31": "247.00000", "2016-12-31": 215, "2016-09-30": 214, "2016-06-30": 212, "2016-03-31": "289.00000", "2015-12-31": 189, "2015-09-30": 218, "2015-06-30": 127, "2015-03-31": "178.00000", "2014-12-31": 181, "2014-09-30": 239, "2014-06-30": 166, "2014-03-31": "168.00000", "2013-12-31": 221, "2013-09-30": 159, "2013-06-30": 151, "2013-03-31": "117.00000", "2012-12-31": 179, "2012-09-30": 139, "2012-06-30": 161, "2012-03-31": "132.00000", "2011-12-31": 143, "2011-09-30": 127, "2011-06-30": 90, "2011-03-31": "112.00000", "2010-12-31": 116, "2010-09-30": 132, "2010-06-30": 127, "2010-03-31": "121.00000", "2009-12-31": 118, "2009-09-30": 115, "2009-06-30": 140, "2009-03-31": "103.00000", "2008-12-31": 62, "2008-09-30": 78, "2008-06-30": 100, "2008-03-31": "329.00000", "2007-12-31": 96, "2007-09-30": 121, "2007-06-30": 108, "2007-03-31": "114.00000", "2006-12-31": 106.032, "2006-09-30": 110.088, "2006-06-30": 117.669, "2006-03-31": "116.21100", "2005-12-31": 150.038, "2005-09-30": 112.939, "2005-06-30": 113.997, "2005-03-31": "139.02600"}, "Total Depreciation And Amortization - Cash Flow": {"2020-09-30": 799, "2020-06-30": 829, "2020-03-31": "844.00000", "2019-12-31": 800, "2019-09-30": 582, "2019-06-30": 191, "2019-03-31": "205.00000", "2018-12-31": 150, "2018-09-30": 136, "2018-06-30": 136, "2018-03-31": "134.00000", "2017-12-31": 114, "2017-09-30": 111, "2017-06-30": 111, "2017-03-31": "108.00000", "2016-12-31": 115, "2016-09-30": 104, "2016-06-30": 102, "2016-03-31": "100.00000", "2015-12-31": 105, "2015-09-30": 106, "2015-06-30": 104, "2015-03-31": "102.00000", "2014-12-31": 104, "2014-09-30": 101, "2014-06-30": 99, "2014-03-31": "100.00000", "2013-12-31": 102, "2013-09-30": 101, "2013-06-30": 103, "2013-03-31": "97.00000", "2012-12-31": 88, "2012-09-30": 89, "2012-06-30": 86, "2012-03-31": "87.00000", "2011-12-31": 86, "2011-09-30": 86, "2011-06-30": 88, "2011-03-31": "85.00000", "2010-12-31": 87, "2010-09-30": 85, "2010-06-30": 83, "2010-03-31": "84.00000", "2009-12-31": 85, "2009-09-30": 84, "2009-06-30": 83, "2009-03-31": "81.00000", "2008-12-31": 84, "2008-09-30": 80, "2008-06-30": 97, "2008-03-31": "89.00000", "2007-12-31": 48, "2007-09-30": 41, "2007-06-30": 44, "2007-03-31": "43.00000", "2006-12-31": 32.081, "2006-09-30": 47.414, "2006-06-30": 40.139, "2006-03-31": "47.36600", "2005-12-31": 18.548, "2005-09-30": 44.283, "2005-06-30": 45.146, "2005-03-31": "43.02300"}, "Other Non-Cash Items": {"2020-09-30": 1, "2020-06-30": 108, "2020-03-31": "-363.00000", "2019-12-31": 172, "2019-09-30": 35, "2019-06-30": -157, "2019-03-31": "17.00000", "2018-12-31": 42, "2018-09-30": 56, "2018-06-30": 16, "2018-03-31": "-136.00000", "2017-12-31": -269, "2017-09-30": 50, "2017-06-30": 20, "2017-03-31": "18.00000", "2016-12-31": 33, "2016-09-30": 8, "2016-06-30": -2, "2016-03-31": "18.00000", "2015-12-31": 34, "2015-09-30": 26, "2015-06-30": 61, "2015-03-31": "21.00000", "2014-12-31": 23, "2014-09-30": 1, "2014-06-30": 26, "2014-03-31": "3.00000", "2013-12-31": -65, "2013-09-30": 24, "2013-06-30": -2, "2013-03-31": "27.00000", "2012-12-31": 25, "2012-09-30": -90, "2012-06-30": 2, "2012-03-31": "6.00000", "2011-12-31": 6, "2011-09-30": 69, "2011-06-30": 64, "2011-03-31": "9.00000", "2010-12-31": 92, "2010-09-30": 18, "2010-06-30": 14, "2010-03-31": "7.00000", "2009-12-31": 30, "2009-09-30": 56, "2009-06-30": -18, "2009-03-31": "16.00000", "2008-12-31": 31, "2008-09-30": 10, "2008-06-30": 10, "2008-03-31": "-216.00000", "2007-12-31": -18, "2007-09-30": 10, "2007-06-30": -9, "2007-03-31": "-8.00000", "2006-12-31": -44.715, "2006-09-30": 9.227, "2006-06-30": -15.91, "2006-03-31": "21.39800", "2005-12-31": -98.792, "2005-09-30": 3.204, "2005-06-30": -5.494, "2005-03-31": "-24.91800"}, "Total Non-Cash Items": {"2020-09-30": 800, "2020-06-30": 937, "2020-03-31": "481.00000", "2019-12-31": 972, "2019-09-30": 617, "2019-06-30": 34, "2019-03-31": "222.00000", "2018-12-31": 192, "2018-09-30": 192, "2018-06-30": 152, "2018-03-31": "-2.00000", "2017-12-31": -155, "2017-09-30": 161, "2017-06-30": 131, "2017-03-31": "126.00000", "2016-12-31": 148, "2016-09-30": 112, "2016-06-30": 100, "2016-03-31": "118.00000", "2015-12-31": 139, "2015-09-30": 132, "2015-06-30": 165, "2015-03-31": "123.00000", "2014-12-31": 127, "2014-09-30": 102, "2014-06-30": 125, "2014-03-31": "103.00000", "2013-12-31": 37, "2013-09-30": 125, "2013-06-30": 101, "2013-03-31": "124.00000", "2012-12-31": 113, "2012-09-30": -1, "2012-06-30": 88, "2012-03-31": "93.00000", "2011-12-31": 92, "2011-09-30": 155, "2011-06-30": 152, "2011-03-31": "94.00000", "2010-12-31": 179, "2010-09-30": 103, "2010-06-30": 97, "2010-03-31": "91.00000", "2009-12-31": 115, "2009-09-30": 140, "2009-06-30": 65, "2009-03-31": "97.00000", "2008-12-31": 115, "2008-09-30": 90, "2008-06-30": 107, "2008-03-31": "-127.00000", "2007-12-31": 30, "2007-09-30": 51, "2007-06-30": 35, "2007-03-31": "35.00000", "2006-12-31": -12.634, "2006-09-30": 56.641, "2006-06-30": 24.229, "2006-03-31": "68.76400", "2005-12-31": -80.244, "2005-09-30": 47.487, "2005-06-30": 39.652, "2005-03-31": "18.10500"}, "Change In Accounts Receivable": {"2020-09-30": 182, "2020-06-30": 78, "2020-03-31": "200.00000", "2019-12-31": -158, "2019-09-30": 91, "2019-06-30": 54, "2019-03-31": "6.00000", "2018-12-31": -79, "2018-09-30": -18, "2018-06-30": -78, "2018-03-31": "67.00000", "2017-12-31": -98, "2017-09-30": -36, "2017-06-30": 17, "2017-03-31": "42.00000", "2016-12-31": -73, "2016-09-30": -18, "2016-06-30": -7, "2016-03-31": "10.00000", "2015-12-31": -18, "2015-09-30": -37, "2015-06-30": 19, "2015-03-31": "34.00000", "2014-12-31": -50, "2014-09-30": -17, "2014-06-30": 26, "2014-03-31": "-1.00000", "2013-12-31": -40, "2013-09-30": -20, "2013-06-30": -14, "2013-03-31": "27.00000", "2012-12-31": -36, "2012-09-30": -37, "2012-06-30": 43, "2012-03-31": "18.00000", "2011-12-31": -89, "2011-09-30": -22, "2011-06-30": -20, "2011-03-31": "48.00000", "2010-12-31": -29, "2010-09-30": -41, "2010-06-30": 19, "2010-03-31": "39.00000", "2009-12-31": -36, "2009-09-30": 0, "2009-06-30": 80, "2009-03-31": "", "2008-12-31": -39, "2008-09-30": -2, "2008-06-30": 4, "2008-03-31": "-2.00000", "2007-12-31": -17, "2007-09-30": -32, "2007-06-30": 1, "2007-03-31": "7.00000", "2006-12-31": -23.398, "2006-09-30": -17.124, "2006-06-30": -18.693, "2006-03-31": "5.21500", "2005-12-31": -3.762, "2005-09-30": -23.518, "2005-06-30": 1.054, "2005-03-31": "-25.77400"}, "Change In Inventories": {"2020-09-30": 0, "2020-06-30": 0, "2020-03-31": "", "2019-12-31": 0, "2019-09-30": 0, "2019-06-30": 0, "2019-03-31": "", "2018-12-31": 0, "2018-09-30": 0, "2018-06-30": 0, "2018-03-31": "", "2017-12-31": 0, "2017-09-30": 0, "2017-06-30": 0, "2017-03-31": "", "2016-12-31": 0, "2016-09-30": 0, "2016-06-30": 0, "2016-03-31": "", "2015-12-31": 0, "2015-09-30": 0, "2015-06-30": 0, "2015-03-31": "", "2014-12-31": 0, "2014-09-30": 0, "2014-06-30": 0, "2014-03-31": "", "2013-12-31": 0, "2013-09-30": 0, "2013-06-30": 0, "2013-03-31": "", "2012-12-31": 0, "2012-09-30": 0, "2012-06-30": 0, "2012-03-31": "", "2011-12-31": 0, "2011-09-30": 0, "2011-06-30": 0, "2011-03-31": "", "2010-12-31": 0, "2010-09-30": 0, "2010-06-30": 0, "2010-03-31": "", "2009-12-31": 0, "2009-09-30": 0, "2009-06-30": 0, "2009-03-31": "", "2008-12-31": 0, "2008-09-30": 0, "2008-06-30": 0, "2008-03-31": "", "2007-12-31": 0, "2007-09-30": 0, "2007-06-30": 0, "2007-03-31": "", "2006-12-31": 0, "2006-09-30": 0, "2006-06-30": 0, "2006-03-31": "", "2005-12-31": 0, "2005-09-30": 0, "2005-06-30": 0, "2005-03-31": ""}, "Change In Accounts Payable": {"2020-09-30": 88, "2020-06-30": 34, "2020-03-31": "-88.00000", "2019-12-31": 121, "2019-09-30": 145, "2019-06-30": -2, "2019-03-31": "-26.00000", "2018-12-31": 116, "2018-09-30": -17, "2018-06-30": -21, "2018-03-31": "38.00000", "2017-12-31": 63, "2017-09-30": 31, "2017-06-30": -40, "2017-03-31": "", "2016-12-31": 61, "2016-09-30": 74, "2016-06-30": -76, "2016-03-31": "113.00000", "2015-12-31": 13, "2015-09-30": 97, "2015-06-30": -9, "2015-03-31": "47.00000", "2014-12-31": 21, "2014-09-30": 101, "2014-06-30": 2, "2014-03-31": "44.00000", "2013-12-31": 0, "2013-09-30": 40, "2013-06-30": -40, "2013-03-31": "", "2012-12-31": 16, "2012-09-30": -16, "2012-06-30": 9, "2012-03-31": "-9.00000", "2011-12-31": 67, "2011-09-30": 14, "2011-06-30": -59, "2011-03-31": "57.00000", "2010-12-31": 22, "2010-09-30": 21, "2010-06-30": -43, "2010-03-31": "", "2009-12-31": -71, "2009-09-30": 0, "2009-06-30": -52, "2009-03-31": "52.00000", "2008-12-31": 1, "2008-09-30": 7, "2008-06-30": -22, "2008-03-31": "14.00000", "2007-12-31": -2, "2007-09-30": 21, "2007-06-30": -32, "2007-03-31": "13.00000", "2006-12-31": -3.953, "2006-09-30": 3.953, "2006-06-30": 0, "2006-03-31": "", "2005-12-31": 0, "2005-09-30": 0, "2005-06-30": 0, "2005-03-31": ""}, "Change In Assets/Liabilities": {"2020-09-30": -304, "2020-06-30": -27, "2020-03-31": "-82.00000", "2019-12-31": 2, "2019-09-30": -40, "2019-06-30": -103, "2019-03-31": "-54.00000", "2018-12-31": 104, "2018-09-30": -62, "2018-06-30": -65, "2018-03-31": "-154.00000", "2017-12-31": 108, "2017-09-30": -61, "2017-06-30": -50, "2017-03-31": "-2.00000", "2016-12-31": 38, "2016-09-30": -27, "2016-06-30": -51, "2016-03-31": "-21.00000", "2015-12-31": 69, "2015-09-30": -54, "2015-06-30": -49, "2015-03-31": "-36.00000", "2014-12-31": 68, "2014-09-30": -34, "2014-06-30": -42, "2014-03-31": "-22.00000", "2013-12-31": 91, "2013-09-30": -8, "2013-06-30": -27, "2013-03-31": "-42.00000", "2012-12-31": 12, "2012-09-30": -11, "2012-06-30": -67, "2012-03-31": "0.00000", "2011-12-31": 51, "2011-09-30": -11, "2011-06-30": -28, "2011-03-31": "-28.00000", "2010-12-31": 42, "2010-09-30": 8, "2010-06-30": -18, "2010-03-31": "-2.00000", "2009-12-31": 30, "2009-09-30": -14, "2009-06-30": -24, "2009-03-31": "-8.00000", "2008-12-31": 50, "2008-09-30": -35, "2008-06-30": -13, "2008-03-31": "5.00000", "2007-12-31": 11, "2007-09-30": -12, "2007-06-30": -16, "2007-03-31": "-7.00000", "2006-12-31": 27.099, "2006-09-30": -8.996, "2006-06-30": -10.958, "2006-03-31": "-10.14500", "2005-12-31": 29.754, "2005-09-30": -18.66, "2005-06-30": -8.245, "2005-03-31": "1.15100"}, "Total Change In Assets/Liabilities": {"2020-09-30": -34, "2020-06-30": 85, "2020-03-31": "30.00000", "2019-12-31": -35, "2019-09-30": 196, "2019-06-30": -51, "2019-03-31": "-74.00000", "2018-12-31": 93, "2018-09-30": -49, "2018-06-30": -164, "2018-03-31": "-49.00000", "2017-12-31": 73, "2017-09-30": -66, "2017-06-30": -123, "2017-03-31": "90.00000", "2016-12-31": 26, "2016-09-30": 29, "2016-06-30": -134, "2016-03-31": "102.00000", "2015-12-31": 64, "2015-09-30": 6, "2015-06-30": -39, "2015-03-31": "45.00000", "2014-12-31": 39, "2014-09-30": 50, "2014-06-30": -14, "2014-03-31": "21.00000", "2013-12-31": 100, "2013-09-30": 0, "2013-06-30": -77, "2013-03-31": "-19.00000", "2012-12-31": -8, "2012-09-30": 24, "2012-06-30": -103, "2012-03-31": "9.00000", "2011-12-31": 29, "2011-09-30": -19, "2011-06-30": -107, "2011-03-31": "77.00000", "2010-12-31": 9, "2010-09-30": -12, "2010-06-30": -53, "2010-03-31": "48.00000", "2009-12-31": -22, "2009-09-30": -11, "2009-06-30": -41, "2009-03-31": "31.00000", "2008-12-31": 12, "2008-09-30": 14, "2008-06-30": -31, "2008-03-31": "17.00000", "2007-12-31": 14, "2007-09-30": -23, "2007-06-30": -47, "2007-03-31": "13.00000", "2006-12-31": 10.748, "2006-09-30": -5.781, "2006-06-30": -56.459, "2006-03-31": "5.49200", "2005-12-31": 64.65, "2005-09-30": -18.763, "2005-06-30": -37.788, "2005-03-31": "-22.09900"}, "Cash Flow From Operating Activities": {"2020-09-30": 1042, "2020-06-30": 1031, "2020-03-31": "888.00000", "2019-12-31": 1178, "2019-09-30": 1038, "2019-06-30": 206, "2019-03-31": "373.00000", "2018-12-31": 571, "2018-09-30": 368, "2018-06-30": 241, "2018-03-31": "372.00000", "2017-12-31": 468, "2017-09-30": 324, "2017-06-30": 228, "2017-03-31": "463.00000", "2016-12-31": 389, "2016-09-30": 355, "2016-06-30": 178, "2016-03-31": "509.00000", "2015-12-31": 391, "2015-09-30": 355, "2015-06-30": 254, "2015-03-31": "346.00000", "2014-12-31": 347, "2014-09-30": 391, "2014-06-30": 277, "2014-03-31": "292.00000", "2013-12-31": 358, "2013-09-30": 284, "2013-06-30": 175, "2013-03-31": "222.00000", "2012-12-31": 284, "2012-09-30": 162, "2012-06-30": 146, "2012-03-31": "234.00000", "2011-12-31": 264, "2011-09-30": 263, "2011-06-30": 135, "2011-03-31": "283.00000", "2010-12-31": 304, "2010-09-30": 223, "2010-06-30": 171, "2010-03-31": "260.00000", "2009-12-31": 211, "2009-09-30": 244, "2009-06-30": 164, "2009-03-31": "231.00000", "2008-12-31": 189, "2008-09-30": 182, "2008-06-30": 176, "2008-03-31": "219.00000", "2007-12-31": 140, "2007-09-30": 149, "2007-06-30": 96, "2007-03-31": "162.00000", "2006-12-31": 104.146, "2006-09-30": 160.948, "2006-06-30": 85.439, "2006-03-31": "190.46700", "2005-12-31": 134.444, "2005-09-30": 141.663, "2005-06-30": 115.861, "2005-03-31": "135.03200"}, "Net Change In Property, Plant, And Equipment": {"2020-09-30": -201, "2020-06-30": -242, "2020-03-31": "-246.00000", "2019-12-31": -290, "2019-09-30": -221, "2019-06-30": -112, "2019-03-31": "-98.00000", "2018-12-31": -97, "2018-09-30": -94, "2018-06-30": -92, "2018-03-31": "-77.00000", "2017-12-31": -79, "2017-09-30": -72, "2017-06-30": -60, "2017-03-31": "-76.00000", "2016-12-31": -67, "2016-09-30": -78, "2016-06-30": -73, "2016-03-31": "-72.00000", "2015-12-31": -67, "2015-09-30": -89, "2015-06-30": -113, "2015-03-31": "-90.00000", "2014-12-31": -67, "2014-09-30": -75, "2014-06-30": -80, "2014-03-31": "-70.00000", "2013-12-31": -65, "2013-09-30": -61, "2013-06-30": -52, "2013-03-31": "-58.00000", "2012-12-31": -48, "2012-09-30": -44, "2012-06-30": -43, "2012-03-31": "-58.00000", "2011-12-31": -46, "2011-09-30": -42, "2011-06-30": -46, "2011-03-31": "-56.00000", "2010-12-31": -46, "2010-09-30": -45, "2010-06-30": -42, "2010-03-31": "-42.00000", "2009-12-31": -47, "2009-09-30": -53, "2009-06-30": -53, "2009-03-31": "-45.00000", "2008-12-31": -60, "2008-09-30": -46, "2008-06-30": -42, "2008-03-31": "-50.00000", "2007-12-31": -41, "2007-09-30": -33, "2007-06-30": -33, "2007-03-31": "-45.00000", "2006-12-31": -15.213, "2006-09-30": -51.555, "2006-06-30": -46.06, "2006-03-31": "-47.17200", "2005-12-31": -31.519, "2005-09-30": -39.841, "2005-06-30": -37.868, "2005-03-31": "-31.77200"}, "Net Change In Intangible Assets": {"2020-09-30": 0, "2020-06-30": 0, "2020-03-31": "", "2019-12-31": 0, "2019-09-30": 0, "2019-06-30": 0, "2019-03-31": "", "2018-12-31": 0, "2018-09-30": 0, "2018-06-30": 0, "2018-03-31": "", "2017-12-31": 0, "2017-09-30": 0, "2017-06-30": 0, "2017-03-31": "", "2016-12-31": 0, "2016-09-30": 0, "2016-06-30": 0, "2016-03-31": "", "2015-12-31": 0, "2015-09-30": 0, "2015-06-30": 0, "2015-03-31": "", "2014-12-31": 0, "2014-09-30": 0, "2014-06-30": 0, "2014-03-31": "", "2013-12-31": 0, "2013-09-30": 0, "2013-06-30": 0, "2013-03-31": "", "2012-12-31": 0, "2012-09-30": 0, "2012-06-30": 0, "2012-03-31": "", "2011-12-31": 0, "2011-09-30": 0, "2011-06-30": 0, "2011-03-31": "", "2010-12-31": 0, "2010-09-30": 0, "2010-06-30": 0, "2010-03-31": "", "2009-12-31": 0, "2009-09-30": 0, "2009-06-30": 0, "2009-03-31": "", "2008-12-31": 0, "2008-09-30": 0, "2008-06-30": 0, "2008-03-31": "", "2007-12-31": 0, "2007-09-30": 0, "2007-06-30": 0, "2007-03-31": "", "2006-12-31": 0, "2006-09-30": 0, "2006-06-30": 0, "2006-03-31": "", "2005-12-31": 0, "2005-09-30": 0, "2005-06-30": 0, "2005-03-31": ""}, "Net Acquisitions/Divestitures": {"2020-09-30": -7, "2020-06-30": 558, "2020-03-31": "-110.00000", "2019-12-31": 11, "2019-09-30": -16029, "2019-06-30": 8, "2019-03-31": "56.00000", "2018-12-31": -712, "2018-09-30": 419, "2018-06-30": 0, "2018-03-31": "", "2017-12-31": -3, "2017-09-30": -305, "2017-06-30": 19, "2017-03-31": "-78.00000", "2016-12-31": 0, "2016-09-30": 0, "2016-06-30": 0, "2016-03-31": "-265.00000", "2015-12-31": 0, "2015-09-30": 0, "2015-06-30": 0, "2015-03-31": "", "2014-12-31": 0, "2014-09-30": 0, "2014-06-30": 0, "2014-03-31": "", "2013-12-31": 0, "2013-09-30": -14, "2013-06-30": 0, "2013-03-31": "-16.00000", "2012-12-31": 0, "2012-09-30": 0, "2012-06-30": 0, "2012-03-31": "", "2011-12-31": 0, "2011-09-30": -462, "2011-06-30": 0, "2011-03-31": "-49.00000", "2010-12-31": 0, "2010-09-30": -1, "2010-06-30": -8, "2010-03-31": "", "2009-12-31": 0, "2009-09-30": 0, "2009-06-30": 0, "2009-03-31": "", "2008-12-31": -61, "2008-09-30": 508, "2008-06-30": -18, "2008-03-31": "-17.00000", "2007-12-31": -4240, "2007-09-30": -48, "2007-06-30": -1, "2007-03-31": "-44.00000", "2006-12-31": -3.209, "2006-09-30": -82.756, "2006-06-30": -37.814, "2006-03-31": "-63.22100", "2005-12-31": -298.233, "2005-09-30": -380.057, "2005-06-30": -80.627, "2005-03-31": "248.91700"}, "Net Change In Short-term Investments": {"2020-09-30": 0, "2020-06-30": 0, "2020-03-31": "", "2019-12-31": 0, "2019-09-30": 0, "2019-06-30": 0, "2019-03-31": "", "2018-12-31": 0, "2018-09-30": 0, "2018-06-30": 0, "2018-03-31": "", "2017-12-31": 0, "2017-09-30": 0, "2017-06-30": 0, "2017-03-31": "", "2016-12-31": 0, "2016-09-30": 0, "2016-06-30": 0, "2016-03-31": "", "2015-12-31": 0, "2015-09-30": 0, "2015-06-30": 0, "2015-03-31": "", "2014-12-31": 0, "2014-09-30": 0, "2014-06-30": 0, "2014-03-31": "", "2013-12-31": 0, "2013-09-30": 0, "2013-06-30": 0, "2013-03-31": "", "2012-12-31": 0, "2012-09-30": 0, "2012-06-30": 0, "2012-03-31": "", "2011-12-31": 0, "2011-09-30": 0, "2011-06-30": 0, "2011-03-31": "", "2010-12-31": 0, "2010-09-30": 0, "2010-06-30": 0, "2010-03-31": "", "2009-12-31": 0, "2009-09-30": 0, "2009-06-30": 0, "2009-03-31": "", "2008-12-31": 0, "2008-09-30": 0, "2008-06-30": 0, "2008-03-31": "", "2007-12-31": 0, "2007-09-30": 0, "2007-06-30": 0, "2007-03-31": "", "2006-12-31": 0, "2006-09-30": 0, "2006-06-30": 0, "2006-03-31": "", "2005-12-31": 0, "2005-09-30": 0, "2005-06-30": 0, "2005-03-31": ""}, "Net Change In Long-Term Investments": {"2020-09-30": 0, "2020-06-30": -584, "2020-03-31": "584.00000", "2019-12-31": -41, "2019-09-30": -1, "2019-06-30": -3, "2019-03-31": "", "2018-12-31": -3, "2018-09-30": -417, "2018-06-30": -1, "2018-03-31": "418.00000", "2017-12-31": 0, "2017-09-30": -10, "2017-06-30": 0, "2017-03-31": "", "2016-12-31": 0, "2016-09-30": -1, "2016-06-30": 0, "2016-03-31": "", "2015-12-31": -4, "2015-09-30": 0, "2015-06-30": 0, "2015-03-31": "", "2014-12-31": 0, "2014-09-30": 7, "2014-06-30": 0, "2014-03-31": "", "2013-12-31": 2, "2013-09-30": 2, "2013-06-30": 0, "2013-03-31": "", "2012-12-31": 1, "2012-09-30": 21, "2012-06-30": 6, "2012-03-31": "", "2011-12-31": 0, "2011-09-30": -4, "2011-06-30": 0, "2011-03-31": "", "2010-12-31": 14, "2010-09-30": 0, "2010-06-30": 0, "2010-03-31": "", "2009-12-31": 0, "2009-09-30": 0, "2009-06-30": 0, "2009-03-31": "", "2008-12-31": 0, "2008-09-30": 0, "2008-06-30": 0, "2008-03-31": "", "2007-12-31": 0, "2007-09-30": 0, "2007-06-30": 0, "2007-03-31": "", "2006-12-31": 0, "2006-09-30": 0, "2006-06-30": -28.487, "2006-03-31": "28.48700", "2005-12-31": 387.712, "2005-09-30": -105.194, "2005-06-30": 437.945, "2005-03-31": "-611.46300"}, "Net Change In Investments - Total": {"2020-09-30": 0, "2020-06-30": -584, "2020-03-31": "584.00000", "2019-12-31": -41, "2019-09-30": -1, "2019-06-30": -3, "2019-03-31": "", "2018-12-31": -3, "2018-09-30": -417, "2018-06-30": -1, "2018-03-31": "418.00000", "2017-12-31": 0, "2017-09-30": -10, "2017-06-30": 0, "2017-03-31": "", "2016-12-31": 0, "2016-09-30": -1, "2016-06-30": 0, "2016-03-31": "", "2015-12-31": -4, "2015-09-30": 0, "2015-06-30": 0, "2015-03-31": "", "2014-12-31": 0, "2014-09-30": 7, "2014-06-30": 0, "2014-03-31": "", "2013-12-31": 2, "2013-09-30": 2, "2013-06-30": 0, "2013-03-31": "", "2012-12-31": 1, "2012-09-30": 21, "2012-06-30": 6, "2012-03-31": "", "2011-12-31": 0, "2011-09-30": -4, "2011-06-30": 0, "2011-03-31": "", "2010-12-31": 14, "2010-09-30": 0, "2010-06-30": 0, "2010-03-31": "", "2009-12-31": 0, "2009-09-30": 0, "2009-06-30": 0, "2009-03-31": "", "2008-12-31": 0, "2008-09-30": 0, "2008-06-30": 0, "2008-03-31": "", "2007-12-31": 0, "2007-09-30": 0, "2007-06-30": 0, "2007-03-31": "", "2006-12-31": 0, "2006-09-30": 0, "2006-06-30": -28.487, "2006-03-31": "28.48700", "2005-12-31": 387.712, "2005-09-30": -105.194, "2005-06-30": 437.945, "2005-03-31": "-611.46300"}, "Investing Activities - Other": {"2020-09-30": 28, "2020-06-30": 30, "2020-03-31": "36.00000", "2019-12-31": 27, "2019-09-30": 78, "2019-06-30": 7, "2019-03-31": "6.00000", "2018-12-31": 6, "2018-09-30": -1, "2018-06-30": -2, "2018-03-31": "-10.00000", "2017-12-31": 0, "2017-09-30": 6, "2017-06-30": 1, "2017-03-31": "", "2016-12-31": -1, "2016-09-30": 1, "2016-06-30": 2, "2016-03-31": "", "2015-12-31": 7, "2015-09-30": -4, "2015-06-30": 0, "2015-03-31": "", "2014-12-31": 0, "2014-09-30": -2, "2014-06-30": 1, "2014-03-31": "", "2013-12-31": -1, "2013-09-30": -1, "2013-06-30": 116, "2013-03-31": "", "2012-12-31": 32, "2012-09-30": -1, "2012-06-30": -2, "2012-03-31": "", "2011-12-31": 0, "2011-09-30": 46, "2011-06-30": 2, "2011-03-31": "-6.00000", "2010-12-31": 58, "2010-09-30": -18, "2010-06-30": 7, "2010-03-31": "7.00000", "2009-12-31": 12, "2009-09-30": -67, "2009-06-30": 2, "2009-03-31": "3.00000", "2008-12-31": 9, "2008-09-30": 10, "2008-06-30": 2, "2008-03-31": "-30.00000", "2007-12-31": 19, "2007-09-30": 0, "2007-06-30": 0, "2007-03-31": "", "2006-12-31": -32.585, "2006-09-30": 5.616, "2006-06-30": 25.969, "2006-03-31": "", "2005-12-31": -67, "2005-09-30": 0, "2005-06-30": 0, "2005-03-31": "68.00000"}, "Cash Flow From Investing Activities": {"2020-09-30": -180, "2020-06-30": -238, "2020-03-31": "264.00000", "2019-12-31": -293, "2019-09-30": -16173, "2019-06-30": -100, "2019-03-31": "-36.00000", "2018-12-31": -806, "2018-09-30": -93, "2018-06-30": -95, "2018-03-31": "331.00000", "2017-12-31": -82, "2017-09-30": -381, "2017-06-30": -40, "2017-03-31": "-154.00000", "2016-12-31": -68, "2016-09-30": -78, "2016-06-30": -71, "2016-03-31": "-337.00000", "2015-12-31": -64, "2015-09-30": -93, "2015-06-30": -113, "2015-03-31": "-90.00000", "2014-12-31": -67, "2014-09-30": -70, "2014-06-30": -79, "2014-03-31": "-70.00000", "2013-12-31": -64, "2013-09-30": -74, "2013-06-30": 64, "2013-03-31": "-74.00000", "2012-12-31": -15, "2012-09-30": -24, "2012-06-30": -39, "2012-03-31": "-58.00000", "2011-12-31": -46, "2011-09-30": -462, "2011-06-30": -44, "2011-03-31": "-111.00000", "2010-12-31": 26, "2010-09-30": -64, "2010-06-30": -43, "2010-03-31": "-35.00000", "2009-12-31": -35, "2009-09-30": -120, "2009-06-30": -51, "2009-03-31": "-42.00000", "2008-12-31": -112, "2008-09-30": 472, "2008-06-30": -58, "2008-03-31": "-97.00000", "2007-12-31": -4262, "2007-09-30": -81, "2007-06-30": -34, "2007-03-31": "-89.00000", "2006-12-31": -51.007, "2006-09-30": -128.695, "2006-06-30": -86.392, "2006-03-31": "-81.90600", "2005-12-31": -9.04, "2005-09-30": -525.092, "2005-06-30": 319.45, "2005-03-31": "-326.31800"}, "Net Long-Term Debt": {"2020-09-30": -775, "2020-06-30": -199, "2020-03-31": "-208.00000", "2019-12-31": -817, "2019-09-30": 7928, "2019-06-30": 7969, "2019-03-31": "-93.00000", "2018-12-31": 663, "2018-09-30": 467, "2018-06-30": 201, "2018-03-31": "-297.00000", "2017-12-31": -211, "2017-09-30": 368, "2017-06-30": 93, "2017-03-31": "75.00000", "2016-12-31": -68, "2016-09-30": 73, "2016-06-30": 102, "2016-03-31": "156.00000", "2015-12-31": 80, "2015-09-30": -3, "2015-06-30": 288, "2015-03-31": "49.00000", "2014-12-31": -49, "2014-09-30": 0, "2014-06-30": 0, "2014-03-31": "", "2013-12-31": -83, "2013-09-30": -21, "2013-06-30": -96, "2013-03-31": "-138.00000", "2012-12-31": -221, "2012-09-30": 30, "2012-06-30": 18, "2012-03-31": "", "2011-12-31": -121, "2011-09-30": -157, "2011-06-30": 241, "2011-03-31": "", "2010-12-31": -378, "2010-09-30": 268, "2010-06-30": -76, "2010-03-31": "-126.00000", "2009-12-31": -141, "2009-09-30": -106, "2009-06-30": -127, "2009-03-31": "-101.00000", "2008-12-31": -155, "2008-09-30": -256, "2008-06-30": -260, "2008-03-31": "-632.00000", "2007-12-31": 4264, "2007-09-30": 70, "2007-06-30": 54, "2007-03-31": "74.00000", "2006-12-31": -86.768, "2006-09-30": 37.2, "2006-06-30": 25.204, "2006-03-31": "162.36400", "2005-12-31": 7.837, "2005-09-30": 98.008, "2005-06-30": -7.689, "2005-03-31": "-7.15600"}, "Net Current Debt": {"2020-09-30": -27, "2020-06-30": -8, "2020-03-31": "7.00000", "2019-12-31": 0, "2019-09-30": 0, "2019-06-30": 0, "2019-03-31": "", "2018-12-31": 0, "2018-09-30": 0, "2018-06-30": 0, "2018-03-31": "", "2017-12-31": 0, "2017-09-30": 0, "2017-06-30": 0, "2017-03-31": "", "2016-12-31": 0, "2016-09-30": 0, "2016-06-30": 0, "2016-03-31": "", "2015-12-31": 0, "2015-09-30": 0, "2015-06-30": 0, "2015-03-31": "", "2014-12-31": 0, "2014-09-30": 0, "2014-06-30": 0, "2014-03-31": "", "2013-12-31": 0, "2013-09-30": 0, "2013-06-30": 0, "2013-03-31": "", "2012-12-31": 0, "2012-09-30": 0, "2012-06-30": 0, "2012-03-31": "", "2011-12-31": 0, "2011-09-30": 0, "2011-06-30": 0, "2011-03-31": "", "2010-12-31": 0, "2010-09-30": 0, "2010-06-30": 0, "2010-03-31": "", "2009-12-31": 0, "2009-09-30": 0, "2009-06-30": 0, "2009-03-31": "", "2008-12-31": 0, "2008-09-30": 0, "2008-06-30": 0, "2008-03-31": "", "2007-12-31": 0, "2007-09-30": 0, "2007-06-30": 0, "2007-03-31": "", "2006-12-31": 0, "2006-09-30": 0, "2006-06-30": 0, "2006-03-31": "", "2005-12-31": 50, "2005-09-30": -50, "2005-06-30": 0, "2005-03-31": ""}, "Debt Issuance/Retirement Net - Total": {"2020-09-30": -802, "2020-06-30": -207, "2020-03-31": "-201.00000", "2019-12-31": -817, "2019-09-30": 7928, "2019-06-30": 7969, "2019-03-31": "-93.00000", "2018-12-31": 663, "2018-09-30": 467, "2018-06-30": 201, "2018-03-31": "-297.00000", "2017-12-31": -211, "2017-09-30": 368, "2017-06-30": 93, "2017-03-31": "75.00000", "2016-12-31": -68, "2016-09-30": 73, "2016-06-30": 102, "2016-03-31": "156.00000", "2015-12-31": 80, "2015-09-30": -3, "2015-06-30": 288, "2015-03-31": "49.00000", "2014-12-31": -49, "2014-09-30": 0, "2014-06-30": 0, "2014-03-31": "", "2013-12-31": -83, "2013-09-30": -21, "2013-06-30": -96, "2013-03-31": "-138.00000", "2012-12-31": -221, "2012-09-30": 30, "2012-06-30": 18, "2012-03-31": "", "2011-12-31": -121, "2011-09-30": -157, "2011-06-30": 241, "2011-03-31": "", "2010-12-31": -378, "2010-09-30": 268, "2010-06-30": -76, "2010-03-31": "-126.00000", "2009-12-31": -141, "2009-09-30": -106, "2009-06-30": -127, "2009-03-31": "-101.00000", "2008-12-31": -155, "2008-09-30": -256, "2008-06-30": -260, "2008-03-31": "-632.00000", "2007-12-31": 4264, "2007-09-30": 70, "2007-06-30": 54, "2007-03-31": "74.00000", "2006-12-31": -86.768, "2006-09-30": 37.2, "2006-06-30": 25.204, "2006-03-31": "162.36400", "2005-12-31": 57.837, "2005-09-30": 48.008, "2005-06-30": -7.689, "2005-03-31": "-7.15600"}, "Net Common Equity Issued/Repurchased": {"2020-09-30": -16, "2020-06-30": -566, "2020-03-31": "-922.00000", "2019-12-31": -250, "2019-09-30": -26, "2019-06-30": 22, "2019-03-31": "-151.00000", "2018-12-31": -677, "2018-09-30": -414, "2018-06-30": -381, "2018-03-31": "-399.00000", "2017-12-31": -194, "2017-09-30": -285, "2017-06-30": -290, "2017-03-31": "-376.00000", "2016-12-31": -261, "2016-09-30": -319, "2016-06-30": -257, "2016-03-31": "-329.00000", "2015-12-31": -445, "2015-09-30": -479, "2015-06-30": -224, "2015-03-31": "-303.00000", "2014-12-31": -349, "2014-09-30": -244, "2014-06-30": -179, "2014-03-31": "-323.00000", "2013-12-31": -111, "2013-09-30": -188, "2013-06-30": -176, "2013-03-31": "-54.00000", "2012-12-31": -38, "2012-09-30": -156, "2012-06-30": -136, "2012-03-31": "-208.00000", "2011-12-31": -39, "2011-09-30": -38, "2011-06-30": -163, "2011-03-31": "-220.00000", "2010-12-31": -138, "2010-09-30": -37, "2010-06-30": -126, "2010-03-31": "-50.00000", "2009-12-31": -32, "2009-09-30": -52, "2009-06-30": -31, "2009-03-31": "-15.00000", "2008-12-31": -194, "2008-09-30": -141, "2008-06-30": 9, "2008-03-31": "-78.00000", "2007-12-31": 9, "2007-09-30": -137, "2007-06-30": -163, "2007-03-31": "-128.00000", "2006-12-31": -130.515, "2006-09-30": -62.201, "2006-06-30": -113.529, "2006-03-31": "-217.75500", "2005-12-31": -193.221, "2005-09-30": -196.321, "2005-06-30": -138.425, "2005-03-31": "-97.03300"}, "Net Total Equity Issued/Repurchased": {"2020-09-30": -16, "2020-06-30": -566, "2020-03-31": "-922.00000", "2019-12-31": -250, "2019-09-30": -26, "2019-06-30": 22, "2019-03-31": "-151.00000", "2018-12-31": -677, "2018-09-30": -414, "2018-06-30": -381, "2018-03-31": "-399.00000", "2017-12-31": -194, "2017-09-30": -285, "2017-06-30": -290, "2017-03-31": "-376.00000", "2016-12-31": -261, "2016-09-30": -319, "2016-06-30": -257, "2016-03-31": "-329.00000", "2015-12-31": -445, "2015-09-30": -479, "2015-06-30": -224, "2015-03-31": "-303.00000", "2014-12-31": -349, "2014-09-30": -244, "2014-06-30": -179, "2014-03-31": "-323.00000", "2013-12-31": -111, "2013-09-30": -188, "2013-06-30": -176, "2013-03-31": "-54.00000", "2012-12-31": -38, "2012-09-30": -156, "2012-06-30": -136, "2012-03-31": "-208.00000", "2011-12-31": -39, "2011-09-30": -38, "2011-06-30": -163, "2011-03-31": "-220.00000", "2010-12-31": -138, "2010-09-30": -37, "2010-06-30": -126, "2010-03-31": "-50.00000", "2009-12-31": -32, "2009-09-30": -52, "2009-06-30": -31, "2009-03-31": "-15.00000", "2008-12-31": -194, "2008-09-30": -141, "2008-06-30": 9, "2008-03-31": "-78.00000", "2007-12-31": 9, "2007-09-30": -137, "2007-06-30": -163, "2007-03-31": "-128.00000", "2006-12-31": -130.515, "2006-09-30": -62.201, "2006-06-30": -113.529, "2006-03-31": "-217.75500", "2005-12-31": -193.221, "2005-09-30": -196.321, "2005-06-30": -138.425, "2005-03-31": "-97.03300"}, "Total Common And Preferred Stock Dividends Paid": {"2020-09-30": 0, "2020-06-30": 0, "2020-03-31": "", "2019-12-31": 0, "2019-09-30": 0, "2019-06-30": 0, "2019-03-31": "", "2018-12-31": 0, "2018-09-30": 0, "2018-06-30": 0, "2018-03-31": "", "2017-12-31": 0, "2017-09-30": 0, "2017-06-30": 0, "2017-03-31": "", "2016-12-31": 0, "2016-09-30": 0, "2016-06-30": 0, "2016-03-31": "", "2015-12-31": 0, "2015-09-30": 0, "2015-06-30": 0, "2015-03-31": "", "2014-12-31": 0, "2014-09-30": 0, "2014-06-30": 0, "2014-03-31": "", "2013-12-31": 0, "2013-09-30": 0, "2013-06-30": 0, "2013-03-31": "", "2012-12-31": 0, "2012-09-30": 0, "2012-06-30": 0, "2012-03-31": "", "2011-12-31": 0, "2011-09-30": 0, "2011-06-30": 0, "2011-03-31": "", "2010-12-31": 0, "2010-09-30": 0, "2010-06-30": 0, "2010-03-31": "", "2009-12-31": 0, "2009-09-30": 0, "2009-06-30": 0, "2009-03-31": "", "2008-12-31": 0, "2008-09-30": 0, "2008-06-30": 0, "2008-03-31": "", "2007-12-31": 0, "2007-09-30": 0, "2007-06-30": 0, "2007-03-31": "", "2006-12-31": 0, "2006-09-30": 0, "2006-06-30": 0, "2006-03-31": "", "2005-12-31": 0, "2005-09-30": 0, "2005-06-30": 0, "2005-03-31": ""}, "Financial Activities - Other": {"2020-09-30": -8, "2020-06-30": -52, "2020-03-31": "-11.00000", "2019-12-31": -93, "2019-09-30": -134, "2019-06-30": -108, "2019-03-31": "-56.00000", "2018-12-31": -9, "2018-09-30": -3, "2018-06-30": 7, "2018-03-31": "", "2017-12-31": 0, "2017-09-30": 0, "2017-06-30": 0, "2017-03-31": "", "2016-12-31": 5, "2016-09-30": 9, "2016-06-30": 28, "2016-03-31": "9.00000", "2015-12-31": 4, "2015-09-30": -1, "2015-06-30": 29, "2015-03-31": "", "2014-12-31": 3, "2014-09-30": 4, "2014-06-30": 3, "2014-03-31": "8.00000", "2013-12-31": -18, "2013-09-30": 5, "2013-06-30": 3, "2013-03-31": "4.00000", "2012-12-31": 4, "2012-09-30": -6, "2012-06-30": 3, "2012-03-31": "4.00000", "2011-12-31": 1, "2011-09-30": 0, "2011-06-30": -4, "2011-03-31": "2.00000", "2010-12-31": 0, "2010-09-30": -13, "2010-06-30": 0, "2010-03-31": "5.00000", "2009-12-31": 0, "2009-09-30": -1, "2009-06-30": 1, "2009-03-31": "4.00000", "2008-12-31": 5, "2008-09-30": 2, "2008-06-30": -10, "2008-03-31": "5.00000", "2007-12-31": -10, "2007-09-30": -2, "2007-06-30": 8, "2007-03-31": "-5.00000", "2006-12-31": 1.825, "2006-09-30": 4.654, "2006-06-30": 39.387, "2006-03-31": "-32.86600", "2005-12-31": -196.906, "2005-09-30": 139.176, "2005-06-30": -442.346, "2005-03-31": "499.07600"}, "Cash Flow From Financial Activities": {"2020-09-30": -826, "2020-06-30": -825, "2020-03-31": "-1134.00000", "2019-12-31": -1160, "2019-09-30": 7768, "2019-06-30": 7883, "2019-03-31": "-300.00000", "2018-12-31": -23, "2018-09-30": 50, "2018-06-30": -173, "2018-03-31": "-696.00000", "2017-12-31": -405, "2017-09-30": 83, "2017-06-30": -197, "2017-03-31": "-301.00000", "2016-12-31": -324, "2016-09-30": -237, "2016-06-30": -127, "2016-03-31": "-164.00000", "2015-12-31": -361, "2015-09-30": -483, "2015-06-30": 93, "2015-03-31": "-254.00000", "2014-12-31": -395, "2014-09-30": -240, "2014-06-30": -176, "2014-03-31": "-315.00000", "2013-12-31": -212, "2013-09-30": -204, "2013-06-30": -269, "2013-03-31": "-188.00000", "2012-12-31": -255, "2012-09-30": -132, "2012-06-30": -115, "2012-03-31": "-204.00000", "2011-12-31": -159, "2011-09-30": -195, "2011-06-30": 74, "2011-03-31": "-218.00000", "2010-12-31": -516, "2010-09-30": 218, "2010-06-30": -202, "2010-03-31": "-171.00000", "2009-12-31": -173, "2009-09-30": -159, "2009-06-30": -157, "2009-03-31": "-112.00000", "2008-12-31": -344, "2008-09-30": -395, "2008-06-30": -261, "2008-03-31": "-705.00000", "2007-12-31": 4263, "2007-09-30": -69, "2007-06-30": -101, "2007-03-31": "-59.00000", "2006-12-31": -215.458, "2006-09-30": -20.347, "2006-06-30": -48.938, "2006-03-31": "-88.25700", "2005-12-31": -332.29, "2005-09-30": -9.137, "2005-06-30": -588.46, "2005-03-31": "394.88700"}, "Net Cash Flow": {"2020-09-30": 44, "2020-06-30": -27, "2020-03-31": "1.00000", "2019-12-31": -137, "2019-09-30": -7371, "2019-06-30": 7989, "2019-03-31": "37.00000", "2018-12-31": -258, "2018-09-30": 325, "2018-06-30": -34, "2018-03-31": "57.00000", "2017-12-31": 0, "2017-09-30": 26, "2017-06-30": -9, "2017-03-31": "8.00000", "2016-12-31": -3, "2016-09-30": 40, "2016-06-30": -20, "2016-03-31": "8.00000", "2015-12-31": -34, "2015-09-30": -221, "2015-06-30": 234, "2015-03-31": "2.00000", "2014-12-31": -115, "2014-09-30": 80, "2014-06-30": 22, "2014-03-31": "-93.00000", "2013-12-31": 79, "2013-09-30": 1, "2013-06-30": -36, "2013-03-31": "-2.00000", "2012-12-31": 51, "2012-09-30": 5, "2012-06-30": -9, "2012-03-31": "-26.00000", "2011-12-31": 56, "2011-09-30": -394, "2011-06-30": 158, "2011-03-31": "-46.00000", "2010-12-31": -180, "2010-09-30": 405, "2010-06-30": -78, "2010-03-31": "53.00000", "2009-12-31": 85, "2009-09-30": -28, "2009-06-30": -1, "2009-03-31": "77.00000", "2008-12-31": -238, "2008-09-30": 259, "2008-06-30": -160, "2008-03-31": "74.00000", "2007-12-31": 164, "2007-09-30": 9, "2007-06-30": -17, "2007-03-31": "24.00000", "2006-12-31": -12.319, "2006-09-30": 11.906, "2006-06-30": -49.891, "2006-03-31": "20.30400", "2005-12-31": 162.114, "2005-09-30": -392.566, "2005-06-30": -153.149, "2005-03-31": "203.60100"}, "Stock-Based Compensation": {"2020-09-30": 84, "2020-06-30": 94, "2020-03-31": "108.00000", "2019-12-31": 108, "2019-09-30": 87, "2019-06-30": 15, "2019-03-31": "19.00000", "2018-12-31": 19, "2018-09-30": 18, "2018-06-30": 17, "2018-03-31": "19.00000", "2017-12-31": 15, "2017-09-30": 15, "2017-06-30": 17, "2017-03-31": "16.00000", "2016-12-31": 14, "2016-09-30": 15, "2016-06-30": 17, "2016-03-31": "22.00000", "2015-12-31": 14, "2015-09-30": 15, "2015-06-30": 18, "2015-03-31": "18.00000", "2014-12-31": 12, "2014-09-30": 10, "2014-06-30": 12, "2014-03-31": "15.00000", "2013-12-31": 9, "2013-09-30": 11, "2013-06-30": 12, "2013-03-31": "14.00000", "2012-12-31": 9, "2012-09-30": 10, "2012-06-30": 11, "2012-03-31": "14.00000", "2011-12-31": 10, "2011-09-30": 8, "2011-06-30": 9, "2011-03-31": "12.00000", "2010-12-31": 10, "2010-09-30": 9, "2010-06-30": 10, "2010-03-31": "10.00000", "2009-12-31": 8, "2009-09-30": 8, "2009-06-30": 9, "2009-03-31": "11.00000", "2008-12-31": 8, "2008-09-30": 8, "2008-06-30": 10, "2008-03-31": "8.00000", "2007-12-31": 4, "2007-09-30": 3, "2007-06-30": 5, "2007-03-31": "11.00000", "2006-12-31": 2.722, "2006-09-30": 4.544, "2006-06-30": 4.94, "2006-03-31": "13.79400", "2005-12-31": 1.421, "2005-09-30": 1.368, "2005-06-30": 0.364, "2005-03-31": "0.84700"}, "Common Stock Dividends Paid": {"2020-09-30": 0, "2020-06-30": 0, "2020-03-31": "", "2019-12-31": 0, "2019-09-30": 0, "2019-06-30": 0, "2019-03-31": "", "2018-12-31": 0, "2018-09-30": 0, "2018-06-30": 0, "2018-03-31": "", "2017-12-31": 0, "2017-09-30": 0, "2017-06-30": 0, "2017-03-31": "", "2016-12-31": 0, "2016-09-30": 0, "2016-06-30": 0, "2016-03-31": "", "2015-12-31": 0, "2015-09-30": 0, "2015-06-30": 0, "2015-03-31": "", "2014-12-31": 0, "2014-09-30": 0, "2014-06-30": 0, "2014-03-31": "", "2013-12-31": 0, "2013-09-30": 0, "2013-06-30": 0, "2013-03-31": "", "2012-12-31": 0, "2012-09-30": 0, "2012-06-30": 0, "2012-03-31": "", "2011-12-31": 0, "2011-09-30": 0, "2011-06-30": 0, "2011-03-31": "", "2010-12-31": 0, "2010-09-30": 0, "2010-06-30": 0, "2010-03-31": "", "2009-12-31": 0, "2009-09-30": 0, "2009-06-30": 0, "2009-03-31": "", "2008-12-31": 0, "2008-09-30": 0, "2008-06-30": 0, "2008-03-31": "", "2007-12-31": 0, "2007-09-30": 0, "2007-06-30": 0, "2007-03-31": "", "2006-12-31": 0, "2006-09-30": 0, "2006-06-30": 0, "2006-03-31": "", "2005-12-31": 0, "2005-09-30": 0, "2005-06-30": 0, "2005-03-31": ""}}, "financial ratios": {"Current Ratio": {"2019-12-31": "1.08390", "2018-12-31": "1.10650", "2017-12-31": "1.01910", "2016-12-31": "0.94950", "2015-12-31": "1.00270", "2014-12-31": "0.97170", "2013-12-31": "1.18020", "2012-12-31": "1.30590", "2011-12-31": "0.97980", "2010-12-31": "1.59030", "2009-12-31": "1.09990", "2008-12-31": "1.07940", "2007-12-31": "1.13040", "2006-12-31": "1.22110", "2005-12-31": "1.02010"}, "Long-term Debt / Capital": {"2019-12-31": "0.38450", "2018-12-31": "0.72200", "2017-12-31": "0.64200", "2016-12-31": "0.63740", "2015-12-31": "0.61720", "2014-12-31": "0.52880", "2013-12-31": "0.51160", "2012-12-31": "0.48580", "2011-12-31": "0.49680", "2010-12-31": "0.50940", "2009-12-31": "0.52780", "2008-12-31": "0.59750", "2007-12-31": "0.66490", "2006-12-31": "0.23490", "2005-12-31": "0.19450"}, "Debt/Equity Ratio": {"2019-12-31": "0.63300", "2018-12-31": "2.59880", "2017-12-31": "1.79420", "2016-12-31": "1.79540", "2015-12-31": "1.61390", "2014-12-31": "1.15020", "2013-12-31": "1.07340", "2012-12-31": "0.94530", "2011-12-31": "1.04210", "2010-12-31": "1.03930", "2009-12-31": "1.20320", "2008-12-31": "1.58250", "2007-12-31": "2.19090", "2006-12-31": "0.30710", "2005-12-31": "0.24150"}, "Gross Margin": {"2019-12-31": "47.88460", "2018-12-31": "47.29520", "2017-12-31": "46.91010", "2016-12-31": "46.24890", "2015-12-31": "46.24890", "2014-12-31": "43.13070", "2013-12-31": "42.33490", "2012-12-31": "42.20020", "2011-12-31": "41.61810", "2010-12-31": "42.26950", "2009-12-31": "41.62370", "2008-12-31": "37.51910", "2007-12-31": "33.96790", "2006-12-31": "31.94130", "2005-12-31": "33.04540"}, "Operating Margin": {"2019-12-31": "15.79460", "2018-12-31": "30.10480", "2017-12-31": "26.89610", "2016-12-31": "26.24890", "2015-12-31": "26.24890", "2014-12-31": "23.88470", "2013-12-31": "22.03990", "2012-12-31": "23.62490", "2011-12-31": "23.08230", "2010-12-31": "24.36490", "2009-12-31": "23.20330", "2008-12-31": "19.79510", "2007-12-31": "20.01630", "2006-12-31": "18.82050", "2005-12-31": "20.42580"}, "EBIT Margin": {"2019-12-31": "15.79460", "2018-12-31": "30.10480", "2017-12-31": "26.89610", "2016-12-31": "26.24890", "2015-12-31": "26.24890", "2014-12-31": "23.88470", "2013-12-31": "22.03990", "2012-12-31": "23.62490", "2011-12-31": "23.08230", "2010-12-31": "24.36490", "2009-12-31": "23.20330", "2008-12-31": "19.79510", "2007-12-31": "20.01630", "2006-12-31": "18.82050", "2005-12-31": "20.42580"}, "EBITDA Margin": {"2019-12-31": "33.24830", "2018-12-31": "39.65310", "2017-12-31": "34.69100", "2016-12-31": "33.89650", "2015-12-31": "33.82380", "2014-12-31": "31.85950", "2013-12-31": "30.41130", "2012-12-31": "31.51490", "2011-12-31": "31.12610", "2010-12-31": "32.56710", "2009-12-31": "31.37110", "2008-12-31": "27.42530", "2007-12-31": "24.80280", "2006-12-31": "23.53270", "2005-12-31": "25.08490"}, "Pre-Tax Profit Margin": {"2019-12-31": "10.63120", "2018-12-31": "26.70450", "2017-12-31": "23.84130", "2016-12-31": "23.16080", "2015-12-31": "23.16080", "2014-12-31": "20.66720", "2013-12-31": "18.65390", "2012-12-31": "19.86020", "2011-12-31": "16.85710", "2010-12-31": "19.18700", "2009-12-31": "18.00340", "2008-12-31": "13.95250", "2007-12-31": "18.13980", "2006-12-31": "17.66370", "2005-12-31": "22.46220"}, "Net Profit Margin": {"2019-12-31": "8.76610", "2018-12-31": "20.38470", "2017-12-31": "21.87500", "2016-12-31": "16.89370", "2015-12-31": "16.89370", "2014-12-31": "14.88350", "2013-12-31": "13.46070", "2012-12-31": "13.77370", "2011-12-31": "11.00490", "2010-12-31": "12.00100", "2009-12-31": "11.67530", "2008-12-31": "12.40460", "2007-12-31": "11.93910", "2006-12-31": "12.69750", "2005-12-31": "15.92100"}, "Asset Turnover": {"2019-12-31": "0.13140", "2018-12-31": "0.51700", "2017-12-31": "0.55360", "2016-12-31": "0.56500", "2015-12-31": "0.58940", "2014-12-31": "0.54430", "2013-12-31": "0.50600", "2012-12-31": "0.52210", "2011-12-31": "0.50180", "2010-12-31": "0.49910", "2009-12-31": "0.48660", "2008-12-31": "0.49160", "2007-12-31": "0.31040", "2006-12-31": "0.56690", "2005-12-31": "0.53660"}, "Inventory Turnover Ratio": {"2019-12-31": "", "2018-12-31": "", "2017-12-31": "", "2016-12-31": "", "2015-12-31": "", "2014-12-31": "", "2013-12-31": "", "2012-12-31": "", "2011-12-31": "", "2010-12-31": "", "2009-12-31": "", "2008-12-31": "", "2007-12-31": "", "2006-12-31": "", "2005-12-31": ""}, "Receiveable Turnover": {"2019-12-31": "0.69540", "2018-12-31": "3.79350", "2017-12-31": "5.71310", "2016-12-31": "6.10310", "2015-12-31": "6.86410", "2014-12-31": "6.34840", "2013-12-31": "6.41010", "2012-12-31": "6.71100", "2011-12-31": "6.43990", "2010-12-31": "7.22550", "2009-12-31": "7.35920", "2008-12-31": "7.76140", "2007-12-31": "4.39830", "2006-12-31": "7.00400", "2005-12-31": "6.27130"}, "Days Sales In Receivables": {"2019-12-31": "524.90920", "2018-12-31": "96.21760", "2017-12-31": "63.88780", "2016-12-31": "59.80560", "2015-12-31": "53.17530", "2014-12-31": "57.49510", "2013-12-31": "56.94120", "2012-12-31": "54.38800", "2011-12-31": "56.67760", "2010-12-31": "50.51540", "2009-12-31": "49.59770", "2008-12-31": "47.02750", "2007-12-31": "82.98610", "2006-12-31": "52.11340", "2005-12-31": "58.20200"}, "ROE - Return On Equity": {"2019-12-31": "2.64200", "2018-12-31": "51.76630", "2017-12-31": "45.11170", "2016-12-31": "36.59980", "2015-12-31": "34.96240", "2014-12-31": "22.88320", "2013-12-31": "18.13110", "2012-12-31": "17.32510", "2011-12-31": "14.94780", "2010-12-31": "15.67050", "2009-12-31": "15.63120", "2008-12-31": "13.80110", "2007-12-31": "16.70050", "2006-12-31": "16.07590", "2005-12-31": "18.41230"}, "Return On Tangible Equity": {"2019-12-31": "-4.78910", "2018-12-31": "-21.37970", "2017-12-31": "-25.98610", "2016-12-31": "-19.93570", "2015-12-31": "-21.07890", "2014-12-31": "-19.24940", "2013-12-31": "-17.22770", "2012-12-31": "-19.52510", "2011-12-31": "-14.56780", "2010-12-31": "-16.71620", "2009-12-31": "-14.11520", "2008-12-31": "-9.21730", "2007-12-31": "-8.87930", "2006-12-31": "-458.82350", "2005-12-31": "-120.24270"}, "ROA - Return On Assets": {"2019-12-31": "1.17880", "2018-12-31": "10.53990", "2017-12-31": "11.97400", "2016-12-31": "9.54530", "2015-12-31": "9.95720", "2014-12-31": "8.10060", "2013-12-31": "6.83280", "2012-12-31": "6.96720", "2011-12-31": "5.69720", "2010-12-31": "6.11040", "2009-12-31": "5.64570", "2008-12-31": "3.83670", "2007-12-31": "3.47800", "2006-12-31": "6.23800", "2005-12-31": "7.51720"}, "ROI - Return On Investment": {"2019-12-31": "1.62610", "2018-12-31": "14.39140", "2017-12-31": "16.15100", "2016-12-31": "13.27060", "2015-12-31": "13.38520", "2014-12-31": "10.78220", "2013-12-31": "8.85440", "2012-12-31": "8.90900", "2011-12-31": "7.52240", "2010-12-31": "7.68760", "2009-12-31": "7.38140", "2008-12-31": "5.55560", "2007-12-31": "5.59630", "2006-12-31": "12.29900", "2005-12-31": "14.83120"}, "Book Value Per Share": {"2019-12-31": "50.88250", "2018-12-31": "5.84200", "2017-12-31": "6.57910", "2016-12-31": "5.89560", "2015-12-31": "5.90320", "2014-12-31": "6.85600", "2013-12-31": "6.98290", "2012-12-31": "6.40130", "2011-12-31": "5.81370", "2010-12-31": "5.49520", "2009-12-31": "4.93800", "2008-12-31": "4.15970", "2007-12-31": "3.73560", "2006-12-31": "3.54470", "2005-12-31": "3.39160"}, "Operating Cash Flow Per Share": {"2019-12-31": 1.5968, "2018-12-31": 0.3131, "2017-12-31": 0.2428, "2016-12-31": 0.1898, "2015-12-31": 0.4197, "2014-12-31": 0.6338, "2013-12-31": 0.4505, "2012-12-31": -0.1366, "2011-12-31": 0.0596, "2010-12-31": 0.2114, "2009-12-31": 0.1933, "2008-12-31": 0.364, "2007-12-31": 0.0481, "2006-12-31": 0.0722, "2005-12-31": 0.6898}, "Free Cash Flow Per Share": {"2019-12-31": 1.0873, "2018-12-31": 0.1083, "2017-12-31": 0.225, "2016-12-31": 0.3439, "2015-12-31": 0.1958, "2014-12-31": 0.4995, "2013-12-31": 0.3579, "2012-12-31": -0.158, "2011-12-31": 0.0185, "2010-12-31": 0.2415, "2009-12-31": 0.1783, "2008-12-31": 0.2856, "2007-12-31": 0.0484, "2006-12-31": 0.0314, "2005-12-31": 0.5052}}, "financial ratios, quarterly": {"Current Ratio": {"2020-09-30": "1.05750", "2020-06-30": "1.04310", "2020-03-31": "1.06720", "2019-12-31": "1.08390", "2019-09-30": "1.07980", "2019-06-30": "4.97030", "2019-03-31": "1.07310", "2018-12-31": "1.10650", "2018-09-30": "1.00780", "2018-06-30": "1.09000", "2018-03-31": "1.05050", "2017-12-31": "1.01910", "2017-09-30": "1.01080", "2017-06-30": "0.95610", "2017-03-31": "0.90220", "2016-12-31": "0.94950", "2016-09-30": "1.03360", "2016-06-30": "1.02340", "2016-03-31": "0.95720", "2015-12-31": "1.00270", "2015-09-30": "1.08500", "2015-06-30": "1.28290", "2015-03-31": "0.99800", "2014-12-31": "0.97170", "2014-09-30": "1.13030", "2014-06-30": "1.11480", "2014-03-31": "1.07580", "2013-12-31": "1.18020", "2013-09-30": "1.24350", "2013-06-30": "1.23960", "2013-03-31": "1.22100", "2012-12-31": "1.30590", "2012-09-30": "1.26070", "2012-06-30": "1.03890", "2012-03-31": "0.97270", "2011-12-31": "0.97980", "2011-09-30": "1.16220", "2011-06-30": "1.31980", "2011-03-31": "1.42280", "2010-12-31": "1.59030", "2010-09-30": "1.55570", "2010-06-30": "1.35460", "2010-03-31": "1.25660", "2009-12-31": "1.09990", "2009-09-30": "1.25550", "2009-06-30": "1.16400", "2009-03-31": "1.07210", "2008-12-31": "1.07940", "2008-09-30": "1.35090", "2008-06-30": "1.12490", "2008-03-31": "1.06630", "2007-12-31": "1.13040", "2007-09-30": "1.09640", "2007-06-30": "1.08400", "2007-03-31": "1.10870", "2006-12-31": "1.22110", "2006-09-30": "1.11200", "2006-06-30": "1.05800", "2006-03-31": "1.02330", "2005-12-31": "1.02010", "2005-09-30": "0.95950", "2005-06-30": "1.30180", "2005-03-31": "1.35430"}, "Long-term Debt / Capital": {"2020-09-30": "0.39180", "2020-06-30": "0.39450", "2020-03-31": "0.39390", "2019-12-31": "0.38450", "2019-09-30": "0.39590", "2019-06-30": "0.84370", "2019-03-31": "0.71020", "2018-12-31": "0.72200", "2018-09-30": "0.64440", "2018-06-30": "0.62770", "2018-03-31": "0.60770", "2017-12-31": "0.64200", "2017-09-30": "0.68110", "2017-06-30": "0.66020", "2017-03-31": "0.65230", "2016-12-31": "0.63740", "2016-09-30": "0.64280", "2016-06-30": "0.63250", "2016-03-31": "0.62350", "2015-12-31": "0.61720", "2015-09-30": "0.59590", "2015-06-30": "0.57380", "2015-03-31": "0.53860", "2014-12-31": "0.52880", "2014-09-30": "0.52040", "2014-06-30": "0.51940", "2014-03-31": "0.52170", "2013-12-31": "0.51160", "2013-09-30": "0.53170", "2013-06-30": "0.53290", "2013-03-31": "0.53650", "2012-12-31": "0.48580", "2012-09-30": "0.51410", "2012-06-30": "0.49880", "2012-03-31": "0.50020", "2011-12-31": "0.49680", "2011-09-30": "0.52720", "2011-06-30": "0.52050", "2011-03-31": "0.51650", "2010-12-31": "0.50940", "2010-09-30": "0.51680", "2010-06-30": "0.52000", "2010-03-31": "0.52020", "2009-12-31": "0.52780", "2009-09-30": "0.56420", "2009-06-30": "0.56950", "2009-03-31": "0.58080", "2008-12-31": "0.59750", "2008-09-30": "0.60500", "2008-06-30": "0.59890", "2008-03-31": "0.61540", "2007-12-31": "0.66490", "2007-09-30": "0.27670", "2007-06-30": "0.26890", "2007-03-31": "0.25280", "2006-12-31": "0.23490", "2006-09-30": "0.25310", "2006-06-30": "0.24640", "2006-03-31": "0.24130", "2005-12-31": "0.19450", "2005-09-30": "0.19070", "2005-06-30": "0.16060", "2005-03-31": "0.16190"}, "Debt/Equity Ratio": {"2020-09-30": "0.65560", "2020-06-30": "0.66230", "2020-03-31": "0.66000", "2019-12-31": "0.63300", "2019-09-30": "0.66620", "2019-06-30": "5.40300", "2019-03-31": "2.45410", "2018-12-31": "2.59880", "2018-09-30": "1.98230", "2018-06-30": "1.68630", "2018-03-31": "1.54960", "2017-12-31": "1.79420", "2017-09-30": "2.17490", "2017-06-30": "1.98290", "2017-03-31": "1.91340", "2016-12-31": "1.79540", "2016-09-30": "1.80230", "2016-06-30": "1.72370", "2016-03-31": "1.65760", "2015-12-31": "1.61390", "2015-09-30": "1.47610", "2015-06-30": "1.34780", "2015-03-31": "1.19700", "2014-12-31": "1.15020", "2014-09-30": "1.11150", "2014-06-30": "1.10730", "2014-03-31": "1.11760", "2013-12-31": "1.07340", "2013-09-30": "1.13610", "2013-06-30": "1.14150", "2013-03-31": "1.15790", "2012-12-31": "0.94530", "2012-09-30": "1.05860", "2012-06-30": "1.04980", "2012-03-31": "1.05630", "2011-12-31": "1.04210", "2011-09-30": "1.11610", "2011-06-30": "1.18370", "2011-03-31": "1.06920", "2010-12-31": "1.03930", "2010-09-30": "1.14810", "2010-06-30": "1.10190", "2010-03-31": "1.12700", "2009-12-31": "1.20320", "2009-09-30": "1.29620", "2009-06-30": "1.36810", "2009-03-31": "1.47970", "2008-12-31": "1.58250", "2008-09-30": "1.53480", "2008-06-30": "1.58570", "2008-03-31": "1.77410", "2007-12-31": "2.19090", "2007-09-30": "0.40810", "2007-06-30": "0.36780", "2007-03-31": "0.33830", "2006-12-31": "0.30710", "2006-09-30": "0.33880", "2006-06-30": "0.32690", "2006-03-31": "0.31800", "2005-12-31": "0.24150", "2005-09-30": "0.25570", "2005-06-30": "0.23030", "2005-03-31": "0.23180"}, "Gross Margin": {"2020-09-30": "50.66030", "2020-06-30": "44.58880", "2020-03-31": "42.50470", "2019-12-31": "47.86160", "2019-09-30": "48.30560", "2019-06-30": "48.08200", "2019-03-31": "46.87080", "2018-12-31": "47.00190", "2018-09-30": "46.95470", "2018-06-30": "47.95770", "2018-03-31": "47.29170", "2017-12-31": "66.88650", "2017-09-30": "46.71430", "2017-06-30": "26.11830", "2017-03-31": "46.05450", "2016-12-31": "46.82040", "2016-09-30": "46.59420", "2016-06-30": "46.66180", "2016-03-31": "44.85350", "2015-12-31": "49.78380", "2015-09-30": "45.69690", "2015-06-30": "45.30050", "2015-03-31": "43.29410", "2014-12-31": "42.85710", "2014-09-30": "44.18050", "2014-06-30": "43.89470", "2014-03-31": "41.57210", "2013-12-31": "44.57640", "2013-09-30": "43.04750", "2013-06-30": "43.23870", "2013-03-31": "38.19450", "2012-12-31": "43.31880", "2012-09-30": "42.54740", "2012-06-30": "42.41030", "2012-03-31": "40.47400", "2011-12-31": "43.84550", "2011-09-30": "40.63970", "2011-06-30": "41.40850", "2011-03-31": "40.45800", "2010-12-31": "43.13540", "2010-09-30": "42.53660", "2010-06-30": "42.66150", "2010-03-31": "40.67460", "2009-12-31": "42.46700", "2009-09-30": "41.63310", "2009-06-30": "41.00000", "2009-03-31": "41.34900", "2008-12-31": "44.26920", "2008-09-30": "40.07710", "2008-06-30": "34.28790", "2008-03-31": "33.76720", "2007-12-31": "36.43680", "2007-09-30": "33.76620", "2007-06-30": "33.54630", "2007-03-31": "32.30930", "2006-12-31": "28.03470", "2006-09-30": "28.53270", "2006-06-30": "29.70580", "2006-03-31": "30.87590", "2005-12-31": "51.31830", "2005-09-30": "29.77110", "2005-06-30": "31.46800", "2005-03-31": "31.98140"}, "Operating Margin": {"2020-09-30": "14.31590", "2020-06-30": "4.76190", "2020-03-31": "16.68880", "2019-12-31": "11.81710", "2019-09-30": "11.95650", "2019-06-30": "25.39680", "2019-03-31": "24.83360", "2018-12-31": "27.78850", "2018-09-30": "25.21250", "2018-06-30": "25.21130", "2018-03-31": "42.22220", "2017-12-31": "28.03430", "2017-09-30": "26.42860", "2017-06-30": "26.83980", "2017-03-31": "26.18360", "2016-12-31": "26.20550", "2016-09-30": "26.73910", "2016-06-30": "26.55910", "2016-03-31": "25.46960", "2015-12-31": "28.59790", "2015-09-30": "26.04720", "2015-06-30": "25.11560", "2015-03-31": "24.62750", "2014-12-31": "24.08820", "2014-09-30": "24.94060", "2014-06-30": "24.50120", "2014-03-31": "21.96110", "2013-12-31": "23.51540", "2013-09-30": "23.31390", "2013-06-30": "22.78800", "2013-03-31": "18.31600", "2012-12-31": "25.06550", "2012-09-30": "23.93860", "2012-06-30": "23.64310", "2012-03-31": "21.78670", "2011-12-31": "24.70800", "2011-09-30": "22.85980", "2011-06-30": "23.56810", "2011-03-31": "21.08780", "2010-12-31": "24.76810", "2010-09-30": "24.48780", "2010-06-30": "24.55970", "2010-03-31": "23.61110", "2009-12-31": "24.10550", "2009-09-30": "23.28630", "2009-06-30": "23.40000", "2009-03-31": "21.99410", "2008-12-31": "24.60570", "2008-09-30": "20.90560", "2008-06-30": "17.56970", "2008-03-31": "17.61100", "2007-12-31": "21.26440", "2007-09-30": "20.77920", "2007-06-30": "19.38230", "2007-03-31": "18.75000", "2006-12-31": "15.14510", "2006-09-30": "16.06920", "2006-06-30": "16.69680", "2006-03-31": "17.59450", "2005-12-31": "18.41950", "2005-09-30": "16.95450", "2005-06-30": "18.79170", "2005-03-31": "19.32110"}, "EBIT Margin": {"2020-09-30": "14.31590", "2020-06-30": "4.76190", "2020-03-31": "16.68880", "2019-12-31": "11.81710", "2019-09-30": "11.95650", "2019-06-30": "25.39680", "2019-03-31": "24.83360", "2018-12-31": "27.78850", "2018-09-30": "25.21250", "2018-06-30": "25.21130", "2018-03-31": "42.22220", "2017-12-31": "28.03430", "2017-09-30": "26.42860", "2017-06-30": "26.83980", "2017-03-31": "26.18360", "2016-12-31": "26.20550", "2016-09-30": "26.73910", "2016-06-30": "26.55910", "2016-03-31": "25.46960", "2015-12-31": "28.59790", "2015-09-30": "26.04720", "2015-06-30": "25.11560", "2015-03-31": "24.62750", "2014-12-31": "24.08820", "2014-09-30": "24.94060", "2014-06-30": "24.50120", "2014-03-31": "21.96110", "2013-12-31": "23.51540", "2013-09-30": "23.31390", "2013-06-30": "22.78800", "2013-03-31": "18.31600", "2012-12-31": "25.06550", "2012-09-30": "23.93860", "2012-06-30": "23.64310", "2012-03-31": "21.78670", "2011-12-31": "24.70800", "2011-09-30": "22.85980", "2011-06-30": "23.56810", "2011-03-31": "21.08780", "2010-12-31": "24.76810", "2010-09-30": "24.48780", "2010-06-30": "24.55970", "2010-03-31": "23.61110", "2009-12-31": "24.10550", "2009-09-30": "23.28630", "2009-06-30": "23.40000", "2009-03-31": "21.99410", "2008-12-31": "24.60570", "2008-09-30": "20.90560", "2008-06-30": "17.56970", "2008-03-31": "17.61100", "2007-12-31": "21.26440", "2007-09-30": "20.77920", "2007-06-30": "19.38230", "2007-03-31": "18.75000", "2006-12-31": "15.14510", "2006-09-30": "16.06920", "2006-06-30": "16.69680", "2006-03-31": "17.59450", "2005-12-31": "18.41950", "2005-09-30": "16.95450", "2005-06-30": "18.79170", "2005-03-31": "19.32110"}, "EBITDA Margin": {"2020-09-30": "", "2020-06-30": "", "2020-03-31": "", "2019-12-31": "", "2019-09-30": "", "2019-06-30": "", "2019-03-31": "", "2018-12-31": "", "2018-09-30": "", "2018-06-30": "", "2018-03-31": "", "2017-12-31": "", "2017-09-30": "", "2017-06-30": "", "2017-03-31": "", "2016-12-31": "", "2016-09-30": "", "2016-06-30": "", "2016-03-31": "", "2015-12-31": "", "2015-09-30": "", "2015-06-30": "", "2015-03-31": "", "2014-12-31": "", "2014-09-30": "", "2014-06-30": "", "2014-03-31": "", "2013-12-31": "", "2013-09-30": "", "2013-06-30": "", "2013-03-31": "", "2012-12-31": "", "2012-09-30": "", "2012-06-30": "", "2012-03-31": "", "2011-12-31": "", "2011-09-30": "", "2011-06-30": "", "2011-03-31": "", "2010-12-31": "", "2010-09-30": "", "2010-06-30": "", "2010-03-31": "", "2009-12-31": "", "2009-09-30": "", "2009-06-30": "", "2009-03-31": "", "2008-12-31": "", "2008-09-30": "", "2008-06-30": "", "2008-03-31": "", "2007-12-31": "", "2007-09-30": "", "2007-06-30": "", "2007-03-31": "", "2006-12-31": "", "2006-09-30": "", "2006-06-30": "", "2006-03-31": "", "2005-12-31": "", "2005-09-30": "", "2005-06-30": "", "2005-03-31": ""}, "Pre-Tax Profit Margin": {"2020-09-30": "10.06340", "2020-06-30": "-0.23090", "2020-03-31": "12.25790", "2019-12-31": "6.87270", "2019-09-30": "8.18410", "2019-06-30": "19.24600", "2019-03-31": "17.17710", "2018-12-31": "23.98450", "2018-09-30": "21.52980", "2018-06-30": "22.25350", "2018-03-31": "39.09720", "2017-12-31": "25.06600", "2017-09-30": "23.21430", "2017-06-30": "23.80950", "2017-03-31": "23.17070", "2016-12-31": "23.27040", "2016-09-30": "23.76810", "2016-06-30": "23.62440", "2016-03-31": "21.93840", "2015-12-31": "31.37740", "2015-09-30": "22.92460", "2015-06-30": "14.79200", "2015-03-31": "21.49020", "2014-12-31": "20.97260", "2014-09-30": "21.69440", "2014-06-30": "21.30890", "2014-03-31": "18.63860", "2013-12-31": "20.34840", "2013-09-30": "19.90010", "2013-06-30": "19.36560", "2013-03-31": "14.75690", "2012-12-31": "21.74670", "2012-09-30": "19.60250", "2012-06-30": "20.14720", "2012-03-31": "17.86690", "2011-12-31": "20.75470", "2011-09-30": "16.36880", "2011-06-30": "13.33330", "2011-03-31": "16.79390", "2010-12-31": "17.90350", "2010-09-30": "19.70730", "2010-06-30": "20.05870", "2010-03-31": "19.14680", "2009-12-31": "19.30320", "2009-09-30": "18.04440", "2009-06-30": "17.90000", "2009-03-31": "16.71550", "2008-12-31": "14.09040", "2008-09-30": "17.24470", "2008-06-30": "12.84830", "2008-03-31": "12.32770", "2007-12-31": "17.01150", "2007-09-30": "19.48050", "2007-06-30": "18.21090", "2007-03-31": "17.79660", "2006-12-31": "14.38290", "2006-09-30": "15.03740", "2006-06-30": "15.71800", "2006-03-31": "17.03770", "2005-12-31": "21.89480", "2005-09-30": "16.61550", "2005-06-30": "18.66320", "2005-03-31": "23.41000"}, "Net Profit Margin": {"2020-09-30": "6.97310", "2020-06-30": "0.05770", "2020-03-31": "10.40060", "2019-12-31": "6.10630", "2019-09-30": "6.32990", "2019-06-30": "14.74870", "2019-03-31": "14.98000", "2018-12-31": "18.43970", "2018-09-30": "16.07650", "2018-06-30": "17.67610", "2018-03-31": "29.37500", "2017-12-31": "36.01580", "2017-09-30": "16.57140", "2017-06-30": "15.94520", "2017-03-31": "17.71880", "2016-12-31": "15.02450", "2016-09-30": "15.50730", "2016-06-30": "15.55390", "2016-03-31": "21.71300", "2015-12-31": "25.13900", "2015-09-30": "16.60320", "2015-06-30": "9.78430", "2015-03-31": "13.96080", "2014-12-31": "13.75380", "2014-09-30": "18.92320", "2014-06-30": "13.24820", "2014-03-31": "13.61430", "2013-12-31": "17.49800", "2013-09-30": "13.23900", "2013-06-30": "12.60430", "2013-03-31": "10.15630", "2012-12-31": "15.63320", "2012-09-30": "12.55650", "2012-06-30": "14.81140", "2012-03-31": "12.03280", "2011-12-31": "12.84820", "2011-09-30": "11.94730", "2011-06-30": "8.45070", "2011-03-31": "10.68700", "2010-12-31": "10.76070", "2010-09-30": "12.87810", "2010-06-30": "12.42660", "2010-03-31": "12.00400", "2009-12-31": "11.11110", "2009-09-30": "11.59270", "2009-06-30": "14.00000", "2009-03-31": "10.06840", "2008-12-31": "6.51950", "2008-09-30": "7.51450", "2008-06-30": "7.73990", "2008-03-31": "25.19140", "2007-12-31": "11.03450", "2007-09-30": "13.09520", "2007-06-30": "11.50160", "2007-03-31": "12.07630", "2006-12-31": "8.84550", "2006-09-30": "9.80720", "2006-06-30": "11.12720", "2006-03-31": "10.59670", "2005-12-31": "13.95500", "2005-09-30": "11.16390", "2005-06-30": "11.44060", "2005-03-31": "14.28670"}, "Asset Turnover": {"2020-09-30": "0.05230", "2020-06-30": "0.04490", "2020-03-31": "0.05190", "2019-12-31": "0.05220", "2019-09-30": "0.04020", "2019-06-30": "0.07700", "2019-03-31": "0.12860", "2018-12-31": "0.13770", "2018-09-30": "0.13140", "2018-06-30": "0.13900", "2018-03-31": "0.14160", "2017-12-31": "0.14730", "2017-09-30": "0.13730", "2017-06-30": "0.14310", "2017-03-31": "0.14380", "2016-12-31": "0.14690", "2016-09-30": "0.14320", "2016-06-30": "0.14300", "2016-03-31": "0.13930", "2015-12-31": "0.17330", "2015-09-30": "0.13990", "2015-06-30": "0.13540", "2015-03-31": "0.13660", "2014-12-31": "0.14140", "2014-09-30": "0.13380", "2014-06-30": "0.13330", "2014-03-31": "0.13030", "2013-12-31": "0.13280", "2013-09-30": "0.12700", "2013-06-30": "0.12700", "2013-03-31": "0.12050", "2012-12-31": "0.13480", "2012-09-30": "0.13100", "2012-06-30": "0.12920", "2012-03-31": "0.12930", "2011-12-31": "0.13020", "2011-09-30": "0.12580", "2011-06-30": "0.12680", "2011-03-31": "0.12690", "2010-12-31": "0.13020", "2010-09-30": "0.11900", "2010-06-30": "0.12490", "2010-03-31": "0.12130", "2009-12-31": "0.12680", "2009-09-30": "0.10910", "2009-06-30": "0.10880", "2009-03-31": "0.10960", "2008-12-31": "0.10190", "2008-09-30": "0.10830", "2008-06-30": "0.12790", "2008-03-31": "0.12410", "2007-12-31": "0.07340", "2007-09-30": "0.14720", "2007-06-30": "0.14550", "2007-03-31": "0.14840", "2006-12-31": "0.19160", "2006-09-30": "0.18210", "2006-06-30": "0.16340", "2006-03-31": "0.18010", "2005-12-31": "0.17850", "2005-09-30": "0.16550", "2005-06-30": "0.16730", "2005-03-31": "0.15000"}, "Inventory Turnover Ratio": {"2020-09-30": "", "2020-06-30": "", "2020-03-31": "", "2019-12-31": "", "2019-09-30": "", "2019-06-30": "", "2019-03-31": "", "2018-12-31": "", "2018-09-30": "", "2018-06-30": "", "2018-03-31": "", "2017-12-31": "", "2017-09-30": "", "2017-06-30": "", "2017-03-31": "", "2016-12-31": "", "2016-09-30": "", "2016-06-30": "", "2016-03-31": "", "2015-12-31": "", "2015-09-30": "", "2015-06-30": "", "2015-03-31": "", "2014-12-31": "", "2014-09-30": "", "2014-06-30": "", "2014-03-31": "", "2013-12-31": "", "2013-09-30": "", "2013-06-30": "", "2013-03-31": "", "2012-12-31": "", "2012-09-30": "", "2012-06-30": "", "2012-03-31": "", "2011-12-31": "", "2011-09-30": "", "2011-06-30": "", "2011-03-31": "", "2010-12-31": "", "2010-09-30": "", "2010-06-30": "", "2010-03-31": "", "2009-12-31": "", "2009-09-30": "", "2009-06-30": "", "2009-03-31": "", "2008-12-31": "", "2008-09-30": "", "2008-06-30": "", "2008-03-31": "", "2007-12-31": "", "2007-09-30": "", "2007-06-30": "", "2007-03-31": "", "2006-12-31": "", "2006-09-30": "", "2006-06-30": "", "2006-03-31": "", "2005-12-31": "", "2005-09-30": "", "2005-06-30": "", "2005-03-31": ""}, "Receiveable Turnover": {"2020-09-30": "1.62980", "2020-06-30": "1.37940", "2020-03-31": "1.45970", "2019-12-31": "1.45400", "2019-09-30": "0.20010", "2019-06-30": "1.52880", "2019-03-31": "1.43870", "2018-12-31": "1.01040", "2018-09-30": "1.48790", "2018-06-30": "1.52360", "2018-03-31": "1.64010", "2017-12-31": "1.52060", "2017-09-30": "1.55900", "2017-06-30": "1.64020", "2017-03-31": "1.61900", "2016-12-31": "1.58650", "2016-09-30": "1.66270", "2016-06-30": "1.67860", "2016-03-31": "1.65340", "2015-12-31": "2.01870", "2015-09-30": "1.67690", "2015-06-30": "1.73990", "2015-03-31": "1.66670", "2014-12-31": "1.64910", "2014-09-30": "1.68850", "2014-06-30": "1.71640", "2014-03-31": "1.64100", "2013-12-31": "1.68180", "2013-09-30": "1.69150", "2013-06-30": "1.73370", "2013-03-31": "1.70920", "2012-12-31": "1.73220", "2012-09-30": "1.72160", "2012-06-30": "1.79370", "2012-03-31": "1.68770", "2011-12-31": "1.67120", "2011-09-30": "1.83590", "2011-06-30": "1.94700", "2011-03-31": "1.98480", "2010-12-31": "1.88460", "2010-09-30": "1.69700", "2010-06-30": "2.04400", "2010-03-31": "1.96110", "2009-12-31": "1.91700", "2009-09-30": "1.91510", "2009-06-30": "1.84500", "2009-03-31": "1.85330", "2008-12-31": "1.60910", "2008-09-30": "1.85030", "2008-06-30": "1.59900", "2008-03-31": "1.55110", "2007-12-31": "1.04070", "2007-09-30": "1.40380", "2007-06-30": "1.66440", "2007-03-31": "1.57600", "2006-12-31": "2.36710", "2006-09-30": "1.89720", "2006-06-30": "1.81320", "2006-03-31": "1.99270", "2005-12-31": "2.08650", "2005-09-30": "1.95220", "2005-06-30": "2.10260", "2005-03-31": "2.08620"}, "Days Sales In Receivables": {"2020-09-30": "55.22190", "2020-06-30": "65.24680", "2020-03-31": "61.65560", "2019-12-31": "61.89860", "2019-09-30": "449.79860", "2019-06-30": "58.86910", "2019-03-31": "62.55660", "2018-12-31": "89.07160", "2018-09-30": "60.48870", "2018-06-30": "59.07040", "2018-03-31": "54.87500", "2017-12-31": "59.18870", "2017-09-30": "57.72860", "2017-06-30": "54.87010", "2017-03-31": "55.58820", "2016-12-31": "56.72960", "2016-09-30": "54.13040", "2016-06-30": "53.61700", "2016-03-31": "54.43280", "2015-12-31": "44.58310", "2015-09-30": "53.67100", "2015-06-30": "51.72570", "2015-03-31": "54.00000", "2014-12-31": "54.57450", "2014-09-30": "53.30170", "2014-06-30": "52.43420", "2014-03-31": "54.84600", "2013-12-31": "53.51540", "2013-09-30": "53.20570", "2013-06-30": "51.91150", "2013-03-31": "52.65630", "2012-12-31": "51.95630", "2012-09-30": "52.27640", "2012-06-30": "50.17480", "2012-03-31": "53.32730", "2011-12-31": "53.85450", "2011-09-30": "49.02160", "2011-06-30": "46.22540", "2011-03-31": "45.34350", "2010-12-31": "47.75510", "2010-09-30": "53.03420", "2010-06-30": "44.03130", "2010-03-31": "45.89290", "2009-12-31": "46.94920", "2009-09-30": "46.99600", "2009-06-30": "48.78000", "2009-03-31": "48.56310", "2008-12-31": "55.93060", "2008-09-30": "48.64160", "2008-06-30": "56.28480", "2008-03-31": "58.02450", "2007-12-31": "86.48280", "2007-09-30": "64.11160", "2007-06-30": "54.07480", "2007-03-31": "57.10580", "2006-12-31": "38.02160", "2006-09-30": "47.43940", "2006-06-30": "49.63640", "2006-03-31": "45.16510", "2005-12-31": "43.13500", "2005-09-30": "46.10120", "2005-06-30": "42.80370", "2005-03-31": "43.14170"}, "ROE - Return On Equity": {"2020-09-30": "0.85110", "2020-06-30": "0.02720", "2020-03-31": "1.13260", "2019-12-31": "0.69660", "2019-09-30": "0.66650", "2019-06-30": "8.75880", "2019-03-31": "9.39850", "2018-12-31": "12.47270", "2018-09-30": "8.53060", "2018-06-30": "8.80700", "2018-03-31": "14.23760", "2017-12-31": "19.48000", "2017-09-30": "9.87230", "2017-06-30": "9.24300", "2017-03-31": "10.18980", "2016-12-31": "8.46120", "2016-09-30": "8.33010", "2016-06-30": "8.02420", "2016-03-31": "10.76750", "2015-12-31": "15.30080", "2015-09-30": "7.59850", "2015-06-30": "4.04070", "2015-03-31": "5.53140", "2014-12-31": "5.49320", "2014-09-30": "6.90350", "2014-06-30": "4.77700", "2014-03-31": "4.87950", "2013-12-31": "6.13670", "2013-09-30": "4.65320", "2013-06-30": "4.38930", "2013-03-31": "3.34570", "2012-12-31": "4.62390", "2012-09-30": "4.29710", "2012-06-30": "4.98000", "2012-03-31": "4.10580", "2011-12-31": "4.57340", "2011-09-30": "4.02920", "2011-06-30": "3.14320", "2011-03-31": "3.63290", "2010-12-31": "3.68540", "2010-09-30": "4.15120", "2010-06-30": "4.16530", "2010-03-31": "3.94480", "2009-12-31": "4.23000", "2009-09-30": "4.25530", "2009-06-30": "4.05500", "2009-03-31": "3.91430", "2008-12-31": "3.16110", "2008-09-30": "2.70270", "2008-06-30": "3.58150", "2008-03-31": "3.67760", "2007-12-31": "3.72920", "2007-09-30": "4.70210", "2007-06-30": "4.38960", "2007-03-31": "4.23910", "2006-12-31": "4.36710", "2006-09-30": "4.29680", "2006-06-30": "4.36560", "2006-03-31": "4.87640", "2005-12-31": "6.01750", "2005-09-30": "4.37760", "2005-06-30": "4.44450", "2005-03-31": "5.40670"}, "Return On Tangible Equity": {"2020-09-30": "-1.44290", "2020-06-30": "-0.04570", "2020-03-31": "-1.94210", "2019-12-31": "-1.26280", "2019-09-30": "-1.15420", "2019-06-30": "-4.24120", "2019-03-31": "-4.14670", "2018-12-31": "-5.15130", "2018-09-30": "-4.94450", "2018-06-30": "-5.65440", "2018-03-31": "-9.75100", "2017-12-31": "-11.22130", "2017-09-30": "-4.50490", "2017-06-30": "-4.55580", "2017-03-31": "-5.09700", "2016-12-31": "-4.60880", "2016-09-30": "-4.57850", "2016-06-30": "-4.57780", "2016-03-31": "-6.27580", "2015-12-31": "-9.22480", "2015-09-30": "-5.14390", "2015-06-30": "-3.17420", "2015-03-31": "-4.49490", "2014-12-31": "-4.62090", "2014-09-30": "-6.30270", "2014-06-30": "-4.35470", "2014-03-31": "-4.33770", "2013-12-31": "-5.83090", "2013-09-30": "-4.08940", "2013-06-30": "-3.82200", "2013-03-31": "-2.93530", "2012-12-31": "-5.21110", "2012-09-30": "-4.31700", "2012-06-30": "-4.94050", "2012-03-31": "-3.93210", "2011-12-31": "-4.45710", "2011-09-30": "-3.62130", "2011-06-30": "-3.06860", "2011-03-31": "-3.62480", "2010-12-31": "-3.93130", "2010-09-30": "-4.37910", "2010-06-30": "-4.06890", "2010-03-31": "-3.81870", "2009-12-31": "-3.81980", "2009-09-30": "-3.56940", "2009-06-30": "-3.16020", "2009-03-31": "-2.79460", "2008-12-31": "-2.11120", "2008-09-30": "-2.01500", "2008-06-30": "-2.38930", "2008-03-31": "-2.23430", "2007-12-31": "-1.98280", "2007-09-30": "-18.78210", "2007-06-30": "-17.74250", "2007-03-31": "-17.42650", "2006-12-31": "-124.64230", "2006-09-30": "-19.40750", "2006-06-30": "-19.97280", "2006-03-31": "-23.16680", "2005-12-31": "-39.29760", "2005-09-30": "-31.20470", "2005-06-30": "107.86760", "2005-03-31": "84.68770"}, "ROA - Return On Assets": {"2020-09-30": "0.38140", "2020-06-30": "0.01170", "2020-03-31": "0.51930", "2019-12-31": "0.31080", "2019-09-30": "0.28900", "2019-06-30": "1.13540", "2019-03-31": "1.92700", "2018-12-31": "2.53950", "2018-09-30": "2.11200", "2018-06-30": "2.45640", "2018-03-31": "4.16050", "2017-12-31": "5.17060", "2017-09-30": "2.27470", "2017-06-30": "2.28190", "2017-03-31": "2.54740", "2016-12-31": "2.20670", "2016-09-30": "2.22060", "2016-06-30": "2.22460", "2016-03-31": "3.02550", "2015-12-31": "4.35760", "2015-09-30": "2.32240", "2015-06-30": "1.32460", "2015-03-31": "1.90680", "2014-12-31": "1.94460", "2014-09-30": "2.53230", "2014-06-30": "1.76540", "2014-03-31": "1.77350", "2013-12-31": "2.31260", "2013-09-30": "1.70260", "2013-06-30": "1.61120", "2013-03-31": "1.22350", "2012-12-31": "1.85950", "2012-09-30": "1.65620", "2012-06-30": "1.92490", "2012-03-31": "1.55590", "2011-12-31": "1.74310", "2011-09-30": "1.50280", "2011-06-30": "1.15530", "2011-03-31": "1.38060", "2010-12-31": "1.43700", "2010-09-30": "1.55560", "2010-06-30": "1.58890", "2010-03-31": "1.48030", "2009-12-31": "1.52780", "2009-09-30": "1.36320", "2009-06-30": "1.25140", "2009-03-31": "1.13540", "2008-12-31": "0.87880", "2008-09-30": "0.78220", "2008-06-30": "1.00970", "2008-03-31": "0.94110", "2007-12-31": "0.77660", "2007-09-30": "1.78400", "2007-06-30": "1.62710", "2007-03-31": "1.61870", "2006-12-31": "1.69460", "2006-09-30": "1.70570", "2006-06-30": "1.61610", "2006-03-31": "1.90850", "2005-12-31": "2.45680", "2005-09-30": "1.78870", "2005-06-30": "1.91390", "2005-03-31": "2.15210"}, "ROI - Return On Investment": {"2020-09-30": "0.51760", "2020-06-30": "0.01650", "2020-03-31": "0.68650", "2019-12-31": "0.42880", "2019-09-30": "0.40260", "2019-06-30": "1.36870", "2019-03-31": "2.72330", "2018-12-31": "3.46750", "2018-09-30": "3.03310", "2018-06-30": "3.27890", "2018-03-31": "5.58490", "2017-12-31": "6.97430", "2017-09-30": "3.14880", "2017-06-30": "3.14050", "2017-03-31": "3.54330", "2016-12-31": "3.06790", "2016-09-30": "2.97510", "2016-06-30": "2.94850", "2016-03-31": "4.05390", "2015-12-31": "5.85780", "2015-09-30": "3.07090", "2015-06-30": "1.72230", "2015-03-31": "2.55200", "2014-12-31": "2.58830", "2014-09-30": "3.31120", "2014-06-30": "2.29570", "2014-03-31": "2.33370", "2013-12-31": "2.99690", "2013-09-30": "2.17890", "2013-06-30": "2.05020", "2013-03-31": "1.55090", "2012-12-31": "2.37770", "2012-09-30": "2.08800", "2012-06-30": "2.49610", "2012-03-31": "2.05190", "2011-12-31": "2.30150", "2011-09-30": "1.90520", "2011-06-30": "1.50710", "2011-03-31": "1.75650", "2010-12-31": "1.80800", "2010-09-30": "2.00570", "2010-06-30": "1.99940", "2010-03-31": "1.89260", "2009-12-31": "1.99750", "2009-09-30": "1.85430", "2009-06-30": "1.74590", "2009-03-31": "1.64090", "2008-12-31": "1.27250", "2008-09-30": "1.06750", "2008-06-30": "1.43640", "2008-03-31": "1.41430", "2007-12-31": "1.24970", "2007-09-30": "3.40130", "2007-06-30": "3.20920", "2007-03-31": "3.16760", "2006-12-31": "3.34110", "2006-09-30": "3.20940", "2006-06-30": "3.29010", "2006-03-31": "3.69970", "2005-12-31": "4.84710", "2005-09-30": "3.54270", "2005-06-30": "3.73080", "2005-03-31": "4.53160"}, "Book Value Per Share": {"2020-09-30": "48.37980", "2020-06-30": "49.33970", "2020-03-31": "49.38720", "2019-12-31": "50.88250", "2019-09-30": "49.58870", "2019-06-30": "6.48990", "2019-03-31": "6.10250", "2018-12-31": "5.84200", "2018-09-30": "6.63590", "2018-06-30": "7.01800", "2018-03-31": "7.22870", "2017-12-31": "6.57910", "2017-09-30": "5.62740", "2017-06-30": "5.67130", "2017-03-31": "5.69280", "2016-12-31": "5.89560", "2016-09-30": "5.89760", "2016-06-30": "5.98820", "2016-03-31": "6.01790", "2015-12-31": "5.90320", "2015-09-30": "6.25050", "2015-06-30": "6.68150", "2015-03-31": "6.76900", "2014-12-31": "6.85600", "2014-09-30": "7.05670", "2014-06-30": "6.97510", "2014-03-31": "6.84220", "2013-12-31": "6.98290", "2013-09-30": "6.68990", "2013-06-30": "6.60370", "2013-03-31": "6.56340", "2012-12-31": "6.40130", "2012-09-30": "6.08740", "2012-06-30": "5.99740", "2012-03-31": "5.85400", "2011-12-31": "5.81370", "2011-09-30": "5.59660", "2011-06-30": "5.45230", "2011-03-31": "5.45930", "2010-12-31": "5.49520", "2010-09-30": "5.40160", "2010-06-30": "5.19820", "2010-03-31": "5.10810", "2009-12-31": "4.93800", "2009-09-30": "4.73360", "2009-06-30": "4.58010", "2009-03-31": "4.34810", "2008-12-31": "4.15970", "2008-09-30": "4.29830", "2008-06-30": "4.33350", "2008-03-31": "4.10870", "2007-12-31": "3.73560", "2007-09-30": "3.61800", "2007-06-30": "3.58350", "2007-03-31": "3.58970", "2006-12-31": "3.54470", "2006-09-30": "3.52960", "2006-06-30": "3.42820", "2006-03-31": "3.36440", "2005-12-31": "3.39160", "2005-09-30": "3.36450", "2005-06-30": "3.38750", "2005-03-31": "3.36220"}, "Operating Cash Flow Per Share": {"2020-09-30": 1.5338, "2020-06-30": 1.534, "2020-03-31": "1.28470", "2019-12-31": 2.6393, "2019-09-30": 1.2601, "2019-06-30": 0.5143, "2019-03-31": "0.93460", "2018-12-31": 1.3704, "2018-09-30": 0.909, "2018-06-30": 0.5897, "2018-03-31": "0.88240", "2017-12-31": 1.073, "2017-09-30": 0.7677, "2017-06-30": 0.5418, "2017-03-31": "1.05590", "2016-12-31": 0.8561, "2016-09-30": 0.8169, "2016-06-30": 0.4015, "2016-03-31": "1.12110", "2015-12-31": 0.991, "2015-09-30": 0.7669, "2015-06-30": 0.536, "2015-03-31": "0.71190", "2014-12-31": 0.6798, "2014-09-30": 0.7836, "2014-06-30": 0.5581, "2014-03-31": "0.56460", "2013-12-31": 0.6611, "2013-09-30": 0.5522, "2013-06-30": 0.3283, "2013-03-31": "0.41070", "2012-12-31": 0.5099, "2012-09-30": 0.3025, "2012-06-30": 0.273, "2012-03-31": "0.41640", "2011-12-31": 0.4445, "2011-09-30": 0.4692, "2011-06-30": 0.2457, "2011-03-31": "0.47900", "2010-12-31": 0.4953, "2010-09-30": 0.3774, "2010-06-30": 0.2832, "2010-03-31": "0.42290", "2009-12-31": 0.3381, "2009-09-30": 0.3955, "2009-06-30": 0.2636, "2009-03-31": "0.37020", "2008-12-31": 0.2935, "2008-09-30": 0.2814, "2008-06-30": 0.2682, "2008-03-31": "0.33100", "2007-12-31": 0.1994, "2007-09-30": 0.2311, "2007-06-30": 0.145, "2007-03-31": "0.23460", "2006-12-31": 0.1523, "2006-09-30": 0.2325, "2006-06-30": 0.1266, "2006-03-31": "0.26190", "2005-12-31": 0.1724, "2005-09-30": 0.1928, "2005-06-30": 0.1519, "2005-03-31": "0.17270"}, "Free Cash Flow Per Share": {"2020-09-30": 1.2378, "2020-06-30": 1.1731, "2020-03-31": "0.92880", "2019-12-31": 1.9817, "2019-09-30": 1.0635, "2019-06-30": 0.2343, "2019-03-31": "0.68910", "2018-12-31": 1.1386, "2018-09-30": 0.6764, "2018-06-30": 0.3666, "2018-03-31": "0.69970", "2017-12-31": 0.8923, "2017-09-30": 0.5975, "2017-06-30": 0.4006, "2017-03-31": "0.88260", "2016-12-31": 0.7092, "2016-09-30": 0.6376, "2016-06-30": 0.2386, "2016-03-31": "0.96260", "2015-12-31": 0.8054, "2015-09-30": 0.573, "2015-06-30": 0.299, "2015-03-31": "0.52670", "2014-12-31": 0.5488, "2014-09-30": 0.6327, "2014-06-30": 0.3976, "2014-03-31": "0.42920", "2013-12-31": 0.5418, "2013-09-30": 0.4327, "2013-06-30": 0.2309, "2013-03-31": "0.30340", "2012-12-31": 0.4243, "2012-09-30": 0.2204, "2012-06-30": 0.193, "2012-03-31": "0.31320", "2011-12-31": 0.3675, "2011-09-30": 0.3935, "2011-06-30": 0.1637, "2011-03-31": "0.38420", "2010-12-31": 0.4206, "2010-09-30": 0.3013, "2010-06-30": 0.2139, "2010-03-31": "0.35460", "2009-12-31": 0.2628, "2009-09-30": 0.3095, "2009-06-30": 0.1785, "2009-03-31": "0.29810", "2008-12-31": 0.2006, "2008-09-30": 0.2104, "2008-06-30": 0.2042, "2008-03-31": "0.25540", "2007-12-31": 0.1408, "2007-09-30": 0.1793, "2007-06-30": 0.0954, "2007-03-31": "0.16950", "2006-12-31": 0.1294, "2006-09-30": 0.158, "2006-06-30": 0.0601, "2006-03-31": "0.19710", "2005-12-31": 0.1321, "2005-09-30": 0.1386, "2005-06-30": 0.1025, "2005-03-31": "0.13200"}}, "revenue": {"Fiserv Annual Revenue (Millions of US $)": {"2019": "$10,187", "2018": "$5,823", "2017": "$5,696", "2016": "$5,505", "2015": "$5,505", "2014": "$5,066", "2013": "$4,814", "2012": "$4,436", "2011": "$4,289", "2010": "$4,133", "2009": "$4,077", "2008": "$4,587", "2007": "$3,677", "2006": "$3,544", "2005": "$3,241"}, "Fiserv Quarterly Revenue (Millions of US $)": {"2020-09-30": "$3,786", "2020-06-30": "$3,465", "2020-03-31": "$3,769", "2019-12-31": "$4,045", "2019-09-30": "$3,128", "2019-06-30": "$1,512", "2019-03-31": "$1,502", "2018-12-31": "$1,551", "2018-09-30": "$1,412", "2018-06-30": "$1,420", "2018-03-31": "$1,440", "2017-12-31": "$1,516", "2017-09-30": "$1,400", "2017-06-30": "$1,386", "2017-03-31": "$1,394", "2016-12-31": "$1,431", "2016-09-30": "$1,380", "2016-06-30": "$1,363", "2016-03-31": "$1,331", "2015-12-31": "$1,619", "2015-09-30": "$1,313", "2015-06-30": "$1,298", "2015-03-31": "$1,275", "2014-12-31": "$1,316", "2014-09-30": "$1,263", "2014-06-30": "$1,253", "2014-03-31": "$1,234", "2013-12-31": "$1,263", "2013-09-30": "$1,201", "2013-06-30": "$1,198", "2013-03-31": "$1,152", "2012-12-31": "$1,145", "2012-09-30": "$1,107", "2012-06-30": "$1,087", "2012-03-31": "$1,097", "2011-12-31": "$1,113", "2011-09-30": "$1,063", "2011-06-30": "$1,065", "2011-03-31": "$1,048", "2010-12-31": "$1,078", "2010-09-30": "$1,025", "2010-06-30": "$1,022", "2010-03-31": "$1,008", "2009-12-31": "$1,062", "2009-09-30": "$992", "2009-06-30": "$1,000", "2009-03-31": "$1,023", "2008-12-31": "$951", "2008-09-30": "$1,038", "2008-06-30": "$1,292", "2008-03-31": "$1,306", "2007-12-31": "$870", "2007-09-30": "$924", "2007-06-30": "$939", "2007-03-31": "$944", "2006-12-31": "$1,198", "2006-09-30": "$1,123", "2006-06-30": "$1,057", "2006-03-31": "$1,097", "2005-12-31": "$1,078", "2005-09-30": "$1,012", "2005-06-30": "$996", "2005-03-31": "$973"}}, "gross-profit": {"Fiserv Annual Gross Profit (Millions of US $)": {"2019": "$4,878", "2018": "$2,754", "2017": "$2,672", "2016": "$2,546", "2015": "$2,546", "2014": "$2,185", "2013": "$2,038", "2012": "$1,872", "2011": "$1,785", "2010": "$1,747", "2009": "$1,697", "2008": "$1,721", "2007": "$1,249", "2006": "$1,132", "2005": "$1,071"}, "Fiserv Quarterly Gross Profit (Millions of US $)": {"2020-09-30": "$1,918", "2020-06-30": "$1,545", "2020-03-31": "$1,602", "2019-12-31": "$1,936", "2019-09-30": "$1,511", "2019-06-30": "$727", "2019-03-31": "$704", "2018-12-31": "$729", "2018-09-30": "$663", "2018-06-30": "$681", "2018-03-31": "$681", "2017-12-31": "$1,014", "2017-09-30": "$654", "2017-06-30": "$362", "2017-03-31": "$642", "2016-12-31": "$670", "2016-09-30": "$643", "2016-06-30": "$636", "2016-03-31": "$597", "2015-12-31": "$806", "2015-09-30": "$600", "2015-06-30": "$588", "2015-03-31": "$552", "2014-12-31": "$564", "2014-09-30": "$558", "2014-06-30": "$550", "2014-03-31": "$513", "2013-12-31": "$563", "2013-09-30": "$517", "2013-06-30": "$518", "2013-03-31": "$440", "2012-12-31": "$496", "2012-09-30": "$471", "2012-06-30": "$461", "2012-03-31": "$444", "2011-12-31": "$488", "2011-09-30": "$432", "2011-06-30": "$441", "2011-03-31": "$424", "2010-12-31": "$465", "2010-09-30": "$436", "2010-06-30": "$436", "2010-03-31": "$410", "2009-12-31": "$451", "2009-09-30": "$413", "2009-06-30": "$410", "2009-03-31": "$423", "2008-12-31": "$421", "2008-09-30": "$416", "2008-06-30": "$443", "2008-03-31": "$441", "2007-12-31": "$317", "2007-09-30": "$312", "2007-06-30": "$315", "2007-03-31": "$305", "2006-12-31": "$336", "2006-09-30": "$320", "2006-06-30": "$314", "2006-03-31": "$339", "2005-12-31": "$553", "2005-09-30": "$301", "2005-06-30": "$314", "2005-03-31": "$311"}}, "operating-income": {"Fiserv Annual Operating Income (Millions of US $)": {"2019": "$1,609", "2018": "$1,753", "2017": "$1,532", "2016": "$1,445", "2015": "$1,445", "2014": "$1,210", "2013": "$1,061", "2012": "$1,048", "2011": "$990", "2010": "$1,007", "2009": "$946", "2008": "$908", "2007": "$736", "2006": "$667", "2005": "$662"}, "Fiserv Quarterly Operating Income (Millions of US $)": {"2020-09-30": "$542", "2020-06-30": "$165", "2020-03-31": "$629", "2019-12-31": "$478", "2019-09-30": "$374", "2019-06-30": "$384", "2019-03-31": "$373", "2018-12-31": "$431", "2018-09-30": "$356", "2018-06-30": "$358", "2018-03-31": "$608", "2017-12-31": "$425", "2017-09-30": "$370", "2017-06-30": "$372", "2017-03-31": "$365", "2016-12-31": "$375", "2016-09-30": "$369", "2016-06-30": "$362", "2016-03-31": "$339", "2015-12-31": "$463", "2015-09-30": "$342", "2015-06-30": "$326", "2015-03-31": "$314", "2014-12-31": "$317", "2014-09-30": "$315", "2014-06-30": "$307", "2014-03-31": "$271", "2013-12-31": "$297", "2013-09-30": "$280", "2013-06-30": "$273", "2013-03-31": "$211", "2012-12-31": "$287", "2012-09-30": "$265", "2012-06-30": "$257", "2012-03-31": "$239", "2011-12-31": "$275", "2011-09-30": "$243", "2011-06-30": "$251", "2011-03-31": "$221", "2010-12-31": "$267", "2010-09-30": "$251", "2010-06-30": "$251", "2010-03-31": "$238", "2009-12-31": "$256", "2009-09-30": "$231", "2009-06-30": "$234", "2009-03-31": "$225", "2008-12-31": "$234", "2008-09-30": "$217", "2008-06-30": "$227", "2008-03-31": "$230", "2007-12-31": "$185", "2007-09-30": "$192", "2007-06-30": "$182", "2007-03-31": "$177", "2006-12-31": "$181", "2006-09-30": "$180", "2006-06-30": "$177", "2006-03-31": "$193", "2005-12-31": "$199", "2005-09-30": "$172", "2005-06-30": "$187", "2005-03-31": "$188"}}, "ebitda": {"Fiserv Annual EBITDA (Millions of US $)": {"2019": "$3,387", "2018": "$2,309", "2017": "$1,976", "2016": "$1,866", "2015": "$1,862", "2014": "$1,614", "2013": "$1,464", "2012": "$1,398", "2011": "$1,335", "2010": "$1,346", "2009": "$1,279", "2008": "$1,258", "2007": "$912", "2006": "$834", "2005": "$813"}, "Fiserv Quarterly EBITDA (Millions of US $)": {"2020-09-30": "$1,341", "2020-06-30": "$994", "2020-03-31": "$1,473", "2019-12-31": "$1,278", "2019-09-30": "$956", "2019-06-30": "$575", "2019-03-31": "$578", "2018-12-31": "$581", "2018-09-30": "$492", "2018-06-30": "$494", "2018-03-31": "$742", "2017-12-31": "$539", "2017-09-30": "$481", "2017-06-30": "$483", "2017-03-31": "$473", "2016-12-31": "$490", "2016-09-30": "$473", "2016-06-30": "$464", "2016-03-31": "$439", "2015-12-31": "$568", "2015-09-30": "$448", "2015-06-30": "$430", "2015-03-31": "$416", "2014-12-31": "$421", "2014-09-30": "$416", "2014-06-30": "$406", "2014-03-31": "$371", "2013-12-31": "$399", "2013-09-30": "$381", "2013-06-30": "$376", "2013-03-31": "$308", "2012-12-31": "$375", "2012-09-30": "$354", "2012-06-30": "$343", "2012-03-31": "$326", "2011-12-31": "$361", "2011-09-30": "$329", "2011-06-30": "$339", "2011-03-31": "$306", "2010-12-31": "$354", "2010-09-30": "$336", "2010-06-30": "$334", "2010-03-31": "$322", "2009-12-31": "$341", "2009-09-30": "$315", "2009-06-30": "$317", "2009-03-31": "$306", "2008-12-31": "$318", "2008-09-30": "$297", "2008-06-30": "$324", "2008-03-31": "$319", "2007-12-31": "$233", "2007-09-30": "$233", "2007-06-30": "$226", "2007-03-31": "$220", "2006-12-31": "$213", "2006-09-30": "$228", "2006-06-30": "$217", "2006-03-31": "$240", "2005-12-31": "$217", "2005-09-30": "$216", "2005-06-30": "$232", "2005-03-31": "$231"}}, "net-income": {"Fiserv Annual Net Income (Millions of US $)": {"2019": "$893", "2018": "$1,187", "2017": "$1,246", "2016": "$930", "2015": "$930", "2014": "$754", "2013": "$648", "2012": "$611", "2011": "$472", "2010": "$496", "2009": "$476", "2008": "$569", "2007": "$439", "2006": "$450", "2005": "$516"}, "Fiserv Quarterly Net Income (Millions of US $)": {"2020-09-30": "$264", "2020-06-30": "$2", "2020-03-31": "$392", "2019-12-31": "$247", "2019-09-30": "$198", "2019-06-30": "$223", "2019-03-31": "$225", "2018-12-31": "$286", "2018-09-30": "$227", "2018-06-30": "$251", "2018-03-31": "$423", "2017-12-31": "$546", "2017-09-30": "$232", "2017-06-30": "$221", "2017-03-31": "$247", "2016-12-31": "$215", "2016-09-30": "$214", "2016-06-30": "$212", "2016-03-31": "$289", "2015-12-31": "$407", "2015-09-30": "$218", "2015-06-30": "$127", "2015-03-31": "$178", "2014-12-31": "$181", "2014-09-30": "$239", "2014-06-30": "$166", "2014-03-31": "$168", "2013-12-31": "$221", "2013-09-30": "$159", "2013-06-30": "$151", "2013-03-31": "$117", "2012-12-31": "$179", "2012-09-30": "$139", "2012-06-30": "$161", "2012-03-31": "$132", "2011-12-31": "$143", "2011-09-30": "$127", "2011-06-30": "$90", "2011-03-31": "$112", "2010-12-31": "$116", "2010-09-30": "$132", "2010-06-30": "$127", "2010-03-31": "$121", "2009-12-31": "$118", "2009-09-30": "$115", "2009-06-30": "$140", "2009-03-31": "$103", "2008-12-31": "$62", "2008-09-30": "$78", "2008-06-30": "$100", "2008-03-31": "$329", "2007-12-31": "$96", "2007-09-30": "$121", "2007-06-30": "$108", "2007-03-31": "$114", "2006-12-31": "$106", "2006-09-30": "$110", "2006-06-30": "$118", "2006-03-31": "$116", "2005-12-31": "$150", "2005-09-30": "$113", "2005-06-30": "$114", "2005-03-31": "$139"}}, "eps-earnings-per-share-diluted": {"Fiserv Annual EPS": {"2019": "$1.71", "2018": "$2.87", "2017": "$2.89", "2016": "$2.08", "2015": "$2.08", "2014": "$1.49", "2013": "$1.22", "2012": "$1.11", "2011": "$0.82", "2010": "$0.82", "2009": "$0.77", "2008": "$0.87", "2007": "$0.65", "2006": "$0.63", "2005": "$0.68"}, "Fiserv Quarterly EPS": {"2020-09-30": "$0.39", "2020-06-30": "$0.00", "2020-03-31": "$0.57", "2019-12-31": "$0.26", "2019-09-30": "$0.33", "2019-06-30": "$0.56", "2019-03-31": "$0.56", "2018-12-31": "$0.72", "2018-09-30": "$0.55", "2018-06-30": "$0.60", "2018-03-31": "$1.00", "2017-12-31": "$1.28", "2017-09-30": "$0.54", "2017-06-30": "$0.51", "2017-03-31": "$0.56", "2016-12-31": "$0.50", "2016-09-30": "$0.48", "2016-06-30": "$0.47", "2016-03-31": "$0.64", "2015-12-31": "$0.99", "2015-09-30": "$0.46", "2015-06-30": "$0.27", "2015-03-31": "$0.37", "2014-12-31": "$0.37", "2014-09-30": "$0.48", "2014-06-30": "$0.33", "2014-03-31": "$0.33", "2013-12-31": "$0.43", "2013-09-30": "$0.30", "2013-06-30": "$0.28", "2013-03-31": "$0.22", "2012-12-31": "$0.33", "2012-09-30": "$0.26", "2012-06-30": "$0.29", "2012-03-31": "$0.24", "2011-12-31": "$0.25", "2011-09-30": "$0.22", "2011-06-30": "$0.16", "2011-03-31": "$0.19", "2010-12-31": "$0.20", "2010-09-30": "$0.22", "2010-06-30": "$0.21", "2010-03-31": "$0.20", "2009-12-31": "$0.19", "2009-09-30": "$0.19", "2009-06-30": "$0.23", "2009-03-31": "$0.17", "2008-12-31": "$0.11", "2008-09-30": "$0.12", "2008-06-30": "$0.15", "2008-03-31": "$0.50", "2007-12-31": "$0.14", "2007-09-30": "$0.18", "2007-06-30": "$0.16", "2007-03-31": "$0.17", "2006-12-31": "$0.15", "2006-09-30": "$0.16", "2006-06-30": "$0.17", "2006-03-31": "$0.16", "2005-12-31": "$0.20", "2005-09-30": "$0.15", "2005-06-30": "$0.15", "2005-03-31": "$0.18"}}, "shares-outstanding": {"Fiserv Annual Shares Outstanding (Millions of Shares)": {"2019": "523", "2018": "414", "2017": "431", "2016": "448", "2015": "448", "2014": "505", "2013": "532", "2012": "550", "2011": "577", "2010": "607", "2009": "622", "2008": "652", "2007": "675", "2006": "710", "2005": "764"}, "Fiserv Quarterly Shares Outstanding (Millions of Shares)": {"2020-09-30": "680", "2020-06-30": "681", "2020-03-31": "691", "2019-12-31": "523", "2019-09-30": "597", "2019-06-30": "400", "2019-03-31": "399", "2018-12-31": "414", "2018-09-30": "412", "2018-06-30": "416", "2018-03-31": "422", "2017-12-31": "431", "2017-09-30": "429", "2017-06-30": "433", "2017-03-31": "439", "2016-12-31": "448", "2016-09-30": "445", "2016-06-30": "451", "2016-03-31": "454", "2015-12-31": "448", "2015-09-30": "474", "2015-06-30": "481", "2015-03-31": "486", "2014-12-31": "505", "2014-09-30": "504", "2014-06-30": "507", "2014-03-31": "517", "2013-12-31": "532", "2013-09-30": "527", "2013-06-30": "537", "2013-03-31": "541", "2012-12-31": "550", "2012-09-30": "546", "2012-06-30": "551", "2012-03-31": "562", "2011-12-31": "577", "2011-09-30": "570", "2011-06-30": "577", "2011-03-31": "591", "2010-12-31": "607", "2010-09-30": "604", "2010-06-30": "610", "2010-03-31": "615", "2009-12-31": "622", "2009-09-30": "621", "2009-06-30": "623", "2009-03-31": "624", "2008-12-31": "652", "2008-09-30": "655", "2008-06-30": "659", "2008-03-31": "662", "2007-12-31": "675", "2007-09-30": "666", "2007-06-30": "680", "2007-03-31": "690", "2006-12-31": "700", "2006-09-30": "704", "2006-06-30": "710", "2006-03-31": "727", "2005-12-31": "764", "2005-09-30": "759", "2005-06-30": "773", "2005-03-31": "782"}}, "total-assets": {"Fiserv Annual Total Assets (Millions of US $)": {"2019": "$77,539", "2018": "$11,262", "2017": "$10,289", "2016": "$9,743", "2015": "$9,340", "2014": "$9,308", "2013": "$9,513", "2012": "$8,497", "2011": "$8,548", "2010": "$8,281", "2009": "$8,378", "2008": "$9,331", "2007": "$11,846", "2006": "$6,252", "2005": "$6,040"}, "Fiserv Quarterly Total Assets (Millions of US $)": {"2020-09-30": "$72,372", "2020-06-30": "$77,093", "2020-03-31": "$72,598", "2019-12-31": "$77,539", "2019-09-30": "$77,864", "2019-06-30": "$19,640", "2019-03-31": "$11,676", "2018-12-31": "$11,262", "2018-09-30": "$10,748", "2018-06-30": "$10,218", "2018-03-31": "$10,167", "2017-12-31": "$10,289", "2017-09-30": "$10,199", "2017-06-30": "$9,685", "2017-03-31": "$9,696", "2016-12-31": "$9,743", "2016-09-30": "$9,637", "2016-06-30": "$9,530", "2016-03-31": "$9,552", "2015-12-31": "$9,340", "2015-09-30": "$9,387", "2015-06-30": "$9,588", "2015-03-31": "$9,335", "2014-12-31": "$9,308", "2014-09-30": "$9,438", "2014-06-30": "$9,403", "2014-03-31": "$9,473", "2013-12-31": "$9,513", "2013-09-30": "$9,456", "2013-06-30": "$9,434", "2013-03-31": "$9,563", "2012-12-31": "$8,497", "2012-09-30": "$8,453", "2012-06-30": "$8,416", "2012-03-31": "$8,484", "2011-12-31": "$8,548", "2011-09-30": "$8,451", "2011-06-30": "$8,396", "2011-03-31": "$8,257", "2010-12-31": "$8,281", "2010-09-30": "$8,614", "2010-06-30": "$8,182", "2010-03-31": "$8,309", "2009-12-31": "$8,378", "2009-09-30": "$9,096", "2009-06-30": "$9,190", "2009-03-31": "$9,336", "2008-12-31": "$9,331", "2008-09-30": "$9,588", "2008-06-30": "$10,102", "2008-03-31": "$10,520", "2007-12-31": "$11,846", "2007-09-30": "$6,278", "2007-06-30": "$6,453", "2007-03-31": "$6,363", "2006-12-31": "$6,252", "2006-09-30": "$6,165", "2006-06-30": "$6,471", "2006-03-31": "$6,089", "2005-12-31": "$6,040", "2005-09-30": "$6,113", "2005-06-30": "$5,956", "2005-03-31": "$6,489"}}, "cash-on-hand": {"Fiserv Annual Cash on Hand (Millions of US $)": {"2019": "$893", "2018": "$415", "2017": "$325", "2016": "$300", "2015": "$275", "2014": "$294", "2013": "$400", "2012": "$358", "2011": "$337", "2010": "$563", "2009": "$363", "2008": "$230", "2007": "$297", "2006": "$117", "2005": "$184"}, "Fiserv Quarterly Cash on Hand (Millions of US $)": {"2020-09-30": "$937", "2020-06-30": "$869", "2020-03-31": "$896", "2019-12-31": "$893", "2019-09-30": "$1,028", "2019-06-30": "$8,441", "2019-03-31": "$452", "2018-12-31": "$415", "2018-09-30": "$673", "2018-06-30": "$348", "2018-03-31": "$382", "2017-12-31": "$325", "2017-09-30": "$325", "2017-06-30": "$299", "2017-03-31": "$308", "2016-12-31": "$300", "2016-09-30": "$303", "2016-06-30": "$263", "2016-03-31": "$283", "2015-12-31": "$275", "2015-09-30": "$309", "2015-06-30": "$530", "2015-03-31": "$296", "2014-12-31": "$294", "2014-09-30": "$409", "2014-06-30": "$329", "2014-03-31": "$307", "2013-12-31": "$400", "2013-09-30": "$321", "2013-06-30": "$320", "2013-03-31": "$356", "2012-12-31": "$358", "2012-09-30": "$307", "2012-06-30": "$302", "2012-03-31": "$311", "2011-12-31": "$337", "2011-09-30": "$281", "2011-06-30": "$675", "2011-03-31": "$517", "2010-12-31": "$563", "2010-09-30": "$743", "2010-06-30": "$338", "2010-03-31": "$416", "2009-12-31": "$363", "2009-09-30": "$278", "2009-06-30": "$309", "2009-03-31": "$312", "2008-12-31": "$230", "2008-09-30": "$472", "2008-06-30": "$211", "2008-03-31": "$371", "2007-12-31": "$297", "2007-09-30": "$161", "2007-06-30": "$152", "2007-03-31": "$201", "2006-12-31": "$117", "2006-09-30": "$171", "2006-06-30": "$152", "2006-03-31": "$205", "2005-12-31": "$184", "2005-09-30": "$174", "2005-06-30": "$567", "2005-03-31": "$720"}}, "long-term-debt": {"Fiserv Annual Long Term Debt (Millions of US $)": {"2019": "$21,612", "2018": "$5,955", "2017": "$4,897", "2016": "$4,467", "2015": "$4,288", "2014": "$3,698", "2013": "$3,756", "2012": "$3,228", "2011": "$3,216", "2010": "$3,353", "2009": "$3,382", "2008": "$3,850", "2007": "$4,895", "2006": "$745", "2005": "$595"}, "Fiserv Quarterly Long Term Debt (Millions of US $)": {"2020-09-30": "$20,894", "2020-06-30": "$21,515", "2020-03-31": "$21,630", "2019-12-31": "$21,612", "2019-09-30": "$22,123", "2019-06-30": "$13,747", "2019-03-31": "$5,868", "2018-12-31": "$5,955", "2018-09-30": "$4,823", "2018-06-30": "$4,805", "2018-03-31": "$4,603", "2017-12-31": "$4,897", "2017-09-30": "$5,018", "2017-06-30": "$4,646", "2017-03-31": "$4,547", "2016-12-31": "$4,467", "2016-09-30": "$4,624", "2016-06-30": "$4,548", "2016-03-31": "$4,445", "2015-12-31": "$4,288", "2015-09-30": "$4,230", "2015-06-30": "$4,231", "2015-03-31": "$3,757", "2014-12-31": "$3,698", "2014-09-30": "$3,756", "2014-06-30": "$3,756", "2014-03-31": "$3,756", "2013-12-31": "$3,756", "2013-09-30": "$3,929", "2013-06-30": "$3,951", "2013-03-31": "$4,047", "2012-12-31": "$3,228", "2012-09-30": "$3,447", "2012-06-30": "$3,237", "2012-03-31": "$3,218", "2011-12-31": "$3,216", "2011-09-30": "$3,514", "2011-06-30": "$3,350", "2011-03-31": "$3,352", "2010-12-31": "$3,353", "2010-09-30": "$3,453", "2010-06-30": "$3,381", "2010-03-31": "$3,381", "2009-12-31": "$3,382", "2009-09-30": "$3,773", "2009-06-30": "$3,751", "2009-03-31": "$3,752", "2008-12-31": "$3,850", "2008-09-30": "$4,251", "2008-06-30": "$4,253", "2008-03-31": "$4,308", "2007-12-31": "$4,895", "2007-09-30": "$911", "2007-06-30": "$880", "2007-03-31": "$822", "2006-12-31": "$745", "2006-09-30": "$829", "2006-06-30": "$783", "2006-03-31": "$758", "2005-12-31": "$595", "2005-09-30": "$589", "2005-06-30": "$491", "2005-03-31": "$499"}}, "total-liabilities": {"Fiserv Annual Total Liabilities (Millions of US $)": {"2019": "$42,944", "2018": "$8,969", "2017": "$7,558", "2016": "$7,202", "2015": "$6,680", "2014": "$6,013", "2013": "$5,928", "2012": "$5,080", "2011": "$5,290", "2010": "$5,052", "2009": "$5,352", "2008": "$6,737", "2007": "$9,379", "2006": "$3,826", "2005": "$3,574"}, "Fiserv Quarterly Total Liabilities (Millions of US $)": {"2020-09-30": "$39,943", "2020-06-30": "$44,065", "2020-03-31": "$39,311", "2019-12-31": "$42,944", "2019-09-30": "$44,104", "2019-06-30": "$17,094", "2019-03-31": "$9,282", "2018-12-31": "$8,969", "2018-09-30": "$8,087", "2018-06-30": "$7,368", "2018-03-31": "$7,196", "2017-12-31": "$7,558", "2017-09-30": "$7,849", "2017-06-30": "$7,294", "2017-03-31": "$7,272", "2016-12-31": "$7,202", "2016-09-30": "$7,068", "2016-06-30": "$6,888", "2016-03-31": "$6,868", "2015-12-31": "$6,680", "2015-09-30": "$6,518", "2015-06-30": "$6,445", "2015-03-31": "$6,117", "2014-12-31": "$6,013", "2014-09-30": "$5,976", "2014-06-30": "$5,928", "2014-03-31": "$6,030", "2013-12-31": "$5,928", "2013-09-30": "$5,996", "2013-06-30": "$5,971", "2013-03-31": "$6,066", "2012-12-31": "$5,080", "2012-09-30": "$5,195", "2012-06-30": "$5,163", "2012-03-31": "$5,269", "2011-12-31": "$5,290", "2011-09-30": "$5,299", "2011-06-30": "$5,310", "2011-03-31": "$5,119", "2010-12-31": "$5,052", "2010-09-30": "$5,386", "2010-06-30": "$5,061", "2010-03-31": "$5,191", "2009-12-31": "$5,352", "2009-09-30": "$6,182", "2009-06-30": "$6,354", "2009-03-31": "$6,628", "2008-12-31": "$6,737", "2008-09-30": "$6,813", "2008-06-30": "$7,254", "2008-03-31": "$7,828", "2007-12-31": "$9,379", "2007-09-30": "$3,896", "2007-06-30": "$4,061", "2007-03-31": "$3,933", "2006-12-31": "$3,826", "2006-09-30": "$3,718", "2006-06-30": "$4,076", "2006-03-31": "$3,706", "2005-12-31": "$3,574", "2005-09-30": "$3,615", "2005-06-30": "$3,391", "2005-03-31": "$3,906"}}, "total-share-holder-equity": {"Fiserv Annual Share Holder Equity (Millions of US $)": {"2019": "$34,595", "2018": "$2,293", "2017": "$2,731", "2016": "$2,541", "2015": "$2,660", "2014": "$3,295", "2013": "$3,585", "2012": "$3,417", "2011": "$3,258", "2010": "$3,229", "2009": "$3,026", "2008": "$2,594", "2007": "$2,467", "2006": "$2,426", "2005": "$2,466"}, "Fiserv Quarterly Share Holder Equity (Millions of US $)": {"2020-09-30": "$32,429", "2020-06-30": "$33,028", "2020-03-31": "$33,287", "2019-12-31": "$34,595", "2019-09-30": "$33,760", "2019-06-30": "$2,546", "2019-03-31": "$2,394", "2018-12-31": "$2,293", "2018-09-30": "$2,661", "2018-06-30": "$2,850", "2018-03-31": "$2,971", "2017-12-31": "$2,731", "2017-09-30": "$2,350", "2017-06-30": "$2,391", "2017-03-31": "$2,424", "2016-12-31": "$2,541", "2016-09-30": "$2,569", "2016-06-30": "$2,642", "2016-03-31": "$2,684", "2015-12-31": "$2,660", "2015-09-30": "$2,869", "2015-06-30": "$3,143", "2015-03-31": "$3,218", "2014-12-31": "$3,295", "2014-09-30": "$3,462", "2014-06-30": "$3,475", "2014-03-31": "$3,443", "2013-12-31": "$3,585", "2013-09-30": "$3,460", "2013-06-30": "$3,463", "2013-03-31": "$3,497", "2012-12-31": "$3,417", "2012-09-30": "$3,258", "2012-06-30": "$3,253", "2012-03-31": "$3,215", "2011-12-31": "$3,258", "2011-09-30": "$3,152", "2011-06-30": "$3,086", "2011-03-31": "$3,138", "2010-12-31": "$3,229", "2010-09-30": "$3,228", "2010-06-30": "$3,121", "2010-03-31": "$3,118", "2009-12-31": "$3,026", "2009-09-30": "$2,914", "2009-06-30": "$2,836", "2009-03-31": "$2,708", "2008-12-31": "$2,594", "2008-09-30": "$2,775", "2008-06-30": "$2,848", "2008-03-31": "$2,692", "2007-12-31": "$2,467", "2007-09-30": "$2,382", "2007-06-30": "$2,392", "2007-03-31": "$2,430", "2006-12-31": "$2,426", "2006-09-30": "$2,447", "2006-06-30": "$2,396", "2006-03-31": "$2,383", "2005-12-31": "$2,466", "2005-09-30": "$2,498", "2005-06-30": "$2,565", "2005-03-31": "$2,583"}}, "profit-margins": {"current": "6.01%"}, "gross margin": {"2020-09-30": "46.47%", "2020-06-30": "45.77%", "2020-03-31": "46.38%", "2019-12-31": "47.88%", "2019-09-30": "47.72%", "2019-06-30": "47.23%", "2019-03-31": "47.19%", "2018-12-31": "47.30%", "2018-09-30": "52.51%", "2018-06-30": "52.46%", "2018-03-31": "47.21%", "2017-12-31": "46.91%", "2017-09-30": "41.49%", "2017-06-30": "41.44%", "2017-03-31": "46.53%", "2016-12-31": "46.25%", "2016-09-30": "47.11%", "2016-06-30": "46.91%", "2016-03-31": "46.59%", "2015-12-31": "46.25%", "2015-09-30": "44.29%", "2015-06-30": "43.91%", "2015-03-31": "43.55%", "2014-12-31": "43.13%", "2014-09-30": "43.57%", "2014-06-30": "43.28%", "2014-03-31": "43.12%", "2013-12-31": "42.33%", "2013-09-30": "41.97%", "2013-06-30": "41.83%", "2013-03-31": "41.59%", "2012-12-31": "42.20%", "2012-09-30": "42.33%", "2012-06-30": "41.86%", "2012-03-31": "41.61%", "2011-12-31": "41.62%", "2011-09-30": "41.42%", "2011-06-30": "41.89%", "2011-03-31": "42.20%", "2010-12-31": "42.27%", "2010-09-30": "42.09%", "2010-06-30": "41.87%", "2010-03-31": "41.46%", "2009-12-31": "41.62%", "2009-09-30": "42.03%", "2009-06-30": "41.63%", "2009-03-31": "39.57%", "2008-12-31": "37.52%", "2008-09-30": "35.89%", "2008-06-30": "34.45%", "2008-03-31": "34.29%", "2007-12-31": "33.97%", "2007-09-30": "31.66%", "2007-06-30": "30.35%", "2007-03-31": "29.50%", "2006-12-31": "29.25%", "2006-09-30": "35.04%", "2006-06-30": "35.51%", "2006-03-31": "36.03%", "2005-12-31": "36.44%"}, "operating margin": {"2020-09-30": "12.04%", "2020-06-30": "11.43%", "2020-03-31": "14.98%", "2019-12-31": "15.79%", "2019-09-30": "20.30%", "2019-06-30": "25.83%", "2019-03-31": "25.79%", "2018-12-31": "30.10%", "2018-09-30": "30.18%", "2018-06-30": "30.49%", "2018-03-31": "30.91%", "2017-12-31": "26.90%", "2017-09-30": "26.41%", "2017-06-30": "26.49%", "2017-03-31": "26.42%", "2016-12-31": "26.25%", "2016-09-30": "26.93%", "2016-06-30": "26.77%", "2016-03-31": "26.43%", "2015-12-31": "26.25%", "2015-09-30": "24.97%", "2015-06-30": "24.69%", "2015-03-31": "24.53%", "2014-12-31": "23.88%", "2014-09-30": "23.74%", "2014-06-30": "23.33%", "2014-03-31": "22.90%", "2013-12-31": "22.04%", "2013-09-30": "22.38%", "2013-06-30": "22.51%", "2013-03-31": "22.71%", "2012-12-31": "23.62%", "2012-09-30": "23.52%", "2012-06-30": "23.26%", "2012-03-31": "23.24%", "2011-12-31": "23.08%", "2011-09-30": "23.08%", "2011-06-30": "23.48%", "2011-03-31": "23.72%", "2010-12-31": "24.36%", "2010-09-30": "24.19%", "2010-06-30": "23.90%", "2010-03-31": "23.61%", "2009-12-31": "23.20%", "2009-09-30": "23.30%", "2009-06-30": "22.68%", "2009-03-31": "20.98%", "2008-12-31": "19.80%", "2008-09-30": "19.06%", "2008-06-30": "18.99%", "2008-03-31": "19.53%", "2007-12-31": "20.02%", "2007-09-30": "18.28%", "2007-06-30": "17.13%", "2007-03-31": "16.54%", "2006-12-31": "16.34%", "2006-09-30": "17.20%", "2006-06-30": "17.46%", "2006-03-31": "17.95%", "2005-12-31": "18.38%"}, "ebitda margin": {"2020-09-30": "33.76%", "2020-06-30": "32.63%", "2020-03-31": "34.38%", "2019-12-31": "33.25%", "2019-09-30": "34.97%", "2019-06-30": "37.24%", "2019-03-31": "36.45%", "2018-12-31": "39.65%", "2018-09-30": "39.17%", "2018-06-30": "39.06%", "2018-03-31": "39.10%", "2017-12-31": "34.69%", "2017-09-30": "34.34%", "2017-06-30": "34.32%", "2017-03-31": "34.12%", "2016-12-31": "33.90%", "2016-09-30": "34.15%", "2016-06-30": "34.11%", "2016-03-31": "33.90%", "2015-12-31": "33.82%", "2015-09-30": "32.97%", "2015-06-30": "32.67%", "2015-03-31": "32.48%", "2014-12-31": "31.86%", "2014-09-30": "31.76%", "2014-06-30": "31.45%", "2014-03-31": "31.19%", "2013-12-31": "30.41%", "2013-09-30": "30.66%", "2013-06-30": "30.70%", "2013-03-31": "30.73%", "2012-12-31": "31.51%", "2012-09-30": "31.43%", "2012-06-30": "31.17%", "2012-03-31": "31.24%", "2011-12-31": "31.13%", "2011-09-30": "31.22%", "2011-06-30": "31.67%", "2011-03-31": "31.87%", "2010-12-31": "32.57%", "2010-09-30": "32.38%", "2010-06-30": "32.13%", "2010-03-31": "31.88%", "2009-12-31": "31.37%", "2009-09-30": "31.67%", "2009-06-30": "30.86%", "2009-03-31": "28.93%", "2008-12-31": "27.43%", "2008-09-30": "26.03%", "2008-06-30": "25.25%", "2008-03-31": "25.03%", "2007-12-31": "24.80%", "2007-09-30": "22.27%", "2007-06-30": "21.10%", "2007-03-31": "20.31%", "2006-12-31": "20.07%", "2006-09-30": "20.71%", "2006-06-30": "20.97%", "2006-03-31": "21.64%", "2005-12-31": "22.07%"}, "pre tax profit margin": {"2020-09-30": "7.39%", "2020-06-30": "6.86%", "2020-03-31": "10.33%", "2019-12-31": "10.63%", "2019-09-30": "15.30%", "2019-06-30": "20.50%", "2019-03-31": "21.24%", "2018-12-31": "26.70%", "2018-09-30": "27.00%", "2018-06-30": "27.42%", "2018-03-31": "27.83%", "2017-12-31": "23.84%", "2017-09-30": "23.36%", "2017-06-30": "23.50%", "2017-03-31": "23.46%", "2016-12-31": "23.16%", "2016-09-30": "25.47%", "2016-06-30": "25.29%", "2016-03-31": "23.25%", "2015-12-31": "23.16%", "2015-09-30": "20.05%", "2015-06-30": "19.72%", "2015-03-31": "21.36%", "2014-12-31": "20.67%", "2014-09-30": "20.51%", "2014-06-30": "20.06%", "2014-03-31": "19.57%", "2013-12-31": "18.65%", "2013-09-30": "18.95%", "2013-06-30": "18.86%", "2013-03-31": "19.04%", "2012-12-31": "19.86%", "2012-09-30": "19.60%", "2012-06-30": "18.81%", "2012-03-31": "17.13%", "2011-12-31": "16.86%", "2011-09-30": "16.10%", "2011-06-30": "16.91%", "2011-03-31": "18.60%", "2010-12-31": "19.19%", "2010-09-30": "19.55%", "2010-06-30": "19.15%", "2010-03-31": "18.61%", "2009-12-31": "18.00%", "2009-09-30": "16.72%", "2009-06-30": "16.53%", "2009-03-31": "15.10%", "2008-12-31": "13.95%", "2008-09-30": "14.51%", "2008-06-30": "14.91%", "2008-03-31": "16.34%", "2007-12-31": "18.14%", "2007-09-30": "17.25%", "2007-06-30": "16.18%", "2007-03-31": "15.62%", "2006-12-31": "15.51%", "2006-09-30": "17.41%", "2006-06-30": "17.84%", "2006-03-31": "18.58%", "2005-12-31": "20.15%"}, "net profit margin": {"2020-09-30": "6.01%", "2020-06-30": "5.82%", "2020-03-31": "8.51%", "2019-12-31": "8.77%", "2019-09-30": "12.11%", "2019-06-30": "16.08%", "2019-03-31": "16.81%", "2018-12-31": "20.38%", "2018-09-30": "25.00%", "2018-06-30": "25.14%", "2018-03-31": "24.76%", "2017-12-31": "21.88%", "2017-09-30": "16.31%", "2017-06-30": "16.04%", "2017-03-31": "15.95%", "2016-12-31": "16.89%", "2016-09-30": "19.71%", "2016-06-30": "20.01%", "2016-03-31": "18.72%", "2015-12-31": "16.89%", "2015-09-30": "13.53%", "2015-06-30": "14.07%", "2015-03-31": "14.96%", "2014-12-31": "14.88%", "2014-09-30": "15.84%", "2014-06-30": "14.42%", "2014-03-31": "14.28%", "2013-12-31": "13.46%", "2013-09-30": "12.90%", "2013-06-30": "12.73%", "2013-03-31": "13.27%", "2012-12-31": "13.77%", "2012-09-30": "13.06%", "2012-06-30": "12.91%", "2012-03-31": "11.34%", "2011-12-31": "11.00%", "2011-09-30": "10.46%", "2011-06-30": "10.67%", "2011-03-31": "11.67%", "2010-12-31": "12.00%", "2010-09-30": "12.10%", "2010-06-30": "11.78%", "2010-03-31": "12.16%", "2009-12-31": "11.68%", "2009-09-30": "10.59%", "2009-06-30": "9.55%", "2009-03-31": "7.97%", "2008-12-31": "12.40%", "2008-09-30": "13.38%", "2008-06-30": "14.71%", "2008-03-31": "16.19%", "2007-12-31": "11.94%", "2007-09-30": "11.21%", "2007-06-30": "10.42%", "2007-03-31": "10.37%", "2006-12-31": "10.06%", "2006-09-30": "11.34%", "2006-06-30": "11.71%", "2006-03-31": "11.79%", "2005-12-31": "12.71%"}, "pe ratio": {"current": "26.40", "2021-02-05": "85.02", "2020-09-30": "78.07", "2020-06-30": "77.48", "2020-03-31": "52.19", "2019-12-31": "63.88", "2019-09-30": "47.96", "2019-06-30": "38.30", "2019-03-31": "36.48", "2018-12-31": "25.70", "2018-09-30": "23.98", "2018-06-30": "21.63", "2018-03-31": "21.38", "2017-12-31": "22.61", "2017-09-30": "30.63", "2017-06-30": "29.91", "2017-03-31": "28.76", "2016-12-31": "25.61", "2016-09-30": "24.99", "2016-06-30": "27.60", "2016-03-31": "29.06", "2015-12-31": "30.59", "2015-09-30": "29.76", "2015-06-30": "28.17", "2015-03-31": "25.95", "2014-12-31": "23.82", "2014-09-30": "20.92", "2014-06-30": "21.97", "2014-03-31": "21.31", "2013-12-31": "24.15", "2013-09-30": "22.31", "2013-06-30": "20.14", "2013-03-31": "20.06", "2012-12-31": "17.76", "2012-09-30": "17.88", "2012-06-30": "18.01", "2012-03-31": "20.05", "2011-12-31": "17.91", "2011-09-30": "16.65", "2011-06-30": "20.67", "2011-03-31": "19.36", "2010-12-31": "17.91", "2010-09-30": "16.56", "2010-06-30": "14.63", "2010-03-31": "15.91", "2009-12-31": "15.84", "2009-09-30": "17.92", "2009-06-30": "18.81", "2009-03-31": "17.12", "2008-12-31": "10.51", "2008-09-30": "12.96", "2008-06-30": "11.63", "2008-03-31": "12.21", "2007-12-31": "21.26", "2007-09-30": "19.27", "2007-06-30": "22.36", "2007-03-31": "20.73", "2006-12-31": "20.64"}, "price sales": {"2021-02-05": "4.71", "2020-09-30": "4.32", "2020-06-30": "4.15", "2020-03-31": "4.28", "2019-12-31": "5.63", "2019-09-30": "6.26", "2019-06-30": "6.19", "2019-03-31": "6.15", "2018-12-31": "5.25", "2018-09-30": "5.98", "2018-06-30": "5.45", "2018-03-31": "5.32", "2017-12-31": "4.98", "2017-09-30": "5.02", "2017-06-30": "4.83", "2017-03-31": "4.61", "2016-12-31": "4.34", "2016-09-30": "3.93", "2016-06-30": "4.41", "2016-03-31": "4.27", "2015-12-31": "3.91", "2015-09-30": "4.05", "2015-06-30": "3.97", "2015-03-31": "3.89", "2014-12-31": "3.56", "2014-09-30": "3.32", "2014-06-30": "3.17", "2014-03-31": "3.06", "2013-12-31": "3.28", "2013-09-30": "2.90", "2013-06-30": "2.58", "2013-03-31": "2.68", "2012-12-31": "2.46", "2012-09-30": "2.35", "2012-06-30": "2.34", "2012-03-31": "2.29", "2011-12-31": "1.98", "2011-09-30": "1.75", "2011-06-30": "2.21", "2011-03-31": "2.26", "2010-12-31": "2.16", "2010-09-30": "2.00", "2010-06-30": "1.72", "2010-03-31": "1.94", "2009-12-31": "1.85", "2009-09-30": "1.91", "2009-06-30": "1.82", "2009-03-31": "1.37", "2008-12-31": "1.30", "2008-09-30": "1.74", "2008-06-30": "1.72", "2008-03-31": "1.99", "2007-12-31": "2.56", "2007-09-30": "2.17", "2007-06-30": "2.34", "2007-03-31": "2.15", "2006-12-31": "2.08"}, "price book": {"current": "2.32", "2021-02-05": "2.32", "2020-09-30": "2.13", "2020-06-30": "1.98", "2020-03-31": "1.92", "2019-12-31": "2.27", "2019-09-30": "2.09", "2019-06-30": "14.05", "2019-03-31": "14.47", "2018-12-31": "12.58", "2018-09-30": "12.41", "2018-06-30": "10.56", "2018-03-31": "9.86", "2017-12-31": "9.97", "2017-09-30": "11.46", "2017-06-30": "10.79", "2017-03-31": "10.13", "2016-12-31": "9.01", "2016-09-30": "8.43", "2016-06-30": "9.08", "2016-03-31": "8.52", "2015-12-31": "7.75", "2015-09-30": "6.93", "2015-06-30": "6.20", "2015-03-31": "5.86", "2014-12-31": "5.18", "2014-09-30": "4.58", "2014-06-30": "4.32", "2014-03-31": "4.14", "2013-12-31": "4.23", "2013-09-30": "3.78", "2013-06-30": "3.31", "2013-03-31": "3.35", "2012-12-31": "3.09", "2012-09-30": "3.04", "2012-06-30": "3.01", "2012-03-31": "2.96", "2011-12-31": "2.53", "2011-09-30": "2.27", "2011-06-30": "2.87", "2011-03-31": "2.87", "2010-12-31": "2.66", "2010-09-30": "2.49", "2010-06-30": "2.20", "2010-03-31": "2.48", "2009-12-31": "2.45", "2009-09-30": "2.55", "2009-06-30": "2.50", "2009-03-31": "2.10", "2008-12-31": "2.19", "2008-09-30": "2.75", "2008-06-30": "2.62", "2008-03-31": "2.93", "2007-12-31": "3.71", "2007-09-30": "3.51", "2007-06-30": "3.96", "2007-03-31": "3.70", "2006-12-31": "3.70", "2006-09-30": "3.34", "2006-06-30": "3.31", "2006-03-31": "3.16"}, "price fcf": {"2021-02-05": "", "2020-09-30": "$5.32", "2020-06-30": "$5.15", "2020-03-31": "$4.21", "2019-12-31": "$3.97", "2019-09-30": "$3.13", "2019-06-30": "$2.74", "2019-03-31": "$2.87", "2018-12-31": "$2.88", "2018-09-30": "$2.64", "2018-06-30": "$2.56", "2018-03-31": "$2.59", "2017-12-31": "$2.77", "2017-09-30": "$2.59", "2017-06-30": "$2.63", "2017-03-31": "$2.47", "2016-12-31": "$2.55", "2016-09-30": "$2.64", "2016-06-30": "$2.58", "2016-03-31": "$2.64", "2015-12-31": "$2.20", "2015-09-30": "$1.95", "2015-06-30": "$2.01", "2015-03-31": "$2.11", "2014-12-31": "$2.01", "2014-09-30": "$2.00", "2014-06-30": "$1.80", "2014-03-31": "$1.63", "2013-12-31": "$1.51", "2013-09-30": "$1.39", "2013-06-30": "$1.18", "2013-03-31": "$1.14", "2012-12-31": "$1.15", "2012-09-30": "$1.09", "2012-06-30": "$1.27", "2012-03-31": "$1.24", "2011-12-31": "$1.31", "2011-09-30": "$1.36", "2011-06-30": "$1.27", "2011-03-31": "$1.32", "2010-12-31": "$1.29", "2010-09-30": "$1.13", "2010-06-30": "$1.14", "2010-03-31": "$1.11", "2009-12-31": "$1.05", "2009-09-30": "$0.99", "2009-06-30": "$0.89", "2009-03-31": "$0.91", "2008-12-31": "$0.87", "2008-09-30": "$0.81", "2008-06-30": "$0.78", "2008-03-31": "$0.67", "2007-12-31": "$0.59", "2007-09-30": "$0.57", "2007-06-30": "$0.55", "2007-03-31": "$0.52", "2006-12-31": "$0.54"}, "net worth": {"value": "$75.24B"}, "current ratio": {"current": "1.06", "2020-09-30": "1.06", "2020-06-30": "1.04", "2020-03-31": "1.07", "2019-12-31": "1.08", "2019-09-30": "1.08", "2019-06-30": "4.97", "2019-03-31": "1.07", "2018-12-31": "1.11", "2018-09-30": "1.01", "2018-06-30": "1.09", "2018-03-31": "1.05", "2017-12-31": "1.02", "2017-09-30": "1.01", "2017-06-30": "0.96", "2017-03-31": "0.90", "2016-12-31": "0.95", "2016-09-30": "1.03", "2016-06-30": "1.02", "2016-03-31": "0.96", "2015-12-31": "1.00", "2015-09-30": "1.09", "2015-06-30": "1.28", "2015-03-31": "1.00", "2014-12-31": "0.97", "2014-09-30": "1.13", "2014-06-30": "1.12", "2014-03-31": "1.08", "2013-12-31": "1.18", "2013-09-30": "1.24", "2013-06-30": "1.24", "2013-03-31": "1.22", "2012-12-31": "1.31", "2012-09-30": "1.26", "2012-06-30": "1.04", "2012-03-31": "0.97", "2011-12-31": "0.98", "2011-09-30": "1.16", "2011-06-30": "1.32", "2011-03-31": "1.42", "2010-12-31": "1.59", "2010-09-30": "1.56", "2010-06-30": "1.36", "2010-03-31": "1.26", "2009-12-31": "1.10", "2009-09-30": "1.26", "2009-06-30": "1.16", "2009-03-31": "1.07", "2008-12-31": "1.08", "2008-09-30": "1.35", "2008-06-30": "1.13", "2008-03-31": "1.07", "2007-12-31": "1.13", "2007-09-30": "1.10", "2007-06-30": "1.08", "2007-03-31": "1.11", "2006-12-31": "1.22", "2006-09-30": "1.11", "2006-06-30": "1.06", "2006-03-31": "1.02", "2005-12-31": "1.02", "2005-09-30": "0.96", "2005-06-30": "1.30", "2005-03-31": "1.35"}, "quick ratio": {"2020-09-30": "0.00", "2020-06-30": "0.00", "2020-03-31": "0.00", "2019-12-31": "0.00", "2019-09-30": "0.00", "2019-06-30": "0.00", "2019-03-31": "0.00", "2018-12-31": "0.00", "2018-09-30": "0.00", "2018-06-30": "0.00", "2018-03-31": "0.00", "2017-12-31": "0.00", "2017-09-30": "0.00", "2017-06-30": "0.00", "2017-03-31": "0.00", "2016-12-31": "0.00", "2016-09-30": "0.00", "2016-06-30": "0.00", "2016-03-31": "0.00", "2015-12-31": "0.00", "2015-09-30": "0.00", "2015-06-30": "0.00", "2015-03-31": "0.00", "2014-12-31": "0.00", "2014-09-30": "0.00", "2014-06-30": "0.00", "2014-03-31": "0.00", "2013-12-31": "0.00", "2013-09-30": "0.00", "2013-06-30": "0.00", "2013-03-31": "0.00", "2012-12-31": "0.00", "2012-09-30": "0.00", "2012-06-30": "0.00", "2012-03-31": "0.00", "2011-12-31": "0.00", "2011-09-30": "0.00", "2011-06-30": "0.00", "2011-03-31": "0.00", "2010-12-31": "0.00", "2010-09-30": "0.00", "2010-06-30": "0.00", "2010-03-31": "0.00", "2009-12-31": "0.00", "2009-09-30": "0.00", "2009-06-30": "0.00", "2009-03-31": "0.00", "2008-12-31": "0.00", "2008-09-30": "0.00", "2008-06-30": "0.00", "2008-03-31": "0.00", "2007-12-31": "0.00", "2007-09-30": "0.00", "2007-06-30": "0.00", "2007-03-31": "0.00", "2006-12-31": "0.00", "2006-09-30": "0.00", "2006-06-30": "0.00", "2006-03-31": "0.00", "2005-12-31": "0.00", "2005-09-30": "0.00", "2005-06-30": "0.00", "2005-03-31": "0.00"}, "debt equity ratio": {"current": "0.64", "2020-09-30": "1.23", "2020-06-30": "1.33", "2020-03-31": "1.18", "2019-12-31": "1.24", "2019-09-30": "1.31", "2019-06-30": "6.71", "2019-03-31": "3.88", "2018-12-31": "3.91", "2018-09-30": "3.04", "2018-06-30": "2.59", "2018-03-31": "2.42", "2017-12-31": "2.77", "2017-09-30": "3.34", "2017-06-30": "3.05", "2017-03-31": "3.00", "2016-12-31": "2.83", "2016-09-30": "2.75", "2016-06-30": "2.61", "2016-03-31": "2.56", "2015-12-31": "2.51", "2015-09-30": "2.27", "2015-06-30": "2.05", "2015-03-31": "1.90", "2014-12-31": "1.83", "2014-09-30": "1.73", "2014-06-30": "1.71", "2014-03-31": "1.75", "2013-12-31": "1.65", "2013-09-30": "1.73", "2013-06-30": "1.72", "2013-03-31": "1.74", "2012-12-31": "1.49", "2012-09-30": "1.60", "2012-06-30": "1.59", "2012-03-31": "1.64", "2011-12-31": "1.62", "2011-09-30": "1.68", "2011-06-30": "1.72", "2011-03-31": "1.63", "2010-12-31": "1.57", "2010-09-30": "1.67", "2010-06-30": "1.62", "2010-03-31": "1.67", "2009-12-31": "1.77", "2009-09-30": "2.12", "2009-06-30": "2.24", "2009-03-31": "2.45", "2008-12-31": "2.60", "2008-09-30": "2.46", "2008-06-30": "2.55", "2008-03-31": "2.91", "2007-12-31": "3.80", "2007-09-30": "1.64", "2007-06-30": "1.70", "2007-03-31": "1.62", "2006-12-31": "1.58", "2006-09-30": "1.52", "2006-06-30": "1.70", "2006-03-31": "1.56", "2005-12-31": "1.45", "2005-09-30": "1.45", "2005-06-30": "1.32", "2005-03-31": "1.51"}, "return on equity": {"2020-09-30": "2.71%", "2020-06-30": "2.49%", "2020-03-31": "4.07%", "2019-12-31": "4.87%", "2019-09-30": "9.09%", "2019-06-30": "38.85%", "2019-03-31": "38.79%", "2018-12-31": "44.06%", "2018-09-30": "51.62%", "2018-06-30": "53.27%", "2018-03-31": "54.47%", "2017-12-31": "50.36%", "2017-09-30": "37.71%", "2017-06-30": "36.15%", "2017-03-31": "34.91%", "2016-12-31": "35.65%", "2016-09-30": "42.52%", "2016-06-30": "41.49%", "2016-03-31": "36.67%", "2015-12-31": "31.29%", "2015-09-30": "22.48%", "2015-06-30": "22.11%", "2015-03-31": "22.72%", "2014-12-31": "22.05%", "2014-09-30": "22.74%", "2014-06-30": "20.45%", "2014-03-31": "20.04%", "2013-12-31": "18.51%", "2013-09-30": "17.52%", "2013-06-30": "17.19%", "2013-03-31": "17.76%", "2012-12-31": "18.60%", "2012-09-30": "17.71%", "2012-06-30": "17.49%", "2012-03-31": "15.48%", "2011-12-31": "14.94%", "2011-09-30": "14.12%", "2011-06-30": "14.19%", "2011-03-31": "15.32%", "2010-12-31": "15.63%", "2010-09-30": "15.94%", "2010-06-30": "15.80%", "2010-03-31": "16.61%", "2009-12-31": "16.58%", "2009-09-30": "15.20%", "2009-06-30": "14.04%", "2009-03-31": "12.56%", "2008-12-31": "20.86%", "2008-09-30": "22.37%", "2008-06-30": "24.87%", "2008-03-31": "26.34%", "2007-12-31": "18.16%", "2007-09-30": "18.65%", "2007-06-30": "18.07%", "2007-03-31": "18.48%", "2006-12-31": "18.65%", "2006-09-30": "20.39%", "2006-06-30": "20.40%", "2006-03-31": "19.90%", "2005-12-31": "20.41%"}, "return on assets": {"2020-09-30": "1.21%", "2020-06-30": "1.10%", "2020-03-31": "1.71%", "2019-12-31": "1.91%", "2019-09-30": "3.10%", "2019-06-30": "7.21%", "2019-03-31": "9.01%", "2018-12-31": "11.20%", "2018-09-30": "13.97%", "2018-06-30": "14.21%", "2018-03-31": "14.10%", "2017-12-31": "12.50%", "2017-09-30": "9.31%", "2017-06-30": "9.26%", "2017-03-31": "9.20%", "2016-12-31": "9.67%", "2016-09-30": "11.79%", "2016-06-30": "11.91%", "2016-03-31": "11.00%", "2015-12-31": "9.88%", "2015-09-30": "7.49%", "2015-06-30": "7.70%", "2015-03-31": "8.15%", "2014-12-31": "8.02%", "2014-09-30": "8.40%", "2014-06-30": "7.55%", "2014-03-31": "7.38%", "2013-12-31": "6.83%", "2013-09-30": "6.56%", "2013-06-30": "6.52%", "2013-03-31": "6.83%", "2012-12-31": "7.22%", "2012-09-30": "6.78%", "2012-06-30": "6.64%", "2012-03-31": "5.81%", "2011-12-31": "5.61%", "2011-09-30": "5.33%", "2011-06-30": "5.37%", "2011-03-31": "5.84%", "2010-12-31": "5.94%", "2010-09-30": "5.95%", "2010-06-30": "5.66%", "2010-03-31": "5.65%", "2009-12-31": "5.29%", "2009-09-30": "4.55%", "2009-06-30": "4.09%", "2009-03-31": "3.58%", "2008-12-31": "5.76%", "2008-09-30": "5.74%", "2008-06-30": "6.67%", "2008-03-31": "7.45%", "2007-12-31": "5.68%", "2007-09-30": "7.09%", "2007-06-30": "6.94%", "2007-03-31": "7.10%", "2006-12-31": "7.21%", "2006-09-30": "7.98%", "2006-06-30": "8.04%", "2006-03-31": "8.15%", "2005-12-31": "8.39%"}, "return on investments": {"2020-09-30": "3.31%", "2020-06-30": "2.97%", "2020-03-31": "4.07%", "2019-12-31": "4.71%", "2019-09-30": "7.05%", "2019-06-30": "15.33%", "2019-03-31": "19.19%", "2018-12-31": "22.65%", "2018-09-30": "23.03%", "2018-06-30": "23.31%", "2018-03-31": "23.98%", "2017-12-31": "21.13%", "2017-09-30": "20.89%", "2017-06-30": "21.00%", "2017-03-31": "20.75%", "2016-12-31": "20.27%", "2016-09-30": "21.55%", "2016-06-30": "21.24%", "2016-03-31": "20.60%", "2015-12-31": "20.35%", "2015-09-30": "18.27%", "2015-06-30": "17.82%", "2015-03-31": "17.64%", "2014-12-31": "16.90%", "2014-09-30": "16.42%", "2014-06-30": "15.84%", "2014-03-31": "15.28%", "2013-12-31": "14.30%", "2013-09-30": "14.50%", "2013-06-30": "14.64%", "2013-03-31": "14.90%", "2012-12-31": "15.96%", "2012-09-30": "15.88%", "2012-06-30": "15.56%", "2012-03-31": "15.50%", "2011-12-31": "15.19%", "2011-09-30": "15.01%", "2011-06-30": "15.12%", "2011-03-31": "15.08%", "2010-12-31": "15.34%", "2010-09-30": "15.27%", "2010-06-30": "14.96%", "2010-03-31": "14.65%", "2009-12-31": "14.47%", "2009-09-30": "14.12%", "2009-06-30": "13.73%", "2009-03-31": "13.36%", "2008-12-31": "13.17%", "2008-09-30": "12.06%", "2008-06-30": "13.48%", "2008-03-31": "15.08%", "2007-12-31": "17.14%", "2007-09-30": "22.54%", "2007-06-30": "22.20%", "2007-03-31": "22.21%", "2006-12-31": "22.90%", "2006-09-30": "23.67%", "2006-06-30": "23.77%", "2006-03-31": "24.34%", "2005-12-31": "24.29%"}, "return on tangible equity": {"2020-09-30": "-4.68%", "2020-06-30": "-4.32%", "2020-03-31": "-6.70%", "2019-12-31": "-7.25%", "2019-09-30": "-10.43%", "2019-06-30": "-18.46%", "2019-03-31": "-19.77%", "2018-12-31": "-25.10%", "2018-09-30": "-31.96%", "2018-06-30": "-31.11%", "2018-03-31": "-29.81%", "2017-12-31": "-25.44%", "2017-09-30": "-18.76%", "2017-06-30": "-18.85%", "2017-03-31": "-18.88%", "2016-12-31": "-20.03%", "2016-09-30": "-24.50%", "2016-06-30": "-25.18%", "2016-03-31": "-24.13%", "2015-12-31": "-22.39%", "2015-09-30": "-17.47%", "2015-06-30": "-18.51%", "2015-03-31": "-19.74%", "2014-12-31": "-19.59%", "2014-09-30": "-20.83%", "2014-06-30": "-18.55%", "2014-03-31": "-17.97%", "2013-12-31": "-16.54%", "2013-09-30": "-16.23%", "2013-06-30": "-16.46%", "2013-03-31": "-17.61%", "2012-12-31": "-18.93%", "2012-09-30": "-17.40%", "2012-06-30": "-16.70%", "2012-03-31": "-14.72%", "2011-12-31": "-14.35%", "2011-09-30": "-13.86%", "2011-06-30": "-14.52%", "2011-03-31": "-15.68%", "2010-12-31": "-15.87%", "2010-09-30": "-15.53%", "2010-06-30": "-14.53%", "2010-03-31": "-14.44%", "2009-12-31": "-13.35%", "2009-09-30": "-11.36%", "2009-06-30": "-10.19%", "2009-03-31": "-8.76%", "2008-12-31": "-13.96%", "2008-09-30": "-14.14%", "2008-06-30": "-18.54%", "2008-03-31": "-25.50%", "2007-12-31": "-27.36%", "2007-09-30": "-96.35%", "2007-06-30": "-96.80%", "2007-03-31": "-102.87%", "2006-12-31": "-108.89%", "2006-09-30": "-101.54%", "2006-06-30": "-113.34%", "2006-03-31": "-175.44%", "2005-12-31": "-451.64%"}, "dividend yield history": {"last payout": "$0.00", "last yield": "0.00%"}}