{"ticker": "FLIR", "price": {"title": "FLIR Systems Historical Annual Stock Price Data", "value": 54.63, "historical": {"2021": {"Average Stock Price": "53.7475", "Year Open": "52.2400", "Year High": "54.7600", "Year Low": "51.8700", "Year Close": "54.6300", "Annual % Change": "24.64%"}, "2020": {"Average Stock Price": "41.2675", "Year Open": "52.7500", "Year High": "58.7900", "Year Low": "25.5200", "Year Close": "43.8300", "Annual % Change": "-15.82%"}, "2019": {"Average Stock Price": "50.7828", "Year Open": "43.0900", "Year High": "55.0400", "Year Low": "41.9200", "Year Close": "52.0700", "Annual % Change": "19.59%"}, "2018": {"Average Stock Price": "52.8365", "Year Open": "47.1100", "Year High": "63.3100", "Year Low": "41.3600", "Year Close": "43.5400", "Annual % Change": "-6.61%"}, "2017": {"Average Stock Price": "39.0321", "Year Open": "36.0900", "Year High": "47.8100", "Year Low": "34.1000", "Year Close": "46.6200", "Annual % Change": "28.82%"}, "2016": {"Average Stock Price": "31.8210", "Year Open": "28.7500", "Year High": "36.7700", "Year Low": "27.6000", "Year Close": "36.1900", "Annual % Change": "28.93%"}, "2015": {"Average Stock Price": "30.1237", "Year Open": "32.1900", "Year High": "33.9700", "Year Low": "26.0100", "Year Close": "28.0700", "Annual % Change": "-13.12%"}, "2014": {"Average Stock Price": "33.3370", "Year Open": "29.1100", "Year High": "37.2300", "Year Low": "28.3600", "Year Close": "32.3100", "Annual % Change": "7.34%"}, "2013": {"Average Stock Price": "27.7370", "Year Open": "23.4600", "Year High": "33.7500", "Year Low": "23.0800", "Year Close": "30.1000", "Annual % Change": "34.88%"}, "2012": {"Average Stock Price": "21.9453", "Year Open": "25.4900", "Year High": "26.8100", "Year Low": "18.3300", "Year Close": "22.3157", "Annual % Change": "-10.99%"}, "2011": {"Average Stock Price": "29.6385", "Year Open": "29.6500", "Year High": "37.0400", "Year Low": "22.1500", "Year Close": "25.0700", "Annual % Change": "-15.73%"}, "2010": {"Average Stock Price": "28.3035", "Year Open": "32.6400", "Year High": "32.9300", "Year Low": "24.3800", "Year Close": "29.7500", "Annual % Change": "-9.10%"}, "2009": {"Average Stock Price": "24.9953", "Year Open": "31.7600", "Year High": "33.1900", "Year Low": "18.8700", "Year Close": "32.7300", "Annual % Change": "6.68%"}, "2008": {"Average Stock Price": "33.3165", "Year Open": "31.1300", "Year High": "45.1000", "Year Low": "23.6900", "Year Close": "30.6800", "Annual % Change": "-1.98%"}, "2007": {"Average Stock Price": "23.4866", "Year Open": "15.9800", "Year High": "36.3500", "Year Low": "15.0200", "Year Close": "31.3000", "Annual % Change": "96.67%"}, "2006": {"Average Stock Price": "13.3746", "Year Open": "11.3550", "Year High": "16.9150", "Year Low": "10.8200", "Year Close": "15.9150", "Annual % Change": "42.54%"}, "2005": {"Average Stock Price": "14.1326", "Year Open": "15.7000", "Year High": "18.0450", "Year Low": "10.2650", "Year Close": "11.1650", "Annual % Change": "-29.99%"}, "2004": {"Average Stock Price": "12.7075", "Year Open": "9.0450", "Year High": "16.4775", "Year Low": "8.8800", "Year Close": "15.9475", "Annual % Change": "74.77%"}, "2003": {"Average Stock Price": "6.8957", "Year Open": "6.2638", "Year High": "9.1650", "Year Low": "5.2125", "Year Close": "9.1250", "Annual % Change": "49.59%"}, "2002": {"Average Stock Price": "5.4326", "Year Open": "4.7375", "Year High": "7.3300", "Year Low": "3.5275", "Year Close": "6.1000", "Annual % Change": "28.69%"}, "2001": {"Average Stock Price": "2.9425", "Year Open": "0.6406", "Year High": "5.9150", "Year Low": "0.5508", "Year Close": "4.7400", "Annual % Change": "581.62%"}, "2000": {"Average Stock Price": "1.0595", "Year Open": "2.0938", "Year High": "2.3275", "Year Low": "0.3829", "Year Close": "0.6954", "Annual % Change": "-65.77%"}, "1999": {"Average Stock Price": "2.0437", "Year Open": "2.8600", "Year High": "2.9525", "Year Low": "1.4063", "Year Close": "2.0313", "Annual % Change": "-30.11%"}, "1998": {"Average Stock Price": "2.2452", "Year Open": "2.4688", "Year High": "2.9063", "Year Low": "1.3125", "Year Close": "2.9063", "Annual % Change": "12.05%"}, "1997": {"Average Stock Price": "2.1866", "Year Open": "1.7188", "Year High": "2.7350", "Year Low": "1.7188", "Year Close": "2.5938", "Annual % Change": "50.91%"}, "1996": {"Average Stock Price": "1.6223", "Year Open": "1.5388", "Year High": "1.9375", "Year Low": "1.2650", "Year Close": "1.7188", "Annual % Change": "12.24%"}, "1995": {"Average Stock Price": "1.7029", "Year Open": "1.6563", "Year High": "2.0938", "Year Low": "1.5313", "Year Close": "1.5313", "Annual % Change": "-5.77%"}, "1994": {"Average Stock Price": "1.6147", "Year Open": "1.2500", "Year High": "1.9063", "Year Low": "1.2500", "Year Close": "1.6250", "Annual % Change": "33.33%"}}}, "market cap": {"value": "$7.18B"}, "income statement": {"Revenue": {"2019-12-31": "1887.02600", "2018-12-31": "1775.68600", "2017-12-31": "1800.43400", "2016-12-31": "1662.16700", "2015-12-31": "1557.06700", "2014-12-31": "1530.65400", "2013-12-31": "1496.37200", "2012-12-31": "1405.35800", "2011-12-31": "1544.06200", "2010-12-31": "1388.43700", "2009-12-31": "1147.08700", "2008-12-31": "1076.97400", "2007-12-31": "779.39700", "2006-12-31": "575.00000", "2005-12-31": "508.56100"}, "Cost Of Goods Sold": {"2019-12-31": "957.52300", "2018-12-31": "875.36800", "2017-12-31": "941.65800", "2016-12-31": "895.04600", "2015-12-31": "803.50600", "2014-12-31": "780.28100", "2013-12-31": "759.36200", "2012-12-31": "670.17400", "2011-12-31": "714.74300", "2010-12-31": "624.79600", "2009-12-31": "488.55800", "2008-12-31": "470.83200", "2007-12-31": "346.16700", "2006-12-31": "260.08700", "2005-12-31": "231.86700"}, "Gross Profit": {"2019-12-31": "929.50300", "2018-12-31": "900.31810", "2017-12-31": "858.77590", "2016-12-31": "767.12100", "2015-12-31": "753.56100", "2014-12-31": "750.37300", "2013-12-31": "737.00990", "2012-12-31": "735.18400", "2011-12-31": "829.31900", "2010-12-31": "763.64100", "2009-12-31": "658.52910", "2008-12-31": "606.14200", "2007-12-31": "433.23000", "2006-12-31": "314.91300", "2005-12-31": "276.69400"}, "Research And Development Expenses": {"2019-12-31": "204.20700", "2018-12-31": "176.28100", "2017-12-31": "170.73500", "2016-12-31": "147.53700", "2015-12-31": "132.89200", "2014-12-31": "142.75100", "2013-12-31": "147.69600", "2012-12-31": "137.35400", "2011-12-31": "147.17700", "2010-12-31": "116.63500", "2009-12-31": "91.30100", "2008-12-31": "89.96400", "2007-12-31": "72.45800", "2006-12-31": "60.58400", "2005-12-31": "51.51400"}, "SG&A Expenses": {"2019-12-31": "441.93700", "2018-12-31": "386.86900", "2017-12-31": "373.86700", "2016-12-31": "322.43500", "2015-12-31": "313.54400", "2014-12-31": "331.99500", "2013-12-31": "322.73900", "2012-12-31": "292.50000", "2011-12-31": "368.94700", "2010-12-31": "286.69500", "2009-12-31": "219.94100", "2008-12-31": "231.68700", "2007-12-31": "168.94000", "2006-12-31": "117.37400", "2005-12-31": "99.22700"}, "Other Operating Income Or Expenses": {"2019-12-31": "", "2018-12-31": "", "2017-12-31": "", "2016-12-31": "", "2015-12-31": "0.00000", "2014-12-31": "", "2013-12-31": "", "2012-12-31": "", "2011-12-31": "", "2010-12-31": "", "2009-12-31": "", "2008-12-31": "", "2007-12-31": "", "2006-12-31": "", "2005-12-31": ""}, "Operating Expenses": {"2019-12-31": "1613.76600", "2018-12-31": "1457.08000", "2017-12-31": "1510.47300", "2016-12-31": "1366.44900", "2015-12-31": "1251.30300", "2014-12-31": "1271.41000", "2013-12-31": "1255.62900", "2012-12-31": "1102.02800", "2011-12-31": "1230.86700", "2010-12-31": "1028.12600", "2009-12-31": "799.80000", "2008-12-31": "792.48300", "2007-12-31": "587.56500", "2006-12-31": "438.04500", "2005-12-31": "382.60800"}, "Operating Income": {"2019-12-31": "273.26000", "2018-12-31": "318.60610", "2017-12-31": "289.96090", "2016-12-31": "295.71790", "2015-12-31": "305.76420", "2014-12-31": "259.24400", "2013-12-31": "240.74290", "2012-12-31": "303.33000", "2011-12-31": "313.19510", "2010-12-31": "360.31100", "2009-12-31": "347.28700", "2008-12-31": "284.49100", "2007-12-31": "191.83200", "2006-12-31": "136.95500", "2005-12-31": "125.95300"}, "Total Non-Operating Income/Expense": {"2019-12-31": "-31.34400", "2018-12-31": "-11.50300", "2017-12-31": "-10.89600", "2016-12-31": "-19.76100", "2015-12-31": "-0.31800", "2014-12-31": "-9.71500", "2013-12-31": "-11.75700", "2012-12-31": "-11.41800", "2011-12-31": "-2.11600", "2010-12-31": "2.38900", "2009-12-31": "-6.89400", "2008-12-31": "5.82700", "2007-12-31": "-5.75800", "2006-12-31": "-4.34400", "2005-12-31": "-3.72900"}, "Pre-Tax Income": {"2019-12-31": "241.91600", "2018-12-31": "307.10300", "2017-12-31": "279.06500", "2016-12-31": "275.95700", "2015-12-31": "305.44600", "2014-12-31": "249.52900", "2013-12-31": "228.98600", "2012-12-31": "291.91200", "2011-12-31": "311.07900", "2010-12-31": "362.70000", "2009-12-31": "340.39300", "2008-12-31": "290.31800", "2007-12-31": "186.07400", "2006-12-31": "132.61100", "2005-12-31": "122.22400"}, "Income Taxes": {"2019-12-31": "70.31900", "2018-12-31": "24.67800", "2017-12-31": "171.84200", "2016-12-31": "109.33100", "2015-12-31": "63.76000", "2014-12-31": "49.26800", "2013-12-31": "51.97100", "2012-12-31": "66.55600", "2011-12-31": "88.42700", "2010-12-31": "114.32600", "2009-12-31": "110.18000", "2008-12-31": "89.41800", "2007-12-31": "52.50200", "2006-12-31": "31.71500", "2005-12-31": "31.45900"}, "Income After Taxes": {"2019-12-31": "171.59700", "2018-12-31": "282.42500", "2017-12-31": "107.22300", "2016-12-31": "166.62600", "2015-12-31": "241.68600", "2014-12-31": "200.26100", "2013-12-31": "177.01500", "2012-12-31": "225.35600", "2011-12-31": "222.65200", "2010-12-31": "248.37400", "2009-12-31": "230.21300", "2008-12-31": "200.90000", "2007-12-31": "133.57200", "2006-12-31": "100.89600", "2005-12-31": "90.76500"}, "Other Income": {"2019-12-31": "", "2018-12-31": "", "2017-12-31": "", "2016-12-31": "", "2015-12-31": "", "2014-12-31": "", "2013-12-31": "", "2012-12-31": "", "2011-12-31": "", "2010-12-31": "", "2009-12-31": "", "2008-12-31": "", "2007-12-31": "", "2006-12-31": "", "2005-12-31": ""}, "Income From Continuous Operations": {"2019-12-31": "171.59700", "2018-12-31": "282.42500", "2017-12-31": "107.22300", "2016-12-31": "166.62600", "2015-12-31": "241.68600", "2014-12-31": "200.26100", "2013-12-31": "177.01500", "2012-12-31": "225.35600", "2011-12-31": "222.65200", "2010-12-31": "248.37400", "2009-12-31": "230.21300", "2008-12-31": "200.90000", "2007-12-31": "133.57200", "2006-12-31": "100.89600", "2005-12-31": "90.76500"}, "Income From Discontinued Operations": {"2019-12-31": "", "2018-12-31": "", "2017-12-31": "", "2016-12-31": "", "2015-12-31": "", "2014-12-31": "", "2013-12-31": "", "2012-12-31": "-2.95800", "2011-12-31": "-1.17800", "2010-12-31": "-0.24800", "2009-12-31": "0.00000", "2008-12-31": "0.00000", "2007-12-31": "", "2006-12-31": "", "2005-12-31": ""}, "Net Income": {"2019-12-31": "171.59700", "2018-12-31": "282.42500", "2017-12-31": "107.22300", "2016-12-31": "166.62600", "2015-12-31": "241.68600", "2014-12-31": "200.26100", "2013-12-31": "177.01500", "2012-12-31": "222.39800", "2011-12-31": "221.47400", "2010-12-31": "248.12600", "2009-12-31": "230.21300", "2008-12-31": "200.90000", "2007-12-31": "133.57200", "2006-12-31": "100.89600", "2005-12-31": "90.76500"}, "EBITDA": {"2019-12-31": "390.05800", "2018-12-31": "388.41710", "2017-12-31": "360.97090", "2016-12-31": "353.23090", "2015-12-31": "355.29820", "2014-12-31": "316.48900", "2013-12-31": "303.53890", "2012-12-31": "363.04500", "2011-12-31": "390.69310", "2010-12-31": "421.60800", "2009-12-31": "389.71300", "2008-12-31": "329.81400", "2007-12-31": "222.81900", "2006-12-31": "157.50600", "2005-12-31": "141.53800"}, "EBIT": {"2019-12-31": "273.26000", "2018-12-31": "318.60610", "2017-12-31": "289.96090", "2016-12-31": "295.71790", "2015-12-31": "305.76420", "2014-12-31": "259.24400", "2013-12-31": "240.74290", "2012-12-31": "303.33000", "2011-12-31": "313.19510", "2010-12-31": "360.31100", "2009-12-31": "347.28700", "2008-12-31": "284.49100", "2007-12-31": "191.83200", "2006-12-31": "136.95500", "2005-12-31": "125.95300"}, "Basic Shares Outstanding": {"2019-12-31": "135.01600", "2018-12-31": "137.81500", "2017-12-31": "137.45600", "2016-12-31": "137.13800", "2015-12-31": "139.35300", "2014-12-31": "141.14300", "2013-12-31": "142.44600", "2012-12-31": "151.63400", "2011-12-31": "158.32300", "2010-12-31": "156.14100", "2009-12-31": "149.40500", "2008-12-31": "138.49000", "2007-12-31": "134.24400", "2006-12-31": "135.69100", "2005-12-31": "139.15900"}, "Shares Outstanding": {"2019-12-31": "136.63700", "2018-12-31": "140.20900", "2017-12-31": "139.64600", "2016-12-31": "138.49700", "2015-12-31": "140.77400", "2014-12-31": "143.56900", "2013-12-31": "144.59500", "2012-12-31": "153.59400", "2011-12-31": "160.85100", "2010-12-31": "161.63000", "2009-12-31": "161.56900", "2008-12-31": "162.90100", "2007-12-31": "159.24100", "2006-12-31": "159.55500", "2005-12-31": "164.05800"}, "Basic EPS": {"2019-12-31": "1.27000", "2018-12-31": "2.05000", "2017-12-31": "0.78000", "2016-12-31": "1.22000", "2015-12-31": "1.73000", "2014-12-31": "1.42000", "2013-12-31": "1.24000", "2012-12-31": "1.47000", "2011-12-31": "1.40000", "2010-12-31": "1.59000", "2009-12-31": "1.54000", "2008-12-31": "1.45000", "2007-12-31": "0.99000", "2006-12-31": "0.74000", "2005-12-31": "0.65000"}, "EPS - Earnings Per Share": {"2019-12-31": "1.26000", "2018-12-31": "2.01000", "2017-12-31": "0.77000", "2016-12-31": "1.20000", "2015-12-31": "1.72000", "2014-12-31": "1.39000", "2013-12-31": "1.22000", "2012-12-31": "1.45000", "2011-12-31": "1.38000", "2010-12-31": "1.54000", "2009-12-31": "1.45000", "2008-12-31": "1.28000", "2007-12-31": "0.89000", "2006-12-31": "0.66000", "2005-12-31": "0.58000"}}, "income statement, quarterly": {"Revenue": {"2020-09-30": "466.41400", "2020-06-30": "482.01500", "2020-03-31": "450.92300", "2019-12-31": "489.04410", "2019-09-30": "471.24800", "2019-06-30": "481.99800", "2019-03-31": "444.73600", "2018-12-31": "448.46300", "2018-09-30": "434.89800", "2018-06-30": "452.70700", "2018-03-31": "439.61800", "2017-12-31": "494.78390", "2017-09-30": "464.71200", "2017-06-30": "434.12400", "2017-03-31": "406.81400", "2016-12-31": "474.73800", "2016-09-30": "405.22800", "2016-06-30": "402.72900", "2016-03-31": "379.47200", "2015-12-31": "437.64710", "2015-09-30": "381.92800", "2015-06-30": "392.97500", "2015-03-31": "344.51700", "2014-12-31": "434.36610", "2014-09-30": "375.36600", "2014-06-30": "369.38000", "2014-03-31": "351.54200", "2013-12-31": "400.31900", "2013-09-30": "358.14100", "2013-06-30": "389.32900", "2013-03-31": "348.58300", "2012-12-31": "386.38500", "2012-09-30": "332.23000", "2012-06-30": "338.29100", "2012-03-31": "348.45200", "2011-12-31": "405.21100", "2011-09-30": "371.32700", "2011-06-30": "391.55500", "2011-03-31": "375.96900", "2010-12-31": "437.50890", "2010-09-30": "332.49700", "2010-06-30": "331.13300", "2010-03-31": "287.29800", "2009-12-31": "311.56000", "2009-09-30": "285.55300", "2009-06-30": "277.97800", "2009-03-31": "271.99600", "2008-12-31": "302.35000", "2008-09-30": "276.74000", "2008-06-30": "260.97800", "2008-03-31": "236.90600", "2007-12-31": "242.63390", "2007-09-30": "191.10400", "2007-06-30": "184.29600", "2007-03-31": "161.36300", "2006-12-31": "185.89900", "2006-09-30": "133.21200", "2006-06-30": "138.55000", "2006-03-31": "117.33900", "2005-12-31": "156.24700", "2005-09-30": "113.03100", "2005-06-30": "130.96600", "2005-03-31": "108.31700"}, "Cost Of Goods Sold": {"2020-09-30": "237.50000", "2020-06-30": "229.81500", "2020-03-31": "231.55500", "2019-12-31": "256.55700", "2019-09-30": "241.50100", "2019-06-30": "248.59000", "2019-03-31": "210.87500", "2018-12-31": "220.68390", "2018-09-30": "212.82400", "2018-06-30": "220.15600", "2018-03-31": "221.70400", "2017-12-31": "256.95200", "2017-09-30": "241.82100", "2017-06-30": "227.39200", "2017-03-31": "215.49300", "2016-12-31": "260.00510", "2016-09-30": "213.85200", "2016-06-30": "219.40700", "2016-03-31": "201.78200", "2015-12-31": "230.33700", "2015-09-30": "201.18900", "2015-06-30": "203.36000", "2015-03-31": "168.62000", "2014-12-31": "219.62900", "2014-09-30": "190.98000", "2014-06-30": "186.66200", "2014-03-31": "183.01000", "2013-12-31": "210.22700", "2013-09-30": "185.25100", "2013-06-30": "199.28800", "2013-03-31": "164.59600", "2012-12-31": "177.31000", "2012-09-30": "158.87700", "2012-06-30": "168.26200", "2012-03-31": "165.72500", "2011-12-31": "179.71200", "2011-09-30": "169.43000", "2011-06-30": "186.14400", "2011-03-31": "179.45700", "2010-12-31": "204.65300", "2010-09-30": "150.38900", "2010-06-30": "147.81000", "2010-03-31": "121.94400", "2009-12-31": "135.51100", "2009-09-30": "122.73600", "2009-06-30": "116.03000", "2009-03-31": "114.28100", "2008-12-31": "128.87900", "2008-09-30": "121.47800", "2008-06-30": "114.36400", "2008-03-31": "106.11100", "2007-12-31": "105.39500", "2007-09-30": "84.08100", "2007-06-30": "85.15000", "2007-03-31": "71.54100", "2006-12-31": "81.45600", "2006-09-30": "57.50100", "2006-06-30": "64.63900", "2006-03-31": "56.49100", "2005-12-31": "69.58600", "2005-09-30": "52.91100", "2005-06-30": "59.63900", "2005-03-31": "49.73100"}, "Gross Profit": {"2020-09-30": "228.91400", "2020-06-30": "252.20000", "2020-03-31": "219.36800", "2019-12-31": "232.48710", "2019-09-30": "229.74700", "2019-06-30": "233.40800", "2019-03-31": "233.86100", "2018-12-31": "227.77910", "2018-09-30": "222.07400", "2018-06-30": "232.55100", "2018-03-31": "217.91400", "2017-12-31": "237.83190", "2017-09-30": "222.89100", "2017-06-30": "206.73200", "2017-03-31": "191.32100", "2016-12-31": "214.73290", "2016-09-30": "191.37600", "2016-06-30": "183.32200", "2016-03-31": "177.69000", "2015-12-31": "207.31000", "2015-09-30": "180.73900", "2015-06-30": "189.61500", "2015-03-31": "175.89700", "2014-12-31": "214.73700", "2014-09-30": "184.38600", "2014-06-30": "182.71800", "2014-03-31": "168.53200", "2013-12-31": "190.09200", "2013-09-30": "172.89000", "2013-06-30": "190.04100", "2013-03-31": "183.98700", "2012-12-31": "209.07500", "2012-09-30": "173.35300", "2012-06-30": "170.02900", "2012-03-31": "182.72700", "2011-12-31": "225.49900", "2011-09-30": "201.89700", "2011-06-30": "205.41100", "2011-03-31": "196.51200", "2010-12-31": "232.85590", "2010-09-30": "182.10800", "2010-06-30": "183.32300", "2010-03-31": "165.35400", "2009-12-31": "176.04900", "2009-09-30": "162.81700", "2009-06-30": "161.94800", "2009-03-31": "157.71500", "2008-12-31": "173.47100", "2008-09-30": "155.26200", "2008-06-30": "146.61400", "2008-03-31": "130.79500", "2007-12-31": "137.23890", "2007-09-30": "107.02300", "2007-06-30": "99.14600", "2007-03-31": "89.82200", "2006-12-31": "104.44300", "2006-09-30": "75.71100", "2006-06-30": "73.91100", "2006-03-31": "60.84800", "2005-12-31": "86.66100", "2005-09-30": "60.12000", "2005-06-30": "71.32700", "2005-03-31": "58.58600"}, "Research And Development Expenses": {"2020-09-30": "47.84800", "2020-06-30": "56.01200", "2020-03-31": "53.84700", "2019-12-31": "53.77000", "2019-09-30": "49.80000", "2019-06-30": "52.95700", "2019-03-31": "47.68000", "2018-12-31": "43.29400", "2018-09-30": "41.99700", "2018-06-30": "46.42900", "2018-03-31": "44.56100", "2017-12-31": "42.83300", "2017-09-30": "42.87300", "2017-06-30": "43.04600", "2017-03-31": "41.98300", "2016-12-31": "38.21000", "2016-09-30": "33.83900", "2016-06-30": "38.20800", "2016-03-31": "37.28000", "2015-12-31": "31.79200", "2015-09-30": "31.20000", "2015-06-30": "35.12600", "2015-03-31": "34.77400", "2014-12-31": "36.09600", "2014-09-30": "34.02200", "2014-06-30": "36.30700", "2014-03-31": "36.32600", "2013-12-31": "38.42500", "2013-09-30": "32.98600", "2013-06-30": "39.60100", "2013-03-31": "36.68400", "2012-12-31": "33.68000", "2012-09-30": "29.59300", "2012-06-30": "37.51000", "2012-03-31": "36.57100", "2011-12-31": "34.91900", "2011-09-30": "35.18800", "2011-06-30": "39.48100", "2011-03-31": "37.58900", "2010-12-31": "35.00300", "2010-09-30": "28.52000", "2010-06-30": "28.30900", "2010-03-31": "24.80300", "2009-12-31": "24.36600", "2009-09-30": "21.29400", "2009-06-30": "23.23200", "2009-03-31": "22.40900", "2008-12-31": "21.66800", "2008-09-30": "21.63900", "2008-06-30": "23.54700", "2008-03-31": "23.11000", "2007-12-31": "20.83500", "2007-09-30": "15.69200", "2007-06-30": "17.91500", "2007-03-31": "18.01600", "2006-12-31": "16.26100", "2006-09-30": "13.92800", "2006-06-30": "15.16600", "2006-03-31": "15.22900", "2005-12-31": "12.51200", "2005-09-30": "11.77700", "2005-06-30": "13.97000", "2005-03-31": "13.25500"}, "SG&A Expenses": {"2020-09-30": "94.19600", "2020-06-30": "88.67600", "2020-03-31": "116.24200", "2019-12-31": "120.34100", "2019-09-30": "103.39300", "2019-06-30": "113.71300", "2019-03-31": "104.49000", "2018-12-31": "90.20500", "2018-09-30": "91.52500", "2018-06-30": "97.45600", "2018-03-31": "107.68300", "2017-12-31": "93.62700", "2017-09-30": "92.93200", "2017-06-30": "97.05600", "2017-03-31": "90.25200", "2016-12-31": "82.81200", "2016-09-30": "76.68800", "2016-06-30": "79.90200", "2016-03-31": "83.03300", "2015-12-31": "80.66000", "2015-09-30": "73.55700", "2015-06-30": "83.95800", "2015-03-31": "75.36900", "2014-12-31": "90.25800", "2014-09-30": "76.29500", "2014-06-30": "83.50000", "2014-03-31": "81.94200", "2013-12-31": "88.03300", "2013-09-30": "76.36500", "2013-06-30": "80.16800", "2013-03-31": "78.17300", "2012-12-31": "73.31900", "2012-09-30": "69.52300", "2012-06-30": "71.79800", "2012-03-31": "77.86000", "2011-12-31": "80.91300", "2011-09-30": "81.30000", "2011-06-30": "124.12700", "2011-03-31": "82.60700", "2010-12-31": "97.48700", "2010-09-30": "67.80100", "2010-06-30": "65.19900", "2010-03-31": "56.20800", "2009-12-31": "61.74200", "2009-09-30": "52.20400", "2009-06-30": "54.05500", "2009-03-31": "51.94000", "2008-12-31": "63.74100", "2008-09-30": "56.97300", "2008-06-30": "58.39400", "2008-03-31": "52.57900", "2007-12-31": "53.54000", "2007-09-30": "39.50800", "2007-06-30": "40.06800", "2007-03-31": "35.82400", "2006-12-31": "33.10900", "2006-09-30": "27.81600", "2006-06-30": "29.69600", "2006-03-31": "26.75300", "2005-12-31": "27.99800", "2005-09-30": "22.00200", "2005-06-30": "25.03100", "2005-03-31": "24.19600"}, "Other Operating Income Or Expenses": {"2020-09-30": "", "2020-06-30": "", "2020-03-31": "", "2019-12-31": "", "2019-09-30": "", "2019-06-30": "", "2019-03-31": "", "2018-12-31": "", "2018-09-30": "", "2018-06-30": "", "2018-03-31": "", "2017-12-31": "", "2017-09-30": "", "2017-06-30": "", "2017-03-31": "", "2016-12-31": "", "2016-09-30": "", "2016-06-30": "", "2016-03-31": "", "2015-12-31": "", "2015-09-30": "", "2015-06-30": "", "2015-03-31": "", "2014-12-31": "", "2014-09-30": "", "2014-06-30": "", "2014-03-31": "", "2013-12-31": "", "2013-09-30": "", "2013-06-30": "", "2013-03-31": "", "2012-12-31": "", "2012-09-30": "", "2012-06-30": "", "2012-03-31": "", "2011-12-31": "", "2011-09-30": "", "2011-06-30": "", "2011-03-31": "", "2010-12-31": "", "2010-09-30": "", "2010-06-30": "", "2010-03-31": "", "2009-12-31": "", "2009-09-30": "", "2009-06-30": "", "2009-03-31": "", "2008-12-31": "", "2008-09-30": "", "2008-06-30": "", "2008-03-31": "", "2007-12-31": "", "2007-09-30": "", "2007-06-30": "", "2007-03-31": "", "2006-12-31": "", "2006-09-30": "", "2006-06-30": "", "2006-03-31": "", "2005-12-31": "", "2005-09-30": "", "2005-06-30": "", "2005-03-31": ""}, "Operating Expenses": {"2020-09-30": "379.83700", "2020-06-30": "382.20500", "2020-03-31": "422.42800", "2019-12-31": "434.99100", "2019-09-30": "396.86000", "2019-06-30": "418.26100", "2019-03-31": "363.65400", "2018-12-31": "362.56690", "2018-09-30": "346.34600", "2018-06-30": "364.04100", "2018-03-31": "384.12600", "2017-12-31": "417.62500", "2017-09-30": "377.62600", "2017-06-30": "367.49400", "2017-03-31": "347.72800", "2016-12-31": "382.45810", "2016-09-30": "324.37900", "2016-06-30": "337.51700", "2016-03-31": "322.09500", "2015-12-31": "344.14980", "2015-09-30": "305.94600", "2015-06-30": "322.44400", "2015-03-31": "278.76300", "2014-12-31": "346.94600", "2014-09-30": "305.35700", "2014-06-30": "310.01600", "2014-03-31": "309.09100", "2013-12-31": "362.51700", "2013-09-30": "294.60200", "2013-06-30": "319.05700", "2013-03-31": "279.45300", "2012-12-31": "286.30910", "2012-09-30": "257.99300", "2012-06-30": "277.57000", "2012-03-31": "280.15600", "2011-12-31": "295.54390", "2011-09-30": "285.91800", "2011-06-30": "349.75200", "2011-03-31": "299.65300", "2010-12-31": "337.14300", "2010-09-30": "246.71000", "2010-06-30": "241.31800", "2010-03-31": "202.95500", "2009-12-31": "221.61900", "2009-09-30": "196.23400", "2009-06-30": "193.31700", "2009-03-31": "188.63000", "2008-12-31": "214.28810", "2008-09-30": "200.09000", "2008-06-30": "196.30500", "2008-03-31": "181.80000", "2007-12-31": "179.77000", "2007-09-30": "139.28100", "2007-06-30": "143.13300", "2007-03-31": "125.38100", "2006-12-31": "130.82600", "2006-09-30": "99.24500", "2006-06-30": "109.50100", "2006-03-31": "98.47300", "2005-12-31": "110.09600", "2005-09-30": "86.69000", "2005-06-30": "98.64000", "2005-03-31": "87.18200"}, "Operating Income": {"2020-09-30": "86.57700", "2020-06-30": "99.81000", "2020-03-31": "28.49500", "2019-12-31": "54.05310", "2019-09-30": "74.38800", "2019-06-30": "63.73700", "2019-03-31": "81.08200", "2018-12-31": "85.89620", "2018-09-30": "88.55200", "2018-06-30": "88.66600", "2018-03-31": "55.49200", "2017-12-31": "77.15890", "2017-09-30": "87.08600", "2017-06-30": "66.63000", "2017-03-31": "59.08600", "2016-12-31": "92.27990", "2016-09-30": "80.84900", "2016-06-30": "65.21200", "2016-03-31": "57.37700", "2015-12-31": "93.49720", "2015-09-30": "75.98200", "2015-06-30": "70.53100", "2015-03-31": "65.75400", "2014-12-31": "87.42000", "2014-09-30": "70.00900", "2014-06-30": "59.36400", "2014-03-31": "42.45100", "2013-12-31": "37.80190", "2013-09-30": "63.53900", "2013-06-30": "70.27200", "2013-03-31": "69.13000", "2012-12-31": "100.07600", "2012-09-30": "74.23700", "2012-06-30": "60.72100", "2012-03-31": "68.29600", "2011-12-31": "109.66710", "2011-09-30": "85.40900", "2011-06-30": "41.80300", "2011-03-31": "76.31600", "2010-12-31": "100.36600", "2010-09-30": "85.78700", "2010-06-30": "89.81500", "2010-03-31": "84.34300", "2009-12-31": "89.94100", "2009-09-30": "89.31900", "2009-06-30": "84.66100", "2009-03-31": "83.36600", "2008-12-31": "88.06190", "2008-09-30": "76.65000", "2008-06-30": "64.67300", "2008-03-31": "55.10600", "2007-12-31": "62.86390", "2007-09-30": "51.82300", "2007-06-30": "41.16300", "2007-03-31": "35.98200", "2006-12-31": "55.07300", "2006-09-30": "33.96700", "2006-06-30": "29.04900", "2006-03-31": "18.86600", "2005-12-31": "46.15100", "2005-09-30": "26.34100", "2005-06-30": "32.32600", "2005-03-31": "21.13500"}, "Total Non-Operating Income/Expense": {"2020-09-30": "-6.65600", "2020-06-30": "-17.91600", "2020-03-31": "-5.29700", "2019-12-31": "-12.14300", "2019-09-30": "-7.26200", "2019-06-30": "-5.61400", "2019-03-31": "-6.32500", "2018-12-31": "-1.77900", "2018-09-30": "-3.13400", "2018-06-30": "-5.71300", "2018-03-31": "-0.87700", "2017-12-31": "-1.73100", "2017-09-30": "-2.55300", "2017-06-30": "-3.09000", "2017-03-31": "-3.52200", "2016-12-31": "-7.00400", "2016-09-30": "-5.64100", "2016-06-30": "-5.35900", "2016-03-31": "-1.75700", "2015-12-31": "11.28500", "2015-09-30": "-4.80600", "2015-06-30": "-4.08300", "2015-03-31": "-2.71400", "2014-12-31": "-4.63600", "2014-09-30": "0.45400", "2014-06-30": "-2.28700", "2014-03-31": "-3.24600", "2013-12-31": "-2.65400", "2013-09-30": "-3.49300", "2013-06-30": "-3.66800", "2013-03-31": "-1.94200", "2012-12-31": "-2.37100", "2012-09-30": "-5.00300", "2012-06-30": "-2.63100", "2012-03-31": "-1.41300", "2011-12-31": "-1.51600", "2011-09-30": "-1.43700", "2011-06-30": "1.77500", "2011-03-31": "-0.93800", "2010-12-31": "1.54400", "2010-09-30": "0.73600", "2010-06-30": "1.02600", "2010-03-31": "-0.91700", "2009-12-31": "0.58100", "2009-09-30": "-2.90200", "2009-06-30": "-2.81900", "2009-03-31": "-1.75400", "2008-12-31": "8.11600", "2008-09-30": "1.48300", "2008-06-30": "0.00300", "2008-03-31": "-3.77500", "2007-12-31": "-2.74400", "2007-09-30": "-1.28800", "2007-06-30": "-1.39500", "2007-03-31": "-0.33100", "2006-12-31": "-3.07500", "2006-09-30": "-0.81800", "2006-06-30": "0.77200", "2006-03-31": "-1.22300", "2005-12-31": "-0.44500", "2005-09-30": "-2.90300", "2005-06-30": "0.88000", "2005-03-31": "-1.26100"}, "Pre-Tax Income": {"2020-09-30": "79.92100", "2020-06-30": "81.89400", "2020-03-31": "23.19800", "2019-12-31": "41.91000", "2019-09-30": "67.12600", "2019-06-30": "58.12300", "2019-03-31": "74.75700", "2018-12-31": "84.11700", "2018-09-30": "85.41800", "2018-06-30": "82.95300", "2018-03-31": "54.61500", "2017-12-31": "75.42800", "2017-09-30": "84.53300", "2017-06-30": "63.54000", "2017-03-31": "55.56400", "2016-12-31": "85.27600", "2016-09-30": "75.20800", "2016-06-30": "59.85300", "2016-03-31": "55.62000", "2015-12-31": "104.78200", "2015-09-30": "71.17600", "2015-06-30": "66.44800", "2015-03-31": "63.04000", "2014-12-31": "82.78400", "2014-09-30": "70.46300", "2014-06-30": "57.07700", "2014-03-31": "39.20500", "2013-12-31": "35.14800", "2013-09-30": "60.04600", "2013-06-30": "66.60400", "2013-03-31": "67.18800", "2012-12-31": "97.70500", "2012-09-30": "69.23400", "2012-06-30": "58.09000", "2012-03-31": "66.88300", "2011-12-31": "108.15100", "2011-09-30": "83.97200", "2011-06-30": "43.57800", "2011-03-31": "75.37800", "2010-12-31": "101.91000", "2010-09-30": "86.52300", "2010-06-30": "90.84100", "2010-03-31": "83.42600", "2009-12-31": "90.52200", "2009-09-30": "86.41700", "2009-06-30": "81.84200", "2009-03-31": "81.61200", "2008-12-31": "96.17800", "2008-09-30": "78.13300", "2008-06-30": "64.67600", "2008-03-31": "51.33100", "2007-12-31": "60.12000", "2007-09-30": "50.53500", "2007-06-30": "39.76800", "2007-03-31": "35.65100", "2006-12-31": "51.99800", "2006-09-30": "33.14900", "2006-06-30": "29.82100", "2006-03-31": "17.64300", "2005-12-31": "45.70600", "2005-09-30": "23.43800", "2005-06-30": "33.20600", "2005-03-31": "19.87400"}, "Income Taxes": {"2020-09-30": "19.25800", "2020-06-30": "20.63700", "2020-03-31": "7.77400", "2019-12-31": "40.22600", "2019-09-30": "5.07900", "2019-06-30": "12.00500", "2019-03-31": "13.00900", "2018-12-31": "-14.39900", "2018-09-30": "12.26700", "2018-06-30": "11.39000", "2018-03-31": "15.42000", "2017-12-31": "125.71800", "2017-09-30": "21.00400", "2017-06-30": "12.12700", "2017-03-31": "12.99300", "2016-12-31": "23.77600", "2016-09-30": "16.57500", "2016-06-30": "14.48500", "2016-03-31": "54.49500", "2015-12-31": "34.57800", "2015-09-30": "-1.89600", "2015-06-30": "15.94800", "2015-03-31": "15.13000", "2014-12-31": "10.03200", "2014-09-30": "17.60600", "2014-06-30": "12.31900", "2014-03-31": "9.31100", "2013-12-31": "6.41300", "2013-09-30": "13.56000", "2013-06-30": "16.44600", "2013-03-31": "15.55200", "2012-12-31": "19.52800", "2012-09-30": "13.28500", "2012-06-30": "15.68500", "2012-03-31": "18.05800", "2011-12-31": "31.31800", "2011-09-30": "19.58200", "2011-06-30": "13.75500", "2011-03-31": "23.77200", "2010-12-31": "31.84000", "2010-09-30": "23.56800", "2010-06-30": "31.38700", "2010-03-31": "27.53100", "2009-12-31": "30.26900", "2009-09-30": "26.38200", "2009-06-30": "26.18900", "2009-03-31": "27.34000", "2008-12-31": "31.19500", "2008-09-30": "23.35400", "2008-06-30": "20.05900", "2008-03-31": "14.81000", "2007-12-31": "16.66200", "2007-09-30": "15.77000", "2007-06-30": "10.68300", "2007-03-31": "9.38700", "2006-12-31": "12.24200", "2006-09-30": "6.07900", "2006-06-30": "8.41000", "2006-03-31": "4.98400", "2005-12-31": "11.56400", "2005-09-30": "6.09400", "2005-06-30": "8.63400", "2005-03-31": "5.16700"}, "Income After Taxes": {"2020-09-30": "60.66300", "2020-06-30": "61.25700", "2020-03-31": "15.42400", "2019-12-31": "1.68400", "2019-09-30": "62.04700", "2019-06-30": "46.11800", "2019-03-31": "61.74800", "2018-12-31": "98.51600", "2018-09-30": "73.15100", "2018-06-30": "71.56300", "2018-03-31": "39.19500", "2017-12-31": "-50.29000", "2017-09-30": "63.52900", "2017-06-30": "51.41300", "2017-03-31": "42.57100", "2016-12-31": "61.50000", "2016-09-30": "58.63300", "2016-06-30": "45.36800", "2016-03-31": "1.12500", "2015-12-31": "70.20400", "2015-09-30": "73.07200", "2015-06-30": "50.50000", "2015-03-31": "47.91000", "2014-12-31": "72.75200", "2014-09-30": "52.85700", "2014-06-30": "44.75800", "2014-03-31": "29.89400", "2013-12-31": "28.73500", "2013-09-30": "46.48600", "2013-06-30": "50.15800", "2013-03-31": "51.63600", "2012-12-31": "78.17700", "2012-09-30": "55.94900", "2012-06-30": "42.40500", "2012-03-31": "48.82500", "2011-12-31": "76.83300", "2011-09-30": "64.39000", "2011-06-30": "29.82300", "2011-03-31": "51.60600", "2010-12-31": "70.07000", "2010-09-30": "62.95500", "2010-06-30": "59.45400", "2010-03-31": "55.89500", "2009-12-31": "60.25300", "2009-09-30": "60.03500", "2009-06-30": "55.65300", "2009-03-31": "54.27200", "2008-12-31": "64.98300", "2008-09-30": "54.77900", "2008-06-30": "44.61700", "2008-03-31": "36.52100", "2007-12-31": "43.45800", "2007-09-30": "34.76500", "2007-06-30": "29.08500", "2007-03-31": "26.26400", "2006-12-31": "39.75600", "2006-09-30": "27.07000", "2006-06-30": "21.41100", "2006-03-31": "12.65900", "2005-12-31": "34.14200", "2005-09-30": "17.34400", "2005-06-30": "24.57200", "2005-03-31": "14.70700"}, "Other Income": {"2020-09-30": "", "2020-06-30": "", "2020-03-31": "", "2019-12-31": "", "2019-09-30": "", "2019-06-30": "", "2019-03-31": "", "2018-12-31": "", "2018-09-30": "", "2018-06-30": "", "2018-03-31": "", "2017-12-31": "", "2017-09-30": "", "2017-06-30": "", "2017-03-31": "", "2016-12-31": "", "2016-09-30": "", "2016-06-30": "", "2016-03-31": "", "2015-12-31": "", "2015-09-30": "", "2015-06-30": "", "2015-03-31": "", "2014-12-31": "", "2014-09-30": "", "2014-06-30": "", "2014-03-31": "", "2013-12-31": "", "2013-09-30": "", "2013-06-30": "", "2013-03-31": "", "2012-12-31": "", "2012-09-30": "", "2012-06-30": "", "2012-03-31": "", "2011-12-31": "", "2011-09-30": "", "2011-06-30": "", "2011-03-31": "", "2010-12-31": "", "2010-09-30": "", "2010-06-30": "", "2010-03-31": "", "2009-12-31": "", "2009-09-30": "", "2009-06-30": "", "2009-03-31": "", "2008-12-31": "", "2008-09-30": "", "2008-06-30": "", "2008-03-31": "", "2007-12-31": "", "2007-09-30": "", "2007-06-30": "", "2007-03-31": "", "2006-12-31": "", "2006-09-30": "", "2006-06-30": "", "2006-03-31": "", "2005-12-31": "", "2005-09-30": "", "2005-06-30": "", "2005-03-31": ""}, "Income From Continuous Operations": {"2020-09-30": "60.66300", "2020-06-30": "61.25700", "2020-03-31": "15.42400", "2019-12-31": "1.68400", "2019-09-30": "62.04700", "2019-06-30": "46.11800", "2019-03-31": "61.74800", "2018-12-31": "98.51600", "2018-09-30": "73.15100", "2018-06-30": "71.56300", "2018-03-31": "39.19500", "2017-12-31": "-50.29000", "2017-09-30": "63.52900", "2017-06-30": "51.41300", "2017-03-31": "42.57100", "2016-12-31": "61.50000", "2016-09-30": "58.63300", "2016-06-30": "45.36800", "2016-03-31": "1.12500", "2015-12-31": "70.20400", "2015-09-30": "73.07200", "2015-06-30": "50.50000", "2015-03-31": "47.91000", "2014-12-31": "72.75200", "2014-09-30": "52.85700", "2014-06-30": "44.75800", "2014-03-31": "29.89400", "2013-12-31": "28.73500", "2013-09-30": "46.48600", "2013-06-30": "50.15800", "2013-03-31": "51.63600", "2012-12-31": "78.17700", "2012-09-30": "55.94900", "2012-06-30": "42.40500", "2012-03-31": "48.82500", "2011-12-31": "76.83300", "2011-09-30": "64.39000", "2011-06-30": "29.82300", "2011-03-31": "51.60600", "2010-12-31": "70.07000", "2010-09-30": "62.95500", "2010-06-30": "59.45400", "2010-03-31": "55.89500", "2009-12-31": "60.25300", "2009-09-30": "60.03500", "2009-06-30": "55.65300", "2009-03-31": "54.27200", "2008-12-31": "64.98300", "2008-09-30": "54.77900", "2008-06-30": "44.61700", "2008-03-31": "36.52100", "2007-12-31": "43.45800", "2007-09-30": "34.76500", "2007-06-30": "29.08500", "2007-03-31": "26.26400", "2006-12-31": "39.75600", "2006-09-30": "27.07000", "2006-06-30": "21.41100", "2006-03-31": "12.65900", "2005-12-31": "34.14200", "2005-09-30": "17.34400", "2005-06-30": "24.57200", "2005-03-31": "14.70700"}, "Income From Discontinued Operations": {"2020-09-30": "", "2020-06-30": "", "2020-03-31": "", "2019-12-31": "", "2019-09-30": "", "2019-06-30": "", "2019-03-31": "", "2018-12-31": "", "2018-09-30": "", "2018-06-30": "", "2018-03-31": "", "2017-12-31": "", "2017-09-30": "", "2017-06-30": "", "2017-03-31": "", "2016-12-31": "", "2016-09-30": "", "2016-06-30": "", "2016-03-31": "", "2015-12-31": "", "2015-09-30": "", "2015-06-30": "", "2015-03-31": "", "2014-12-31": "", "2014-09-30": "", "2014-06-30": "", "2014-03-31": "", "2013-12-31": "", "2013-09-30": "", "2013-06-30": "", "2013-03-31": "", "2012-12-31": "-0.91600", "2012-09-30": "-0.04400", "2012-06-30": "-1.31200", "2012-03-31": "-0.68600", "2011-12-31": "-0.70200", "2011-09-30": "0.32900", "2011-06-30": "-0.51400", "2011-03-31": "-0.29100", "2010-12-31": "", "2010-09-30": "0.00000", "2010-06-30": "", "2010-03-31": "", "2009-12-31": "", "2009-09-30": "", "2009-06-30": "", "2009-03-31": "", "2008-12-31": "", "2008-09-30": "", "2008-06-30": "", "2008-03-31": "", "2007-12-31": "", "2007-09-30": "", "2007-06-30": "", "2007-03-31": "", "2006-12-31": "", "2006-09-30": "", "2006-06-30": "", "2006-03-31": "", "2005-12-31": "", "2005-09-30": "", "2005-06-30": "", "2005-03-31": ""}, "Net Income": {"2020-09-30": "60.66300", "2020-06-30": "61.25700", "2020-03-31": "15.42400", "2019-12-31": "1.68400", "2019-09-30": "62.04700", "2019-06-30": "46.11800", "2019-03-31": "61.74800", "2018-12-31": "98.51600", "2018-09-30": "73.15100", "2018-06-30": "71.56300", "2018-03-31": "39.19500", "2017-12-31": "-50.29000", "2017-09-30": "63.52900", "2017-06-30": "51.41300", "2017-03-31": "42.57100", "2016-12-31": "61.50000", "2016-09-30": "58.63300", "2016-06-30": "45.36800", "2016-03-31": "1.12500", "2015-12-31": "70.20400", "2015-09-30": "73.07200", "2015-06-30": "50.50000", "2015-03-31": "47.91000", "2014-12-31": "72.75200", "2014-09-30": "52.85700", "2014-06-30": "44.75800", "2014-03-31": "29.89400", "2013-12-31": "28.73500", "2013-09-30": "46.48600", "2013-06-30": "50.15800", "2013-03-31": "51.63600", "2012-12-31": "77.26100", "2012-09-30": "55.90500", "2012-06-30": "41.09300", "2012-03-31": "48.13900", "2011-12-31": "76.13100", "2011-09-30": "64.71900", "2011-06-30": "29.30900", "2011-03-31": "51.31500", "2010-12-31": "69.82200", "2010-09-30": "62.95500", "2010-06-30": "59.45400", "2010-03-31": "55.89500", "2009-12-31": "60.25300", "2009-09-30": "60.03500", "2009-06-30": "55.65300", "2009-03-31": "54.27200", "2008-12-31": "64.98300", "2008-09-30": "54.77900", "2008-06-30": "44.61700", "2008-03-31": "36.52100", "2007-12-31": "43.45800", "2007-09-30": "34.76500", "2007-06-30": "29.08500", "2007-03-31": "26.26400", "2006-12-31": "39.75600", "2006-09-30": "27.07000", "2006-06-30": "21.41100", "2006-03-31": "12.65900", "2005-12-31": "34.14200", "2005-09-30": "17.34400", "2005-06-30": "24.57200", "2005-03-31": "14.70700"}, "EBITDA": {"2020-09-30": "110.04400", "2020-06-30": "123.33500", "2020-03-31": "52.72000", "2019-12-31": "94.81410", "2019-09-30": "101.51000", "2019-06-30": "95.99000", "2019-03-31": "97.74400", "2018-12-31": "106.34420", "2018-09-30": "104.86000", "2018-06-30": "105.27500", "2018-03-31": "71.93800", "2017-12-31": "94.74290", "2017-09-30": "105.50400", "2017-06-30": "84.60700", "2017-03-31": "76.11700", "2016-12-31": "107.93590", "2016-09-30": "94.92800", "2016-06-30": "79.05100", "2016-03-31": "71.31600", "2015-12-31": "106.56620", "2015-09-30": "87.83600", "2015-06-30": "82.65300", "2015-03-31": "78.24300", "2014-12-31": "100.38700", "2014-09-30": "83.58100", "2014-06-30": "73.60000", "2014-03-31": "58.92100", "2013-12-31": "55.61990", "2013-09-30": "78.41500", "2013-06-30": "85.50300", "2013-03-31": "84.00100", "2012-12-31": "114.93200", "2012-09-30": "89.08000", "2012-06-30": "75.53000", "2012-03-31": "83.50300", "2011-12-31": "125.95710", "2011-09-30": "102.98600", "2011-06-30": "65.54100", "2011-03-31": "96.20900", "2010-12-31": "122.19700", "2010-09-30": "100.18800", "2010-06-30": "103.11400", "2010-03-31": "96.10900", "2009-12-31": "101.46400", "2009-09-30": "99.99900", "2009-06-30": "94.95900", "2009-03-31": "93.29100", "2008-12-31": "99.07790", "2008-09-30": "89.53300", "2008-06-30": "76.84600", "2008-03-31": "64.35700", "2007-12-31": "75.50090", "2007-09-30": "58.20700", "2007-06-30": "47.22300", "2007-03-31": "41.88800", "2006-12-31": "60.64100", "2006-09-30": "39.50400", "2006-06-30": "34.06900", "2006-03-31": "23.29200", "2005-12-31": "50.63100", "2005-09-30": "31.53200", "2005-06-30": "35.12800", "2005-03-31": "24.24700"}, "EBIT": {"2020-09-30": "86.57700", "2020-06-30": "99.81000", "2020-03-31": "28.49500", "2019-12-31": "54.05300", "2019-09-30": "74.38800", "2019-06-30": "63.73700", "2019-03-31": "81.08200", "2018-12-31": "85.89610", "2018-09-30": "88.55200", "2018-06-30": "88.66600", "2018-03-31": "55.49200", "2017-12-31": "77.15900", "2017-09-30": "87.08600", "2017-06-30": "66.63000", "2017-03-31": "59.08600", "2016-12-31": "92.27990", "2016-09-30": "80.84900", "2016-06-30": "65.21200", "2016-03-31": "57.37700", "2015-12-31": "93.49710", "2015-09-30": "75.98200", "2015-06-30": "70.53100", "2015-03-31": "65.75400", "2014-12-31": "87.42000", "2014-09-30": "70.00900", "2014-06-30": "59.36400", "2014-03-31": "42.45100", "2013-12-31": "37.80190", "2013-09-30": "63.53900", "2013-06-30": "70.27200", "2013-03-31": "69.13000", "2012-12-31": "100.07600", "2012-09-30": "74.23700", "2012-06-30": "60.72100", "2012-03-31": "68.29600", "2011-12-31": "109.66710", "2011-09-30": "85.40900", "2011-06-30": "41.80300", "2011-03-31": "76.31600", "2010-12-31": "100.36600", "2010-09-30": "85.78700", "2010-06-30": "89.81500", "2010-03-31": "84.34300", "2009-12-31": "89.94100", "2009-09-30": "89.31900", "2009-06-30": "84.66100", "2009-03-31": "83.36600", "2008-12-31": "88.06200", "2008-09-30": "76.65000", "2008-06-30": "64.67300", "2008-03-31": "55.10600", "2007-12-31": "62.86400", "2007-09-30": "51.82300", "2007-06-30": "41.16300", "2007-03-31": "35.98200", "2006-12-31": "55.07300", "2006-09-30": "33.96700", "2006-06-30": "29.04900", "2006-03-31": "18.86600", "2005-12-31": "46.15100", "2005-09-30": "26.34100", "2005-06-30": "32.32600", "2005-03-31": "21.13500"}, "Basic Shares Outstanding": {"2020-09-30": "131.12500", "2020-06-30": "130.83100", "2020-03-31": "133.59600", "2019-12-31": "135.01600", "2019-09-30": "134.74100", "2019-06-30": "135.51900", "2019-03-31": "135.54100", "2018-12-31": "137.81500", "2018-09-30": "138.19000", "2018-06-30": "137.74900", "2018-03-31": "138.50400", "2017-12-31": "137.45600", "2017-09-30": "137.84900", "2017-06-30": "136.86500", "2017-03-31": "136.35900", "2016-12-31": "137.13800", "2016-09-30": "136.96300", "2016-06-30": "137.86100", "2016-03-31": "137.49600", "2015-12-31": "139.35300", "2015-09-30": "139.59600", "2015-06-30": "140.06300", "2015-03-31": "139.76800", "2014-12-31": "141.14300", "2014-09-30": "141.43300", "2014-06-30": "141.57400", "2014-03-31": "140.93200", "2013-12-31": "142.44600", "2013-09-30": "141.86300", "2013-06-30": "142.08500", "2013-03-31": "144.62900", "2012-12-31": "151.63400", "2012-09-30": "150.87800", "2012-06-30": "153.17200", "2012-03-31": "154.48500", "2011-12-31": "158.32300", "2011-09-30": "158.66500", "2011-06-30": "159.79600", "2011-03-31": "159.40000", "2010-12-31": "156.14100", "2010-09-30": "158.21500", "2010-06-30": "154.49500", "2010-03-31": "152.89900", "2009-12-31": "149.40500", "2009-09-30": "151.57300", "2009-06-30": "149.94800", "2009-03-31": "143.81900", "2008-12-31": "138.49000", "2008-09-30": "139.21100", "2008-06-30": "138.05400", "2008-03-31": "136.99200", "2007-12-31": "134.24400", "2007-09-30": "135.13000", "2007-06-30": "133.48400", "2007-03-31": "132.08400", "2006-12-31": "135.69100", "2006-09-30": "134.95600", "2006-06-30": "138.21800", "2006-03-31": "138.32600", "2005-12-31": "139.15900", "2005-09-30": "139.55400", "2005-06-30": "139.03800", "2005-03-31": "139.10800"}, "Shares Outstanding": {"2020-09-30": "131.68300", "2020-06-30": "131.68700", "2020-03-31": "134.92700", "2019-12-31": "136.63700", "2019-09-30": "136.05000", "2019-06-30": "137.08400", "2019-03-31": "137.16500", "2018-12-31": "140.20900", "2018-09-30": "140.32700", "2018-06-30": "140.14900", "2018-03-31": "140.99400", "2017-12-31": "139.64600", "2017-09-30": "139.41900", "2017-06-30": "138.44900", "2017-03-31": "138.23900", "2016-12-31": "138.49700", "2016-09-30": "137.93800", "2016-06-30": "138.99300", "2016-03-31": "138.77900", "2015-12-31": "140.77400", "2015-09-30": "140.52500", "2015-06-30": "141.49100", "2015-03-31": "141.47200", "2014-12-31": "143.56900", "2014-09-30": "143.41300", "2014-06-30": "144.12000", "2014-03-31": "143.82800", "2013-12-31": "144.59500", "2013-09-30": "144.23100", "2013-06-30": "143.77400", "2013-03-31": "146.29100", "2012-12-31": "153.59400", "2012-09-30": "152.32700", "2012-06-30": "155.03300", "2012-03-31": "156.97200", "2011-12-31": "160.85100", "2011-09-30": "160.79800", "2011-06-30": "162.55000", "2011-03-31": "162.31000", "2010-12-31": "161.63000", "2010-09-30": "160.92500", "2010-06-30": "161.64300", "2010-03-31": "161.60400", "2009-12-31": "161.56900", "2009-09-30": "160.28700", "2009-06-30": "161.35400", "2009-03-31": "162.57800", "2008-12-31": "162.90100", "2008-09-30": "163.12400", "2008-06-30": "162.34400", "2008-03-31": "161.48800", "2007-12-31": "159.24100", "2007-09-30": "159.53500", "2007-06-30": "157.82500", "2007-03-31": "156.06800", "2006-12-31": "159.55500", "2006-09-30": "158.10400", "2006-06-30": "161.60200", "2006-03-31": "162.62200", "2005-12-31": "164.05800", "2005-09-30": "164.58400", "2005-06-30": "163.98000", "2005-03-31": "165.11200"}, "Basic EPS": {"2020-09-30": "0.46000", "2020-06-30": "0.47000", "2020-03-31": "0.12000", "2019-12-31": "0.01000", "2019-09-30": "0.46000", "2019-06-30": "0.34000", "2019-03-31": "0.46000", "2018-12-31": "0.72000", "2018-09-30": "0.53000", "2018-06-30": "0.52000", "2018-03-31": "0.28000", "2017-12-31": "-0.37000", "2017-09-30": "0.46000", "2017-06-30": "0.38000", "2017-03-31": "0.31000", "2016-12-31": "0.45000", "2016-09-30": "0.43000", "2016-06-30": "0.33000", "2016-03-31": "0.01000", "2015-12-31": "0.51000", "2015-09-30": "0.52000", "2015-06-30": "0.36000", "2015-03-31": "0.34000", "2014-12-31": "0.52000", "2014-09-30": "0.37000", "2014-06-30": "0.32000", "2014-03-31": "0.21000", "2013-12-31": "0.20000", "2013-09-30": "0.33000", "2013-06-30": "0.35000", "2013-03-31": "0.36000", "2012-12-31": "0.52000", "2012-09-30": "0.37000", "2012-06-30": "0.27000", "2012-03-31": "0.31000", "2011-12-31": "0.49000", "2011-09-30": "0.41000", "2011-06-30": "0.18000", "2011-03-31": "0.32000", "2010-12-31": "0.44000", "2010-09-30": "0.40000", "2010-06-30": "0.38000", "2010-03-31": "0.37000", "2009-12-31": "0.39000", "2009-09-30": "0.40000", "2009-06-30": "0.37000", "2009-03-31": "0.38000", "2008-12-31": "0.47000", "2008-09-30": "0.39000", "2008-06-30": "0.32000", "2008-03-31": "0.27000", "2007-12-31": "0.31000", "2007-09-30": "0.26000", "2007-06-30": "0.22000", "2007-03-31": "0.20000", "2006-12-31": "0.29500", "2006-09-30": "0.20000", "2006-06-30": "0.15500", "2006-03-31": "0.09000", "2005-12-31": "0.24500", "2005-09-30": "0.12500", "2005-06-30": "0.17500", "2005-03-31": "0.10500"}, "EPS - Earnings Per Share": {"2020-09-30": "0.46000", "2020-06-30": "0.47000", "2020-03-31": "0.11000", "2019-12-31": "0.01000", "2019-09-30": "0.46000", "2019-06-30": "0.34000", "2019-03-31": "0.45000", "2018-12-31": "0.70000", "2018-09-30": "0.52000", "2018-06-30": "0.51000", "2018-03-31": "0.28000", "2017-12-31": "-0.37000", "2017-09-30": "0.46000", "2017-06-30": "0.37000", "2017-03-31": "0.31000", "2016-12-31": "0.43000", "2016-09-30": "0.43000", "2016-06-30": "0.33000", "2016-03-31": "0.01000", "2015-12-31": "0.50000", "2015-09-30": "0.52000", "2015-06-30": "0.36000", "2015-03-31": "0.34000", "2014-12-31": "0.50000", "2014-09-30": "0.37000", "2014-06-30": "0.31000", "2014-03-31": "0.21000", "2013-12-31": "0.20000", "2013-09-30": "0.32000", "2013-06-30": "0.35000", "2013-03-31": "0.35000", "2012-12-31": "0.50000", "2012-09-30": "0.37000", "2012-06-30": "0.27000", "2012-03-31": "0.31000", "2011-12-31": "0.48000", "2011-09-30": "0.40000", "2011-06-30": "0.18000", "2011-03-31": "0.32000", "2010-12-31": "0.43000", "2010-09-30": "0.39000", "2010-06-30": "0.37000", "2010-03-31": "0.35000", "2009-12-31": "0.37000", "2009-09-30": "0.38000", "2009-06-30": "0.35000", "2009-03-31": "0.35000", "2008-12-31": "0.40000", "2008-09-30": "0.35000", "2008-06-30": "0.29000", "2008-03-31": "0.24000", "2007-12-31": "0.30000", "2007-09-30": "0.22000", "2007-06-30": "0.19000", "2007-03-31": "0.18000", "2006-12-31": "0.25500", "2006-09-30": "0.18000", "2006-06-30": "0.14000", "2006-03-31": "0.08500", "2005-12-31": "0.22000", "2005-09-30": "0.11000", "2005-06-30": "0.15500", "2005-03-31": "0.09500"}}, "balance sheet": {"Cash On Hand": {"2019-12-31": "284.59200", "2018-12-31": "512.14400", "2017-12-31": "519.09000", "2016-12-31": "361.34900", "2015-12-31": "472.78500", "2014-12-31": "531.37400", "2013-12-31": "542.47600", "2012-12-31": "321.73900", "2011-12-31": "440.84600", "2010-12-31": "193.13700", "2009-12-31": "422.04700", "2008-12-31": "289.44200", "2007-12-31": "203.68100", "2006-12-31": "138.62300", "2005-12-31": "107.05700"}, "Receivables": {"2019-12-31": "318.65200", "2018-12-31": "323.74600", "2017-12-31": "346.68700", "2016-12-31": "352.02000", "2015-12-31": "326.09800", "2014-12-31": "354.65800", "2013-12-31": "286.57300", "2012-12-31": "335.16300", "2011-12-31": "329.58100", "2010-12-31": "339.72300", "2009-12-31": "234.97400", "2008-12-31": "239.18300", "2007-12-31": "203.37100", "2006-12-31": "167.50200", "2005-12-31": "142.78200"}, "Inventory": {"2019-12-31": "388.76200", "2018-12-31": "352.10700", "2017-12-31": "372.18300", "2016-12-31": "371.37100", "2015-12-31": "393.09200", "2014-12-31": "320.60500", "2013-12-31": "344.71900", "2012-12-31": "379.08000", "2011-12-31": "336.05100", "2010-12-31": "303.15600", "2009-12-31": "216.50000", "2008-12-31": "207.48700", "2007-12-31": "179.36600", "2006-12-31": "135.92800", "2005-12-31": "103.83700"}, "Pre-Paid Expenses": {"2019-12-31": "116.72800", "2018-12-31": "104.65000", "2017-12-31": "81.91500", "2016-12-31": "79.91700", "2015-12-31": "95.53900", "2014-12-31": "93.69100", "2013-12-31": "97.57400", "2012-12-31": "98.30400", "2011-12-31": "102.15900", "2010-12-31": "95.66300", "2009-12-31": "93.27600", "2008-12-31": "59.82400", "2007-12-31": "58.05600", "2006-12-31": "33.02800", "2005-12-31": "33.15300"}, "Other Current Assets": {"2019-12-31": "", "2018-12-31": "", "2017-12-31": "67.34400", "2016-12-31": "", "2015-12-31": "", "2014-12-31": "", "2013-12-31": "", "2012-12-31": "", "2011-12-31": "", "2010-12-31": "", "2009-12-31": "", "2008-12-31": "", "2007-12-31": "", "2006-12-31": "", "2005-12-31": ""}, "Total Current Assets": {"2019-12-31": "1108.73400", "2018-12-31": "1292.64700", "2017-12-31": "1387.21900", "2016-12-31": "1164.65700", "2015-12-31": "1287.51400", "2014-12-31": "1300.32800", "2013-12-31": "1309.73100", "2012-12-31": "1165.24600", "2011-12-31": "1236.08000", "2010-12-31": "954.80700", "2009-12-31": "980.02800", "2008-12-31": "812.50200", "2007-12-31": "655.50700", "2006-12-31": "486.47000", "2005-12-31": "408.99700"}, "Property, Plant, And Equipment": {"2019-12-31": "255.90500", "2018-12-31": "247.40700", "2017-12-31": "263.99600", "2016-12-31": "271.78500", "2015-12-31": "272.62900", "2014-12-31": "247.09400", "2013-12-31": "234.04100", "2012-12-31": "211.61500", "2011-12-31": "186.26900", "2010-12-31": "189.11900", "2009-12-31": "139.11200", "2008-12-31": "122.30400", "2007-12-31": "120.87300", "2006-12-31": "92.15600", "2005-12-31": "59.47900"}, "Long-Term Investments": {"2019-12-31": "", "2018-12-31": "", "2017-12-31": "", "2016-12-31": "", "2015-12-31": "", "2014-12-31": "", "2013-12-31": "", "2012-12-31": "", "2011-12-31": "", "2010-12-31": "", "2009-12-31": "", "2008-12-31": "", "2007-12-31": "", "2006-12-31": "", "2005-12-31": ""}, "Goodwill And Intangible Assets": {"2019-12-31": "1612.11000", "2018-12-31": "1051.41600", "2017-12-31": "1077.94100", "2016-12-31": "969.86600", "2015-12-31": "737.61800", "2014-12-31": "686.54700", "2013-12-31": "729.89600", "2012-12-31": "740.12900", "2011-12-31": "662.78300", "2010-12-31": "659.40400", "2009-12-31": "321.51100", "2008-12-31": "281.85900", "2007-12-31": "229.04900", "2006-12-31": "200.71900", "2005-12-31": "204.96600"}, "Other Long-Term Assets": {"2019-12-31": "120.80900", "2018-12-31": "89.15200", "2017-12-31": "59.86900", "2016-12-31": "168.15500", "2015-12-31": "53.21000", "2014-12-31": "61.24000", "2013-12-31": "51.80800", "2012-12-31": "41.44200", "2011-12-31": "32.33800", "2010-12-31": "31.28000", "2009-12-31": "48.57100", "2008-12-31": "22.19500", "2007-12-31": "16.65000", "2006-12-31": "15.11600", "2005-12-31": "15.98100"}, "Total Long-Term Assets": {"2019-12-31": "2028.80700", "2018-12-31": "1488.59500", "2017-12-31": "1422.80700", "2016-12-31": "1455.04900", "2015-12-31": "1118.88600", "2014-12-31": "1048.98300", "2013-12-31": "1033.62800", "2012-12-31": "1025.40900", "2011-12-31": "913.03390", "2010-12-31": "902.54500", "2009-12-31": "514.51600", "2008-12-31": "428.57500", "2007-12-31": "368.80900", "2006-12-31": "311.67800", "2005-12-31": "280.42600"}, "Total Assets": {"2019-12-31": "3137.54100", "2018-12-31": "2781.24200", "2017-12-31": "2810.02600", "2016-12-31": "2619.70600", "2015-12-31": "2406.40000", "2014-12-31": "2349.31100", "2013-12-31": "2343.35900", "2012-12-31": "2190.65500", "2011-12-31": "2149.11400", "2010-12-31": "1857.35200", "2009-12-31": "1494.54400", "2008-12-31": "1241.07700", "2007-12-31": "1024.31600", "2006-12-31": "798.14800", "2005-12-31": "689.42300"}, "Total Current Liabilities": {"2019-12-31": "413.05500", "2018-12-31": "316.01400", "2017-12-31": "394.93300", "2016-12-31": "361.71200", "2015-12-31": "585.34500", "2014-12-31": "309.55700", "2013-12-31": "276.51500", "2012-12-31": "241.56700", "2011-12-31": "235.74100", "2010-12-31": "249.95100", "2009-12-31": "186.88600", "2008-12-31": "172.27500", "2007-12-31": "160.90100", "2006-12-31": "170.37300", "2005-12-31": "92.66200"}, "Long Term Debt": {"2019-12-31": "648.41900", "2018-12-31": "421.94800", "2017-12-31": "420.68400", "2016-12-31": "501.92100", "2015-12-31": "93.75000", "2014-12-31": "357.98600", "2013-12-31": "372.52800", "2012-12-31": "248.31900", "2011-12-31": "247.86100", "2010-12-31": "", "2009-12-31": "57.99100", "2008-12-31": "182.82500", "2007-12-31": "207.88900", "2006-12-31": "207.02400", "2005-12-31": "206.15500"}, "Other Non-Current Liabilities": {"2019-12-31": "151.09000", "2018-12-31": "143.56700", "2017-12-31": "87.48300", "2016-12-31": "9.64300", "2015-12-31": "10.45700", "2014-12-31": "11.09600", "2013-12-31": "19.99600", "2012-12-31": "22.81200", "2011-12-31": "17.53700", "2010-12-31": "19.79300", "2009-12-31": "4.55000", "2008-12-31": "5.69700", "2007-12-31": "4.29500", "2006-12-31": "", "2005-12-31": ""}, "Total Long Term Liabilities": {"2019-12-31": "853.05300", "2018-12-31": "588.44200", "2017-12-31": "580.53500", "2016-12-31": "579.66800", "2015-12-31": "171.54000", "2014-12-31": "429.98100", "2013-12-31": "453.46400", "2012-12-31": "349.18700", "2011-12-31": "334.34400", "2010-12-31": "84.85300", "2009-12-31": "103.90900", "2008-12-31": "224.07700", "2007-12-31": "240.14000", "2006-12-31": "229.02300", "2005-12-31": "239.78000"}, "Total Liabilities": {"2019-12-31": "1266.10800", "2018-12-31": "904.45600", "2017-12-31": "975.46800", "2016-12-31": "941.38000", "2015-12-31": "756.88500", "2014-12-31": "739.53800", "2013-12-31": "729.97900", "2012-12-31": "590.75400", "2011-12-31": "570.08500", "2010-12-31": "334.80400", "2009-12-31": "290.79500", "2008-12-31": "396.35200", "2007-12-31": "401.04100", "2006-12-31": "399.39600", "2005-12-31": "332.44200"}, "Common Stock Net": {"2019-12-31": "16.69200", "2018-12-31": "1.35500", "2017-12-31": "91.16200", "2016-12-31": "12.13900", "2015-12-31": "1.37400", "2014-12-31": "1.39600", "2013-12-31": "42.95500", "2012-12-31": "171.54600", "2011-12-31": "352.15700", "2010-12-31": "465.46700", "2009-12-31": "389.31600", "2008-12-31": "282.84900", "2007-12-31": "197.50800", "2006-12-31": "126.09000", "2005-12-31": "212.22600"}, "Retained Earnings (Accumulated Deficit)": {"2019-12-31": "2020.68600", "2018-12-31": "2024.52300", "2017-12-31": "1856.75600", "2016-12-31": "1832.13800", "2015-12-31": "1773.26700", "2014-12-31": "1671.78600", "2013-12-31": "1544.42500", "2012-12-31": "1418.81400", "2011-12-31": "1238.86600", "2010-12-31": "1055.42900", "2009-12-31": "807.30300", "2008-12-31": "577.09000", "2007-12-31": "389.03300", "2006-12-31": "252.32200", "2005-12-31": "151.42600"}, "Comprehensive Income": {"2019-12-31": "-165.94500", "2018-12-31": "-149.09200", "2017-12-31": "-113.36000", "2016-12-31": "-165.95100", "2015-12-31": "-125.12600", "2014-12-31": "-63.40900", "2013-12-31": "26.00000", "2012-12-31": "9.54100", "2011-12-31": "-11.99400", "2010-12-31": "1.65200", "2009-12-31": "7.13000", "2008-12-31": "-15.21400", "2007-12-31": "36.73400", "2006-12-31": "20.34000", "2005-12-31": "-6.67100"}, "Other Share Holders Equity": {"2019-12-31": "", "2018-12-31": "", "2017-12-31": "", "2016-12-31": "", "2015-12-31": "", "2014-12-31": "", "2013-12-31": "", "2012-12-31": "", "2011-12-31": "", "2010-12-31": "", "2009-12-31": "", "2008-12-31": "", "2007-12-31": "", "2006-12-31": "", "2005-12-31": ""}, "Share Holder Equity": {"2019-12-31": "1871.43300", "2018-12-31": "1876.78600", "2017-12-31": "1834.55800", "2016-12-31": "1678.32600", "2015-12-31": "1649.51500", "2014-12-31": "1609.77300", "2013-12-31": "1613.38000", "2012-12-31": "1599.90100", "2011-12-31": "1579.02900", "2010-12-31": "1522.54800", "2009-12-31": "1203.74900", "2008-12-31": "844.72500", "2007-12-31": "623.27500", "2006-12-31": "398.75200", "2005-12-31": "356.98100"}, "Total Liabilities And Share Holders Equity": {"2019-12-31": "3137.54100", "2018-12-31": "2781.24200", "2017-12-31": "2810.02600", "2016-12-31": "2619.70600", "2015-12-31": "2406.40000", "2014-12-31": "2349.31100", "2013-12-31": "2343.35900", "2012-12-31": "2190.65500", "2011-12-31": "2149.11400", "2010-12-31": "1857.35200", "2009-12-31": "1494.54400", "2008-12-31": "1241.07700", "2007-12-31": "1024.31600", "2006-12-31": "798.14800", "2005-12-31": "689.42300"}}, "balance sheet, quarterly": {"Cash On Hand": {"2020-09-30": "319.99500", "2020-06-30": "332.95800", "2020-03-31": "308.61500", "2019-12-31": "284.59200", "2019-09-30": "295.39100", "2019-06-30": "268.88500", "2019-03-31": "284.36300", "2018-12-31": "512.14400", "2018-09-30": "593.33500", "2018-06-30": "507.94200", "2018-03-31": "452.13800", "2017-12-31": "519.09000", "2017-09-30": "436.96100", "2017-06-30": "403.59100", "2017-03-31": "397.43600", "2016-12-31": "361.34900", "2016-09-30": "677.68800", "2016-06-30": "903.17900", "2016-03-31": "510.61300", "2015-12-31": "472.78500", "2015-09-30": "525.37600", "2015-06-30": "560.19000", "2015-03-31": "547.78000", "2014-12-31": "531.37400", "2014-09-30": "565.37300", "2014-06-30": "602.07300", "2014-03-31": "584.09500", "2013-12-31": "542.47600", "2013-09-30": "492.19900", "2013-06-30": "492.43300", "2013-03-31": "246.00700", "2012-12-31": "321.73900", "2012-09-30": "424.48900", "2012-06-30": "429.77100", "2012-03-31": "448.16600", "2011-12-31": "440.84600", "2011-09-30": "374.49900", "2011-06-30": "235.62200", "2011-03-31": "250.22900", "2010-12-31": "193.13700", "2010-09-30": "379.90300", "2010-06-30": "284.52100", "2010-03-31": "461.82000", "2009-12-31": "422.04700", "2009-09-30": "403.32000", "2009-06-30": "346.40200", "2009-03-31": "327.26500", "2008-12-31": "289.44200", "2008-09-30": "206.10300", "2008-06-30": "177.00200", "2008-03-31": "159.08700", "2007-12-31": "203.68100", "2007-09-30": "169.94300", "2007-06-30": "151.62400", "2007-03-31": "153.46300", "2006-12-31": "138.62300", "2006-09-30": "112.37000", "2006-06-30": "143.32100", "2006-03-31": "127.30200", "2005-12-31": "107.05700", "2005-09-30": "133.88400", "2005-06-30": "107.98200", "2005-03-31": "125.61300"}, "Receivables": {"2020-09-30": "310.98900", "2020-06-30": "304.98100", "2020-03-31": "301.99800", "2019-12-31": "318.65200", "2019-09-30": "329.55200", "2019-06-30": "356.99100", "2019-03-31": "356.69300", "2018-12-31": "323.74600", "2018-09-30": "291.09400", "2018-06-30": "304.26500", "2018-03-31": "329.79200", "2017-12-31": "346.68700", "2017-09-30": "345.54200", "2017-06-30": "332.00900", "2017-03-31": "308.74000", "2016-12-31": "352.02000", "2016-09-30": "309.60200", "2016-06-30": "279.32300", "2016-03-31": "298.53000", "2015-12-31": "326.09800", "2015-09-30": "304.27000", "2015-06-30": "327.65300", "2015-03-31": "311.78700", "2014-12-31": "354.65800", "2014-09-30": "298.55900", "2014-06-30": "270.08600", "2014-03-31": "270.16500", "2013-12-31": "286.57300", "2013-09-30": "281.61100", "2013-06-30": "278.26500", "2013-03-31": "306.08100", "2012-12-31": "335.16300", "2012-09-30": "283.66900", "2012-06-30": "268.55000", "2012-03-31": "298.79800", "2011-12-31": "329.58100", "2011-09-30": "320.41100", "2011-06-30": "328.04700", "2011-03-31": "321.76900", "2010-12-31": "339.72300", "2010-09-30": "272.50100", "2010-06-30": "268.47000", "2010-03-31": "224.40000", "2009-12-31": "234.97400", "2009-09-30": "209.07900", "2009-06-30": "214.59400", "2009-03-31": "234.40200", "2008-12-31": "239.18300", "2008-09-30": "241.65200", "2008-06-30": "230.35900", "2008-03-31": "208.80400", "2007-12-31": "203.37100", "2007-09-30": "177.83400", "2007-06-30": "173.55600", "2007-03-31": "153.72700", "2006-12-31": "167.50200", "2006-09-30": "133.90200", "2006-06-30": "125.89400", "2006-03-31": "119.08300", "2005-12-31": "142.78200", "2005-09-30": "111.47000", "2005-06-30": "109.09200", "2005-03-31": "106.99700"}, "Inventory": {"2020-09-30": "474.84500", "2020-06-30": "433.90800", "2020-03-31": "397.52600", "2019-12-31": "388.76200", "2019-09-30": "397.54700", "2019-06-30": "394.74300", "2019-03-31": "385.31600", "2018-12-31": "352.10700", "2018-09-30": "376.54200", "2018-06-30": "384.24200", "2018-03-31": "385.90600", "2017-12-31": "372.18300", "2017-09-30": "413.00500", "2017-06-30": "405.32800", "2017-03-31": "386.05800", "2016-12-31": "371.37100", "2016-09-30": "380.22500", "2016-06-30": "387.39300", "2016-03-31": "398.87000", "2015-12-31": "393.09200", "2015-09-30": "387.11300", "2015-06-30": "360.57100", "2015-03-31": "340.30000", "2014-12-31": "320.60500", "2014-09-30": "343.30000", "2014-06-30": "350.09200", "2014-03-31": "338.89400", "2013-12-31": "344.71900", "2013-09-30": "376.03300", "2013-06-30": "364.67100", "2013-03-31": "389.99500", "2012-12-31": "379.08000", "2012-09-30": "360.76700", "2012-06-30": "350.79100", "2012-03-31": "351.23200", "2011-12-31": "336.05100", "2011-09-30": "327.13200", "2011-06-30": "322.44700", "2011-03-31": "321.07200", "2010-12-31": "303.15600", "2010-09-30": "264.75700", "2010-06-30": "243.24600", "2010-03-31": "223.07500", "2009-12-31": "216.50000", "2009-09-30": "221.69400", "2009-06-30": "219.68200", "2009-03-31": "210.52400", "2008-12-31": "207.48700", "2008-09-30": "215.11800", "2008-06-30": "213.79200", "2008-03-31": "196.26400", "2007-12-31": "179.36600", "2007-09-30": "174.35200", "2007-06-30": "162.95100", "2007-03-31": "149.56100", "2006-12-31": "135.92800", "2006-09-30": "129.26200", "2006-06-30": "121.90300", "2006-03-31": "111.25600", "2005-12-31": "103.83700", "2005-09-30": "103.81700", "2005-06-30": "100.06700", "2005-03-31": "108.27900"}, "Pre-Paid Expenses": {"2020-09-30": "122.85700", "2020-06-30": "114.42900", "2020-03-31": "122.39500", "2019-12-31": "116.72800", "2019-09-30": "94.69200", "2019-06-30": "110.10300", "2019-03-31": "101.07400", "2018-12-31": "104.65000", "2018-09-30": "93.76000", "2018-06-30": "89.38500", "2018-03-31": "101.37100", "2017-12-31": "81.91500", "2017-09-30": "86.57000", "2017-06-30": "83.17500", "2017-03-31": "83.92600", "2016-12-31": "79.91700", "2016-09-30": "88.62500", "2016-06-30": "87.92700", "2016-03-31": "82.21700", "2015-12-31": "95.53900", "2015-09-30": "90.95700", "2015-06-30": "86.00000", "2015-03-31": "83.16500", "2014-12-31": "93.69100", "2014-09-30": "89.78900", "2014-06-30": "101.68400", "2014-03-31": "98.38600", "2013-12-31": "97.57400", "2013-09-30": "98.00100", "2013-06-30": "102.53000", "2013-03-31": "100.45500", "2012-12-31": "98.30400", "2012-09-30": "130.24400", "2012-06-30": "124.79400", "2012-03-31": "117.96400", "2011-12-31": "102.15900", "2011-09-30": "133.76700", "2011-06-30": "109.67300", "2011-03-31": "106.00600", "2010-12-31": "95.66300", "2010-09-30": "85.64100", "2010-06-30": "89.43300", "2010-03-31": "71.21500", "2009-12-31": "93.27600", "2009-09-30": "77.05900", "2009-06-30": "66.28400", "2009-03-31": "55.09400", "2008-12-31": "59.82400", "2008-09-30": "75.11600", "2008-06-30": "86.28900", "2008-03-31": "68.53100", "2007-12-31": "58.05600", "2007-09-30": "60.68800", "2007-06-30": "44.71600", "2007-03-31": "29.79800", "2006-12-31": "33.02800", "2006-09-30": "39.14100", "2006-06-30": "36.97500", "2006-03-31": "36.07200", "2005-12-31": "33.15300", "2005-09-30": "22.90200", "2005-06-30": "21.45400", "2005-03-31": "21.31000"}, "Other Current Assets": {"2020-09-30": "", "2020-06-30": "", "2020-03-31": "", "2019-12-31": "", "2019-09-30": "", "2019-06-30": "", "2019-03-31": "", "2018-12-31": "", "2018-09-30": "", "2018-06-30": "", "2018-03-31": "", "2017-12-31": "67.34400", "2017-09-30": "", "2017-06-30": "", "2017-03-31": "", "2016-12-31": "", "2016-09-30": "", "2016-06-30": "", "2016-03-31": "", "2015-12-31": "", "2015-09-30": "", "2015-06-30": "", "2015-03-31": "", "2014-12-31": "", "2014-09-30": "", "2014-06-30": "", "2014-03-31": "", "2013-12-31": "", "2013-09-30": "", "2013-06-30": "", "2013-03-31": "", "2012-12-31": "", "2012-09-30": "", "2012-06-30": "", "2012-03-31": "", "2011-12-31": "", "2011-09-30": "", "2011-06-30": "", "2011-03-31": "", "2010-12-31": "", "2010-09-30": "", "2010-06-30": "", "2010-03-31": "", "2009-12-31": "", "2009-09-30": "", "2009-06-30": "", "2009-03-31": "", "2008-12-31": "", "2008-09-30": "", "2008-06-30": "", "2008-03-31": "", "2007-12-31": "", "2007-09-30": "", "2007-06-30": "", "2007-03-31": "", "2006-12-31": "", "2006-09-30": "", "2006-06-30": "", "2006-03-31": "", "2005-12-31": "", "2005-09-30": "", "2005-06-30": "", "2005-03-31": ""}, "Total Current Assets": {"2020-09-30": "1228.68600", "2020-06-30": "1186.27600", "2020-03-31": "1130.53400", "2019-12-31": "1108.73400", "2019-09-30": "1117.18200", "2019-06-30": "1130.72200", "2019-03-31": "1127.44600", "2018-12-31": "1292.64700", "2018-09-30": "1354.73100", "2018-06-30": "1285.83400", "2018-03-31": "1269.20700", "2017-12-31": "1387.21900", "2017-09-30": "1282.07800", "2017-06-30": "1224.10300", "2017-03-31": "1176.16000", "2016-12-31": "1164.65700", "2016-09-30": "1456.14000", "2016-06-30": "1657.82200", "2016-03-31": "1290.23000", "2015-12-31": "1287.51400", "2015-09-30": "1346.20000", "2015-06-30": "1372.92300", "2015-03-31": "1321.42600", "2014-12-31": "1300.32800", "2014-09-30": "1335.17500", "2014-06-30": "1362.54000", "2014-03-31": "1330.20000", "2013-12-31": "1309.73100", "2013-09-30": "1279.50300", "2013-06-30": "1268.85200", "2013-03-31": "1073.48800", "2012-12-31": "1165.24600", "2012-09-30": "1226.18200", "2012-06-30": "1200.92900", "2012-03-31": "1243.32400", "2011-12-31": "1236.08000", "2011-09-30": "1180.90600", "2011-06-30": "1020.08400", "2011-03-31": "1022.44000", "2010-12-31": "954.80700", "2010-09-30": "1018.69500", "2010-06-30": "899.00700", "2010-03-31": "993.61700", "2009-12-31": "980.02800", "2009-09-30": "927.98500", "2009-06-30": "863.61400", "2009-03-31": "843.82200", "2008-12-31": "812.50200", "2008-09-30": "748.95000", "2008-06-30": "718.36100", "2008-03-31": "643.56800", "2007-12-31": "655.50700", "2007-09-30": "598.50100", "2007-06-30": "548.42500", "2007-03-31": "502.19000", "2006-12-31": "486.47000", "2006-09-30": "435.96000", "2006-06-30": "446.80200", "2006-03-31": "412.43700", "2005-12-31": "408.99700", "2005-09-30": "381.84400", "2005-06-30": "348.36600", "2005-03-31": "371.97000"}, "Property, Plant, And Equipment": {"2020-09-30": "255.45700", "2020-06-30": "255.77000", "2020-03-31": "251.42100", "2019-12-31": "255.90500", "2019-09-30": "253.33800", "2019-06-30": "251.68400", "2019-03-31": "253.67800", "2018-12-31": "247.40700", "2018-09-30": "250.05000", "2018-06-30": "252.47800", "2018-03-31": "260.20000", "2017-12-31": "263.99600", "2017-09-30": "270.02300", "2017-06-30": "272.39100", "2017-03-31": "272.85700", "2016-12-31": "271.78500", "2016-09-30": "267.14900", "2016-06-30": "271.72600", "2016-03-31": "275.14800", "2015-12-31": "272.62900", "2015-09-30": "269.72400", "2015-06-30": "260.76300", "2015-03-31": "249.00200", "2014-12-31": "247.09400", "2014-09-30": "237.83700", "2014-06-30": "240.02300", "2014-03-31": "232.90400", "2013-12-31": "234.04100", "2013-09-30": "229.84400", "2013-06-30": "216.85500", "2013-03-31": "215.41200", "2012-12-31": "211.61500", "2012-09-30": "200.85000", "2012-06-30": "193.59400", "2012-03-31": "191.87600", "2011-12-31": "186.26900", "2011-09-30": "184.07100", "2011-06-30": "186.33400", "2011-03-31": "185.06300", "2010-12-31": "189.11900", "2010-09-30": "176.58600", "2010-06-30": "178.15900", "2010-03-31": "168.26900", "2009-12-31": "139.11200", "2009-09-30": "138.21900", "2009-06-30": "137.98400", "2009-03-31": "125.13500", "2008-12-31": "122.30400", "2008-09-30": "124.92900", "2008-06-30": "129.91900", "2008-03-31": "129.58600", "2007-12-31": "120.87300", "2007-09-30": "113.88500", "2007-06-30": "104.14800", "2007-03-31": "95.79000", "2006-12-31": "92.15600", "2006-09-30": "76.38300", "2006-06-30": "74.62900", "2006-03-31": "68.17400", "2005-12-31": "59.47900", "2005-09-30": "51.11100", "2005-06-30": "47.93000", "2005-03-31": "45.18100"}, "Long-Term Investments": {"2020-09-30": "", "2020-06-30": "", "2020-03-31": "", "2019-12-31": "", "2019-09-30": "", "2019-06-30": "", "2019-03-31": "", "2018-12-31": "", "2018-09-30": "", "2018-06-30": "", "2018-03-31": "", "2017-12-31": "", "2017-09-30": "", "2017-06-30": "", "2017-03-31": "", "2016-12-31": "", "2016-09-30": "", "2016-06-30": "", "2016-03-31": "", "2015-12-31": "", "2015-09-30": "", "2015-06-30": "", "2015-03-31": "", "2014-12-31": "", "2014-09-30": "", "2014-06-30": "", "2014-03-31": "", "2013-12-31": "", "2013-09-30": "", "2013-06-30": "", "2013-03-31": "", "2012-12-31": "", "2012-09-30": "", "2012-06-30": "", "2012-03-31": "", "2011-12-31": "", "2011-09-30": "", "2011-06-30": "", "2011-03-31": "", "2010-12-31": "", "2010-09-30": "", "2010-06-30": "", "2010-03-31": "", "2009-12-31": "", "2009-09-30": "", "2009-06-30": "", "2009-03-31": "", "2008-12-31": "", "2008-09-30": "", "2008-06-30": "", "2008-03-31": "", "2007-12-31": "", "2007-09-30": "", "2007-06-30": "", "2007-03-31": "", "2006-12-31": "", "2006-09-30": "", "2006-06-30": "", "2006-03-31": "", "2005-12-31": "", "2005-09-30": "", "2005-06-30": "", "2005-03-31": ""}, "Goodwill And Intangible Assets": {"2020-09-30": "1561.85300", "2020-06-30": "1563.11200", "2020-03-31": "1560.78100", "2019-12-31": "1612.11000", "2019-09-30": "1616.89000", "2019-06-30": "1625.42300", "2019-03-31": "1044.01200", "2018-12-31": "1051.41600", "2018-09-30": "1063.03800", "2018-06-30": "1058.80700", "2018-03-31": "1081.72100", "2017-12-31": "1077.94100", "2017-09-30": "1114.52300", "2017-06-30": "1110.42200", "2017-03-31": "1089.53500", "2016-12-31": "969.86600", "2016-09-30": "762.12100", "2016-06-30": "726.31000", "2016-03-31": "739.88600", "2015-12-31": "737.61800", "2015-09-30": "660.38900", "2015-06-30": "666.84500", "2015-03-31": "662.59800", "2014-12-31": "686.54700", "2014-09-30": "699.47900", "2014-06-30": "723.45600", "2014-03-31": "729.40800", "2013-12-31": "729.89600", "2013-09-30": "725.10000", "2013-06-30": "721.08700", "2013-03-31": "712.91200", "2012-12-31": "740.12900", "2012-09-30": "647.91200", "2012-06-30": "650.00200", "2012-03-31": "661.51000", "2011-12-31": "662.78300", "2011-09-30": "646.82500", "2011-06-30": "664.19000", "2011-03-31": "671.19100", "2010-12-31": "659.40400", "2010-09-30": "491.01000", "2010-06-30": "327.17000", "2010-03-31": "332.08300", "2009-12-31": "321.51100", "2009-09-30": "290.17100", "2009-06-30": "277.77800", "2009-03-31": "273.70300", "2008-12-31": "281.85900", "2008-09-30": "285.74900", "2008-06-30": "240.76200", "2008-03-31": "228.53700", "2007-12-31": "229.04900", "2007-09-30": "199.48800", "2007-06-30": "200.08500", "2007-03-31": "198.51800", "2006-12-31": "200.71900", "2006-09-30": "201.51600", "2006-06-30": "203.80600", "2006-03-31": "204.07500", "2005-12-31": "204.96600", "2005-09-30": "195.37500", "2005-06-30": "196.87300", "2005-03-31": "195.04400"}, "Other Long-Term Assets": {"2020-09-30": "129.01400", "2020-06-30": "110.74600", "2020-03-31": "140.04300", "2019-12-31": "120.80900", "2019-09-30": "109.25900", "2019-06-30": "138.52700", "2019-03-31": "683.46800", "2018-12-31": "89.15200", "2018-09-30": "94.62600", "2018-06-30": "85.38200", "2018-03-31": "76.94800", "2017-12-31": "59.86900", "2017-09-30": "48.47200", "2017-06-30": "47.76700", "2017-03-31": "46.52200", "2016-12-31": "168.15500", "2016-09-30": "47.29000", "2016-06-30": "83.51500", "2016-03-31": "52.06800", "2015-12-31": "53.21000", "2015-09-30": "57.96900", "2015-06-30": "59.03900", "2015-03-31": "59.05400", "2014-12-31": "61.24000", "2014-09-30": "63.13500", "2014-06-30": "57.18700", "2014-03-31": "58.29700", "2013-12-31": "51.80800", "2013-09-30": "59.19400", "2013-06-30": "47.89600", "2013-03-31": "44.35200", "2012-12-31": "41.44200", "2012-09-30": "39.23800", "2012-06-30": "38.42400", "2012-03-31": "37.81900", "2011-12-31": "32.33800", "2011-09-30": "62.10500", "2011-06-30": "37.26100", "2011-03-31": "32.51900", "2010-12-31": "31.28000", "2010-09-30": "28.89100", "2010-06-30": "155.65700", "2010-03-31": "30.94700", "2009-12-31": "48.57100", "2009-09-30": "31.71900", "2009-06-30": "36.18700", "2009-03-31": "22.27700", "2008-12-31": "22.19500", "2008-09-30": "24.71500", "2008-06-30": "88.48400", "2008-03-31": "83.37900", "2007-12-31": "16.65000", "2007-09-30": "17.72300", "2007-06-30": "16.57100", "2007-03-31": "16.99700", "2006-12-31": "15.11600", "2006-09-30": "17.10800", "2006-06-30": "15.78300", "2006-03-31": "15.90900", "2005-12-31": "15.98100", "2005-09-30": "15.81300", "2005-06-30": "14.31900", "2005-03-31": "14.50700"}, "Total Long-Term Assets": {"2020-09-30": "1984.22600", "2020-06-30": "1971.02100", "2020-03-31": "1991.70300", "2019-12-31": "2028.80700", "2019-09-30": "2080.69800", "2019-06-30": "2113.96400", "2019-03-31": "2078.86300", "2018-12-31": "1488.59500", "2018-09-30": "1502.15400", "2018-06-30": "1419.24100", "2018-03-31": "1434.79300", "2017-12-31": "1422.80700", "2017-09-30": "1484.19700", "2017-06-30": "1479.40100", "2017-03-31": "1454.23500", "2016-12-31": "1455.04900", "2016-09-30": "1131.75400", "2016-06-30": "1137.12900", "2016-03-31": "1122.97900", "2015-12-31": "1118.88600", "2015-09-30": "1008.60300", "2015-06-30": "1006.79300", "2015-03-31": "990.93210", "2014-12-31": "1048.98300", "2014-09-30": "1019.11700", "2014-06-30": "1039.62500", "2014-03-31": "1038.68800", "2013-12-31": "1033.62800", "2013-09-30": "1046.37300", "2013-06-30": "1017.66400", "2013-03-31": "1004.88700", "2012-12-31": "1025.40900", "2012-09-30": "919.83200", "2012-06-30": "913.87700", "2012-03-31": "922.88900", "2011-12-31": "913.03390", "2011-09-30": "921.39190", "2011-06-30": "910.53090", "2011-03-31": "911.51890", "2010-12-31": "902.54500", "2010-09-30": "714.36500", "2010-06-30": "672.40090", "2010-03-31": "536.69000", "2009-12-31": "514.51600", "2009-09-30": "468.26100", "2009-06-30": "457.22600", "2009-03-31": "424.97600", "2008-12-31": "428.57500", "2008-09-30": "438.92500", "2008-06-30": "461.65100", "2008-03-31": "443.87200", "2007-12-31": "368.80900", "2007-09-30": "333.69600", "2007-06-30": "322.61500", "2007-03-31": "312.44100", "2006-12-31": "311.67800", "2006-09-30": "304.41200", "2006-06-30": "302.85400", "2006-03-31": "296.19000", "2005-12-31": "280.42600", "2005-09-30": "286.30700", "2005-06-30": "277.83100", "2005-03-31": "272.29700"}, "Total Assets": {"2020-09-30": "3212.91200", "2020-06-30": "3157.29700", "2020-03-31": "3122.23700", "2019-12-31": "3137.54100", "2019-09-30": "3197.88000", "2019-06-30": "3244.68600", "2019-03-31": "3206.30900", "2018-12-31": "2781.24200", "2018-09-30": "2856.88500", "2018-06-30": "2705.07500", "2018-03-31": "2704.00000", "2017-12-31": "2810.02600", "2017-09-30": "2766.27500", "2017-06-30": "2703.50400", "2017-03-31": "2630.39500", "2016-12-31": "2619.70600", "2016-09-30": "2587.89400", "2016-06-30": "2794.95100", "2016-03-31": "2413.20900", "2015-12-31": "2406.40000", "2015-09-30": "2354.80300", "2015-06-30": "2379.71600", "2015-03-31": "2312.35800", "2014-12-31": "2349.31100", "2014-09-30": "2354.29200", "2014-06-30": "2402.16500", "2014-03-31": "2368.88800", "2013-12-31": "2343.35900", "2013-09-30": "2325.87600", "2013-06-30": "2286.51600", "2013-03-31": "2078.37500", "2012-12-31": "2190.65500", "2012-09-30": "2146.01400", "2012-06-30": "2114.80600", "2012-03-31": "2166.21300", "2011-12-31": "2149.11400", "2011-09-30": "2102.29800", "2011-06-30": "1930.61500", "2011-03-31": "1933.95900", "2010-12-31": "1857.35200", "2010-09-30": "1733.06000", "2010-06-30": "1571.40800", "2010-03-31": "1530.30700", "2009-12-31": "1494.54400", "2009-09-30": "1396.24600", "2009-06-30": "1320.84000", "2009-03-31": "1268.79800", "2008-12-31": "1241.07700", "2008-09-30": "1187.87500", "2008-06-30": "1180.01200", "2008-03-31": "1087.44000", "2007-12-31": "1024.31600", "2007-09-30": "932.19700", "2007-06-30": "871.04000", "2007-03-31": "814.63100", "2006-12-31": "798.14800", "2006-09-30": "740.37200", "2006-06-30": "749.65600", "2006-03-31": "708.62700", "2005-12-31": "689.42300", "2005-09-30": "668.15100", "2005-06-30": "626.19700", "2005-03-31": "644.26700"}, "Total Current Liabilities": {"2020-09-30": "487.23900", "2020-06-30": "583.16700", "2020-03-31": "589.33400", "2019-12-31": "413.05500", "2019-09-30": "470.38800", "2019-06-30": "457.96900", "2019-03-31": "459.64800", "2018-12-31": "316.01400", "2018-09-30": "321.94300", "2018-06-30": "316.09000", "2018-03-31": "324.71300", "2017-12-31": "394.93300", "2017-09-30": "367.93800", "2017-06-30": "349.62400", "2017-03-31": "341.17500", "2016-12-31": "361.71200", "2016-09-30": "310.64800", "2016-06-30": "522.35600", "2016-03-31": "535.14900", "2015-12-31": "585.34500", "2015-09-30": "313.88300", "2015-06-30": "310.30700", "2015-03-31": "294.54200", "2014-12-31": "309.55700", "2014-09-30": "287.82600", "2014-06-30": "299.76600", "2014-03-31": "271.16100", "2013-12-31": "276.51500", "2013-09-30": "251.81300", "2013-06-30": "264.85700", "2013-03-31": "215.00900", "2012-12-31": "241.56700", "2012-09-30": "201.33700", "2012-06-30": "208.42700", "2012-03-31": "207.62600", "2011-12-31": "235.74100", "2011-09-30": "218.36500", "2011-06-30": "225.14400", "2011-03-31": "238.49600", "2010-12-31": "249.95100", "2010-09-30": "213.55400", "2010-06-30": "199.20700", "2010-03-31": "172.37600", "2009-12-31": "186.88600", "2009-09-30": "159.93900", "2009-06-30": "156.80600", "2009-03-31": "174.65800", "2008-12-31": "172.27500", "2008-09-30": "181.43800", "2008-06-30": "176.21700", "2008-03-31": "171.34200", "2007-12-31": "160.90100", "2007-09-30": "134.95700", "2007-06-30": "141.14000", "2007-03-31": "145.34700", "2006-12-31": "170.37300", "2006-09-30": "161.60500", "2006-06-30": "93.45500", "2006-03-31": "89.87400", "2005-12-31": "92.66200", "2005-09-30": "85.83500", "2005-06-30": "75.96400", "2005-03-31": "85.12400"}, "Long Term Debt": {"2020-09-30": "715.22000", "2020-06-30": "643.26500", "2020-03-31": "636.27300", "2019-12-31": "648.41900", "2019-09-30": "644.88000", "2019-06-30": "654.85800", "2019-03-31": "656.89100", "2018-12-31": "421.94800", "2018-09-30": "421.63200", "2018-06-30": "421.31600", "2018-03-31": "421.00000", "2017-12-31": "420.68400", "2017-09-30": "420.36900", "2017-06-30": "491.30300", "2017-03-31": "494.73700", "2016-12-31": "501.92100", "2016-09-30": "501.60600", "2016-06-30": "505.04000", "2016-03-31": "90.00000", "2015-12-31": "93.75000", "2015-09-30": "347.08000", "2015-06-30": "350.71500", "2015-03-31": "354.35100", "2014-12-31": "357.98600", "2014-09-30": "361.62200", "2014-06-30": "365.25700", "2014-03-31": "368.89200", "2013-12-31": "372.52800", "2013-09-30": "376.16300", "2013-06-30": "379.79900", "2013-03-31": "248.43400", "2012-12-31": "248.31900", "2012-09-30": "248.20500", "2012-06-30": "248.09000", "2012-03-31": "247.97600", "2011-12-31": "247.86100", "2011-09-30": "247.74700", "2011-06-30": "", "2011-03-31": "", "2010-12-31": "", "2010-09-30": "", "2010-06-30": "", "2010-03-31": "58.49600", "2009-12-31": "57.99100", "2009-09-30": "60.20000", "2009-06-30": "88.88600", "2009-03-31": "88.15800", "2008-12-31": "182.82500", "2008-09-30": "208.57200", "2008-06-30": "208.36100", "2008-03-31": "208.10600", "2007-12-31": "207.88900", "2007-09-30": "207.67200", "2007-06-30": "207.45800", "2007-03-31": "207.24100", "2006-12-31": "207.02400", "2006-09-30": "206.80700", "2006-06-30": "206.58900", "2006-03-31": "206.37200", "2005-12-31": "206.15500", "2005-09-30": "205.93700", "2005-06-30": "205.72000", "2005-03-31": "205.52800"}, "Other Non-Current Liabilities": {"2020-09-30": "163.43900", "2020-06-30": "139.75900", "2020-03-31": "152.08900", "2019-12-31": "151.09000", "2019-09-30": "62.32700", "2019-06-30": "75.66900", "2019-03-31": "74.82800", "2018-12-31": "143.56700", "2018-09-30": "90.23100", "2018-06-30": "90.18500", "2018-03-31": "89.08800", "2017-12-31": "87.48300", "2017-09-30": "14.05400", "2017-06-30": "9.77300", "2017-03-31": "9.65400", "2016-12-31": "9.64300", "2016-09-30": "118.52300", "2016-06-30": "116.11800", "2016-03-31": "116.24400", "2015-12-31": "10.45700", "2015-09-30": "67.97000", "2015-06-30": "66.85400", "2015-03-31": "64.16100", "2014-12-31": "11.09600", "2014-09-30": "69.10900", "2014-06-30": "71.30400", "2014-03-31": "20.76300", "2013-12-31": "19.99600", "2013-09-30": "22.41000", "2013-06-30": "22.39800", "2013-03-31": "22.11900", "2012-12-31": "22.81200", "2012-09-30": "17.05200", "2012-06-30": "18.13800", "2012-03-31": "21.50100", "2011-12-31": "17.53700", "2011-09-30": "23.41300", "2011-06-30": "21.56000", "2011-03-31": "22.19700", "2010-12-31": "19.79300", "2010-09-30": "8.73200", "2010-06-30": "5.17600", "2010-03-31": "4.85000", "2009-12-31": "4.55000", "2009-09-30": "4.56800", "2009-06-30": "6.18300", "2009-03-31": "6.02500", "2008-12-31": "5.69700", "2008-09-30": "5.11400", "2008-06-30": "4.90400", "2008-03-31": "4.73800", "2007-12-31": "4.29500", "2007-09-30": "7.67700", "2007-06-30": "5.77800", "2007-03-31": "5.87200", "2006-12-31": "", "2006-09-30": "", "2006-06-30": "", "2006-03-31": "", "2005-12-31": "", "2005-09-30": "", "2005-06-30": "", "2005-03-31": ""}, "Total Long Term Liabilities": {"2020-09-30": "916.80700", "2020-06-30": "823.42910", "2020-03-31": "828.32300", "2019-12-31": "853.05300", "2019-09-30": "857.84200", "2019-06-30": "874.82600", "2019-03-31": "843.96590", "2018-12-31": "588.44200", "2018-09-30": "593.71900", "2018-06-30": "593.81900", "2018-03-31": "593.06900", "2017-12-31": "580.53500", "2017-09-30": "508.81900", "2017-06-30": "573.24900", "2017-03-31": "569.65100", "2016-12-31": "579.66800", "2016-09-30": "623.84000", "2016-06-30": "625.05100", "2016-03-31": "210.03100", "2015-12-31": "171.54000", "2015-09-30": "416.06200", "2015-06-30": "430.93400", "2015-03-31": "431.99800", "2014-12-31": "429.98100", "2014-09-30": "444.73200", "2014-06-30": "450.65800", "2014-03-31": "453.69700", "2013-12-31": "453.46400", "2013-09-30": "467.55200", "2013-06-30": "464.57100", "2013-03-31": "338.73500", "2012-12-31": "349.18700", "2012-09-30": "342.25400", "2012-06-30": "341.60400", "2012-03-31": "343.68000", "2011-12-31": "334.34400", "2011-09-30": "336.20600", "2011-06-30": "87.34100", "2011-03-31": "92.74700", "2010-12-31": "84.85300", "2010-09-30": "79.37900", "2010-06-30": "49.59000", "2010-03-31": "104.35900", "2009-12-31": "103.90900", "2009-09-30": "107.36000", "2009-06-30": "134.91400", "2009-03-31": "129.69800", "2008-12-31": "224.07700", "2008-09-30": "238.64100", "2008-06-30": "238.69900", "2008-03-31": "236.88600", "2007-12-31": "240.14000", "2007-09-30": "240.83900", "2007-06-30": "238.32300", "2007-03-31": "237.84800", "2006-12-31": "229.02300", "2006-09-30": "229.33400", "2006-06-30": "236.44000", "2006-03-31": "235.74400", "2005-12-31": "239.78000", "2005-09-30": "222.80600", "2005-06-30": "222.38800", "2005-03-31": "222.03100"}, "Total Liabilities": {"2020-09-30": "1404.04600", "2020-06-30": "1406.59600", "2020-03-31": "1417.65700", "2019-12-31": "1266.10800", "2019-09-30": "1328.23000", "2019-06-30": "1332.79500", "2019-03-31": "1303.61400", "2018-12-31": "904.45600", "2018-09-30": "915.66200", "2018-06-30": "909.90900", "2018-03-31": "917.78200", "2017-12-31": "975.46800", "2017-09-30": "876.75700", "2017-06-30": "922.87300", "2017-03-31": "910.82600", "2016-12-31": "941.38000", "2016-09-30": "934.48800", "2016-06-30": "1147.40700", "2016-03-31": "745.18000", "2015-12-31": "756.88500", "2015-09-30": "729.94500", "2015-06-30": "741.24100", "2015-03-31": "726.54000", "2014-12-31": "739.53800", "2014-09-30": "732.55800", "2014-06-30": "750.42400", "2014-03-31": "724.85800", "2013-12-31": "729.97900", "2013-09-30": "719.36500", "2013-06-30": "729.42800", "2013-03-31": "553.74400", "2012-12-31": "590.75400", "2012-09-30": "543.59100", "2012-06-30": "550.03100", "2012-03-31": "551.30600", "2011-12-31": "570.08500", "2011-09-30": "554.57100", "2011-06-30": "312.48500", "2011-03-31": "331.24300", "2010-12-31": "334.80400", "2010-09-30": "292.93300", "2010-06-30": "248.79700", "2010-03-31": "276.73500", "2009-12-31": "290.79500", "2009-09-30": "267.29900", "2009-06-30": "291.72000", "2009-03-31": "304.35600", "2008-12-31": "396.35200", "2008-09-30": "420.07900", "2008-06-30": "414.91600", "2008-03-31": "408.22800", "2007-12-31": "401.04100", "2007-09-30": "375.79600", "2007-06-30": "379.46300", "2007-03-31": "383.19500", "2006-12-31": "399.39600", "2006-09-30": "390.93900", "2006-06-30": "329.89500", "2006-03-31": "325.61800", "2005-12-31": "332.44200", "2005-09-30": "308.64100", "2005-06-30": "298.35200", "2005-03-31": "307.15500"}, "Common Stock Net": {"2020-09-30": "20.99400", "2020-06-30": "10.77800", "2020-03-31": "1.30400", "2019-12-31": "16.69200", "2019-09-30": "1.34100", "2019-06-30": "1.35600", "2019-03-31": "1.35400", "2018-12-31": "1.35500", "2018-09-30": "25.74000", "2018-06-30": "10.38800", "2018-03-31": "5.36400", "2017-12-31": "91.16200", "2017-09-30": "72.11700", "2017-06-30": "25.49200", "2017-03-31": "17.87900", "2016-12-31": "12.13900", "2016-09-30": "1.36100", "2016-06-30": "1.37300", "2016-03-31": "12.57700", "2015-12-31": "1.37400", "2015-09-30": "1.38100", "2015-06-30": "1.40200", "2015-03-31": "11.47600", "2014-12-31": "1.39600", "2014-09-30": "24.20900", "2014-06-30": "44.43700", "2014-03-31": "59.93400", "2013-12-31": "42.95500", "2013-09-30": "61.89200", "2013-06-30": "68.34700", "2013-03-31": "70.24400", "2012-12-31": "171.54600", "2012-09-30": "246.62200", "2012-06-30": "277.03700", "2012-03-31": "333.54100", "2011-12-31": "352.15700", "2011-09-30": "375.53800", "2011-06-30": "467.79300", "2011-03-31": "473.68200", "2010-12-31": "465.46700", "2010-09-30": "444.91000", "2010-06-30": "433.03300", "2010-03-31": "396.89200", "2009-12-31": "389.31600", "2009-09-30": "367.22600", "2009-06-30": "350.17900", "2009-03-31": "369.15000", "2008-12-31": "282.84900", "2008-09-30": "221.21100", "2008-06-30": "230.34200", "2008-03-31": "191.14900", "2007-12-31": "197.50800", "2007-09-30": "177.34700", "2007-06-30": "162.29400", "2007-03-31": "136.10900", "2006-12-31": "126.09000", "2006-09-30": "116.54700", "2006-06-30": "213.24000", "2006-03-31": "209.45700", "2005-12-31": "212.22600", "2005-09-30": "231.14200", "2005-06-30": "217.00500", "2005-03-31": "237.01000"}, "Retained Earnings (Accumulated Deficit)": {"2020-09-30": "1964.10400", "2020-06-30": "1925.73200", "2020-03-31": "1886.75300", "2019-12-31": "2020.68600", "2019-09-30": "2041.84400", "2019-06-30": "2063.98500", "2019-03-31": "2058.68000", "2018-12-31": "2024.52300", "2018-09-30": "2055.13900", "2018-06-30": "1929.74200", "2018-03-31": "1880.27700", "2017-12-31": "1856.75600", "2017-09-30": "1927.87500", "2017-06-30": "1885.10900", "2017-03-31": "1854.25300", "2016-12-31": "1832.13800", "2016-09-30": "1786.99400", "2016-06-30": "1773.68800", "2016-03-31": "1757.88500", "2015-12-31": "1773.26700", "2015-09-30": "1740.03300", "2015-06-30": "1736.35700", "2015-03-31": "1704.31900", "2014-12-31": "1671.78600", "2014-09-30": "1629.52400", "2014-06-30": "1590.83200", "2014-03-31": "1560.23400", "2013-12-31": "1544.42500", "2013-09-30": "1528.39900", "2013-06-30": "1494.70000", "2013-03-31": "1457.34400", "2012-12-31": "1418.81400", "2012-09-30": "1351.98300", "2012-06-30": "1306.61300", "2012-03-31": "1276.22100", "2011-12-31": "1238.86600", "2011-09-30": "1172.08600", "2011-06-30": "1116.88500", "2011-03-31": "1097.17300", "2010-12-31": "1055.42900", "2010-09-30": "985.60700", "2010-06-30": "922.65200", "2010-03-31": "863.19800", "2009-12-31": "807.30300", "2009-09-30": "747.04900", "2009-06-30": "687.01500", "2009-03-31": "631.36200", "2008-12-31": "577.09000", "2008-09-30": "527.44300", "2008-06-30": "471.81000", "2008-03-31": "426.36700", "2007-12-31": "389.03300", "2007-09-30": "342.43600", "2007-06-30": "307.67100", "2007-03-31": "278.58600", "2006-12-31": "252.32200", "2006-09-30": "224.78800", "2006-06-30": "197.71800", "2006-03-31": "176.30700", "2005-12-31": "151.42600", "2005-09-30": "129.50600", "2005-06-30": "112.16200", "2005-03-31": "87.59000"}, "Comprehensive Income": {"2020-09-30": "-176.23200", "2020-06-30": "-185.80900", "2020-03-31": "-183.47700", "2019-12-31": "-165.94500", "2019-09-30": "-173.53500", "2019-06-30": "-153.45000", "2019-03-31": "-157.33900", "2018-12-31": "-149.09200", "2018-09-30": "-139.65600", "2018-06-30": "-144.96400", "2018-03-31": "-99.42300", "2017-12-31": "-113.36000", "2017-09-30": "-110.47400", "2017-06-30": "-129.97000", "2017-03-31": "-152.56300", "2016-12-31": "-165.95100", "2016-09-30": "-134.94900", "2016-06-30": "-127.51700", "2016-03-31": "-102.43300", "2015-12-31": "-125.12600", "2015-09-30": "-116.55600", "2015-06-30": "-99.28400", "2015-03-31": "-129.97700", "2014-12-31": "-63.40900", "2014-09-30": "-31.99900", "2014-06-30": "16.47200", "2014-03-31": "23.86200", "2013-12-31": "26.00000", "2013-09-30": "16.22000", "2013-06-30": "-5.95900", "2013-03-31": "-2.95700", "2012-12-31": "9.54100", "2012-09-30": "3.81800", "2012-06-30": "-18.87500", "2012-03-31": "5.14500", "2011-12-31": "-11.99400", "2011-09-30": "0.10300", "2011-06-30": "33.45200", "2011-03-31": "31.86100", "2010-12-31": "1.65200", "2010-09-30": "9.61000", "2010-06-30": "-33.07400", "2010-03-31": "-6.51800", "2009-12-31": "7.13000", "2009-09-30": "14.67200", "2009-06-30": "-8.07400", "2009-03-31": "-36.07000", "2008-12-31": "-15.21400", "2008-09-30": "19.14200", "2008-06-30": "62.94400", "2008-03-31": "61.69600", "2007-12-31": "36.73400", "2007-09-30": "36.61800", "2007-06-30": "21.61200", "2007-03-31": "16.74100", "2006-12-31": "20.34000", "2006-09-30": "8.09800", "2006-06-30": "8.80300", "2006-03-31": "-2.75500", "2005-12-31": "-6.67100", "2005-09-30": "-1.13800", "2005-06-30": "-1.32200", "2005-03-31": "12.51200"}, "Other Share Holders Equity": {"2020-09-30": "", "2020-06-30": "", "2020-03-31": "", "2019-12-31": "", "2019-09-30": "", "2019-06-30": "", "2019-03-31": "", "2018-12-31": "", "2018-09-30": "", "2018-06-30": "", "2018-03-31": "", "2017-12-31": "", "2017-09-30": "", "2017-06-30": "", "2017-03-31": "", "2016-12-31": "", "2016-09-30": "", "2016-06-30": "", "2016-03-31": "", "2015-12-31": "", "2015-09-30": "", "2015-06-30": "", "2015-03-31": "", "2014-12-31": "", "2014-09-30": "", "2014-06-30": "", "2014-03-31": "", "2013-12-31": "", "2013-09-30": "", "2013-06-30": "", "2013-03-31": "", "2012-12-31": "", "2012-09-30": "", "2012-06-30": "", "2012-03-31": "", "2011-12-31": "", "2011-09-30": "", "2011-06-30": "", "2011-03-31": "", "2010-12-31": "", "2010-09-30": "", "2010-06-30": "", "2010-03-31": "", "2009-12-31": "", "2009-09-30": "", "2009-06-30": "", "2009-03-31": "", "2008-12-31": "", "2008-09-30": "", "2008-06-30": "", "2008-03-31": "", "2007-12-31": "", "2007-09-30": "", "2007-06-30": "", "2007-03-31": "", "2006-12-31": "", "2006-09-30": "", "2006-06-30": "", "2006-03-31": "", "2005-12-31": "", "2005-09-30": "", "2005-06-30": "", "2005-03-31": ""}, "Share Holder Equity": {"2020-09-30": "1808.86600", "2020-06-30": "1750.70100", "2020-03-31": "1704.58000", "2019-12-31": "1871.43300", "2019-09-30": "1869.65000", "2019-06-30": "1911.89100", "2019-03-31": "1902.69500", "2018-12-31": "1876.78600", "2018-09-30": "1941.22300", "2018-06-30": "1795.16600", "2018-03-31": "1786.21800", "2017-12-31": "1834.55800", "2017-09-30": "1889.51800", "2017-06-30": "1780.63100", "2017-03-31": "1719.56900", "2016-12-31": "1678.32600", "2016-09-30": "1653.40600", "2016-06-30": "1647.54400", "2016-03-31": "1668.02900", "2015-12-31": "1649.51500", "2015-09-30": "1624.85800", "2015-06-30": "1638.47500", "2015-03-31": "1585.81800", "2014-12-31": "1609.77300", "2014-09-30": "1621.73400", "2014-06-30": "1651.74100", "2014-03-31": "1644.03000", "2013-12-31": "1613.38000", "2013-09-30": "1606.51100", "2013-06-30": "1557.08800", "2013-03-31": "1524.63100", "2012-12-31": "1599.90100", "2012-09-30": "1602.42300", "2012-06-30": "1564.77500", "2012-03-31": "1614.90700", "2011-12-31": "1579.02900", "2011-09-30": "1547.72700", "2011-06-30": "1618.13000", "2011-03-31": "1602.71600", "2010-12-31": "1522.54800", "2010-09-30": "1440.12700", "2010-06-30": "1322.61100", "2010-03-31": "1253.57200", "2009-12-31": "1203.74900", "2009-09-30": "1128.94700", "2009-06-30": "1029.12000", "2009-03-31": "964.44200", "2008-12-31": "844.72500", "2008-09-30": "767.79600", "2008-06-30": "765.09600", "2008-03-31": "679.21200", "2007-12-31": "623.27500", "2007-09-30": "556.40100", "2007-06-30": "491.57700", "2007-03-31": "431.43600", "2006-12-31": "398.75200", "2006-09-30": "349.43300", "2006-06-30": "419.76100", "2006-03-31": "383.00900", "2005-12-31": "356.98100", "2005-09-30": "359.51000", "2005-06-30": "327.84500", "2005-03-31": "337.11200"}, "Total Liabilities And Share Holders Equity": {"2020-09-30": "3212.91200", "2020-06-30": "3157.29700", "2020-03-31": "3122.23700", "2019-12-31": "3137.54100", "2019-09-30": "3197.88000", "2019-06-30": "3244.68600", "2019-03-31": "3206.30900", "2018-12-31": "2781.24200", "2018-09-30": "2856.88500", "2018-06-30": "2705.07500", "2018-03-31": "2704.00000", "2017-12-31": "2810.02600", "2017-09-30": "2766.27500", "2017-06-30": "2703.50400", "2017-03-31": "2630.39500", "2016-12-31": "2619.70600", "2016-09-30": "2587.89400", "2016-06-30": "2794.95100", "2016-03-31": "2413.20900", "2015-12-31": "2406.40000", "2015-09-30": "2354.80300", "2015-06-30": "2379.71600", "2015-03-31": "2312.35800", "2014-12-31": "2349.31100", "2014-09-30": "2354.29200", "2014-06-30": "2402.16500", "2014-03-31": "2368.88800", "2013-12-31": "2343.35900", "2013-09-30": "2325.87600", "2013-06-30": "2286.51600", "2013-03-31": "2078.37500", "2012-12-31": "2190.65500", "2012-09-30": "2146.01400", "2012-06-30": "2114.80600", "2012-03-31": "2166.21300", "2011-12-31": "2149.11400", "2011-09-30": "2102.29800", "2011-06-30": "1930.61500", "2011-03-31": "1933.95900", "2010-12-31": "1857.35200", "2010-09-30": "1733.06000", "2010-06-30": "1571.40800", "2010-03-31": "1530.30700", "2009-12-31": "1494.54400", "2009-09-30": "1396.24600", "2009-06-30": "1320.84000", "2009-03-31": "1268.79800", "2008-12-31": "1241.07700", "2008-09-30": "1187.87500", "2008-06-30": "1180.01200", "2008-03-31": "1087.44000", "2007-12-31": "1024.31600", "2007-09-30": "932.19700", "2007-06-30": "871.04000", "2007-03-31": "814.63100", "2006-12-31": "798.14800", "2006-09-30": "740.37200", "2006-06-30": "749.65600", "2006-03-31": "708.62700", "2005-12-31": "689.42300", "2005-09-30": "668.15100", "2005-06-30": "626.19700", "2005-03-31": "644.26700"}}, "cash flow statement": {"Net Income/Loss": {"2019-12-31": "171.59700", "2018-12-31": "282.42500", "2017-12-31": "107.22300", "2016-12-31": "166.62600", "2015-12-31": "241.68600", "2014-12-31": "200.26100", "2013-12-31": "177.01500", "2012-12-31": "222.39800", "2011-12-31": "221.47400", "2010-12-31": "248.12600", "2009-12-31": "230.21300", "2008-12-31": "200.90000", "2007-12-31": "133.57200", "2006-12-31": "100.89600", "2005-12-31": "90.76500"}, "Total Depreciation And Amortization - Cash Flow": {"2019-12-31": "116.79800", "2018-12-31": "69.81100", "2017-12-31": "71.01000", "2016-12-31": "57.51300", "2015-12-31": "49.53400", "2014-12-31": "57.24500", "2013-12-31": "62.79600", "2012-12-31": "59.71500", "2011-12-31": "77.49800", "2010-12-31": "61.29700", "2009-12-31": "42.42600", "2008-12-31": "45.32300", "2007-12-31": "30.98700", "2006-12-31": "20.55100", "2005-12-31": "15.58500"}, "Other Non-Cash Items": {"2019-12-31": "85.74600", "2018-12-31": "44.94200", "2017-12-31": "49.31800", "2016-12-31": "45.40200", "2015-12-31": "17.16700", "2014-12-31": "24.62600", "2013-12-31": "29.67800", "2012-12-31": "13.50000", "2011-12-31": "25.37600", "2010-12-31": "21.79600", "2009-12-31": "23.59500", "2008-12-31": "11.76800", "2007-12-31": "15.20900", "2006-12-31": "9.68700", "2005-12-31": "18.93300"}, "Total Non-Cash Items": {"2019-12-31": "202.54400", "2018-12-31": "114.75300", "2017-12-31": "120.32800", "2016-12-31": "102.91500", "2015-12-31": "66.70100", "2014-12-31": "81.87100", "2013-12-31": "92.47400", "2012-12-31": "73.21500", "2011-12-31": "102.87400", "2010-12-31": "83.09300", "2009-12-31": "66.02100", "2008-12-31": "57.09100", "2007-12-31": "46.19600", "2006-12-31": "30.23800", "2005-12-31": "34.51800"}, "Change In Accounts Receivable": {"2019-12-31": "19.37200", "2018-12-31": "29.05700", "2017-12-31": "-7.75800", "2016-12-31": "-10.70400", "2015-12-31": "28.25800", "2014-12-31": "-76.70500", "2013-12-31": "48.64000", "2012-12-31": "10.69300", "2011-12-31": "17.99200", "2010-12-31": "-47.71100", "2009-12-31": "9.98100", "2008-12-31": "-40.64000", "2007-12-31": "-27.30300", "2006-12-31": "-17.53300", "2005-12-31": "-35.40900"}, "Change In Inventories": {"2019-12-31": "-24.36000", "2018-12-31": "17.42500", "2017-12-31": "-32.96100", "2016-12-31": "51.17000", "2015-12-31": "-74.81600", "2014-12-31": "11.36300", "2013-12-31": "35.18100", "2012-12-31": "-23.73300", "2011-12-31": "-48.36100", "2010-12-31": "-25.15100", "2009-12-31": "-0.30100", "2008-12-31": "-30.17800", "2007-12-31": "-34.41100", "2006-12-31": "-26.78300", "2005-12-31": "-11.21700"}, "Change In Accounts Payable": {"2019-12-31": "51.75200", "2018-12-31": "-22.44900", "2017-12-31": "21.55800", "2016-12-31": "-33.46500", "2015-12-31": "38.66000", "2014-12-31": "15.04000", "2013-12-31": "-8.61700", "2012-12-31": "-1.67200", "2011-12-31": "-5.56500", "2010-12-31": "11.56300", "2009-12-31": "3.29300", "2008-12-31": "-7.32400", "2007-12-31": "9.87900", "2006-12-31": "4.90500", "2005-12-31": "3.60400"}, "Change In Assets/Liabilities": {"2019-12-31": "-17.47100", "2018-12-31": "21.23500", "2017-12-31": "-1.56600", "2016-12-31": "-12.94600", "2015-12-31": "4.71600", "2014-12-31": "-14.32500", "2013-12-31": "-6.84700", "2012-12-31": "9.91800", "2011-12-31": "-9.05900", "2010-12-31": "-5.98800", "2009-12-31": "-31.00700", "2008-12-31": "9.04500", "2007-12-31": "-18.97200", "2006-12-31": "4.45200", "2005-12-31": "-10.64800"}, "Total Change In Assets/Liabilities": {"2019-12-31": "-3.76900", "2018-12-31": "-23.02100", "2017-12-31": "80.70100", "2016-12-31": "50.21000", "2015-12-31": "-14.96200", "2014-12-31": "-55.88800", "2013-12-31": "85.47600", "2012-12-31": "-10.06800", "2011-12-31": "-80.45700", "2010-12-31": "-75.96800", "2009-12-31": "-24.47400", "2008-12-31": "-39.67500", "2007-12-31": "-63.66500", "2006-12-31": "-15.97900", "2005-12-31": "-52.14400"}, "Cash Flow From Operating Activities": {"2019-12-31": "370.37200", "2018-12-31": "374.15700", "2017-12-31": "308.25200", "2016-12-31": "319.75100", "2015-12-31": "293.42500", "2014-12-31": "226.24400", "2013-12-31": "354.96500", "2012-12-31": "285.54500", "2011-12-31": "243.89100", "2010-12-31": "255.25100", "2009-12-31": "271.76000", "2008-12-31": "218.31600", "2007-12-31": "116.10300", "2006-12-31": "115.15500", "2005-12-31": "73.13900"}, "Net Change In Property, Plant, And Equipment": {"2019-12-31": "-38.42900", "2018-12-31": "-27.75600", "2017-12-31": "-38.42300", "2016-12-31": "-28.60900", "2015-12-31": "-68.23400", "2014-12-31": "-49.26200", "2013-12-31": "-52.06100", "2012-12-31": "-58.08900", "2011-12-31": "-41.94600", "2010-12-31": "-65.74800", "2009-12-31": "-38.98200", "2008-12-31": "-27.63900", "2007-12-31": "-43.95500", "2006-12-31": "-42.43600", "2005-12-31": "-33.78600"}, "Net Change In Intangible Assets": {"2019-12-31": "", "2018-12-31": "", "2017-12-31": "", "2016-12-31": "", "2015-12-31": "", "2014-12-31": "", "2013-12-31": "", "2012-12-31": "", "2011-12-31": "", "2010-12-31": "", "2009-12-31": "", "2008-12-31": "", "2007-12-31": "", "2006-12-31": "", "2005-12-31": ""}, "Net Acquisitions/Divestitures": {"2019-12-31": "-601.92700", "2018-12-31": "-0.84400", "2017-12-31": "", "2016-12-31": "-419.20300", "2015-12-31": "-92.26000", "2014-12-31": "", "2013-12-31": "-20.07300", "2012-12-31": "-105.90900", "2011-12-31": "-27.18200", "2010-12-31": "-402.72100", "2009-12-31": "-73.56500", "2008-12-31": "-78.76200", "2007-12-31": "-41.98100", "2006-12-31": "", "2005-12-31": "-17.65700"}, "Net Change In Short-term Investments": {"2019-12-31": "", "2018-12-31": "", "2017-12-31": "", "2016-12-31": "", "2015-12-31": "", "2014-12-31": "", "2013-12-31": "", "2012-12-31": "", "2011-12-31": "", "2010-12-31": "", "2009-12-31": "", "2008-12-31": "", "2007-12-31": "", "2006-12-31": "", "2005-12-31": ""}, "Net Change In Long-Term Investments": {"2019-12-31": "", "2018-12-31": "", "2017-12-31": "", "2016-12-31": "", "2015-12-31": "", "2014-12-31": "", "2013-12-31": "", "2012-12-31": "", "2011-12-31": "", "2010-12-31": "", "2009-12-31": "", "2008-12-31": "", "2007-12-31": "", "2006-12-31": "", "2005-12-31": ""}, "Net Change In Investments - Total": {"2019-12-31": "", "2018-12-31": "", "2017-12-31": "", "2016-12-31": "", "2015-12-31": "", "2014-12-31": "", "2013-12-31": "", "2012-12-31": "", "2011-12-31": "", "2010-12-31": "", "2009-12-31": "", "2008-12-31": "", "2007-12-31": "", "2006-12-31": "", "2005-12-31": ""}, "Investing Activities - Other": {"2019-12-31": "-11.03000", "2018-12-31": "-15.50000", "2017-12-31": "", "2016-12-31": "", "2015-12-31": "25.64900", "2014-12-31": "", "2013-12-31": "", "2012-12-31": "-3.00200", "2011-12-31": "1.99100", "2010-12-31": "3.08000", "2009-12-31": "4.85000", "2008-12-31": "-7.55300", "2007-12-31": "-1.52100", "2006-12-31": "-0.99300", "2005-12-31": "-1.50000"}, "Cash Flow From Investing Activities": {"2019-12-31": "-651.38600", "2018-12-31": "-44.10000", "2017-12-31": "-38.42300", "2016-12-31": "-447.81200", "2015-12-31": "-134.84500", "2014-12-31": "-49.26200", "2013-12-31": "-72.13400", "2012-12-31": "-167.00000", "2011-12-31": "-67.13700", "2010-12-31": "-465.38900", "2009-12-31": "-107.69700", "2008-12-31": "-113.95400", "2007-12-31": "-87.45700", "2006-12-31": "-43.42900", "2005-12-31": "-52.94300"}, "Net Long-Term Debt": {"2019-12-31": "254.83000", "2018-12-31": "", "2017-12-31": "-97.50000", "2016-12-31": "157.12500", "2015-12-31": "-15.00000", "2014-12-31": "-15.00000", "2013-12-31": "138.75000", "2012-12-31": "", "2011-12-31": "247.70800", "2010-12-31": "", "2009-12-31": "", "2008-12-31": "-3.38700", "2007-12-31": "-0.00700", "2006-12-31": "-0.05600", "2005-12-31": "-0.10500"}, "Net Current Debt": {"2019-12-31": "", "2018-12-31": "", "2017-12-31": "", "2016-12-31": "", "2015-12-31": "", "2014-12-31": "", "2013-12-31": "", "2012-12-31": "", "2011-12-31": "", "2010-12-31": "", "2009-12-31": "-1.99700", "2008-12-31": "-19.00000", "2007-12-31": "-26.50000", "2006-12-31": "45.50000", "2005-12-31": ""}, "Debt Issuance/Retirement Net - Total": {"2019-12-31": "254.83000", "2018-12-31": "", "2017-12-31": "-97.50000", "2016-12-31": "157.12500", "2015-12-31": "-15.00000", "2014-12-31": "-15.00000", "2013-12-31": "138.75000", "2012-12-31": "", "2011-12-31": "247.70800", "2010-12-31": "", "2009-12-31": "-1.99700", "2008-12-31": "-22.38700", "2007-12-31": "-26.50700", "2006-12-31": "45.44400", "2005-12-31": "-0.10500"}, "Net Common Equity Issued/Repurchased": {"2019-12-31": "-96.58000", "2018-12-31": "-214.58200", "2017-12-31": "58.24100", "2016-12-31": "-54.09100", "2015-12-31": "-100.69400", "2014-12-31": "-91.65700", "2013-12-31": "-153.42800", "2012-12-31": "-202.99700", "2011-12-31": "-138.96300", "2010-12-31": "-14.25600", "2009-12-31": "-50.84400", "2008-12-31": "1.32400", "2007-12-31": "39.05800", "2006-12-31": "-102.43400", "2005-12-31": "-21.15500"}, "Net Total Equity Issued/Repurchased": {"2019-12-31": "-96.58000", "2018-12-31": "-214.58200", "2017-12-31": "58.24100", "2016-12-31": "-54.09100", "2015-12-31": "-100.69400", "2014-12-31": "-91.65700", "2013-12-31": "-153.42800", "2012-12-31": "-202.99700", "2011-12-31": "-138.96300", "2010-12-31": "-14.25600", "2009-12-31": "-50.84400", "2008-12-31": "1.32400", "2007-12-31": "39.05800", "2006-12-31": "-102.43400", "2005-12-31": "-21.15500"}, "Total Common And Preferred Stock Dividends Paid": {"2019-12-31": "-91.69400", "2018-12-31": "-88.12300", "2017-12-31": "-82.60500", "2016-12-31": "-65.92000", "2015-12-31": "-61.39900", "2014-12-31": "-56.51300", "2013-12-31": "-51.40400", "2012-12-31": "-42.45000", "2011-12-31": "-38.03700", "2010-12-31": "", "2009-12-31": "", "2008-12-31": "", "2007-12-31": "", "2006-12-31": "", "2005-12-31": ""}, "Financial Activities - Other": {"2019-12-31": "-12.51600", "2018-12-31": "-16.23900", "2017-12-31": "-10.74800", "2016-12-31": "-5.97800", "2015-12-31": "-7.05600", "2014-12-31": "11.14300", "2013-12-31": "-0.03100", "2012-12-31": "1.11800", "2011-12-31": "4.73700", "2010-12-31": "7.76900", "2009-12-31": "9.29900", "2008-12-31": "23.67600", "2007-12-31": "14.59400", "2006-12-31": "1.93100", "2005-12-31": ""}, "Cash Flow From Financial Activities": {"2019-12-31": "54.04000", "2018-12-31": "-318.94400", "2017-12-31": "-132.61200", "2016-12-31": "31.13600", "2015-12-31": "-184.14900", "2014-12-31": "-152.02700", "2013-12-31": "-66.11300", "2012-12-31": "-244.32900", "2011-12-31": "75.44500", "2010-12-31": "-6.48700", "2009-12-31": "-43.54200", "2008-12-31": "2.61300", "2007-12-31": "27.14500", "2006-12-31": "-55.05900", "2005-12-31": "-21.26000"}, "Net Cash Flow": {"2019-12-31": "-227.55200", "2018-12-31": "-6.94600", "2017-12-31": "157.74100", "2016-12-31": "-111.43600", "2015-12-31": "-58.58900", "2014-12-31": "-11.10200", "2013-12-31": "220.73700", "2012-12-31": "-119.10700", "2011-12-31": "247.70900", "2010-12-31": "-228.91000", "2009-12-31": "132.60500", "2008-12-31": "85.76100", "2007-12-31": "65.05800", "2006-12-31": "31.56600", "2005-12-31": "-13.63500"}, "Stock-Based Compensation": {"2019-12-31": "36.68900", "2018-12-31": "34.17000", "2017-12-31": "31.01800", "2016-12-31": "27.79700", "2015-12-31": "25.74800", "2014-12-31": "30.78800", "2013-12-31": "27.82300", "2012-12-31": "26.25000", "2011-12-31": "24.91700", "2010-12-31": "25.57500", "2009-12-31": "23.95500", "2008-12-31": "20.97400", "2007-12-31": "15.31600", "2006-12-31": "10.85300", "2005-12-31": "0.01400"}, "Common Stock Dividends Paid": {"2019-12-31": "-91.69400", "2018-12-31": "-88.12300", "2017-12-31": "-82.60500", "2016-12-31": "-65.92000", "2015-12-31": "-61.39900", "2014-12-31": "-56.51300", "2013-12-31": "-51.40400", "2012-12-31": "-42.45000", "2011-12-31": "-38.03700", "2010-12-31": "", "2009-12-31": "0.00000", "2008-12-31": "", "2007-12-31": "", "2006-12-31": "", "2005-12-31": ""}}, "cash flow statement, quarterly": {"Net Income/Loss": {"2020-09-30": 60.663, "2020-06-30": 61.257, "2020-03-31": "15.42400", "2019-12-31": 1.684, "2019-09-30": 62.047, "2019-06-30": 46.118, "2019-03-31": "61.74800", "2018-12-31": 98.516, "2018-09-30": 73.151, "2018-06-30": 71.563, "2018-03-31": "39.19500", "2017-12-31": -50.29, "2017-09-30": 63.529, "2017-06-30": 51.413, "2017-03-31": "42.57100", "2016-12-31": 61.5, "2016-09-30": 58.633, "2016-06-30": 45.368, "2016-03-31": "1.12500", "2015-12-31": 70.204, "2015-09-30": 73.072, "2015-06-30": 50.5, "2015-03-31": "47.91000", "2014-12-31": 72.752, "2014-09-30": 52.857, "2014-06-30": 44.758, "2014-03-31": "29.89400", "2013-12-31": 28.735, "2013-09-30": 46.486, "2013-06-30": 50.158, "2013-03-31": "51.63600", "2012-12-31": 77.261, "2012-09-30": 55.905, "2012-06-30": 41.093, "2012-03-31": "48.13900", "2011-12-31": 76.131, "2011-09-30": 64.719, "2011-06-30": 29.309, "2011-03-31": "51.31500", "2010-12-31": 69.822, "2010-09-30": 62.955, "2010-06-30": 59.454, "2010-03-31": "55.89500", "2009-12-31": 60.254, "2009-09-30": 60.034, "2009-06-30": 55.653, "2009-03-31": "54.27200", "2008-12-31": 64.984, "2008-09-30": 54.779, "2008-06-30": 44.616, "2008-03-31": "36.52100", "2007-12-31": 43.458, "2007-09-30": 34.765, "2007-06-30": 29.085, "2007-03-31": "26.26400", "2006-12-31": 39.756, "2006-09-30": 27.07, "2006-06-30": 21.411, "2006-03-31": "12.65900", "2005-12-31": 34.142, "2005-09-30": 17.344, "2005-06-30": 24.572, "2005-03-31": "14.70700"}, "Total Depreciation And Amortization - Cash Flow": {"2020-09-30": 23.467, "2020-06-30": 23.525, "2020-03-31": "24.22500", "2019-12-31": 40.761, "2019-09-30": 27.122, "2019-06-30": 32.253, "2019-03-31": "16.66200", "2018-12-31": 20.448, "2018-09-30": 16.308, "2018-06-30": 16.609, "2018-03-31": "16.44600", "2017-12-31": 17.584, "2017-09-30": 18.418, "2017-06-30": 17.977, "2017-03-31": "17.03100", "2016-12-31": 15.656, "2016-09-30": 14.079, "2016-06-30": 13.839, "2016-03-31": "13.93900", "2015-12-31": 13.069, "2015-09-30": 11.854, "2015-06-30": 12.122, "2015-03-31": "12.48900", "2014-12-31": 12.967, "2014-09-30": 13.572, "2014-06-30": 14.236, "2014-03-31": "16.47000", "2013-12-31": 17.818, "2013-09-30": 14.876, "2013-06-30": 15.231, "2013-03-31": "14.87100", "2012-12-31": 14.856, "2012-09-30": 14.843, "2012-06-30": 14.809, "2012-03-31": "15.20700", "2011-12-31": 16.29, "2011-09-30": 17.577, "2011-06-30": 23.738, "2011-03-31": "19.89300", "2010-12-31": 21.831, "2010-09-30": 14.401, "2010-06-30": 13.299, "2010-03-31": "11.76600", "2009-12-31": 11.523, "2009-09-30": 10.68, "2009-06-30": 10.298, "2009-03-31": "9.92500", "2008-12-31": 11.016, "2008-09-30": 12.883, "2008-06-30": 12.173, "2008-03-31": "9.25100", "2007-12-31": 12.637, "2007-09-30": 6.384, "2007-06-30": 6.06, "2007-03-31": "5.90600", "2006-12-31": 5.568, "2006-09-30": 5.537, "2006-06-30": 5.02, "2006-03-31": "4.42600", "2005-12-31": 4.48, "2005-09-30": 5.191, "2005-06-30": 2.802, "2005-03-31": "3.11200"}, "Other Non-Cash Items": {"2020-09-30": 19.083, "2020-06-30": 24.66, "2020-03-31": "7.32000", "2019-12-31": 59.533, "2019-09-30": 10.368, "2019-06-30": 8.861, "2019-03-31": "6.98400", "2018-12-31": 22.081, "2018-09-30": 12.116, "2018-06-30": 6.936, "2018-03-31": "3.80900", "2017-12-31": 54.917, "2017-09-30": -1.092, "2017-06-30": -7.203, "2017-03-31": "2.69600", "2016-12-31": 4.519, "2016-09-30": 11.423, "2016-06-30": 17.792, "2016-03-31": "11.66800", "2015-12-31": 10.61, "2015-09-30": -5.7, "2015-06-30": 8.905, "2015-03-31": "3.35200", "2014-12-31": 0.537, "2014-09-30": 9.57, "2014-06-30": 5.746, "2014-03-31": "8.77300", "2013-12-31": 7.558, "2013-09-30": 9.344, "2013-06-30": 4.662, "2013-03-31": "8.11400", "2012-12-31": -5.232, "2012-09-30": 6.587, "2012-06-30": 12.006, "2012-03-31": "0.13900", "2011-12-31": 4.96, "2011-09-30": 8.493, "2011-06-30": 2.274, "2011-03-31": "9.64900", "2010-12-31": 10.381, "2010-09-30": -4.385, "2010-06-30": 8.52, "2010-03-31": "7.28000", "2009-12-31": 8.298, "2009-09-30": 5.537, "2009-06-30": 4.302, "2009-03-31": "5.45800", "2008-12-31": -0.334, "2008-09-30": 3.391, "2008-06-30": 5.09, "2008-03-31": "3.62100", "2007-12-31": 7.864, "2007-09-30": -3.571, "2007-06-30": 3.419, "2007-03-31": "7.49700", "2006-12-31": -2.285, "2006-09-30": 4.174, "2006-06-30": 6.313, "2006-03-31": "1.48500", "2005-12-31": 30.203, "2005-09-30": -2.639, "2005-06-30": 5.425, "2005-03-31": "-14.05600"}, "Total Non-Cash Items": {"2020-09-30": 42.55, "2020-06-30": 48.185, "2020-03-31": "31.54500", "2019-12-31": 100.294, "2019-09-30": 37.49, "2019-06-30": 41.114, "2019-03-31": "23.64600", "2018-12-31": 42.529, "2018-09-30": 28.424, "2018-06-30": 23.545, "2018-03-31": "20.25500", "2017-12-31": 72.501, "2017-09-30": 17.326, "2017-06-30": 10.774, "2017-03-31": "19.72700", "2016-12-31": 20.175, "2016-09-30": 25.502, "2016-06-30": 31.631, "2016-03-31": "25.60700", "2015-12-31": 23.679, "2015-09-30": 6.154, "2015-06-30": 21.027, "2015-03-31": "15.84100", "2014-12-31": 13.504, "2014-09-30": 23.142, "2014-06-30": 19.982, "2014-03-31": "25.24300", "2013-12-31": 25.376, "2013-09-30": 24.22, "2013-06-30": 19.893, "2013-03-31": "22.98500", "2012-12-31": 9.624, "2012-09-30": 21.43, "2012-06-30": 26.815, "2012-03-31": "15.34600", "2011-12-31": 21.25, "2011-09-30": 26.07, "2011-06-30": 26.012, "2011-03-31": "29.54200", "2010-12-31": 32.212, "2010-09-30": 10.016, "2010-06-30": 21.819, "2010-03-31": "19.04600", "2009-12-31": 19.821, "2009-09-30": 16.217, "2009-06-30": 14.6, "2009-03-31": "15.38300", "2008-12-31": 10.682, "2008-09-30": 16.274, "2008-06-30": 17.263, "2008-03-31": "12.87200", "2007-12-31": 20.501, "2007-09-30": 2.813, "2007-06-30": 9.479, "2007-03-31": "13.40300", "2006-12-31": 3.283, "2006-09-30": 9.711, "2006-06-30": 11.333, "2006-03-31": "5.91100", "2005-12-31": 34.683, "2005-09-30": 2.552, "2005-06-30": 8.227, "2005-03-31": "-10.94400"}, "Change In Accounts Receivable": {"2020-09-30": -3.293, "2020-06-30": -0.855, "2020-03-31": "12.11800", "2019-12-31": 13.912, "2019-09-30": 24.588, "2019-06-30": 6.643, "2019-03-31": "-25.77100", "2018-12-31": -34.209, "2018-09-30": 13.643, "2018-06-30": 21.279, "2018-03-31": "28.34400", "2017-12-31": -20.805, "2017-09-30": -11.478, "2017-06-30": -20.32, "2017-03-31": "44.84500", "2016-12-31": -30.655, "2016-09-30": -30.76, "2016-06-30": 21.866, "2016-03-31": "28.84500", "2015-12-31": -15.037, "2015-09-30": 20.701, "2015-06-30": -13.027, "2015-03-31": "35.62100", "2014-12-31": -59.283, "2014-09-30": -33.351, "2014-06-30": 0.477, "2014-03-31": "15.45200", "2013-12-31": -4.216, "2013-09-30": -1.349, "2013-06-30": 26.895, "2013-03-31": "27.31000", "2012-12-31": -30.783, "2012-09-30": -13.265, "2012-06-30": 25.823, "2012-03-31": "28.91800", "2011-12-31": -8.719, "2011-09-30": 7.761, "2011-06-30": -3.865, "2011-03-31": "22.81500", "2010-12-31": -44.057, "2010-09-30": 3.536, "2010-06-30": -15.209, "2010-03-31": "8.01900", "2009-12-31": -25.93, "2009-09-30": 9.072, "2009-06-30": 26.775, "2009-03-31": "0.06400", "2008-12-31": -3.899, "2008-09-30": -21.927, "2008-06-30": -20.03, "2008-03-31": "5.21600", "2007-12-31": -20.731, "2007-09-30": -0.908, "2007-06-30": -18.619, "2007-03-31": "12.95500", "2006-12-31": -30.441, "2006-09-30": -8.081, "2006-06-30": -3.849, "2006-03-31": "24.83800", "2005-12-31": -36.145, "2005-09-30": -0.909, "2005-06-30": -5.72, "2005-03-31": "7.36500"}, "Change In Inventories": {"2020-09-30": -36.451, "2020-06-30": -32.311, "2020-03-31": "-14.45300", "2019-12-31": 5.855, "2019-09-30": -6.611, "2019-06-30": -6.132, "2019-03-31": "-17.47200", "2018-12-31": 22.475, "2018-09-30": 8.59, "2018-06-30": -4.88, "2018-03-31": "-8.76000", "2017-12-31": -2.372, "2017-09-30": -3.654, "2017-06-30": -14.146, "2017-03-31": "-12.78900", "2016-12-31": 30.959, "2016-09-30": 5.216, "2016-06-30": 17.085, "2016-03-31": "-2.09000", "2015-12-31": -2.285, "2015-09-30": -28.459, "2015-06-30": -17.072, "2015-03-31": "-27.00000", "2014-12-31": 18.559, "2014-09-30": 0.218, "2014-06-30": -12.838, "2014-03-31": "5.42400", "2013-12-31": 28.7, "2013-09-30": -7.251, "2013-06-30": 23.436, "2013-03-31": "-9.70400", "2012-12-31": -1.306, "2012-09-30": -5.284, "2012-06-30": -5.693, "2012-03-31": "-11.45000", "2011-12-31": -13.44, "2011-09-30": -10.717, "2011-06-30": -4.802, "2011-03-31": "-19.40200", "2010-12-31": -0.688, "2010-09-30": -12.322, "2010-06-30": -4.252, "2010-03-31": "-7.88900", "2009-12-31": 8.038, "2009-09-30": 1.827, "2009-06-30": -3.841, "2009-03-31": "-6.32500", "2008-12-31": 3.445, "2008-09-30": -8.357, "2008-06-30": -16.657, "2008-03-31": "-8.60900", "2007-12-31": 0.274, "2007-09-30": -8.464, "2007-06-30": -11.923, "2007-03-31": "-14.29800", "2006-12-31": -4.974, "2006-09-30": -7.239, "2006-06-30": -7.986, "2006-03-31": "-6.58400", "2005-12-31": -0.588, "2005-09-30": -2.386, "2005-06-30": 4.071, "2005-03-31": "-12.31400"}, "Change In Accounts Payable": {"2020-09-30": -0.702, "2020-06-30": -12.072, "2020-03-31": "1.59200", "2019-12-31": 12.879, "2019-09-30": 12.427, "2019-06-30": 0.427, "2019-03-31": "26.01900", "2018-12-31": -0.283, "2018-09-30": -11.073, "2018-06-30": -2.943, "2018-03-31": "-8.15000", "2017-12-31": 10.188, "2017-09-30": 13.307, "2017-06-30": 2.526, "2017-03-31": "-4.46300", "2016-12-31": 2.042, "2016-09-30": 8.658, "2016-06-30": -10.496, "2016-03-31": "-33.66900", "2015-12-31": 9.649, "2015-09-30": 4.472, "2015-06-30": 14.731, "2015-03-31": "9.80800", "2014-12-31": 8.678, "2014-09-30": -8.402, "2014-06-30": 8.237, "2014-03-31": "6.52700", "2013-12-31": -8.243, "2013-09-30": 3.491, "2013-06-30": 5.771, "2013-03-31": "-9.63600", "2012-12-31": 5.048, "2012-09-30": -2.424, "2012-06-30": 3.616, "2012-03-31": "-7.91200", "2011-12-31": 2.79, "2011-09-30": -7.937, "2011-06-30": 1.784, "2011-03-31": "-2.20200", "2010-12-31": 1.959, "2010-09-30": 4.928, "2010-06-30": -8.579, "2010-03-31": "13.25500", "2009-12-31": -3.337, "2009-09-30": -4.225, "2009-06-30": -0.973, "2009-03-31": "11.82800", "2008-12-31": -14.488, "2008-09-30": -2.003, "2008-06-30": 4.278, "2008-03-31": "4.88900", "2007-12-31": 2.562, "2007-09-30": 2.024, "2007-06-30": 0.56, "2007-03-31": "4.73300", "2006-12-31": 5.3, "2006-09-30": -0.731, "2006-06-30": -2.15, "2006-03-31": "2.48600", "2005-12-31": 1.256, "2005-09-30": 1.044, "2005-06-30": 0.807, "2005-03-31": "0.49700"}, "Change In Assets/Liabilities": {"2020-09-30": -19.537, "2020-06-30": -0.139, "2020-03-31": "-0.18500", "2019-12-31": -31.69, "2019-09-30": 26.1, "2019-06-30": -9.001, "2019-03-31": "-2.88000", "2018-12-31": 5.044, "2018-09-30": -1.906, "2018-06-30": 1.61, "2018-03-31": "16.48700", "2017-12-31": -4.669, "2017-09-30": 2.283, "2017-06-30": -2.767, "2017-03-31": "3.58700", "2016-12-31": 2.59, "2016-09-30": -4.802, "2016-06-30": -2.551, "2016-03-31": "-8.18300", "2015-12-31": -0.496, "2015-09-30": -3.248, "2015-06-30": 1.175, "2015-03-31": "7.28500", "2014-12-31": 3.119, "2014-09-30": -3.165, "2014-06-30": -0.681, "2014-03-31": "-13.59800", "2013-12-31": -4.509, "2013-09-30": 10.132, "2013-06-30": -8.997, "2013-03-31": "-3.47300", "2012-12-31": 22.365, "2012-09-30": -4.81, "2012-06-30": -12.475, "2012-03-31": "4.83800", "2011-12-31": 30.334, "2011-09-30": -25.632, "2011-06-30": -9.239, "2011-03-31": "-4.52200", "2010-12-31": -23.929, "2010-09-30": 16.951, "2010-06-30": -11.034, "2010-03-31": "12.02400", "2009-12-31": -4.528, "2009-09-30": -19.857, "2009-06-30": -10.083, "2009-03-31": "3.46100", "2008-12-31": 11.591, "2008-09-30": 17.655, "2008-06-30": -21.738, "2008-03-31": "1.53700", "2007-12-31": 7.909, "2007-09-30": -20.299, "2007-06-30": -12.109, "2007-03-31": "5.52700", "2006-12-31": 9.335, "2006-09-30": -3.765, "2006-06-30": 2.186, "2006-03-31": "-3.30400", "2005-12-31": -10.746, "2005-09-30": -1.121, "2005-06-30": -9.684, "2005-03-31": "10.90300"}, "Total Change In Assets/Liabilities": {"2020-09-30": -21.039, "2020-06-30": -46.293, "2020-03-31": "3.89700", "2019-12-31": -8.431, "2019-09-30": 53.987, "2019-06-30": -19.442, "2019-03-31": "-29.88300", "2018-12-31": -42.731, "2018-09-30": 20.924, "2018-06-30": 15.06, "2018-03-31": "-16.27400", "2017-12-31": 76.705, "2017-09-30": 23.227, "2017-06-30": -32.06, "2017-03-31": "12.82900", "2016-12-31": 15.469, "2016-09-30": 4.656, "2016-06-30": 10.871, "2016-03-31": "19.21400", "2015-12-31": 2.063, "2015-09-30": -5.606, "2015-06-30": -22.595, "2015-03-31": "11.17600", "2014-12-31": -23.412, "2014-09-30": -43.012, "2014-06-30": 5.848, "2014-03-31": "4.68800", "2013-12-31": 51.063, "2013-09-30": -18.178, "2013-06-30": 65.253, "2013-03-31": "-12.66200", "2012-12-31": 25.989, "2012-09-30": -30.895, "2012-06-30": 9.328, "2012-03-31": "-14.49000", "2011-12-31": 18.815, "2011-09-30": -44.885, "2011-06-30": -35.916, "2011-03-31": "-18.47100", "2010-12-31": -56.728, "2010-09-30": 12.083, "2010-06-30": -38.593, "2010-03-31": "7.27000", "2009-12-31": -7.727, "2009-09-30": -8.9, "2009-06-30": -12.52, "2009-03-31": "4.67300", "2008-12-31": 12.874, "2008-09-30": -4.688, "2008-06-30": -53.633, "2008-03-31": "5.77200", "2007-12-31": -8.932, "2007-09-30": -6.56, "2007-06-30": -42.649, "2007-03-31": "-5.52400", "2006-12-31": -2.615, "2006-09-30": -15.607, "2006-06-30": -13.289, "2006-03-31": "15.53200", "2005-12-31": -52.893, "2005-09-30": 6.123, "2005-06-30": -13.682, "2005-03-31": "8.30800"}, "Cash Flow From Operating Activities": {"2020-09-30": 82.174, "2020-06-30": 63.149, "2020-03-31": "50.86600", "2019-12-31": 93.547, "2019-09-30": 153.524, "2019-06-30": 67.79, "2019-03-31": "55.51100", "2018-12-31": 98.314, "2018-09-30": 122.499, "2018-06-30": 110.168, "2018-03-31": "43.17600", "2017-12-31": 98.916, "2017-09-30": 104.082, "2017-06-30": 30.127, "2017-03-31": "75.12700", "2016-12-31": 97.144, "2016-09-30": 88.791, "2016-06-30": 87.87, "2016-03-31": "45.94600", "2015-12-31": 95.946, "2015-09-30": 73.62, "2015-06-30": 48.932, "2015-03-31": "74.92700", "2014-12-31": 62.844, "2014-09-30": 32.987, "2014-06-30": 70.588, "2014-03-31": "59.82500", "2013-12-31": 105.174, "2013-09-30": 52.528, "2013-06-30": 135.304, "2013-03-31": "61.95900", "2012-12-31": 112.874, "2012-09-30": 46.44, "2012-06-30": 77.236, "2012-03-31": "48.99500", "2011-12-31": 116.196, "2011-09-30": 45.904, "2011-06-30": 19.405, "2011-03-31": "62.38600", "2010-12-31": 45.306, "2010-09-30": 85.054, "2010-06-30": 42.68, "2010-03-31": "82.21100", "2009-12-31": 72.348, "2009-09-30": 67.351, "2009-06-30": 57.733, "2009-03-31": "74.32800", "2008-12-31": 88.54, "2008-09-30": 66.365, "2008-06-30": 8.246, "2008-03-31": "55.16500", "2007-12-31": 55.027, "2007-09-30": 31.018, "2007-06-30": -4.085, "2007-03-31": "34.14300", "2006-12-31": 40.424, "2006-09-30": 21.174, "2006-06-30": 19.455, "2006-03-31": "34.10200", "2005-12-31": 15.932, "2005-09-30": 26.019, "2005-06-30": 19.117, "2005-03-31": "12.07100"}, "Net Change In Property, Plant, And Equipment": {"2020-09-30": -9.894, "2020-06-30": -14.525, "2020-03-31": "-12.71700", "2019-12-31": -12.76, "2019-09-30": -10.861, "2019-06-30": -8.641, "2019-03-31": "-6.16700", "2018-12-31": -7.091, "2018-09-30": -7.23, "2018-06-30": -6.336, "2018-03-31": "-7.09900", "2017-12-31": -6.589, "2017-09-30": -8.207, "2017-06-30": -10.033, "2017-03-31": "-13.59400", "2016-12-31": -7.913, "2016-09-30": 0.18, "2016-06-30": -15.759, "2016-03-31": "-5.11700", "2015-12-31": -18.118, "2015-09-30": -19.363, "2015-06-30": -17.614, "2015-03-31": "-13.13900", "2014-12-31": -8.334, "2014-09-30": -15.1, "2014-06-30": -16.238, "2014-03-31": "-9.59000", "2013-12-31": -15.064, "2013-09-30": -13.706, "2013-06-30": -10.643, "2013-03-31": "-12.64800", "2012-12-31": -18.901, "2012-09-30": -12.759, "2012-06-30": -13.494, "2012-03-31": "-12.93500", "2011-12-31": -10.85, "2011-09-30": -12.366, "2011-06-30": -14.463, "2011-03-31": "-4.26700", "2010-12-31": -14.748, "2010-09-30": -7.141, "2010-06-30": -7.009, "2010-03-31": "-36.85000", "2009-12-31": -7.35, "2009-09-30": -4.793, "2009-06-30": -16.865, "2009-03-31": "-9.97400", "2008-12-31": -6.553, "2008-09-30": -4.962, "2008-06-30": -6.075, "2008-03-31": "-10.04900", "2007-12-31": -14.899, "2007-09-30": -9.427, "2007-06-30": -11.851, "2007-03-31": "-7.77800", "2006-12-31": -17.87, "2006-09-30": -5.489, "2006-06-30": -8.344, "2006-03-31": "-10.73300", "2005-12-31": -10.859, "2005-09-30": -5.285, "2005-06-30": -3.962, "2005-03-31": "-13.68000"}, "Net Change In Intangible Assets": {"2020-09-30": 0, "2020-06-30": 0, "2020-03-31": "", "2019-12-31": 0, "2019-09-30": 0, "2019-06-30": 0, "2019-03-31": "", "2018-12-31": 0, "2018-09-30": 0, "2018-06-30": 0, "2018-03-31": "", "2017-12-31": 0, "2017-09-30": 0, "2017-06-30": 0, "2017-03-31": "", "2016-12-31": 0, "2016-09-30": 0, "2016-06-30": 0, "2016-03-31": "", "2015-12-31": 0, "2015-09-30": 0, "2015-06-30": 0, "2015-03-31": "", "2014-12-31": 0, "2014-09-30": 0, "2014-06-30": 0, "2014-03-31": "", "2013-12-31": 0, "2013-09-30": 0, "2013-06-30": 0, "2013-03-31": "", "2012-12-31": 0, "2012-09-30": 0, "2012-06-30": 0, "2012-03-31": "", "2011-12-31": 0, "2011-09-30": 0, "2011-06-30": 0, "2011-03-31": "", "2010-12-31": 0, "2010-09-30": 0, "2010-06-30": 0, "2010-03-31": "", "2009-12-31": 0, "2009-09-30": 0, "2009-06-30": 0, "2009-03-31": "", "2008-12-31": 0, "2008-09-30": 0, "2008-06-30": 0, "2008-03-31": "", "2007-12-31": 0, "2007-09-30": 0, "2007-06-30": 0, "2007-03-31": "", "2006-12-31": 0, "2006-09-30": 0, "2006-06-30": 0, "2006-03-31": "", "2005-12-31": 0, "2005-09-30": 0, "2005-06-30": 0, "2005-03-31": ""}, "Net Acquisitions/Divestitures": {"2020-09-30": 0, "2020-06-30": 0, "2020-03-31": "", "2019-12-31": 0, "2019-09-30": 0.529, "2019-06-30": -22.9, "2019-03-31": "-579.55600", "2018-12-31": -4.598, "2018-09-30": -7.971, "2018-06-30": -7.125, "2018-03-31": "18.85000", "2017-12-31": 0, "2017-09-30": 0, "2017-06-30": 0, "2017-03-31": "", "2016-12-31": -376.758, "2016-09-30": 0, "2016-06-30": -42.445, "2016-03-31": "", "2015-12-31": -92.26, "2015-09-30": 0, "2015-06-30": 0, "2015-03-31": "", "2014-12-31": 0, "2014-09-30": 0, "2014-06-30": 0, "2014-03-31": "", "2013-12-31": 0, "2013-09-30": -14.908, "2013-06-30": -5.165, "2013-03-31": "", "2012-12-31": -105.909, "2012-09-30": 0, "2012-06-30": 0, "2012-03-31": "", "2011-12-31": 0, "2011-09-30": -24.831, "2011-06-30": -2.351, "2011-03-31": "", "2010-12-31": -228.025, "2010-09-30": -0.001, "2010-06-30": -174.695, "2010-03-31": "", "2009-12-31": -60.417, "2009-09-30": 0, "2009-06-30": -13.148, "2009-03-31": "", "2008-12-31": 0.541, "2008-09-30": -0.111, "2008-06-30": -11.025, "2008-03-31": "-68.16700", "2007-12-31": -39.837, "2007-09-30": 0, "2007-06-30": -2.144, "2007-03-31": "", "2006-12-31": 0, "2006-09-30": 0.099, "2006-06-30": -0.099, "2006-03-31": "", "2005-12-31": -13.5, "2005-09-30": 0, "2005-06-30": -4.157, "2005-03-31": ""}, "Net Change In Short-term Investments": {"2020-09-30": 0, "2020-06-30": 0, "2020-03-31": "", "2019-12-31": 0, "2019-09-30": 0, "2019-06-30": 0, "2019-03-31": "", "2018-12-31": 0, "2018-09-30": 0, "2018-06-30": 0, "2018-03-31": "", "2017-12-31": 0, "2017-09-30": 0, "2017-06-30": 0, "2017-03-31": "", "2016-12-31": 0, "2016-09-30": 0, "2016-06-30": 0, "2016-03-31": "", "2015-12-31": 0, "2015-09-30": 0, "2015-06-30": 0, "2015-03-31": "", "2014-12-31": 0, "2014-09-30": 0, "2014-06-30": 0, "2014-03-31": "", "2013-12-31": 0, "2013-09-30": 0, "2013-06-30": 0, "2013-03-31": "", "2012-12-31": 0, "2012-09-30": 0, "2012-06-30": 0, "2012-03-31": "", "2011-12-31": 0, "2011-09-30": 0, "2011-06-30": 0, "2011-03-31": "", "2010-12-31": 0, "2010-09-30": 0, "2010-06-30": 0, "2010-03-31": "", "2009-12-31": 0, "2009-09-30": 0, "2009-06-30": 0, "2009-03-31": "", "2008-12-31": 0, "2008-09-30": 0, "2008-06-30": 0, "2008-03-31": "", "2007-12-31": 0, "2007-09-30": 0, "2007-06-30": 0, "2007-03-31": "", "2006-12-31": 0, "2006-09-30": 0, "2006-06-30": 0, "2006-03-31": "", "2005-12-31": 0, "2005-09-30": 0, "2005-06-30": 0, "2005-03-31": ""}, "Net Change In Long-Term Investments": {"2020-09-30": 0, "2020-06-30": 0, "2020-03-31": "", "2019-12-31": 0, "2019-09-30": 0, "2019-06-30": 0, "2019-03-31": "", "2018-12-31": 0, "2018-09-30": 0, "2018-06-30": 0, "2018-03-31": "", "2017-12-31": 0, "2017-09-30": 0, "2017-06-30": 0, "2017-03-31": "", "2016-12-31": 0, "2016-09-30": 0, "2016-06-30": 0, "2016-03-31": "", "2015-12-31": 0, "2015-09-30": 0, "2015-06-30": 0, "2015-03-31": "", "2014-12-31": 0, "2014-09-30": 0, "2014-06-30": 0, "2014-03-31": "", "2013-12-31": 0, "2013-09-30": 0, "2013-06-30": 0, "2013-03-31": "", "2012-12-31": 0, "2012-09-30": 0, "2012-06-30": 0, "2012-03-31": "", "2011-12-31": 0, "2011-09-30": 0, "2011-06-30": 0, "2011-03-31": "", "2010-12-31": 0, "2010-09-30": 0, "2010-06-30": 0, "2010-03-31": "", "2009-12-31": 0, "2009-09-30": 0, "2009-06-30": 0, "2009-03-31": "", "2008-12-31": 0, "2008-09-30": 0, "2008-06-30": 0, "2008-03-31": "", "2007-12-31": 0, "2007-09-30": 0, "2007-06-30": 0, "2007-03-31": "", "2006-12-31": 0, "2006-09-30": 0, "2006-06-30": 0, "2006-03-31": "", "2005-12-31": 0, "2005-09-30": 0, "2005-06-30": 0, "2005-03-31": ""}, "Net Change In Investments - Total": {"2020-09-30": 0, "2020-06-30": 0, "2020-03-31": "", "2019-12-31": 0, "2019-09-30": 0, "2019-06-30": 0, "2019-03-31": "", "2018-12-31": 0, "2018-09-30": 0, "2018-06-30": 0, "2018-03-31": "", "2017-12-31": 0, "2017-09-30": 0, "2017-06-30": 0, "2017-03-31": "", "2016-12-31": 0, "2016-09-30": 0, "2016-06-30": 0, "2016-03-31": "", "2015-12-31": 0, "2015-09-30": 0, "2015-06-30": 0, "2015-03-31": "", "2014-12-31": 0, "2014-09-30": 0, "2014-06-30": 0, "2014-03-31": "", "2013-12-31": 0, "2013-09-30": 0, "2013-06-30": 0, "2013-03-31": "", "2012-12-31": 0, "2012-09-30": 0, "2012-06-30": 0, "2012-03-31": "", "2011-12-31": 0, "2011-09-30": 0, "2011-06-30": 0, "2011-03-31": "", "2010-12-31": 0, "2010-09-30": 0, "2010-06-30": 0, "2010-03-31": "", "2009-12-31": 0, "2009-09-30": 0, "2009-06-30": 0, "2009-03-31": "", "2008-12-31": 0, "2008-09-30": 0, "2008-06-30": 0, "2008-03-31": "", "2007-12-31": 0, "2007-09-30": 0, "2007-06-30": 0, "2007-03-31": "", "2006-12-31": 0, "2006-09-30": 0, "2006-06-30": 0, "2006-03-31": "", "2005-12-31": 0, "2005-09-30": 0, "2005-06-30": 0, "2005-03-31": ""}, "Investing Activities - Other": {"2020-09-30": 0, "2020-06-30": 0.304, "2020-03-31": "", "2019-12-31": -6.03, "2019-09-30": 0, "2019-06-30": 0, "2019-03-31": "-5.00000", "2018-12-31": 0, "2018-09-30": -6, "2018-06-30": 0, "2018-03-31": "-9.50000", "2017-12-31": -2.859, "2017-09-30": 0, "2017-06-30": 2.859, "2017-03-31": "", "2016-12-31": 0, "2016-09-30": -4.875, "2016-06-30": 4.875, "2016-03-31": "", "2015-12-31": 25.649, "2015-09-30": 0, "2015-06-30": 0, "2015-03-31": "", "2014-12-31": -12, "2014-09-30": 12, "2014-06-30": 0, "2014-03-31": "", "2013-12-31": 0, "2013-09-30": 0, "2013-06-30": 0, "2013-03-31": "", "2012-12-31": -0.002, "2012-09-30": 0, "2012-06-30": -3, "2012-03-31": "", "2011-12-31": 1.991, "2011-09-30": 0, "2011-06-30": 0, "2011-03-31": "", "2010-12-31": -0.001, "2010-09-30": 4.081, "2010-06-30": 0, "2010-03-31": "-1.00000", "2009-12-31": 4.249, "2009-09-30": 1.601, "2009-06-30": 0, "2009-03-31": "-1.00000", "2008-12-31": 0.767, "2008-09-30": -1.001, "2008-06-30": -5.069, "2008-03-31": "-2.25000", "2007-12-31": -1.074, "2007-09-30": -0.447, "2007-06-30": 0, "2007-03-31": "", "2006-12-31": 0, "2006-09-30": -0.976, "2006-06-30": 0.098, "2006-03-31": "-0.11500", "2005-12-31": 0, "2005-09-30": -1.499, "2005-06-30": 0.043, "2005-03-31": "-0.04400"}, "Cash Flow From Investing Activities": {"2020-09-30": -9.894, "2020-06-30": -14.221, "2020-03-31": "-12.71700", "2019-12-31": -18.79, "2019-09-30": -10.332, "2019-06-30": -31.541, "2019-03-31": "-590.72300", "2018-12-31": -11.689, "2018-09-30": -21.201, "2018-06-30": -13.461, "2018-03-31": "2.25100", "2017-12-31": -9.448, "2017-09-30": -8.207, "2017-06-30": -7.174, "2017-03-31": "-13.59400", "2016-12-31": -384.671, "2016-09-30": -4.695, "2016-06-30": -53.329, "2016-03-31": "-5.11700", "2015-12-31": -84.729, "2015-09-30": -19.363, "2015-06-30": -17.614, "2015-03-31": "-13.13900", "2014-12-31": -20.334, "2014-09-30": -3.1, "2014-06-30": -16.238, "2014-03-31": "-9.59000", "2013-12-31": -15.064, "2013-09-30": -28.614, "2013-06-30": -15.808, "2013-03-31": "-12.64800", "2012-12-31": -124.812, "2012-09-30": -12.759, "2012-06-30": -16.494, "2012-03-31": "-12.93500", "2011-12-31": -8.859, "2011-09-30": -37.197, "2011-06-30": -16.814, "2011-03-31": "-4.26700", "2010-12-31": -242.774, "2010-09-30": -3.061, "2010-06-30": -181.704, "2010-03-31": "-37.85000", "2009-12-31": -63.518, "2009-09-30": -3.192, "2009-06-30": -30.013, "2009-03-31": "-10.97400", "2008-12-31": -5.245, "2008-09-30": -6.074, "2008-06-30": -22.169, "2008-03-31": "-80.46600", "2007-12-31": -55.81, "2007-09-30": -9.874, "2007-06-30": -13.995, "2007-03-31": "-7.77800", "2006-12-31": -17.87, "2006-09-30": -6.366, "2006-06-30": -8.345, "2006-03-31": "-10.84800", "2005-12-31": -24.359, "2005-09-30": -6.784, "2005-06-30": -8.076, "2005-03-31": "-13.72400"}, "Net Long-Term Debt": {"2020-09-30": -68.492, "2020-06-30": -3.114, "2020-03-31": "171.97900", "2019-12-31": -74.59, "2019-09-30": -15.539, "2019-06-30": -3.095, "2019-03-31": "348.05400", "2018-12-31": 0, "2018-09-30": 0, "2018-06-30": 0, "2018-03-31": "", "2017-12-31": 0, "2017-09-30": -97.5, "2017-06-30": 7.5, "2017-03-31": "-7.50000", "2016-12-31": -0.266, "2016-09-30": 157.391, "2016-06-30": 3.75, "2016-03-31": "-3.75000", "2015-12-31": -15, "2015-09-30": 0, "2015-06-30": 3.75, "2015-03-31": "-3.75000", "2014-12-31": -3.75, "2014-09-30": -3.75, "2014-06-30": -3.75, "2014-03-31": "-3.75000", "2013-12-31": -3.75, "2013-09-30": -3.75, "2013-06-30": 146.25, "2013-03-31": "", "2012-12-31": 0, "2012-09-30": 0, "2012-06-30": 0, "2012-03-31": "", "2011-12-31": 0, "2011-09-30": 247.708, "2011-06-30": 0, "2011-03-31": "", "2010-12-31": 0, "2010-09-30": 0, "2010-06-30": -0.003, "2010-03-31": "0.00300", "2009-12-31": 0.023, "2009-09-30": -0.007, "2009-06-30": -0.011, "2009-03-31": "-0.00500", "2008-12-31": -0.986, "2008-09-30": -1.178, "2008-06-30": -1.221, "2008-03-31": "-0.00200", "2007-12-31": -0.002, "2007-09-30": -0.001, "2007-06-30": -0.004, "2007-03-31": "", "2006-12-31": -0.001, "2006-09-30": -0.002, "2006-06-30": -0.027, "2006-03-31": "-0.02600", "2005-12-31": -0.027, "2005-09-30": -0.026, "2005-06-30": -0.026, "2005-03-31": "-0.02600"}, "Net Current Debt": {"2020-09-30": 0, "2020-06-30": 0, "2020-03-31": "", "2019-12-31": 0, "2019-09-30": 0, "2019-06-30": 0, "2019-03-31": "", "2018-12-31": 0, "2018-09-30": 0, "2018-06-30": 0, "2018-03-31": "", "2017-12-31": 0, "2017-09-30": 11.25, "2017-06-30": -11.25, "2017-03-31": "", "2016-12-31": 0, "2016-09-30": -413.266, "2016-06-30": 413.266, "2016-03-31": "", "2015-12-31": 11.25, "2015-09-30": -3.75, "2015-06-30": -7.5, "2015-03-31": "", "2014-12-31": 0, "2014-09-30": 0, "2014-06-30": 0, "2014-03-31": "", "2013-12-31": 0, "2013-09-30": 0, "2013-06-30": 0, "2013-03-31": "", "2012-12-31": 0, "2012-09-30": 0, "2012-06-30": 0, "2012-03-31": "", "2011-12-31": 0, "2011-09-30": 0, "2011-06-30": 0, "2011-03-31": "", "2010-12-31": 0, "2010-09-30": 0, "2010-06-30": 0, "2010-03-31": "", "2009-12-31": 0, "2009-09-30": 0, "2009-06-30": 0, "2009-03-31": "-1.99700", "2008-12-31": 0, "2008-09-30": 0, "2008-06-30": 0.34, "2008-03-31": "-19.34000", "2007-12-31": 19, "2007-09-30": -22, "2007-06-30": -6.498, "2007-03-31": "-17.00200", "2006-12-31": -7.5, "2006-09-30": 53, "2006-06-30": 0, "2006-03-31": "", "2005-12-31": 0, "2005-09-30": 0, "2005-06-30": 0, "2005-03-31": ""}, "Debt Issuance/Retirement Net - Total": {"2020-09-30": -68.492, "2020-06-30": -3.114, "2020-03-31": "171.97900", "2019-12-31": -74.59, "2019-09-30": -15.539, "2019-06-30": -3.095, "2019-03-31": "348.05400", "2018-12-31": 0, "2018-09-30": 0, "2018-06-30": 0, "2018-03-31": "", "2017-12-31": 0, "2017-09-30": -86.25, "2017-06-30": -3.75, "2017-03-31": "-7.50000", "2016-12-31": -0.266, "2016-09-30": -255.875, "2016-06-30": 417.016, "2016-03-31": "-3.75000", "2015-12-31": -3.75, "2015-09-30": -3.75, "2015-06-30": -3.75, "2015-03-31": "-3.75000", "2014-12-31": -3.75, "2014-09-30": -3.75, "2014-06-30": -3.75, "2014-03-31": "-3.75000", "2013-12-31": -3.75, "2013-09-30": -3.75, "2013-06-30": 146.25, "2013-03-31": "", "2012-12-31": 0, "2012-09-30": 0, "2012-06-30": 0, "2012-03-31": "", "2011-12-31": 0, "2011-09-30": 247.708, "2011-06-30": 0, "2011-03-31": "", "2010-12-31": 0, "2010-09-30": 0, "2010-06-30": -0.003, "2010-03-31": "0.00300", "2009-12-31": 0.023, "2009-09-30": -0.007, "2009-06-30": -0.011, "2009-03-31": "-2.00200", "2008-12-31": -0.986, "2008-09-30": -1.178, "2008-06-30": -0.881, "2008-03-31": "-19.34200", "2007-12-31": 18.998, "2007-09-30": -22.001, "2007-06-30": -6.502, "2007-03-31": "-17.00200", "2006-12-31": -7.501, "2006-09-30": 52.998, "2006-06-30": -0.027, "2006-03-31": "-0.02600", "2005-12-31": -0.027, "2005-09-30": -0.026, "2005-06-30": -0.026, "2005-03-31": "-0.02600"}, "Net Common Equity Issued/Repurchased": {"2020-09-30": 0, "2020-06-30": 5.85, "2020-03-31": "-148.54100", "2019-12-31": 7.64, "2019-09-30": -71.574, "2019-06-30": -17.369, "2019-03-31": "-15.27700", "2018-12-31": -138.809, "2018-09-30": 7.294, "2018-06-30": 8.392, "2018-03-31": "-91.45900", "2017-12-31": 14.01, "2017-09-30": 37.196, "2017-06-30": 6.033, "2017-03-31": "1.00200", "2016-12-31": 4.619, "2016-09-30": -35.504, "2016-06-30": -27.195, "2016-03-31": "3.98900", "2015-12-31": -28.501, "2015-09-30": -60.403, "2015-06-30": -16.204, "2015-03-31": "4.41400", "2014-12-31": -49.201, "2014-09-30": -28.422, "2014-06-30": -21.144, "2014-03-31": "7.11000", "2013-12-31": -26.332, "2013-09-30": -14.151, "2013-06-30": -5.763, "2013-03-31": "-107.18200", "2012-12-31": -81.104, "2012-09-30": -37.348, "2012-06-30": -60.032, "2012-03-31": "-24.51300", "2011-12-31": -29.664, "2011-09-30": -99.779, "2011-06-30": -9.778, "2011-03-31": "0.25800", "2010-12-31": 9.486, "2010-09-30": 3.197, "2010-06-30": -28.087, "2010-03-31": "1.14800", "2009-12-31": 9.356, "2009-09-30": -19.96, "2009-06-30": -23.487, "2009-03-31": "-16.75300", "2008-12-31": 11.423, "2008-09-30": -19.212, "2008-06-30": 21.27, "2008-03-31": "-12.15700", "2007-12-31": 10.033, "2007-09-30": 6.652, "2007-06-30": 16.021, "2007-03-31": "6.35200", "2006-12-31": 5.124, "2006-09-30": -100.156, "2006-06-30": -1.417, "2006-03-31": "-5.98500", "2005-12-31": -20.484, "2005-09-30": 8.579, "2005-06-30": -21.167, "2005-03-31": "11.91700"}, "Net Total Equity Issued/Repurchased": {"2020-09-30": 0, "2020-06-30": 5.85, "2020-03-31": "-148.54100", "2019-12-31": 7.64, "2019-09-30": -71.574, "2019-06-30": -17.369, "2019-03-31": "-15.27700", "2018-12-31": -138.809, "2018-09-30": 7.294, "2018-06-30": 8.392, "2018-03-31": "-91.45900", "2017-12-31": 14.01, "2017-09-30": 37.196, "2017-06-30": 6.033, "2017-03-31": "1.00200", "2016-12-31": 4.619, "2016-09-30": -35.504, "2016-06-30": -27.195, "2016-03-31": "3.98900", "2015-12-31": -28.501, "2015-09-30": -60.403, "2015-06-30": -16.204, "2015-03-31": "4.41400", "2014-12-31": -49.201, "2014-09-30": -28.422, "2014-06-30": -21.144, "2014-03-31": "7.11000", "2013-12-31": -26.332, "2013-09-30": -14.151, "2013-06-30": -5.763, "2013-03-31": "-107.18200", "2012-12-31": -81.104, "2012-09-30": -37.348, "2012-06-30": -60.032, "2012-03-31": "-24.51300", "2011-12-31": -29.664, "2011-09-30": -99.779, "2011-06-30": -9.778, "2011-03-31": "0.25800", "2010-12-31": 9.486, "2010-09-30": 3.197, "2010-06-30": -28.087, "2010-03-31": "1.14800", "2009-12-31": 9.356, "2009-09-30": -19.96, "2009-06-30": -23.487, "2009-03-31": "-16.75300", "2008-12-31": 11.423, "2008-09-30": -19.212, "2008-06-30": 21.27, "2008-03-31": "-12.15700", "2007-12-31": 10.033, "2007-09-30": 6.652, "2007-06-30": 16.021, "2007-03-31": "6.35200", "2006-12-31": 5.124, "2006-09-30": -100.156, "2006-06-30": -1.417, "2006-03-31": "-5.98500", "2005-12-31": -20.484, "2005-09-30": 8.579, "2005-06-30": -21.167, "2005-03-31": "11.91700"}, "Total Common And Preferred Stock Dividends Paid": {"2020-09-30": -22.291, "2020-06-30": -22.278, "2020-03-31": "-22.72800", "2019-12-31": -22.842, "2019-09-30": -22.788, "2019-06-30": -23.033, "2019-03-31": "-23.03100", "2018-12-31": -21.672, "2018-09-30": -22.121, "2018-06-30": -22.098, "2018-03-31": "-22.23200", "2017-12-31": -20.829, "2017-09-30": -20.763, "2017-06-30": -20.557, "2017-03-31": "-20.45600", "2016-12-31": -16.356, "2016-09-30": -16.474, "2016-06-30": -16.583, "2016-03-31": "-16.50700", "2015-12-31": -15.206, "2015-09-30": -15.419, "2015-06-30": -15.397, "2015-03-31": "-15.37700", "2014-12-31": -14.103, "2014-09-30": -14.165, "2014-06-30": -14.16, "2014-03-31": "-14.08500", "2013-12-31": -12.709, "2013-09-30": -12.786, "2013-06-30": -12.803, "2013-03-31": "-13.10600", "2012-12-31": -10.43, "2012-09-30": -10.535, "2012-06-30": -10.701, "2012-03-31": "-10.78400", "2011-12-31": -9.351, "2011-09-30": -9.518, "2011-06-30": -9.597, "2011-03-31": "-9.57100", "2010-12-31": 0, "2010-09-30": 0, "2010-06-30": 0, "2010-03-31": "", "2009-12-31": 0, "2009-09-30": 0, "2009-06-30": 0, "2009-03-31": "", "2008-12-31": 0, "2008-09-30": 0, "2008-06-30": 0, "2008-03-31": "", "2007-12-31": 0, "2007-09-30": 0, "2007-06-30": 0, "2007-03-31": "", "2006-12-31": 0, "2006-09-30": 0, "2006-06-30": 0, "2006-03-31": "", "2005-12-31": 0, "2005-09-30": 0, "2005-06-30": 0, "2005-03-31": ""}, "Financial Activities - Other": {"2020-09-30": -0.163, "2020-06-30": -9.192, "2020-03-31": "-0.87900", "2019-12-31": -1.533, "2019-09-30": -0.115, "2019-06-30": -9.436, "2019-03-31": "-1.43200", "2018-12-31": -1.564, "2018-09-30": -2.551, "2018-06-30": -11.848, "2018-03-31": "-0.27600", "2017-12-31": -1.23, "2017-09-30": -0.492, "2017-06-30": -7.182, "2017-03-31": "-1.84400", "2016-12-31": -0.213, "2016-09-30": -0.149, "2016-06-30": -5.591, "2016-03-31": "-0.02500", "2015-12-31": -11.262, "2015-09-30": 0.173, "2015-06-30": 3.261, "2015-03-31": "0.77200", "2014-12-31": 3.474, "2014-09-30": 1.124, "2014-06-30": 3.595, "2014-03-31": "2.95000", "2013-12-31": 0.314, "2013-09-30": 0.152, "2013-06-30": -0.709, "2013-03-31": "0.21200", "2012-12-31": 0.026, "2012-09-30": 0.68, "2012-06-30": 0.118, "2012-03-31": "0.29400", "2011-12-31": 0.586, "2011-09-30": 1.852, "2011-06-30": 0.731, "2011-03-31": "1.56800", "2010-12-31": 2.16, "2010-09-30": 2.611, "2010-06-30": 2.533, "2010-03-31": "0.46500", "2009-12-31": 2.964, "2009-09-30": 1.775, "2009-06-30": 1.937, "2009-03-31": "2.62300", "2008-12-31": 4.578, "2008-09-30": 4.018, "2008-06-30": 12.118, "2008-03-31": "2.96200", "2007-12-31": 4.884, "2007-09-30": 4.54, "2007-06-30": 4.058, "2007-03-31": "1.11200", "2006-12-31": -0.6, "2006-09-30": 0.547, "2006-06-30": 1.101, "2006-03-31": "0.88300", "2005-12-31": 0, "2005-09-30": 0, "2005-06-30": 0, "2005-03-31": ""}, "Cash Flow From Financial Activities": {"2020-09-30": -90.946, "2020-06-30": -28.734, "2020-03-31": "-0.16900", "2019-12-31": -91.325, "2019-09-30": -110.016, "2019-06-30": -52.933, "2019-03-31": "308.31400", "2018-12-31": -162.045, "2018-09-30": -17.378, "2018-06-30": -25.554, "2018-03-31": "-113.96700", "2017-12-31": -8.049, "2017-09-30": -70.309, "2017-06-30": -25.456, "2017-03-31": "-28.79800", "2016-12-31": -12.216, "2016-09-30": -308.012, "2016-06-30": 367.657, "2016-03-31": "-16.29300", "2015-12-31": -58.719, "2015-09-30": -79.399, "2015-06-30": -32.09, "2015-03-31": "-13.94100", "2014-12-31": -63.58, "2014-09-30": -45.213, "2014-06-30": -35.459, "2014-03-31": "-7.77500", "2013-12-31": -42.477, "2013-09-30": -30.535, "2013-06-30": 126.975, "2013-03-31": "-120.07600", "2012-12-31": -91.508, "2012-09-30": -47.203, "2012-06-30": -70.615, "2012-03-31": "-35.00300", "2011-12-31": -38.429, "2011-09-30": 140.263, "2011-06-30": -18.644, "2011-03-31": "-7.74500", "2010-12-31": 11.646, "2010-09-30": 5.808, "2010-06-30": -25.557, "2010-03-31": "1.61600", "2009-12-31": 12.343, "2009-09-30": -18.192, "2009-06-30": -21.561, "2009-03-31": "-16.13200", "2008-12-31": 15.015, "2008-09-30": -16.372, "2008-06-30": 32.507, "2008-03-31": "-28.53700", "2007-12-31": 33.915, "2007-09-30": -10.809, "2007-06-30": 13.577, "2007-03-31": "-9.53800", "2006-12-31": -2.977, "2006-09-30": -46.611, "2006-06-30": -0.343, "2006-03-31": "-5.12800", "2005-12-31": -20.511, "2005-09-30": 8.553, "2005-06-30": -21.193, "2005-03-31": "11.89100"}, "Net Cash Flow": {"2020-09-30": -12.963, "2020-06-30": 24.343, "2020-03-31": "24.02300", "2019-12-31": -10.799, "2019-09-30": 26.506, "2019-06-30": -15.478, "2019-03-31": "-227.78100", "2018-12-31": -81.191, "2018-09-30": 85.393, "2018-06-30": 55.804, "2018-03-31": "-66.95200", "2017-12-31": 82.129, "2017-09-30": 33.37, "2017-06-30": 6.155, "2017-03-31": "36.08700", "2016-12-31": -316.339, "2016-09-30": -225.491, "2016-06-30": 392.566, "2016-03-31": "37.82800", "2015-12-31": -52.591, "2015-09-30": -34.814, "2015-06-30": 12.41, "2015-03-31": "16.40600", "2014-12-31": -33.999, "2014-09-30": -36.7, "2014-06-30": 17.978, "2014-03-31": "41.61900", "2013-12-31": 50.277, "2013-09-30": -0.234, "2013-06-30": 246.426, "2013-03-31": "-75.73200", "2012-12-31": -102.75, "2012-09-30": -5.282, "2012-06-30": -18.395, "2012-03-31": "7.32000", "2011-12-31": 66.347, "2011-09-30": 138.877, "2011-06-30": -14.607, "2011-03-31": "57.09200", "2010-12-31": -186.766, "2010-09-30": 95.382, "2010-06-30": -177.299, "2010-03-31": "39.77300", "2009-12-31": 18.727, "2009-09-30": 56.918, "2009-06-30": 19.137, "2009-03-31": "37.82300", "2008-12-31": 83.339, "2008-09-30": 29.101, "2008-06-30": 17.915, "2008-03-31": "-44.59400", "2007-12-31": 33.738, "2007-09-30": 18.319, "2007-06-30": -1.839, "2007-03-31": "14.84000", "2006-12-31": 26.253, "2006-09-30": -30.951, "2006-06-30": 16.019, "2006-03-31": "20.24500", "2005-12-31": -26.827, "2005-09-30": 25.902, "2005-06-30": -17.631, "2005-03-31": "4.92100"}, "Stock-Based Compensation": {"2020-09-30": 9.66, "2020-06-30": 13.241, "2020-03-31": "7.64600", "2019-12-31": 9.318, "2019-09-30": 10.093, "2019-06-30": 9.188, "2019-03-31": "8.09000", "2018-12-31": 9.208, "2018-09-30": 10.562, "2018-06-30": 8.469, "2018-03-31": "5.93100", "2017-12-31": 6.273, "2017-09-30": 9.891, "2017-06-30": 8.608, "2017-03-31": "6.24600", "2016-12-31": 6.544, "2016-09-30": 6.872, "2016-06-30": 8.293, "2016-03-31": "6.08800", "2015-12-31": 6.299, "2015-09-30": 6.511, "2015-06-30": 8.181, "2015-03-31": "4.75700", "2014-12-31": 6.782, "2014-09-30": 6.803, "2014-06-30": 8.447, "2014-03-31": "8.75600", "2013-12-31": 7.15, "2013-09-30": 7.346, "2013-06-30": 7.631, "2013-03-31": "5.69600", "2012-12-31": 6.253, "2012-09-30": 6.597, "2012-06-30": 7.865, "2012-03-31": "5.53500", "2011-12-31": 5.604, "2011-09-30": 5.437, "2011-06-30": 7.588, "2011-03-31": "6.28800", "2010-12-31": 6.565, "2010-09-30": 6.088, "2010-06-30": 6.788, "2010-03-31": "6.13400", "2009-12-31": 6.315, "2009-09-30": 6.123, "2009-06-30": 6.339, "2009-03-31": "5.17800", "2008-12-31": 5.814, "2008-09-30": 5.37, "2008-06-30": 5.685, "2008-03-31": "4.10500", "2007-12-31": 4.365, "2007-09-30": 4.02, "2007-06-30": 4.083, "2007-03-31": "2.84800", "2006-12-31": 3.065, "2006-09-30": 2.818, "2006-06-30": 2.871, "2006-03-31": "2.09900", "2005-12-31": 0.014, "2005-09-30": 0, "2005-06-30": 0, "2005-03-31": ""}, "Common Stock Dividends Paid": {"2020-09-30": -22.291, "2020-06-30": -22.278, "2020-03-31": "-22.72800", "2019-12-31": -22.842, "2019-09-30": -22.788, "2019-06-30": -23.033, "2019-03-31": "-23.03100", "2018-12-31": -21.672, "2018-09-30": -22.121, "2018-06-30": -22.098, "2018-03-31": "-22.23200", "2017-12-31": -20.829, "2017-09-30": -20.763, "2017-06-30": -20.557, "2017-03-31": "-20.45600", "2016-12-31": -16.356, "2016-09-30": -16.474, "2016-06-30": -16.583, "2016-03-31": "-16.50700", "2015-12-31": -15.206, "2015-09-30": -15.419, "2015-06-30": -15.397, "2015-03-31": "-15.37700", "2014-12-31": -14.103, "2014-09-30": -14.165, "2014-06-30": -14.16, "2014-03-31": "-14.08500", "2013-12-31": -12.709, "2013-09-30": -12.786, "2013-06-30": -12.803, "2013-03-31": "-13.10600", "2012-12-31": -10.43, "2012-09-30": -10.535, "2012-06-30": -10.701, "2012-03-31": "-10.78400", "2011-12-31": -9.351, "2011-09-30": -9.518, "2011-06-30": -9.597, "2011-03-31": "-9.57100", "2010-12-31": 0, "2010-09-30": 0, "2010-06-30": 0, "2010-03-31": "", "2009-12-31": 0, "2009-09-30": 0, "2009-06-30": 0, "2009-03-31": "", "2008-12-31": 0, "2008-09-30": 0, "2008-06-30": 0, "2008-03-31": "", "2007-12-31": 0, "2007-09-30": 0, "2007-06-30": 0, "2007-03-31": "", "2006-12-31": 0, "2006-09-30": 0, "2006-06-30": 0, "2006-03-31": "", "2005-12-31": 0, "2005-09-30": 0, "2005-06-30": 0, "2005-03-31": ""}}, "financial ratios": {"Current Ratio": {"2019-12-31": "2.68420", "2018-12-31": "4.09050", "2017-12-31": "3.51250", "2016-12-31": "3.21980", "2015-12-31": "2.19960", "2014-12-31": "4.20060", "2013-12-31": "4.73660", "2012-12-31": "4.82370", "2011-12-31": "5.24340", "2010-12-31": "3.82000", "2009-12-31": "5.24400", "2008-12-31": "4.71630", "2007-12-31": "4.07400", "2006-12-31": "2.85530", "2005-12-31": "4.41390"}, "Long-term Debt / Capital": {"2019-12-31": "0.25730", "2018-12-31": "0.18360", "2017-12-31": "0.18650", "2016-12-31": "0.23020", "2015-12-31": "0.05380", "2014-12-31": "0.18190", "2013-12-31": "0.18760", "2012-12-31": "0.13440", "2011-12-31": "0.13570", "2010-12-31": "", "2009-12-31": "0.04600", "2008-12-31": "0.17790", "2007-12-31": "0.25010", "2006-12-31": "0.34180", "2005-12-31": "0.36610"}, "Debt/Equity Ratio": {"2019-12-31": "0.36170", "2018-12-31": "0.22480", "2017-12-31": "0.22930", "2016-12-31": "0.30800", "2015-12-31": "0.21730", "2014-12-31": "0.23170", "2013-12-31": "0.24020", "2012-12-31": "0.15520", "2011-12-31": "0.15700", "2010-12-31": "", "2009-12-31": "0.04820", "2008-12-31": "0.21640", "2007-12-31": "0.36400", "2006-12-31": "0.63330", "2005-12-31": "0.57770"}, "Gross Margin": {"2019-12-31": "49.25760", "2018-12-31": "50.70250", "2017-12-31": "47.69830", "2016-12-31": "46.15190", "2015-12-31": "48.39620", "2014-12-31": "49.02300", "2013-12-31": "49.25310", "2012-12-31": "52.31290", "2011-12-31": "53.71020", "2010-12-31": "55.00000", "2009-12-31": "57.40880", "2008-12-31": "56.28200", "2007-12-31": "55.58530", "2006-12-31": "54.76750", "2005-12-31": "54.40720"}, "Operating Margin": {"2019-12-31": "14.48100", "2018-12-31": "17.94270", "2017-12-31": "16.10510", "2016-12-31": "17.79110", "2015-12-31": "19.63720", "2014-12-31": "16.93680", "2013-12-31": "16.08840", "2012-12-31": "21.58380", "2011-12-31": "20.28380", "2010-12-31": "25.95080", "2009-12-31": "30.27560", "2008-12-31": "26.41580", "2007-12-31": "24.61290", "2006-12-31": "23.81830", "2005-12-31": "24.76660"}, "EBIT Margin": {"2019-12-31": "14.48100", "2018-12-31": "17.94270", "2017-12-31": "16.10510", "2016-12-31": "17.79110", "2015-12-31": "19.63720", "2014-12-31": "16.93680", "2013-12-31": "16.08840", "2012-12-31": "21.58380", "2011-12-31": "20.28380", "2010-12-31": "25.95080", "2009-12-31": "30.27560", "2008-12-31": "26.41580", "2007-12-31": "24.61290", "2006-12-31": "23.81830", "2005-12-31": "24.76660"}, "EBITDA Margin": {"2019-12-31": "20.67050", "2018-12-31": "21.87420", "2017-12-31": "20.04910", "2016-12-31": "21.25120", "2015-12-31": "22.81840", "2014-12-31": "20.67670", "2013-12-31": "20.28500", "2012-12-31": "25.83290", "2011-12-31": "25.30290", "2010-12-31": "30.36570", "2009-12-31": "33.97420", "2008-12-31": "30.62410", "2007-12-31": "28.58860", "2006-12-31": "27.39240", "2005-12-31": "27.83110"}, "Pre-Tax Profit Margin": {"2019-12-31": "12.82000", "2018-12-31": "17.29490", "2017-12-31": "15.49990", "2016-12-31": "16.60220", "2015-12-31": "19.61680", "2014-12-31": "16.30210", "2013-12-31": "15.30280", "2012-12-31": "20.77140", "2011-12-31": "20.14680", "2010-12-31": "26.12290", "2009-12-31": "29.67460", "2008-12-31": "26.95680", "2007-12-31": "23.87410", "2006-12-31": "23.06280", "2005-12-31": "24.03330"}, "Net Profit Margin": {"2019-12-31": "9.09350", "2018-12-31": "15.90510", "2017-12-31": "5.95540", "2016-12-31": "10.02460", "2015-12-31": "15.52190", "2014-12-31": "13.08340", "2013-12-31": "11.82960", "2012-12-31": "15.82500", "2011-12-31": "14.34360", "2010-12-31": "17.87090", "2009-12-31": "20.06940", "2008-12-31": "18.65410", "2007-12-31": "17.13790", "2006-12-31": "17.54710", "2005-12-31": "17.84740"}, "Asset Turnover": {"2019-12-31": "0.60140", "2018-12-31": "0.63850", "2017-12-31": "0.64070", "2016-12-31": "0.63450", "2015-12-31": "0.64710", "2014-12-31": "0.65150", "2013-12-31": "0.63860", "2012-12-31": "0.64150", "2011-12-31": "0.71850", "2010-12-31": "0.74750", "2009-12-31": "0.76750", "2008-12-31": "0.86780", "2007-12-31": "0.76090", "2006-12-31": "0.72040", "2005-12-31": "0.73770"}, "Inventory Turnover Ratio": {"2019-12-31": "2.46300", "2018-12-31": "2.48610", "2017-12-31": "2.53010", "2016-12-31": "2.41010", "2015-12-31": "2.04410", "2014-12-31": "2.43380", "2013-12-31": "2.20280", "2012-12-31": "1.76790", "2011-12-31": "2.12690", "2010-12-31": "2.06100", "2009-12-31": "2.25660", "2008-12-31": "2.26920", "2007-12-31": "1.92990", "2006-12-31": "1.91340", "2005-12-31": "2.23300"}, "Receiveable Turnover": {"2019-12-31": "5.92190", "2018-12-31": "5.48480", "2017-12-31": "5.19330", "2016-12-31": "4.72180", "2015-12-31": "4.77480", "2014-12-31": "4.31590", "2013-12-31": "5.22160", "2012-12-31": "4.19310", "2011-12-31": "4.68490", "2010-12-31": "4.08700", "2009-12-31": "4.88180", "2008-12-31": "4.50270", "2007-12-31": "3.83240", "2006-12-31": "3.43280", "2005-12-31": "3.56180"}, "Days Sales In Receivables": {"2019-12-31": "61.63560", "2018-12-31": "66.54740", "2017-12-31": "70.28350", "2016-12-31": "77.30110", "2015-12-31": "76.44230", "2014-12-31": "84.57180", "2013-12-31": "69.90180", "2012-12-31": "87.04860", "2011-12-31": "77.90950", "2010-12-31": "89.30830", "2009-12-31": "74.76810", "2008-12-31": "81.06210", "2007-12-31": "95.24080", "2006-12-31": "106.32740", "2005-12-31": "102.47630"}, "ROE - Return On Equity": {"2019-12-31": "9.16930", "2018-12-31": "15.04830", "2017-12-31": "5.84460", "2016-12-31": "9.92810", "2015-12-31": "14.65190", "2014-12-31": "12.44030", "2013-12-31": "10.97170", "2012-12-31": "14.08560", "2011-12-31": "14.10060", "2010-12-31": "16.31310", "2009-12-31": "19.12470", "2008-12-31": "23.78290", "2007-12-31": "21.43070", "2006-12-31": "25.30300", "2005-12-31": "25.42570"}, "Return On Tangible Equity": {"2019-12-31": "66.17110", "2018-12-31": "34.21800", "2017-12-31": "14.17140", "2016-12-31": "23.51950", "2015-12-31": "26.50370", "2014-12-31": "21.69140", "2013-12-31": "20.03600", "2012-12-31": "26.21110", "2011-12-31": "24.30050", "2010-12-31": "28.77550", "2009-12-31": "26.09420", "2008-12-31": "35.69230", "2007-12-31": "33.88210", "2006-12-31": "50.94910", "2005-12-31": "59.70790"}, "ROA - Return On Assets": {"2019-12-31": "5.46920", "2018-12-31": "10.15460", "2017-12-31": "3.81570", "2016-12-31": "6.36050", "2015-12-31": "10.04350", "2014-12-31": "8.52420", "2013-12-31": "7.55390", "2012-12-31": "10.28720", "2011-12-31": "10.36020", "2010-12-31": "13.37250", "2009-12-31": "15.40360", "2008-12-31": "16.18760", "2007-12-31": "13.04010", "2006-12-31": "12.64130", "2005-12-31": "13.16540"}, "ROI - Return On Investment": {"2019-12-31": "6.80980", "2018-12-31": "12.28610", "2017-12-31": "4.75440", "2016-12-31": "7.64250", "2015-12-31": "13.86400", "2014-12-31": "10.17710", "2013-12-31": "8.91360", "2012-12-31": "12.19310", "2011-12-31": "12.18750", "2010-12-31": "16.31310", "2009-12-31": "18.24570", "2008-12-31": "19.55140", "2007-12-31": "16.07050", "2006-12-31": "16.65570", "2005-12-31": "16.11780"}, "Book Value Per Share": {"2019-12-31": "13.92500", "2018-12-31": "13.84920", "2017-12-31": "13.21070", "2016-12-31": "12.31040", "2015-12-31": "12.00960", "2014-12-31": "11.53310", "2013-12-31": "11.46010", "2012-12-31": "10.97220", "2011-12-31": "10.18930", "2010-12-31": "9.56300", "2009-12-31": "7.87660", "2008-12-31": "5.97460", "2007-12-31": "4.55710", "2006-12-31": "3.02840", "2005-12-31": "2.57870"}, "Operating Cash Flow Per Share": {"2019-12-31": 0.042, "2018-12-31": 0.4612, "2017-12-31": -0.1013, "2016-12-31": 0.2243, "2015-12-31": 0.5085, "2014-12-31": -0.879, "2013-12-31": 0.5958, "2012-12-31": 0.3428, "2011-12-31": -0.0629, "2010-12-31": -0.1028, "2009-12-31": 0.3418, "2008-12-31": 0.6111, "2007-12-31": 0.0074, "2006-12-31": 0.2759, "2005-12-31": 0.4458}, "Free Cash Flow Per Share": {"2019-12-31": -0.0412, "2018-12-31": 0.5384, "2017-12-31": -0.17, "2016-12-31": 0.5025, "2015-12-31": 0.367, "2014-12-31": -0.8621, "2013-12-31": 0.6139, "2012-12-31": 0.2254, "2011-12-31": 0.0831, "2010-12-31": -0.2683, "2009-12-31": 0.2702, "2008-12-31": 0.7174, "2007-12-31": -0.0027, "2006-12-31": 0.2159, "2005-12-31": 0.2399}}, "financial ratios, quarterly": {"Current Ratio": {"2020-09-30": "2.52170", "2020-06-30": "2.03420", "2020-03-31": "1.91830", "2019-12-31": "2.68420", "2019-09-30": "2.37500", "2019-06-30": "2.46900", "2019-03-31": "2.45280", "2018-12-31": "4.09050", "2018-09-30": "4.20800", "2018-06-30": "4.06790", "2018-03-31": "3.90870", "2017-12-31": "3.51250", "2017-09-30": "3.48450", "2017-06-30": "3.50120", "2017-03-31": "3.44740", "2016-12-31": "3.21980", "2016-09-30": "4.68740", "2016-06-30": "3.17370", "2016-03-31": "2.41100", "2015-12-31": "2.19960", "2015-09-30": "4.28890", "2015-06-30": "4.42440", "2015-03-31": "4.48640", "2014-12-31": "4.20060", "2014-09-30": "4.63880", "2014-06-30": "4.54530", "2014-03-31": "4.90560", "2013-12-31": "4.73660", "2013-09-30": "5.08120", "2013-06-30": "4.79070", "2013-03-31": "4.99280", "2012-12-31": "4.82370", "2012-09-30": "6.09020", "2012-06-30": "5.76190", "2012-03-31": "5.98830", "2011-12-31": "5.24340", "2011-09-30": "5.40790", "2011-06-30": "4.53080", "2011-03-31": "4.28700", "2010-12-31": "3.82000", "2010-09-30": "4.77020", "2010-06-30": "4.51290", "2010-03-31": "5.76420", "2009-12-31": "5.24400", "2009-09-30": "5.80210", "2009-06-30": "5.50750", "2009-03-31": "4.83130", "2008-12-31": "4.71630", "2008-09-30": "4.12790", "2008-06-30": "4.07660", "2008-03-31": "3.75600", "2007-12-31": "4.07400", "2007-09-30": "4.43480", "2007-06-30": "3.88570", "2007-03-31": "3.45510", "2006-12-31": "2.85530", "2006-09-30": "2.69770", "2006-06-30": "4.78090", "2006-03-31": "4.58910", "2005-12-31": "4.41390", "2005-09-30": "4.44860", "2005-06-30": "4.58590", "2005-03-31": "4.36970"}, "Long-term Debt / Capital": {"2020-09-30": "0.28340", "2020-06-30": "0.26870", "2020-03-31": "0.27180", "2019-12-31": "0.25730", "2019-09-30": "0.25650", "2019-06-30": "0.25510", "2019-03-31": "0.25660", "2018-12-31": "0.18360", "2018-09-30": "0.17840", "2018-06-30": "0.19010", "2018-03-31": "0.19070", "2017-12-31": "0.18650", "2017-09-30": "0.18200", "2017-06-30": "0.21620", "2017-03-31": "0.22340", "2016-12-31": "0.23020", "2016-09-30": "0.23280", "2016-06-30": "0.23460", "2016-03-31": "0.05120", "2015-12-31": "0.05380", "2015-09-30": "0.17600", "2015-06-30": "0.17630", "2015-03-31": "0.18260", "2014-12-31": "0.18190", "2014-09-30": "0.18230", "2014-06-30": "0.18110", "2014-03-31": "0.18330", "2013-12-31": "0.18760", "2013-09-30": "0.18970", "2013-06-30": "0.19610", "2013-03-31": "0.14010", "2012-12-31": "0.13440", "2012-09-30": "0.13410", "2012-06-30": "0.13680", "2012-03-31": "0.13310", "2011-12-31": "0.13570", "2011-09-30": "0.13800", "2011-06-30": "", "2011-03-31": "", "2010-12-31": "", "2010-09-30": "", "2010-06-30": "", "2010-03-31": "0.04460", "2009-12-31": "0.04600", "2009-09-30": "0.05060", "2009-06-30": "0.07950", "2009-03-31": "0.08380", "2008-12-31": "0.17790", "2008-09-30": "0.21360", "2008-06-30": "0.21400", "2008-03-31": "0.23450", "2007-12-31": "0.25010", "2007-09-30": "0.27180", "2007-06-30": "0.29680", "2007-03-31": "0.32450", "2006-12-31": "0.34180", "2006-09-30": "0.37180", "2006-06-30": "0.32980", "2006-03-31": "0.35020", "2005-12-31": "0.36610", "2005-09-30": "0.36420", "2005-06-30": "0.38560", "2005-03-31": "0.37880"}, "Debt/Equity Ratio": {"2020-09-30": "0.43840", "2020-06-30": "0.48370", "2020-03-31": "0.49230", "2019-12-31": "0.36170", "2019-09-30": "0.39820", "2019-06-30": "0.40140", "2019-03-31": "0.40430", "2018-12-31": "0.22480", "2018-09-30": "0.21720", "2018-06-30": "0.23470", "2018-03-31": "0.23570", "2017-12-31": "0.22930", "2017-09-30": "0.22250", "2017-06-30": "0.28430", "2017-03-31": "0.29640", "2016-12-31": "0.30800", "2016-09-30": "0.31240", "2016-06-30": "0.46730", "2016-03-31": "0.21270", "2015-12-31": "0.21730", "2015-09-30": "0.22280", "2015-06-30": "0.22320", "2015-03-31": "0.23290", "2014-12-31": "0.23170", "2014-09-30": "0.23220", "2014-06-30": "0.23020", "2014-03-31": "0.23350", "2013-12-31": "0.24020", "2013-09-30": "0.24350", "2013-06-30": "0.25350", "2013-03-31": "0.16290", "2012-12-31": "0.15520", "2012-09-30": "0.15490", "2012-06-30": "0.15850", "2012-03-31": "0.15360", "2011-12-31": "0.15700", "2011-09-30": "0.16010", "2011-06-30": "", "2011-03-31": "", "2010-12-31": "", "2010-09-30": "", "2010-06-30": "", "2010-03-31": "0.04670", "2009-12-31": "0.04820", "2009-09-30": "0.05330", "2009-06-30": "0.08640", "2009-03-31": "0.09140", "2008-12-31": "0.21640", "2008-09-30": "0.27310", "2008-06-30": "0.27420", "2008-03-31": "0.30910", "2007-12-31": "0.36400", "2007-09-30": "0.37330", "2007-06-30": "0.46680", "2007-03-31": "0.54640", "2006-12-31": "0.63330", "2006-09-30": "0.74350", "2006-06-30": "0.49220", "2006-03-31": "0.53890", "2005-12-31": "0.57770", "2005-09-30": "0.57310", "2005-06-30": "0.62780", "2005-03-31": "0.61000"}, "Gross Margin": {"2020-09-30": "49.07960", "2020-06-30": "52.32200", "2020-03-31": "48.64870", "2019-12-31": "47.53910", "2019-09-30": "48.75290", "2019-06-30": "48.42510", "2019-03-31": "52.58420", "2018-12-31": "50.79100", "2018-09-30": "51.06350", "2018-06-30": "51.36900", "2018-03-31": "49.56890", "2017-12-31": "48.06790", "2017-09-30": "47.96330", "2017-06-30": "47.62050", "2017-03-31": "47.02910", "2016-12-31": "45.23190", "2016-09-30": "47.22680", "2016-06-30": "45.51990", "2016-03-31": "46.82560", "2015-12-31": "47.36920", "2015-09-30": "47.32280", "2015-06-30": "48.25120", "2015-03-31": "51.05610", "2014-12-31": "49.43690", "2014-09-30": "49.12170", "2014-06-30": "49.46610", "2014-03-31": "47.94080", "2013-12-31": "47.48510", "2013-09-30": "48.27430", "2013-06-30": "48.81240", "2013-03-31": "52.78140", "2012-12-31": "54.11060", "2012-09-30": "52.17860", "2012-06-30": "50.26120", "2012-03-31": "52.43970", "2011-12-31": "55.64980", "2011-09-30": "54.37180", "2011-06-30": "52.46030", "2011-03-31": "52.26810", "2010-12-31": "53.22310", "2010-09-30": "54.76980", "2010-06-30": "55.36240", "2010-03-31": "57.55490", "2009-12-31": "56.50560", "2009-09-30": "57.01810", "2009-06-30": "58.25930", "2009-03-31": "57.98430", "2008-12-31": "57.37430", "2008-09-30": "56.10390", "2008-06-30": "56.17870", "2008-03-31": "55.20970", "2007-12-31": "56.56220", "2007-09-30": "56.00250", "2007-06-30": "53.79720", "2007-03-31": "55.66460", "2006-12-31": "56.18270", "2006-09-30": "56.83500", "2006-06-30": "53.34610", "2006-03-31": "51.85660", "2005-12-31": "55.46410", "2005-09-30": "53.18900", "2005-06-30": "54.46220", "2005-03-31": "54.08750"}, "Operating Margin": {"2020-09-30": "18.56230", "2020-06-30": "20.70680", "2020-03-31": "6.31930", "2019-12-31": "11.05280", "2019-09-30": "15.78530", "2019-06-30": "13.22350", "2019-03-31": "18.23150", "2018-12-31": "19.15350", "2018-09-30": "20.36160", "2018-06-30": "19.58570", "2018-03-31": "12.62280", "2017-12-31": "15.59450", "2017-09-30": "18.73980", "2017-06-30": "15.34820", "2017-03-31": "14.52410", "2016-12-31": "19.43810", "2016-09-30": "19.95150", "2016-06-30": "16.19250", "2016-03-31": "15.12020", "2015-12-31": "21.36360", "2015-09-30": "19.89430", "2015-06-30": "17.94800", "2015-03-31": "19.08590", "2014-12-31": "20.12590", "2014-09-30": "18.65090", "2014-06-30": "16.07130", "2014-03-31": "12.07570", "2013-12-31": "9.44300", "2013-09-30": "17.74130", "2013-06-30": "18.04950", "2013-03-31": "19.83170", "2012-12-31": "25.90060", "2012-09-30": "22.34510", "2012-06-30": "17.94930", "2012-03-31": "19.59980", "2011-12-31": "27.06420", "2011-09-30": "23.00100", "2011-06-30": "10.67610", "2011-03-31": "20.29850", "2010-12-31": "22.94030", "2010-09-30": "25.80080", "2010-06-30": "27.12350", "2010-03-31": "29.35730", "2009-12-31": "28.86800", "2009-09-30": "31.27930", "2009-06-30": "30.45600", "2009-03-31": "30.64970", "2008-12-31": "29.12580", "2008-09-30": "27.69750", "2008-06-30": "24.78100", "2008-03-31": "23.26070", "2007-12-31": "25.90900", "2007-09-30": "27.11770", "2007-06-30": "22.33530", "2007-03-31": "22.29880", "2006-12-31": "29.62520", "2006-09-30": "25.49850", "2006-06-30": "20.96640", "2006-03-31": "16.07820", "2005-12-31": "29.53720", "2005-09-30": "23.30420", "2005-06-30": "24.68270", "2005-03-31": "19.51220"}, "EBIT Margin": {"2020-09-30": "18.56230", "2020-06-30": "20.70680", "2020-03-31": "6.31930", "2019-12-31": "11.05280", "2019-09-30": "15.78530", "2019-06-30": "13.22350", "2019-03-31": "18.23150", "2018-12-31": "19.15340", "2018-09-30": "20.36160", "2018-06-30": "19.58570", "2018-03-31": "12.62280", "2017-12-31": "15.59450", "2017-09-30": "18.73980", "2017-06-30": "15.34820", "2017-03-31": "14.52410", "2016-12-31": "19.43810", "2016-09-30": "19.95150", "2016-06-30": "16.19250", "2016-03-31": "15.12020", "2015-12-31": "21.36360", "2015-09-30": "19.89430", "2015-06-30": "17.94800", "2015-03-31": "19.08590", "2014-12-31": "20.12590", "2014-09-30": "18.65090", "2014-06-30": "16.07130", "2014-03-31": "12.07570", "2013-12-31": "9.44290", "2013-09-30": "17.74130", "2013-06-30": "18.04950", "2013-03-31": "19.83170", "2012-12-31": "25.90060", "2012-09-30": "22.34510", "2012-06-30": "17.94930", "2012-03-31": "19.59980", "2011-12-31": "27.06420", "2011-09-30": "23.00100", "2011-06-30": "10.67610", "2011-03-31": "20.29850", "2010-12-31": "22.94030", "2010-09-30": "25.80080", "2010-06-30": "27.12350", "2010-03-31": "29.35730", "2009-12-31": "28.86800", "2009-09-30": "31.27930", "2009-06-30": "30.45600", "2009-03-31": "30.64970", "2008-12-31": "29.12580", "2008-09-30": "27.69750", "2008-06-30": "24.78100", "2008-03-31": "23.26070", "2007-12-31": "25.90900", "2007-09-30": "27.11770", "2007-06-30": "22.33530", "2007-03-31": "22.29880", "2006-12-31": "29.62520", "2006-09-30": "25.49850", "2006-06-30": "20.96640", "2006-03-31": "16.07820", "2005-12-31": "29.53720", "2005-09-30": "23.30420", "2005-06-30": "24.68270", "2005-03-31": "19.51220"}, "EBITDA Margin": {"2020-09-30": "", "2020-06-30": "", "2020-03-31": "", "2019-12-31": "", "2019-09-30": "", "2019-06-30": "", "2019-03-31": "", "2018-12-31": "", "2018-09-30": "", "2018-06-30": "", "2018-03-31": "", "2017-12-31": "", "2017-09-30": "", "2017-06-30": "", "2017-03-31": "", "2016-12-31": "", "2016-09-30": "", "2016-06-30": "", "2016-03-31": "", "2015-12-31": "", "2015-09-30": "", "2015-06-30": "", "2015-03-31": "", "2014-12-31": "", "2014-09-30": "", "2014-06-30": "", "2014-03-31": "", "2013-12-31": "", "2013-09-30": "", "2013-06-30": "", "2013-03-31": "", "2012-12-31": "", "2012-09-30": "", "2012-06-30": "", "2012-03-31": "", "2011-12-31": "", "2011-09-30": "", "2011-06-30": "", "2011-03-31": "", "2010-12-31": "", "2010-09-30": "", "2010-06-30": "", "2010-03-31": "", "2009-12-31": "", "2009-09-30": "", "2009-06-30": "", "2009-03-31": "", "2008-12-31": "", "2008-09-30": "", "2008-06-30": "", "2008-03-31": "", "2007-12-31": "", "2007-09-30": "", "2007-06-30": "", "2007-03-31": "", "2006-12-31": "", "2006-09-30": "", "2006-06-30": "", "2006-03-31": "", "2005-12-31": "", "2005-09-30": "", "2005-06-30": "", "2005-03-31": ""}, "Pre-Tax Profit Margin": {"2020-09-30": "17.13520", "2020-06-30": "16.98990", "2020-03-31": "5.14460", "2019-12-31": "8.56980", "2019-09-30": "14.24430", "2019-06-30": "12.05880", "2019-03-31": "16.80930", "2018-12-31": "18.75670", "2018-09-30": "19.64090", "2018-06-30": "18.32380", "2018-03-31": "12.42330", "2017-12-31": "15.24460", "2017-09-30": "18.19040", "2017-06-30": "14.63640", "2017-03-31": "13.65830", "2016-12-31": "17.96280", "2016-09-30": "18.55940", "2016-06-30": "14.86190", "2016-03-31": "14.65720", "2015-12-31": "23.94210", "2015-09-30": "18.63600", "2015-06-30": "16.90900", "2015-03-31": "18.29810", "2014-12-31": "19.05860", "2014-09-30": "18.77180", "2014-06-30": "15.45210", "2014-03-31": "11.15230", "2013-12-31": "8.78000", "2013-09-30": "16.76600", "2013-06-30": "17.10740", "2013-03-31": "19.27460", "2012-12-31": "25.28700", "2012-09-30": "20.83920", "2012-06-30": "17.17160", "2012-03-31": "19.19430", "2011-12-31": "26.69010", "2011-09-30": "22.61400", "2011-06-30": "11.12950", "2011-03-31": "20.04900", "2010-12-31": "23.29320", "2010-09-30": "26.02220", "2010-06-30": "27.43340", "2010-03-31": "29.03810", "2009-12-31": "29.05440", "2009-09-30": "30.26300", "2009-06-30": "29.44190", "2009-03-31": "30.00490", "2008-12-31": "31.81020", "2008-09-30": "28.23340", "2008-06-30": "24.78220", "2008-03-31": "21.66720", "2007-12-31": "24.77810", "2007-09-30": "26.44370", "2007-06-30": "21.57830", "2007-03-31": "22.09370", "2006-12-31": "27.97110", "2006-09-30": "24.88440", "2006-06-30": "21.52360", "2006-03-31": "15.03590", "2005-12-31": "29.25240", "2005-09-30": "20.73590", "2005-06-30": "25.35470", "2005-03-31": "18.34800"}, "Net Profit Margin": {"2020-09-30": "13.00630", "2020-06-30": "12.70850", "2020-03-31": "3.42050", "2019-12-31": "0.34430", "2019-09-30": "13.16650", "2019-06-30": "9.56810", "2019-03-31": "13.88420", "2018-12-31": "21.96750", "2018-09-30": "16.82030", "2018-06-30": "15.80780", "2018-03-31": "8.91570", "2017-12-31": "-10.16400", "2017-09-30": "13.67060", "2017-06-30": "11.84290", "2017-03-31": "10.46450", "2016-12-31": "12.95450", "2016-09-30": "14.46910", "2016-06-30": "11.26510", "2016-03-31": "0.29650", "2015-12-31": "16.04120", "2015-09-30": "19.13240", "2015-06-30": "12.85070", "2015-03-31": "13.90640", "2014-12-31": "16.74900", "2014-09-30": "14.08150", "2014-06-30": "12.11710", "2014-03-31": "8.50370", "2013-12-31": "7.17800", "2013-09-30": "12.97980", "2013-06-30": "12.88320", "2013-03-31": "14.81310", "2012-12-31": "19.99590", "2012-09-30": "16.82720", "2012-06-30": "12.14720", "2012-03-31": "13.81510", "2011-12-31": "18.78800", "2011-09-30": "17.42910", "2011-06-30": "7.48530", "2011-03-31": "13.64870", "2010-12-31": "15.95900", "2010-09-30": "18.93400", "2010-06-30": "17.95470", "2010-03-31": "19.45540", "2009-12-31": "19.33910", "2009-09-30": "21.02410", "2009-06-30": "20.02070", "2009-03-31": "19.95320", "2008-12-31": "21.49260", "2008-09-30": "19.79440", "2008-06-30": "17.09610", "2008-03-31": "15.41580", "2007-12-31": "17.91090", "2007-09-30": "18.19170", "2007-06-30": "15.78170", "2007-03-31": "16.27630", "2006-12-31": "21.38580", "2006-09-30": "20.32100", "2006-06-30": "15.45360", "2006-03-31": "10.78840", "2005-12-31": "21.85130", "2005-09-30": "15.34450", "2005-06-30": "18.76210", "2005-03-31": "13.57770"}, "Asset Turnover": {"2020-09-30": "0.14520", "2020-06-30": "0.15270", "2020-03-31": "0.14440", "2019-12-31": "0.15590", "2019-09-30": "0.14740", "2019-06-30": "0.14860", "2019-03-31": "0.13870", "2018-12-31": "0.16120", "2018-09-30": "0.15220", "2018-06-30": "0.16740", "2018-03-31": "0.16260", "2017-12-31": "0.17610", "2017-09-30": "0.16800", "2017-06-30": "0.16060", "2017-03-31": "0.15470", "2016-12-31": "0.18120", "2016-09-30": "0.15660", "2016-06-30": "0.14410", "2016-03-31": "0.15720", "2015-12-31": "0.18190", "2015-09-30": "0.16220", "2015-06-30": "0.16510", "2015-03-31": "0.14900", "2014-12-31": "0.18490", "2014-09-30": "0.15940", "2014-06-30": "0.15380", "2014-03-31": "0.14840", "2013-12-31": "0.17080", "2013-09-30": "0.15400", "2013-06-30": "0.17030", "2013-03-31": "0.16770", "2012-12-31": "0.17640", "2012-09-30": "0.15480", "2012-06-30": "0.16000", "2012-03-31": "0.16090", "2011-12-31": "0.18850", "2011-09-30": "0.17660", "2011-06-30": "0.20280", "2011-03-31": "0.19440", "2010-12-31": "0.23560", "2010-09-30": "0.19190", "2010-06-30": "0.21070", "2010-03-31": "0.18770", "2009-12-31": "0.20850", "2009-09-30": "0.20450", "2009-06-30": "0.21050", "2009-03-31": "0.21440", "2008-12-31": "0.24360", "2008-09-30": "0.23300", "2008-06-30": "0.22120", "2008-03-31": "0.21790", "2007-12-31": "0.23690", "2007-09-30": "0.20500", "2007-06-30": "0.21160", "2007-03-31": "0.19810", "2006-12-31": "0.23290", "2006-09-30": "0.17990", "2006-06-30": "0.18480", "2006-03-31": "0.16560", "2005-12-31": "0.22660", "2005-09-30": "0.16920", "2005-06-30": "0.20910", "2005-03-31": "0.16810"}, "Inventory Turnover Ratio": {"2020-09-30": "0.50020", "2020-06-30": "0.52960", "2020-03-31": "0.58250", "2019-12-31": "0.65990", "2019-09-30": "0.60750", "2019-06-30": "0.62980", "2019-03-31": "0.54730", "2018-12-31": "0.62680", "2018-09-30": "0.56520", "2018-06-30": "0.57300", "2018-03-31": "0.57450", "2017-12-31": "0.69040", "2017-09-30": "0.58550", "2017-06-30": "0.56100", "2017-03-31": "0.55820", "2016-12-31": "0.70010", "2016-09-30": "0.56240", "2016-06-30": "0.56640", "2016-03-31": "0.50590", "2015-12-31": "0.58600", "2015-09-30": "0.51970", "2015-06-30": "0.56400", "2015-03-31": "0.49550", "2014-12-31": "0.68500", "2014-09-30": "0.55630", "2014-06-30": "0.53320", "2014-03-31": "0.54000", "2013-12-31": "0.60990", "2013-09-30": "0.49260", "2013-06-30": "0.54650", "2013-03-31": "0.42200", "2012-12-31": "0.46770", "2012-09-30": "0.44040", "2012-06-30": "0.47970", "2012-03-31": "0.47180", "2011-12-31": "0.53480", "2011-09-30": "0.51790", "2011-06-30": "0.57730", "2011-03-31": "0.55890", "2010-12-31": "0.67510", "2010-09-30": "0.56800", "2010-06-30": "0.60770", "2010-03-31": "0.54670", "2009-12-31": "0.62590", "2009-09-30": "0.55360", "2009-06-30": "0.52820", "2009-03-31": "0.54280", "2008-12-31": "0.62110", "2008-09-30": "0.56470", "2008-06-30": "0.53490", "2008-03-31": "0.54070", "2007-12-31": "0.58760", "2007-09-30": "0.48220", "2007-06-30": "0.52250", "2007-03-31": "0.47830", "2006-12-31": "0.59930", "2006-09-30": "0.44480", "2006-06-30": "0.53020", "2006-03-31": "0.50780", "2005-12-31": "0.67010", "2005-09-30": "0.50970", "2005-06-30": "0.59600", "2005-03-31": "0.45930"}, "Receiveable Turnover": {"2020-09-30": "1.49980", "2020-06-30": "1.58050", "2020-03-31": "1.49310", "2019-12-31": "1.53470", "2019-09-30": "1.43000", "2019-06-30": "1.35020", "2019-03-31": "1.24680", "2018-12-31": "1.38520", "2018-09-30": "1.49400", "2018-06-30": "1.48790", "2018-03-31": "1.33300", "2017-12-31": "1.42720", "2017-09-30": "1.34490", "2017-06-30": "1.30760", "2017-03-31": "1.31770", "2016-12-31": "1.34860", "2016-09-30": "1.30890", "2016-06-30": "1.44180", "2016-03-31": "1.27110", "2015-12-31": "1.34210", "2015-09-30": "1.25520", "2015-06-30": "1.19940", "2015-03-31": "1.10500", "2014-12-31": "1.22470", "2014-09-30": "1.25730", "2014-06-30": "1.36760", "2014-03-31": "1.30120", "2013-12-31": "1.39690", "2013-09-30": "1.27180", "2013-06-30": "1.39910", "2013-03-31": "1.13890", "2012-12-31": "1.15280", "2012-09-30": "1.17120", "2012-06-30": "1.25970", "2012-03-31": "1.16620", "2011-12-31": "1.22950", "2011-09-30": "1.15890", "2011-06-30": "1.19360", "2011-03-31": "1.16840", "2010-12-31": "1.28780", "2010-09-30": "1.22020", "2010-06-30": "1.23340", "2010-03-31": "1.28030", "2009-12-31": "1.32590", "2009-09-30": "1.36580", "2009-06-30": "1.29540", "2009-03-31": "1.16040", "2008-12-31": "1.26410", "2008-09-30": "1.14520", "2008-06-30": "1.13290", "2008-03-31": "1.13460", "2007-12-31": "1.19310", "2007-09-30": "1.07460", "2007-06-30": "1.06190", "2007-03-31": "1.04970", "2006-12-31": "1.10980", "2006-09-30": "0.99480", "2006-06-30": "1.10050", "2006-03-31": "0.98540", "2005-12-31": "1.09430", "2005-09-30": "1.01400", "2005-06-30": "1.20050", "2005-03-31": "1.01230"}, "Days Sales In Receivables": {"2020-09-30": "60.00890", "2020-06-30": "56.94490", "2020-03-31": "60.27600", "2019-12-31": "58.64230", "2019-09-30": "62.93860", "2019-06-30": "66.65840", "2019-03-31": "72.18300", "2018-12-31": "64.97110", "2018-09-30": "60.24050", "2018-06-30": "60.48910", "2018-03-31": "67.51610", "2017-12-31": "63.06150", "2017-09-30": "66.92050", "2017-06-30": "68.83010", "2017-03-31": "68.30300", "2016-12-31": "66.73530", "2016-09-30": "68.76170", "2016-06-30": "62.42180", "2016-03-31": "70.80290", "2015-12-31": "67.06050", "2015-09-30": "71.70020", "2015-06-30": "75.03980", "2015-03-31": "81.44980", "2014-12-31": "73.48460", "2014-09-30": "71.58430", "2014-06-30": "65.80690", "2014-03-31": "69.16630", "2013-12-31": "64.42760", "2013-09-30": "70.76820", "2013-06-30": "64.32570", "2013-03-31": "79.02650", "2012-12-31": "78.06890", "2012-09-30": "76.84500", "2012-06-30": "71.44590", "2012-03-31": "77.17510", "2011-12-31": "73.20210", "2011-09-30": "77.65930", "2011-06-30": "75.40250", "2011-03-31": "77.02550", "2010-12-31": "69.88450", "2010-09-30": "73.76030", "2010-06-30": "72.96860", "2010-03-31": "70.29630", "2009-12-31": "67.87670", "2009-09-30": "65.89710", "2009-06-30": "69.47840", "2009-03-31": "77.56060", "2008-12-31": "71.19720", "2008-09-30": "78.58890", "2008-06-30": "79.44080", "2008-03-31": "79.32410", "2007-12-31": "75.43620", "2007-09-30": "83.75050", "2007-06-30": "84.75520", "2007-03-31": "85.74100", "2006-12-31": "81.09340", "2006-09-30": "90.46620", "2006-06-30": "81.77890", "2006-03-31": "91.33770", "2005-12-31": "82.24400", "2005-09-30": "88.75710", "2005-06-30": "74.96820", "2005-03-31": "88.90320"}, "ROE - Return On Equity": {"2020-09-30": "3.35360", "2020-06-30": "3.49900", "2020-03-31": "0.90490", "2019-12-31": "0.09000", "2019-09-30": "3.31860", "2019-06-30": "2.41220", "2019-03-31": "3.24530", "2018-12-31": "5.24920", "2018-09-30": "3.76830", "2018-06-30": "3.98640", "2018-03-31": "2.19430", "2017-12-31": "-2.74130", "2017-09-30": "3.36220", "2017-06-30": "2.88730", "2017-03-31": "2.47570", "2016-12-31": "3.66440", "2016-09-30": "3.54620", "2016-06-30": "2.75370", "2016-03-31": "0.06740", "2015-12-31": "4.25600", "2015-09-30": "4.49710", "2015-06-30": "3.08210", "2015-03-31": "3.02120", "2014-12-31": "4.51940", "2014-09-30": "3.25930", "2014-06-30": "2.70970", "2014-03-31": "1.81830", "2013-12-31": "1.78100", "2013-09-30": "2.89360", "2013-06-30": "3.22130", "2013-03-31": "3.38680", "2012-12-31": "4.88640", "2012-09-30": "3.49150", "2012-06-30": "2.71000", "2012-03-31": "3.02340", "2011-12-31": "4.86580", "2011-09-30": "4.16030", "2011-06-30": "1.84310", "2011-03-31": "3.21990", "2010-12-31": "4.60220", "2010-09-30": "4.37150", "2010-06-30": "4.49520", "2010-03-31": "4.45890", "2009-12-31": "5.00540", "2009-09-30": "5.31780", "2009-06-30": "5.40780", "2009-03-31": "5.62730", "2008-12-31": "7.69280", "2008-09-30": "7.13460", "2008-06-30": "5.83160", "2008-03-31": "5.37700", "2007-12-31": "6.97250", "2007-09-30": "6.24820", "2007-06-30": "5.91670", "2007-03-31": "6.08760", "2006-12-31": "9.97010", "2006-09-30": "7.74680", "2006-06-30": "5.10080", "2006-03-31": "3.30510", "2005-12-31": "9.56410", "2005-09-30": "4.82430", "2005-06-30": "7.49500", "2005-03-31": "4.36260"}, "Return On Tangible Equity": {"2020-09-30": "24.55860", "2020-06-30": "32.65490", "2020-03-31": "10.72610", "2019-12-31": "0.64940", "2019-09-30": "24.54780", "2019-06-30": "16.09880", "2019-03-31": "7.19100", "2018-12-31": "11.93600", "2018-09-30": "8.32980", "2018-06-30": "9.71850", "2018-03-31": "5.56350", "2017-12-31": "-6.64670", "2017-09-30": "8.19730", "2017-06-30": "7.67120", "2017-03-31": "6.75690", "2016-12-31": "8.68080", "2016-09-30": "6.57850", "2016-06-30": "4.92470", "2016-03-31": "0.12120", "2015-12-31": "7.69870", "2015-09-30": "7.57640", "2015-06-30": "5.19750", "2015-03-31": "5.18940", "2014-12-31": "7.88020", "2014-09-30": "5.73130", "2014-06-30": "4.82160", "2014-03-31": "3.26850", "2013-12-31": "3.25250", "2013-09-30": "5.27400", "2013-06-30": "5.99980", "2013-03-31": "6.36130", "2012-12-31": "9.09280", "2012-09-30": "5.86150", "2012-06-30": "4.63560", "2012-03-31": "5.12120", "2011-12-31": "8.38560", "2011-09-30": "7.14730", "2011-06-30": "3.12630", "2011-03-31": "5.53990", "2010-12-31": "8.11800", "2010-09-30": "6.63300", "2010-06-30": "5.97260", "2010-03-31": "6.06570", "2009-12-31": "6.82960", "2009-09-30": "7.15750", "2009-06-30": "7.40710", "2009-03-31": "7.85710", "2008-12-31": "11.54500", "2008-09-30": "11.36380", "2008-06-30": "8.50930", "2008-03-31": "8.10360", "2007-12-31": "11.02360", "2007-09-30": "9.74050", "2007-06-30": "9.97800", "2007-03-31": "11.27610", "2006-12-31": "20.07540", "2006-09-30": "18.30080", "2006-06-30": "9.91460", "2006-03-31": "7.07470", "2005-12-31": "22.45960", "2005-09-30": "10.56690", "2005-06-30": "18.76130", "2005-03-31": "10.35210"}, "ROA - Return On Assets": {"2020-09-30": "1.88810", "2020-06-30": "1.94020", "2020-03-31": "0.49400", "2019-12-31": "0.05370", "2019-09-30": "1.94030", "2019-06-30": "1.42130", "2019-03-31": "1.92580", "2018-12-31": "3.54220", "2018-09-30": "2.56050", "2018-06-30": "2.64550", "2018-03-31": "1.44950", "2017-12-31": "-1.78970", "2017-09-30": "2.29660", "2017-06-30": "1.90170", "2017-03-31": "1.61840", "2016-12-31": "2.34760", "2016-09-30": "2.26570", "2016-06-30": "1.62320", "2016-03-31": "0.04660", "2015-12-31": "2.91740", "2015-09-30": "3.10310", "2015-06-30": "2.12210", "2015-03-31": "2.07190", "2014-12-31": "3.09670", "2014-09-30": "2.24510", "2014-06-30": "1.86320", "2014-03-31": "1.26190", "2013-12-31": "1.22620", "2013-09-30": "1.99860", "2013-06-30": "2.19360", "2013-03-31": "2.48440", "2012-12-31": "3.56870", "2012-09-30": "2.60710", "2012-06-30": "2.00510", "2012-03-31": "2.25390", "2011-12-31": "3.57510", "2011-09-30": "3.06280", "2011-06-30": "1.54470", "2011-03-31": "2.66840", "2010-12-31": "3.77260", "2010-09-30": "3.63260", "2010-06-30": "3.78350", "2010-03-31": "3.65250", "2009-12-31": "4.03150", "2009-09-30": "4.29970", "2009-06-30": "4.21350", "2009-03-31": "4.27740", "2008-12-31": "5.23600", "2008-09-30": "4.61150", "2008-06-30": "3.78110", "2008-03-31": "3.35840", "2007-12-31": "4.24260", "2007-09-30": "3.72940", "2007-06-30": "3.33910", "2007-03-31": "3.22400", "2006-12-31": "4.98100", "2006-09-30": "3.65630", "2006-06-30": "2.85610", "2006-03-31": "1.78640", "2005-12-31": "4.95230", "2005-09-30": "2.59580", "2005-06-30": "3.92400", "2005-03-31": "2.28270"}, "ROI - Return On Investment": {"2020-09-30": "2.40340", "2020-06-30": "2.55880", "2020-03-31": "0.65890", "2019-12-31": "0.06680", "2019-09-30": "2.46750", "2019-06-30": "1.79670", "2019-03-31": "2.41240", "2018-12-31": "4.28570", "2018-09-30": "3.09590", "2018-06-30": "3.22870", "2018-03-31": "1.77580", "2017-12-31": "-2.22990", "2017-09-30": "2.75030", "2017-06-30": "2.26300", "2017-03-31": "1.92250", "2016-12-31": "2.82080", "2016-09-30": "2.72080", "2016-06-30": "2.10760", "2016-03-31": "0.06400", "2015-12-31": "4.02720", "2015-09-30": "3.70560", "2015-06-30": "2.53870", "2015-03-31": "2.46940", "2014-12-31": "3.69720", "2014-09-30": "2.66500", "2014-06-30": "2.21900", "2014-03-31": "1.48510", "2013-12-31": "1.44690", "2013-09-30": "2.34460", "2013-06-30": "2.58960", "2013-03-31": "2.91220", "2012-12-31": "4.22990", "2012-09-30": "3.02320", "2012-06-30": "2.33910", "2012-03-31": "2.62090", "2011-12-31": "4.20570", "2011-09-30": "3.58620", "2011-06-30": "1.84310", "2011-03-31": "3.21990", "2010-12-31": "4.60220", "2010-09-30": "4.37150", "2010-06-30": "4.49520", "2010-03-31": "4.26010", "2009-12-31": "4.77540", "2009-09-30": "5.04860", "2009-06-30": "4.97790", "2009-03-31": "5.15600", "2008-12-31": "6.32410", "2008-09-30": "5.61050", "2008-06-30": "4.58340", "2008-03-31": "4.11590", "2007-12-31": "5.22860", "2007-09-30": "4.55000", "2007-06-30": "4.16070", "2007-03-31": "4.11230", "2006-12-31": "6.56280", "2006-09-30": "4.86660", "2006-06-30": "3.41840", "2006-03-31": "2.14780", "2005-12-31": "6.06280", "2005-09-30": "3.06730", "2005-06-30": "4.60530", "2005-03-31": "2.71030"}, "Book Value Per Share": {"2020-09-30": "13.79300", "2020-06-30": "13.35330", "2020-03-31": "13.07480", "2019-12-31": "13.92500", "2019-09-30": "13.93720", "2019-06-30": "14.09980", "2019-03-31": "14.05450", "2018-12-31": "13.84920", "2018-09-30": "14.03310", "2018-06-30": "13.00690", "2018-03-31": "13.01160", "2017-12-31": "13.21070", "2017-09-30": "13.65120", "2017-06-30": "12.98390", "2017-03-31": "12.60330", "2016-12-31": "12.31040", "2016-09-30": "12.14610", "2016-06-30": "12.00270", "2016-03-31": "12.11980", "2015-12-31": "12.00960", "2015-09-30": "11.76340", "2015-06-30": "11.68520", "2015-03-31": "11.33610", "2014-12-31": "11.53310", "2014-09-30": "11.51270", "2014-06-30": "11.66780", "2014-03-31": "11.63450", "2013-12-31": "11.46010", "2013-09-30": "11.34380", "2013-06-30": "10.96630", "2013-03-31": "10.73260", "2012-12-31": "10.97220", "2012-09-30": "10.67830", "2012-06-30": "10.31020", "2012-03-31": "10.48050", "2011-12-31": "10.18930", "2011-09-30": "9.92840", "2011-06-30": "10.12710", "2011-03-31": "10.50960", "2010-12-31": "9.56300", "2010-09-30": "9.08780", "2010-06-30": "8.37450", "2010-03-31": "8.19250", "2009-12-31": "7.87660", "2009-09-30": "7.44360", "2009-06-30": "6.87690", "2009-03-31": "6.40670", "2008-12-31": "5.97460", "2008-09-30": "5.53150", "2008-06-30": "5.50130", "2008-03-31": "4.96120", "2007-12-31": "4.55710", "2007-09-30": "4.10250", "2007-06-30": "3.65450", "2007-03-31": "3.25410", "2006-12-31": "3.02840", "2006-09-30": "2.66360", "2006-06-30": "3.02900", "2006-03-31": "2.77060", "2005-12-31": "2.57870", "2005-09-30": "2.56650", "2005-06-30": "2.36470", "2005-03-31": "2.40640"}, "Operating Cash Flow Per Share": {"2020-09-30": 0.6241, "2020-06-30": 0.4888, "2020-03-31": "0.37700", "2019-12-31": 0.6759, "2019-09-30": 1.1352, "2019-06-30": 0.4948, "2019-03-31": "0.40470", "2018-12-31": 0.7029, "2018-09-30": 0.8715, "2018-06-30": 0.788, "2018-03-31": "0.30620", "2017-12-31": 0.7059, "2017-09-30": 0.7413, "2017-06-30": 0.2167, "2017-03-31": "0.54350", "2016-12-31": 0.6949, "2016-09-30": 0.651, "2016-06-30": 0.6317, "2016-03-31": "0.33110", "2015-12-31": 0.6791, "2015-09-30": 0.5299, "2015-06-30": 0.3458, "2015-03-31": "0.52960", "2014-12-31": 0.4365, "2014-09-30": 0.2345, "2014-06-30": 0.489, "2014-03-31": "0.41590", "2013-12-31": 0.723, "2013-09-30": 0.3599, "2013-06-30": 0.9485, "2013-03-31": "0.42350", "2012-12-31": 0.7255, "2012-09-30": 0.3194, "2012-06-30": 0.5021, "2012-03-31": "0.31210", "2011-12-31": 0.7222, "2011-09-30": 0.2909, "2011-06-30": 0.1188, "2011-03-31": "0.38440", "2010-12-31": 0.2746, "2010-09-30": 0.532, "2010-06-30": 0.2639, "2010-03-31": "0.50870", "2009-12-31": 0.4379, "2009-09-30": 0.4256, "2009-06-30": 0.3613, "2009-03-31": "0.45720", "2008-12-31": 0.5446, "2008-09-30": 0.405, "2008-06-30": 0.049, "2008-03-31": "0.34160", "2007-12-31": 0.3463, "2007-09-30": 0.1923, "2007-06-30": -0.0283, "2007-03-31": "0.21880", "2006-12-31": 0.249, "2006-09-30": 0.1413, "2006-06-30": 0.1217, "2006-03-31": "0.20970", "2005-12-31": 0.0982, "2005-09-30": 0.1574, "2005-06-30": 0.1171, "2005-03-31": "0.07310"}, "Free Cash Flow Per Share": {"2020-09-30": 0.5489, "2020-06-30": 0.3762, "2020-03-31": "0.28270", "2019-12-31": 0.5833, "2019-09-30": 1.0547, "2019-06-30": 0.4317, "2019-03-31": "0.35970", "2018-12-31": 0.6521, "2018-09-30": 0.8202, "2018-06-30": 0.7424, "2018-03-31": "0.25590", "2017-12-31": 0.659, "2017-09-30": 0.6836, "2017-06-30": 0.1445, "2017-03-31": "0.44510", "2016-12-31": 0.6384, "2016-09-30": 0.6512, "2016-06-30": 0.5184, "2016-03-31": "0.29420", "2015-12-31": 0.551, "2015-09-30": 0.3907, "2015-06-30": 0.2212, "2015-03-31": "0.43680", "2014-12-31": 0.3787, "2014-09-30": 0.1283, "2014-06-30": 0.3764, "2014-03-31": "0.34930", "2013-12-31": 0.6194, "2013-09-30": 0.2654, "2013-06-30": 0.8729, "2013-03-31": "0.33710", "2012-12-31": 0.6046, "2012-09-30": 0.2326, "2012-06-30": 0.414, "2012-03-31": "0.22970", "2011-12-31": 0.6548, "2011-09-30": 0.2128, "2011-06-30": 0.0298, "2011-03-31": "0.35810", "2010-12-31": 0.1847, "2010-09-30": 0.4864, "2010-06-30": 0.2206, "2010-03-31": "0.28070", "2009-12-31": 0.394, "2009-09-30": 0.3946, "2009-06-30": 0.2563, "2009-03-31": "0.39580", "2008-12-31": 0.5042, "2008-09-30": 0.375, "2008-06-30": 0.0119, "2008-03-31": "0.27940", "2007-12-31": 0.2524, "2007-09-30": 0.1346, "2007-06-30": -0.1028, "2007-03-31": "0.16890", "2006-12-31": 0.1385, "2006-09-30": 0.1039, "2006-06-30": 0.0697, "2006-03-31": "0.14370", "2005-12-31": 0.0316, "2005-09-30": 0.1257, "2005-06-30": 0.0923, "2005-03-31": "-0.00970"}}, "revenue": {"FLIR Systems Annual Revenue (Millions of US $)": {"2019": "$1,887", "2018": "$1,776", "2017": "$1,800", "2016": "$1,662", "2015": "$1,557", "2014": "$1,531", "2013": "$1,496", "2012": "$1,405", "2011": "$1,544", "2010": "$1,388", "2009": "$1,147", "2008": "$1,077", "2007": "$779", "2006": "$575", "2005": "$509"}, "FLIR Systems Quarterly Revenue (Millions of US $)": {"2020-09-30": "$466", "2020-06-30": "$482", "2020-03-31": "$451", "2019-12-31": "$489", "2019-09-30": "$471", "2019-06-30": "$482", "2019-03-31": "$445", "2018-12-31": "$448", "2018-09-30": "$435", "2018-06-30": "$453", "2018-03-31": "$440", "2017-12-31": "$495", "2017-09-30": "$465", "2017-06-30": "$434", "2017-03-31": "$407", "2016-12-31": "$475", "2016-09-30": "$405", "2016-06-30": "$403", "2016-03-31": "$379", "2015-12-31": "$438", "2015-09-30": "$382", "2015-06-30": "$393", "2015-03-31": "$345", "2014-12-31": "$434", "2014-09-30": "$375", "2014-06-30": "$369", "2014-03-31": "$352", "2013-12-31": "$400", "2013-09-30": "$358", "2013-06-30": "$389", "2013-03-31": "$349", "2012-12-31": "$386", "2012-09-30": "$332", "2012-06-30": "$338", "2012-03-31": "$348", "2011-12-31": "$405", "2011-09-30": "$371", "2011-06-30": "$392", "2011-03-31": "$376", "2010-12-31": "$438", "2010-09-30": "$332", "2010-06-30": "$331", "2010-03-31": "$287", "2009-12-31": "$312", "2009-09-30": "$286", "2009-06-30": "$278", "2009-03-31": "$272", "2008-12-31": "$302", "2008-09-30": "$277", "2008-06-30": "$261", "2008-03-31": "$237", "2007-12-31": "$243", "2007-09-30": "$191", "2007-06-30": "$184", "2007-03-31": "$161", "2006-12-31": "$186", "2006-09-30": "$133", "2006-06-30": "$139", "2006-03-31": "$117", "2005-12-31": "$156", "2005-09-30": "$113", "2005-06-30": "$131", "2005-03-31": "$108"}}, "gross-profit": {"FLIR Systems Annual Gross Profit (Millions of US $)": {"2019": "$930", "2018": "$900", "2017": "$859", "2016": "$767", "2015": "$754", "2014": "$750", "2013": "$737", "2012": "$735", "2011": "$829", "2010": "$764", "2009": "$659", "2008": "$606", "2007": "$433", "2006": "$315", "2005": "$277"}, "FLIR Systems Quarterly Gross Profit (Millions of US $)": {"2020-09-30": "$229", "2020-06-30": "$252", "2020-03-31": "$219", "2019-12-31": "$232", "2019-09-30": "$230", "2019-06-30": "$233", "2019-03-31": "$234", "2018-12-31": "$228", "2018-09-30": "$222", "2018-06-30": "$233", "2018-03-31": "$218", "2017-12-31": "$238", "2017-09-30": "$223", "2017-06-30": "$207", "2017-03-31": "$191", "2016-12-31": "$215", "2016-09-30": "$191", "2016-06-30": "$183", "2016-03-31": "$178", "2015-12-31": "$207", "2015-09-30": "$181", "2015-06-30": "$190", "2015-03-31": "$176", "2014-12-31": "$215", "2014-09-30": "$184", "2014-06-30": "$183", "2014-03-31": "$169", "2013-12-31": "$190", "2013-09-30": "$173", "2013-06-30": "$190", "2013-03-31": "$184", "2012-12-31": "$209", "2012-09-30": "$173", "2012-06-30": "$170", "2012-03-31": "$183", "2011-12-31": "$225", "2011-09-30": "$202", "2011-06-30": "$205", "2011-03-31": "$197", "2010-12-31": "$233", "2010-09-30": "$182", "2010-06-30": "$183", "2010-03-31": "$165", "2009-12-31": "$176", "2009-09-30": "$163", "2009-06-30": "$162", "2009-03-31": "$158", "2008-12-31": "$173", "2008-09-30": "$155", "2008-06-30": "$147", "2008-03-31": "$131", "2007-12-31": "$137", "2007-09-30": "$107", "2007-06-30": "$99", "2007-03-31": "$90", "2006-12-31": "$104", "2006-09-30": "$76", "2006-06-30": "$74", "2006-03-31": "$61", "2005-12-31": "$87", "2005-09-30": "$60", "2005-06-30": "$71", "2005-03-31": "$59"}}, "operating-income": {"FLIR Systems Annual Operating Income (Millions of US $)": {"2019": "$273", "2018": "$319", "2017": "$290", "2016": "$296", "2015": "$306", "2014": "$259", "2013": "$241", "2012": "$303", "2011": "$313", "2010": "$360", "2009": "$347", "2008": "$284", "2007": "$192", "2006": "$137", "2005": "$126"}, "FLIR Systems Quarterly Operating Income (Millions of US $)": {"2020-09-30": "$87", "2020-06-30": "$100", "2020-03-31": "$28", "2019-12-31": "$54", "2019-09-30": "$74", "2019-06-30": "$64", "2019-03-31": "$81", "2018-12-31": "$86", "2018-09-30": "$89", "2018-06-30": "$89", "2018-03-31": "$55", "2017-12-31": "$77", "2017-09-30": "$87", "2017-06-30": "$67", "2017-03-31": "$59", "2016-12-31": "$92", "2016-09-30": "$81", "2016-06-30": "$65", "2016-03-31": "$57", "2015-12-31": "$93", "2015-09-30": "$76", "2015-06-30": "$71", "2015-03-31": "$66", "2014-12-31": "$87", "2014-09-30": "$70", "2014-06-30": "$59", "2014-03-31": "$42", "2013-12-31": "$38", "2013-09-30": "$64", "2013-06-30": "$70", "2013-03-31": "$69", "2012-12-31": "$100", "2012-09-30": "$74", "2012-06-30": "$61", "2012-03-31": "$68", "2011-12-31": "$110", "2011-09-30": "$85", "2011-06-30": "$42", "2011-03-31": "$76", "2010-12-31": "$100", "2010-09-30": "$86", "2010-06-30": "$90", "2010-03-31": "$84", "2009-12-31": "$90", "2009-09-30": "$89", "2009-06-30": "$85", "2009-03-31": "$83", "2008-12-31": "$88", "2008-09-30": "$77", "2008-06-30": "$65", "2008-03-31": "$55", "2007-12-31": "$63", "2007-09-30": "$52", "2007-06-30": "$41", "2007-03-31": "$36", "2006-12-31": "$55", "2006-09-30": "$34", "2006-06-30": "$29", "2006-03-31": "$19", "2005-12-31": "$46", "2005-09-30": "$26", "2005-06-30": "$32", "2005-03-31": "$21"}}, "ebitda": {"FLIR Systems Annual EBITDA (Millions of US $)": {"2019": "$390", "2018": "$388", "2017": "$361", "2016": "$353", "2015": "$355", "2014": "$316", "2013": "$304", "2012": "$363", "2011": "$391", "2010": "$422", "2009": "$390", "2008": "$330", "2007": "$223", "2006": "$158", "2005": "$142"}, "FLIR Systems Quarterly EBITDA (Millions of US $)": {"2020-09-30": "$110", "2020-06-30": "$123", "2020-03-31": "$53", "2019-12-31": "$95", "2019-09-30": "$102", "2019-06-30": "$96", "2019-03-31": "$98", "2018-12-31": "$106", "2018-09-30": "$105", "2018-06-30": "$105", "2018-03-31": "$72", "2017-12-31": "$95", "2017-09-30": "$106", "2017-06-30": "$85", "2017-03-31": "$76", "2016-12-31": "$108", "2016-09-30": "$95", "2016-06-30": "$79", "2016-03-31": "$71", "2015-12-31": "$107", "2015-09-30": "$88", "2015-06-30": "$83", "2015-03-31": "$78", "2014-12-31": "$100", "2014-09-30": "$84", "2014-06-30": "$74", "2014-03-31": "$59", "2013-12-31": "$56", "2013-09-30": "$78", "2013-06-30": "$86", "2013-03-31": "$84", "2012-12-31": "$115", "2012-09-30": "$89", "2012-06-30": "$76", "2012-03-31": "$84", "2011-12-31": "$126", "2011-09-30": "$103", "2011-06-30": "$66", "2011-03-31": "$96", "2010-12-31": "$122", "2010-09-30": "$100", "2010-06-30": "$103", "2010-03-31": "$96", "2009-12-31": "$101", "2009-09-30": "$100", "2009-06-30": "$95", "2009-03-31": "$93", "2008-12-31": "$99", "2008-09-30": "$90", "2008-06-30": "$77", "2008-03-31": "$64", "2007-12-31": "$76", "2007-09-30": "$58", "2007-06-30": "$47", "2007-03-31": "$42", "2006-12-31": "$61", "2006-09-30": "$40", "2006-06-30": "$34", "2006-03-31": "$23", "2005-12-31": "$51", "2005-09-30": "$32", "2005-06-30": "$35", "2005-03-31": "$24"}}, "net-income": {"FLIR Systems Annual Net Income (Millions of US $)": {"2019": "$172", "2018": "$282", "2017": "$107", "2016": "$167", "2015": "$242", "2014": "$200", "2013": "$177", "2012": "$222", "2011": "$221", "2010": "$248", "2009": "$230", "2008": "$201", "2007": "$134", "2006": "$101", "2005": "$91"}, "FLIR Systems Quarterly Net Income (Millions of US $)": {"2020-09-30": "$61", "2020-06-30": "$61", "2020-03-31": "$15", "2019-12-31": "$2", "2019-09-30": "$62", "2019-06-30": "$46", "2019-03-31": "$62", "2018-12-31": "$99", "2018-09-30": "$73", "2018-06-30": "$72", "2018-03-31": "$39", "2017-12-31": "$-50", "2017-09-30": "$64", "2017-06-30": "$51", "2017-03-31": "$43", "2016-12-31": "$62", "2016-09-30": "$59", "2016-06-30": "$45", "2016-03-31": "$1", "2015-12-31": "$70", "2015-09-30": "$73", "2015-06-30": "$51", "2015-03-31": "$48", "2014-12-31": "$73", "2014-09-30": "$53", "2014-06-30": "$45", "2014-03-31": "$30", "2013-12-31": "$29", "2013-09-30": "$46", "2013-06-30": "$50", "2013-03-31": "$52", "2012-12-31": "$77", "2012-09-30": "$56", "2012-06-30": "$41", "2012-03-31": "$48", "2011-12-31": "$76", "2011-09-30": "$65", "2011-06-30": "$29", "2011-03-31": "$51", "2010-12-31": "$70", "2010-09-30": "$63", "2010-06-30": "$59", "2010-03-31": "$56", "2009-12-31": "$60", "2009-09-30": "$60", "2009-06-30": "$56", "2009-03-31": "$54", "2008-12-31": "$65", "2008-09-30": "$55", "2008-06-30": "$45", "2008-03-31": "$37", "2007-12-31": "$43", "2007-09-30": "$35", "2007-06-30": "$29", "2007-03-31": "$26", "2006-12-31": "$40", "2006-09-30": "$27", "2006-06-30": "$21", "2006-03-31": "$13", "2005-12-31": "$34", "2005-09-30": "$17", "2005-06-30": "$25", "2005-03-31": "$15"}}, "eps-earnings-per-share-diluted": {"FLIR Systems Annual EPS": {"2019": "$1.26", "2018": "$2.01", "2017": "$0.77", "2016": "$1.20", "2015": "$1.72", "2014": "$1.39", "2013": "$1.22", "2012": "$1.45", "2011": "$1.38", "2010": "$1.54", "2009": "$1.45", "2008": "$1.28", "2007": "$0.89", "2006": "$0.66", "2005": "$0.58"}, "FLIR Systems Quarterly EPS": {"2020-09-30": "$0.46", "2020-06-30": "$0.47", "2020-03-31": "$0.11", "2019-12-31": "$0.01", "2019-09-30": "$0.46", "2019-06-30": "$0.34", "2019-03-31": "$0.45", "2018-12-31": "$0.70", "2018-09-30": "$0.52", "2018-06-30": "$0.51", "2018-03-31": "$0.28", "2017-12-31": "$-0.37", "2017-09-30": "$0.46", "2017-06-30": "$0.37", "2017-03-31": "$0.31", "2016-12-31": "$0.43", "2016-09-30": "$0.43", "2016-06-30": "$0.33", "2016-03-31": "$0.01", "2015-12-31": "$0.50", "2015-09-30": "$0.52", "2015-06-30": "$0.36", "2015-03-31": "$0.34", "2014-12-31": "$0.50", "2014-09-30": "$0.37", "2014-06-30": "$0.31", "2014-03-31": "$0.21", "2013-12-31": "$0.20", "2013-09-30": "$0.32", "2013-06-30": "$0.35", "2013-03-31": "$0.35", "2012-12-31": "$0.50", "2012-09-30": "$0.37", "2012-06-30": "$0.27", "2012-03-31": "$0.31", "2011-12-31": "$0.48", "2011-09-30": "$0.40", "2011-06-30": "$0.18", "2011-03-31": "$0.32", "2010-12-31": "$0.43", "2010-09-30": "$0.39", "2010-06-30": "$0.37", "2010-03-31": "$0.35", "2009-12-31": "$0.37", "2009-09-30": "$0.38", "2009-06-30": "$0.35", "2009-03-31": "$0.35", "2008-12-31": "$0.40", "2008-09-30": "$0.35", "2008-06-30": "$0.29", "2008-03-31": "$0.24", "2007-12-31": "$0.30", "2007-09-30": "$0.22", "2007-06-30": "$0.19", "2007-03-31": "$0.18", "2006-12-31": "$0.26", "2006-09-30": "$0.18", "2006-06-30": "$0.14", "2006-03-31": "$0.09", "2005-12-31": "$0.22", "2005-09-30": "$0.11", "2005-06-30": "$0.16", "2005-03-31": "$0.10"}}, "shares-outstanding": {"FLIR Systems Annual Shares Outstanding (Millions of Shares)": {"2019": "137", "2018": "140", "2017": "140", "2016": "138", "2015": "141", "2014": "144", "2013": "145", "2012": "154", "2011": "161", "2010": "162", "2009": "162", "2008": "163", "2007": "159", "2006": "160", "2005": "164"}, "FLIR Systems Quarterly Shares Outstanding (Millions of Shares)": {"2020-09-30": "132", "2020-06-30": "132", "2020-03-31": "135", "2019-12-31": "137", "2019-09-30": "136", "2019-06-30": "137", "2019-03-31": "137", "2018-12-31": "140", "2018-09-30": "140", "2018-06-30": "140", "2018-03-31": "141", "2017-12-31": "140", "2017-09-30": "139", "2017-06-30": "138", "2017-03-31": "138", "2016-12-31": "138", "2016-09-30": "138", "2016-06-30": "139", "2016-03-31": "139", "2015-12-31": "141", "2015-09-30": "141", "2015-06-30": "141", "2015-03-31": "141", "2014-12-31": "144", "2014-09-30": "143", "2014-06-30": "144", "2014-03-31": "144", "2013-12-31": "145", "2013-09-30": "144", "2013-06-30": "144", "2013-03-31": "146", "2012-12-31": "154", "2012-09-30": "152", "2012-06-30": "155", "2012-03-31": "157", "2011-12-31": "161", "2011-09-30": "161", "2011-06-30": "163", "2011-03-31": "162", "2010-12-31": "162", "2010-09-30": "161", "2010-06-30": "162", "2010-03-31": "162", "2009-12-31": "162", "2009-09-30": "160", "2009-06-30": "161", "2009-03-31": "163", "2008-12-31": "163", "2008-09-30": "163", "2008-06-30": "162", "2008-03-31": "161", "2007-12-31": "159", "2007-09-30": "160", "2007-06-30": "158", "2007-03-31": "156", "2006-12-31": "160", "2006-09-30": "158", "2006-06-30": "162", "2006-03-31": "163", "2005-12-31": "164", "2005-09-30": "165", "2005-06-30": "164", "2005-03-31": "165"}}, "total-assets": {"FLIR Systems Annual Total Assets (Millions of US $)": {"2019": "$3,138", "2018": "$2,781", "2017": "$2,810", "2016": "$2,620", "2015": "$2,406", "2014": "$2,349", "2013": "$2,343", "2012": "$2,191", "2011": "$2,149", "2010": "$1,857", "2009": "$1,495", "2008": "$1,241", "2007": "$1,024", "2006": "$798", "2005": "$689"}, "FLIR Systems Quarterly Total Assets (Millions of US $)": {"2020-09-30": "$3,213", "2020-06-30": "$3,157", "2020-03-31": "$3,122", "2019-12-31": "$3,138", "2019-09-30": "$3,198", "2019-06-30": "$3,245", "2019-03-31": "$3,206", "2018-12-31": "$2,781", "2018-09-30": "$2,857", "2018-06-30": "$2,705", "2018-03-31": "$2,704", "2017-12-31": "$2,810", "2017-09-30": "$2,766", "2017-06-30": "$2,704", "2017-03-31": "$2,630", "2016-12-31": "$2,620", "2016-09-30": "$2,588", "2016-06-30": "$2,795", "2016-03-31": "$2,413", "2015-12-31": "$2,406", "2015-09-30": "$2,355", "2015-06-30": "$2,380", "2015-03-31": "$2,312", "2014-12-31": "$2,349", "2014-09-30": "$2,354", "2014-06-30": "$2,402", "2014-03-31": "$2,369", "2013-12-31": "$2,343", "2013-09-30": "$2,326", "2013-06-30": "$2,287", "2013-03-31": "$2,078", "2012-12-31": "$2,191", "2012-09-30": "$2,146", "2012-06-30": "$2,115", "2012-03-31": "$2,166", "2011-12-31": "$2,149", "2011-09-30": "$2,102", "2011-06-30": "$1,931", "2011-03-31": "$1,934", "2010-12-31": "$1,857", "2010-09-30": "$1,733", "2010-06-30": "$1,571", "2010-03-31": "$1,530", "2009-12-31": "$1,495", "2009-09-30": "$1,396", "2009-06-30": "$1,321", "2009-03-31": "$1,269", "2008-12-31": "$1,241", "2008-09-30": "$1,188", "2008-06-30": "$1,180", "2008-03-31": "$1,087", "2007-12-31": "$1,024", "2007-09-30": "$932", "2007-06-30": "$871", "2007-03-31": "$815", "2006-12-31": "$798", "2006-09-30": "$740", "2006-06-30": "$750", "2006-03-31": "$709", "2005-12-31": "$689", "2005-09-30": "$668", "2005-06-30": "$626", "2005-03-31": "$644"}}, "cash-on-hand": {"FLIR Systems Annual Cash on Hand (Millions of US $)": {"2019": "$285", "2018": "$512", "2017": "$519", "2016": "$361", "2015": "$473", "2014": "$531", "2013": "$542", "2012": "$322", "2011": "$441", "2010": "$193", "2009": "$422", "2008": "$289", "2007": "$204", "2006": "$139", "2005": "$107"}, "FLIR Systems Quarterly Cash on Hand (Millions of US $)": {"2020-09-30": "$320", "2020-06-30": "$333", "2020-03-31": "$309", "2019-12-31": "$285", "2019-09-30": "$295", "2019-06-30": "$269", "2019-03-31": "$284", "2018-12-31": "$512", "2018-09-30": "$593", "2018-06-30": "$508", "2018-03-31": "$452", "2017-12-31": "$519", "2017-09-30": "$437", "2017-06-30": "$404", "2017-03-31": "$397", "2016-12-31": "$361", "2016-09-30": "$678", "2016-06-30": "$903", "2016-03-31": "$511", "2015-12-31": "$473", "2015-09-30": "$525", "2015-06-30": "$560", "2015-03-31": "$548", "2014-12-31": "$531", "2014-09-30": "$565", "2014-06-30": "$602", "2014-03-31": "$584", "2013-12-31": "$542", "2013-09-30": "$492", "2013-06-30": "$492", "2013-03-31": "$246", "2012-12-31": "$322", "2012-09-30": "$424", "2012-06-30": "$430", "2012-03-31": "$448", "2011-12-31": "$441", "2011-09-30": "$374", "2011-06-30": "$236", "2011-03-31": "$250", "2010-12-31": "$193", "2010-09-30": "$380", "2010-06-30": "$285", "2010-03-31": "$462", "2009-12-31": "$422", "2009-09-30": "$403", "2009-06-30": "$346", "2009-03-31": "$327", "2008-12-31": "$289", "2008-09-30": "$206", "2008-06-30": "$177", "2008-03-31": "$159", "2007-12-31": "$204", "2007-09-30": "$170", "2007-06-30": "$152", "2007-03-31": "$153", "2006-12-31": "$139", "2006-09-30": "$112", "2006-06-30": "$143", "2006-03-31": "$127", "2005-12-31": "$107", "2005-09-30": "$134", "2005-06-30": "$108", "2005-03-31": "$126"}}, "long-term-debt": {"FLIR Systems Annual Long Term Debt (Millions of US $)": {"2019": "$648", "2018": "$422", "2017": "$421", "2016": "$502", "2015": "$94", "2014": "$358", "2013": "$373", "2012": "$248", "2011": "$248", "2010": "$", "2009": "$58", "2008": "$183", "2007": "$208", "2006": "$207", "2005": "$206"}, "FLIR Systems Quarterly Long Term Debt (Millions of US $)": {"2020-09-30": "$715", "2020-06-30": "$643", "2020-03-31": "$636", "2019-12-31": "$648", "2019-09-30": "$645", "2019-06-30": "$655", "2019-03-31": "$657", "2018-12-31": "$422", "2018-09-30": "$422", "2018-06-30": "$421", "2018-03-31": "$421", "2017-12-31": "$421", "2017-09-30": "$420", "2017-06-30": "$491", "2017-03-31": "$495", "2016-12-31": "$502", "2016-09-30": "$502", "2016-06-30": "$505", "2016-03-31": "$90", "2015-12-31": "$94", "2015-09-30": "$347", "2015-06-30": "$351", "2015-03-31": "$354", "2014-12-31": "$358", "2014-09-30": "$362", "2014-06-30": "$365", "2014-03-31": "$369", "2013-12-31": "$373", "2013-09-30": "$376", "2013-06-30": "$380", "2013-03-31": "$248", "2012-12-31": "$248", "2012-09-30": "$248", "2012-06-30": "$248", "2012-03-31": "$248", "2011-12-31": "$248", "2011-09-30": "$248", "2011-06-30": "", "2011-03-31": "", "2010-12-31": "", "2010-09-30": "", "2010-06-30": "", "2010-03-31": "$58", "2009-12-31": "$58", "2009-09-30": "$60", "2009-06-30": "$89", "2009-03-31": "$88", "2008-12-31": "$183", "2008-09-30": "$209", "2008-06-30": "$208", "2008-03-31": "$208", "2007-12-31": "$208", "2007-09-30": "$208", "2007-06-30": "$207", "2007-03-31": "$207", "2006-12-31": "$207", "2006-09-30": "$207", "2006-06-30": "$207", "2006-03-31": "$206", "2005-12-31": "$206", "2005-09-30": "$206", "2005-06-30": "$206", "2005-03-31": "$206"}}, "total-liabilities": {"FLIR Systems Annual Total Liabilities (Millions of US $)": {"2019": "$1,266", "2018": "$904", "2017": "$975", "2016": "$941", "2015": "$757", "2014": "$740", "2013": "$730", "2012": "$591", "2011": "$570", "2010": "$335", "2009": "$291", "2008": "$396", "2007": "$401", "2006": "$399", "2005": "$332"}, "FLIR Systems Quarterly Total Liabilities (Millions of US $)": {"2020-09-30": "$1,404", "2020-06-30": "$1,407", "2020-03-31": "$1,418", "2019-12-31": "$1,266", "2019-09-30": "$1,328", "2019-06-30": "$1,333", "2019-03-31": "$1,304", "2018-12-31": "$904", "2018-09-30": "$916", "2018-06-30": "$910", "2018-03-31": "$918", "2017-12-31": "$975", "2017-09-30": "$877", "2017-06-30": "$923", "2017-03-31": "$911", "2016-12-31": "$941", "2016-09-30": "$934", "2016-06-30": "$1,147", "2016-03-31": "$745", "2015-12-31": "$757", "2015-09-30": "$730", "2015-06-30": "$741", "2015-03-31": "$727", "2014-12-31": "$740", "2014-09-30": "$733", "2014-06-30": "$750", "2014-03-31": "$725", "2013-12-31": "$730", "2013-09-30": "$719", "2013-06-30": "$729", "2013-03-31": "$554", "2012-12-31": "$591", "2012-09-30": "$544", "2012-06-30": "$550", "2012-03-31": "$551", "2011-12-31": "$570", "2011-09-30": "$555", "2011-06-30": "$312", "2011-03-31": "$331", "2010-12-31": "$335", "2010-09-30": "$293", "2010-06-30": "$249", "2010-03-31": "$277", "2009-12-31": "$291", "2009-09-30": "$267", "2009-06-30": "$292", "2009-03-31": "$304", "2008-12-31": "$396", "2008-09-30": "$420", "2008-06-30": "$415", "2008-03-31": "$408", "2007-12-31": "$401", "2007-09-30": "$376", "2007-06-30": "$379", "2007-03-31": "$383", "2006-12-31": "$399", "2006-09-30": "$391", "2006-06-30": "$330", "2006-03-31": "$326", "2005-12-31": "$332", "2005-09-30": "$309", "2005-06-30": "$298", "2005-03-31": "$307"}}, "total-share-holder-equity": {"FLIR Systems Annual Share Holder Equity (Millions of US $)": {"2019": "$1,871", "2018": "$1,877", "2017": "$1,835", "2016": "$1,678", "2015": "$1,650", "2014": "$1,610", "2013": "$1,613", "2012": "$1,600", "2011": "$1,579", "2010": "$1,523", "2009": "$1,204", "2008": "$845", "2007": "$623", "2006": "$399", "2005": "$357"}, "FLIR Systems Quarterly Share Holder Equity (Millions of US $)": {"2020-09-30": "$1,809", "2020-06-30": "$1,751", "2020-03-31": "$1,705", "2019-12-31": "$1,871", "2019-09-30": "$1,870", "2019-06-30": "$1,912", "2019-03-31": "$1,903", "2018-12-31": "$1,877", "2018-09-30": "$1,941", "2018-06-30": "$1,795", "2018-03-31": "$1,786", "2017-12-31": "$1,835", "2017-09-30": "$1,890", "2017-06-30": "$1,781", "2017-03-31": "$1,720", "2016-12-31": "$1,678", "2016-09-30": "$1,653", "2016-06-30": "$1,648", "2016-03-31": "$1,668", "2015-12-31": "$1,650", "2015-09-30": "$1,625", "2015-06-30": "$1,638", "2015-03-31": "$1,586", "2014-12-31": "$1,610", "2014-09-30": "$1,622", "2014-06-30": "$1,652", "2014-03-31": "$1,644", "2013-12-31": "$1,613", "2013-09-30": "$1,607", "2013-06-30": "$1,557", "2013-03-31": "$1,525", "2012-12-31": "$1,600", "2012-09-30": "$1,602", "2012-06-30": "$1,565", "2012-03-31": "$1,615", "2011-12-31": "$1,579", "2011-09-30": "$1,548", "2011-06-30": "$1,618", "2011-03-31": "$1,603", "2010-12-31": "$1,523", "2010-09-30": "$1,440", "2010-06-30": "$1,323", "2010-03-31": "$1,254", "2009-12-31": "$1,204", "2009-09-30": "$1,129", "2009-06-30": "$1,029", "2009-03-31": "$964", "2008-12-31": "$845", "2008-09-30": "$768", "2008-06-30": "$765", "2008-03-31": "$679", "2007-12-31": "$623", "2007-09-30": "$556", "2007-06-30": "$492", "2007-03-31": "$431", "2006-12-31": "$399", "2006-09-30": "$349", "2006-06-30": "$420", "2006-03-31": "$383", "2005-12-31": "$357", "2005-09-30": "$360", "2005-06-30": "$328", "2005-03-31": "$337"}}, "profit-margins": {"current": "7.36%"}, "gross margin": {"2020-09-30": "49.36%", "2020-06-30": "49.29%", "2020-03-31": "48.28%", "2019-12-31": "49.23%", "2019-09-30": "50.11%", "2019-06-30": "50.66%", "2019-03-31": "51.49%", "2018-12-31": "50.73%", "2018-09-30": "49.97%", "2018-06-30": "49.22%", "2018-03-31": "48.31%", "2017-12-31": "47.70%", "2017-09-30": "46.94%", "2017-06-30": "46.72%", "2017-03-31": "46.15%", "2016-12-31": "46.15%", "2016-09-30": "46.71%", "2016-06-30": "46.75%", "2016-03-31": "47.49%", "2015-12-31": "48.40%", "2015-09-30": "49.03%", "2015-06-30": "49.45%", "2015-03-31": "49.77%", "2014-12-31": "49.08%", "2014-09-30": "48.53%", "2014-06-30": "48.34%", "2014-03-31": "48.17%", "2013-12-31": "49.26%", "2013-09-30": "51.01%", "2013-06-30": "51.92%", "2013-03-31": "52.38%", "2012-12-31": "52.35%", "2012-09-30": "52.78%", "2012-06-30": "53.35%", "2012-03-31": "53.76%", "2011-12-31": "53.69%", "2011-09-30": "53.08%", "2011-06-30": "53.12%", "2011-03-31": "53.83%", "2010-12-31": "54.97%", "2010-09-30": "55.94%", "2010-06-30": "56.50%", "2010-03-31": "57.27%", "2009-12-31": "57.40%", "2009-09-30": "57.64%", "2009-06-30": "57.40%", "2009-03-31": "56.92%", "2008-12-31": "56.27%", "2008-09-30": "55.99%", "2008-06-30": "56.01%", "2008-03-31": "55.44%", "2007-12-31": "55.58%", "2007-09-30": "55.40%", "2007-06-30": "55.57%", "2007-03-31": "55.57%", "2006-12-31": "54.78%", "2006-09-30": "54.68%", "2006-06-30": "53.71%", "2006-03-31": "53.97%", "2005-12-31": "54.53%"}, "operating margin": {"2020-09-30": "14.25%", "2020-06-30": "13.52%", "2020-03-31": "11.62%", "2019-12-31": "14.47%", "2019-09-30": "16.52%", "2019-06-30": "17.68%", "2019-03-31": "19.37%", "2018-12-31": "17.96%", "2018-09-30": "17.00%", "2018-06-30": "16.62%", "2018-03-31": "15.59%", "2017-12-31": "16.10%", "2017-09-30": "17.13%", "2017-06-30": "17.37%", "2017-03-31": "17.57%", "2016-12-31": "17.75%", "2016-09-30": "18.22%", "2016-06-30": "18.16%", "2016-03-31": "18.66%", "2015-12-31": "19.64%", "2015-09-30": "19.31%", "2015-06-30": "19.00%", "2015-03-31": "18.52%", "2014-12-31": "16.86%", "2014-09-30": "13.97%", "2014-06-30": "13.73%", "2014-03-31": "14.28%", "2013-12-31": "16.11%", "2013-09-30": "20.45%", "2013-06-30": "21.50%", "2013-03-31": "21.64%", "2012-12-31": "21.58%", "2012-09-30": "22.00%", "2012-06-30": "22.16%", "2012-03-31": "20.12%", "2011-12-31": "20.27%", "2011-09-30": "19.21%", "2011-06-30": "19.77%", "2011-03-31": "23.83%", "2010-12-31": "25.94%", "2010-09-30": "27.73%", "2010-06-30": "29.03%", "2010-03-31": "29.92%", "2009-12-31": "30.23%", "2009-09-30": "30.32%", "2009-06-30": "29.50%", "2009-03-31": "28.15%", "2008-12-31": "26.46%", "2008-09-30": "25.54%", "2008-06-30": "25.21%", "2008-03-31": "24.68%", "2007-12-31": "24.65%", "2007-09-30": "25.48%", "2007-06-30": "25.00%", "2007-03-31": "24.88%", "2006-12-31": "23.83%", "2006-09-30": "23.49%", "2006-06-30": "22.86%", "2006-03-31": "23.79%", "2005-12-31": "24.61%"}, "ebitda margin": {"2020-09-30": "20.18%", "2020-06-30": "19.70%", "2020-03-31": "18.28%", "2019-12-31": "20.72%", "2019-09-30": "21.78%", "2019-06-30": "22.38%", "2019-03-31": "23.25%", "2018-12-31": "21.85%", "2018-09-30": "20.68%", "2018-06-30": "20.40%", "2018-03-31": "19.52%", "2017-12-31": "20.10%", "2017-09-30": "21.06%", "2017-06-30": "21.15%", "2017-03-31": "21.18%", "2016-12-31": "21.24%", "2016-09-30": "21.66%", "2016-06-30": "21.54%", "2016-03-31": "21.92%", "2015-12-31": "22.85%", "2015-09-30": "22.46%", "2015-06-30": "22.30%", "2015-03-31": "22.06%", "2014-12-31": "20.72%", "2014-09-30": "18.25%", "2014-06-30": "18.05%", "2014-03-31": "18.61%", "2013-12-31": "20.32%", "2013-09-30": "24.49%", "2013-06-30": "25.69%", "2013-03-31": "25.91%", "2012-12-31": "25.93%", "2012-09-30": "26.35%", "2012-06-30": "26.61%", "2012-03-31": "25.00%", "2011-12-31": "25.32%", "2011-09-30": "24.54%", "2011-06-30": "24.97%", "2011-03-31": "28.50%", "2010-12-31": "30.33%", "2010-09-30": "31.70%", "2010-06-30": "32.89%", "2010-03-31": "33.71%", "2009-12-31": "33.89%", "2009-09-30": "34.01%", "2009-06-30": "33.39%", "2009-03-31": "32.28%", "2008-12-31": "30.64%", "2008-09-30": "30.16%", "2008-06-30": "29.51%", "2008-03-31": "28.65%", "2007-12-31": "28.63%", "2007-09-30": "28.81%", "2007-06-30": "28.61%", "2007-03-31": "28.59%", "2006-12-31": "27.48%", "2006-09-30": "27.16%", "2006-06-30": "26.67%", "2006-03-31": "27.27%", "2005-12-31": "27.95%"}, "pre tax profit margin": {"2020-09-30": "12.02%", "2020-06-30": "11.30%", "2020-03-31": "10.04%", "2019-12-31": "12.82%", "2019-09-30": "15.38%", "2019-06-30": "16.69%", "2019-03-31": "18.36%", "2018-12-31": "17.29%", "2018-09-30": "16.35%", "2018-06-30": "16.08%", "2018-03-31": "15.21%", "2017-12-31": "15.55%", "2017-09-30": "16.28%", "2017-06-30": "16.27%", "2017-03-31": "16.33%", "2016-12-31": "16.61%", "2016-09-30": "18.22%", "2016-06-30": "18.23%", "2016-03-31": "18.72%", "2015-12-31": "19.58%", "2015-09-30": "18.21%", "2015-06-30": "18.23%", "2015-03-31": "17.93%", "2014-12-31": "16.27%", "2014-09-30": "13.44%", "2014-06-30": "12.91%", "2014-03-31": "13.41%", "2013-12-31": "15.31%", "2013-09-30": "19.70%", "2013-06-30": "20.67%", "2013-03-31": "20.78%", "2012-12-31": "20.80%", "2012-09-30": "21.22%", "2012-06-30": "21.68%", "2012-03-31": "19.99%", "2011-12-31": "20.14%", "2011-09-30": "19.34%", "2011-06-30": "20.03%", "2011-03-31": "24.04%", "2010-12-31": "26.15%", "2010-09-30": "27.89%", "2010-06-30": "28.87%", "2010-03-31": "29.41%", "2009-12-31": "29.70%", "2009-09-30": "30.40%", "2009-06-30": "29.94%", "2009-03-31": "28.87%", "2008-12-31": "26.93%", "2008-09-30": "24.95%", "2008-06-30": "24.36%", "2008-03-31": "23.63%", "2007-12-31": "24.01%", "2007-09-30": "24.79%", "2007-06-30": "24.25%", "2007-03-31": "24.39%", "2006-12-31": "23.13%", "2006-09-30": "23.30%", "2006-06-30": "22.29%", "2006-03-31": "23.21%", "2005-12-31": "24.02%"}, "net profit margin": {"2020-09-30": "7.36%", "2020-06-30": "7.40%", "2020-03-31": "6.60%", "2019-12-31": "9.11%", "2019-09-30": "14.57%", "2019-06-30": "15.47%", "2019-03-31": "17.18%", "2018-12-31": "15.93%", "2018-09-30": "7.35%", "2018-06-30": "6.75%", "2018-03-31": "5.67%", "2017-12-31": "6.00%", "2017-09-30": "12.35%", "2017-06-30": "12.49%", "2017-03-31": "12.37%", "2016-12-31": "10.05%", "2016-09-30": "10.77%", "2016-06-30": "11.80%", "2016-03-31": "12.25%", "2015-12-31": "15.53%", "2015-09-30": "15.77%", "2015-06-30": "14.54%", "2015-03-31": "14.38%", "2014-12-31": "13.14%", "2014-09-30": "10.49%", "2014-06-30": "10.14%", "2014-03-31": "10.34%", "2013-12-31": "11.83%", "2013-09-30": "15.18%", "2013-06-30": "16.14%", "2013-03-31": "16.09%", "2012-12-31": "15.81%", "2012-09-30": "15.53%", "2012-06-30": "15.73%", "2012-03-31": "14.38%", "2011-12-31": "14.31%", "2011-09-30": "13.63%", "2011-06-30": "13.85%", "2011-03-31": "16.45%", "2010-12-31": "17.87%", "2010-09-30": "18.86%", "2010-06-30": "19.33%", "2010-03-31": "19.95%", "2009-12-31": "20.03%", "2009-09-30": "20.65%", "2009-06-30": "20.37%", "2009-03-31": "19.69%", "2008-12-31": "18.76%", "2008-09-30": "17.68%", "2008-06-30": "17.17%", "2008-03-31": "16.84%", "2007-12-31": "17.07%", "2007-09-30": "18.01%", "2007-06-30": "18.37%", "2007-03-31": "18.42%", "2006-12-31": "17.57%", "2006-09-30": "17.43%", "2006-06-30": "16.19%", "2006-03-31": "17.21%", "2005-12-31": "17.91%"}, "pe ratio": {"current": "24.34", "2021-02-11": "52.03", "2020-09-30": "33.99", "2020-06-30": "38.28", "2020-03-31": "34.22", "2019-12-31": "40.62", "2019-09-30": "26.29", "2019-06-30": "26.15", "2019-03-31": "21.14", "2018-12-31": "20.90", "2018-09-30": "62.53", "2018-06-30": "56.29", "2018-03-31": "64.09", "2017-12-31": "57.25", "2017-09-30": "23.37", "2017-06-30": "21.13", "2017-03-31": "22.61", "2016-12-31": "27.98", "2016-09-30": "23.08", "2016-06-30": "21.16", "2016-03-31": "21.95", "2015-12-31": "15.07", "2015-09-30": "14.98", "2015-06-30": "17.99", "2015-03-31": "18.79", "2014-12-31": "21.14", "2014-09-30": "26.25", "2014-06-30": "30.40", "2014-03-31": "30.26", "2013-12-31": "22.32", "2013-09-30": "18.39", "2013-06-30": "15.26", "2013-03-31": "15.44", "2012-12-31": "13.56", "2012-09-30": "12.43", "2012-06-30": "11.85", "2012-03-31": "16.33", "2011-12-31": "16.01", "2011-09-30": "16.56", "2011-06-30": "22.40", "2011-03-31": "20.07", "2010-12-31": "16.88", "2010-09-30": "15.08", "2010-06-30": "17.18", "2010-03-31": "16.87", "2009-12-31": "19.59", "2009-09-30": "16.41", "2009-06-30": "13.51", "2009-03-31": "12.79", "2008-12-31": "20.79", "2008-09-30": "28.46", "2008-06-30": "33.61", "2008-03-31": "27.54", "2007-12-31": "30.74", "2007-09-30": "28.31", "2007-06-30": "24.95", "2007-03-31": "20.51", "2006-12-31": "20.76"}, "price sales": {"2021-02-11": "3.87", "2020-09-30": "2.53", "2020-06-30": "2.86", "2020-03-31": "2.26", "2019-12-31": "3.71", "2019-09-30": "3.84", "2019-06-30": "4.05", "2019-03-31": "3.63", "2018-12-31": "3.34", "2018-09-30": "4.57", "2018-06-30": "3.79", "2018-03-31": "3.66", "2017-12-31": "3.45", "2017-09-30": "2.89", "2017-06-30": "2.65", "2017-03-31": "2.82", "2016-12-31": "2.85", "2016-09-30": "2.53", "2016-06-30": "2.53", "2016-03-31": "2.71", "2015-12-31": "2.36", "2015-09-30": "2.36", "2015-06-30": "2.62", "2015-03-31": "2.70", "2014-12-31": "2.78", "2014-09-30": "2.75", "2014-06-30": "3.08", "2014-03-31": "3.14", "2013-12-31": "2.63", "2013-09-30": "2.81", "2013-06-30": "2.48", "2013-03-31": "2.52", "2012-12-31": "2.19", "2012-09-30": "1.95", "2012-06-30": "1.87", "2012-03-31": "2.37", "2011-12-31": "2.31", "2011-09-30": "2.26", "2011-06-30": "3.11", "2011-03-31": "3.32", "2010-12-31": "3.02", "2010-09-30": "2.87", "2010-06-30": "3.37", "2010-03-31": "3.42", "2009-12-31": "4.03", "2009-09-30": "3.48", "2009-06-30": "2.84", "2009-03-31": "2.62", "2008-12-31": "4.05", "2008-09-30": "5.33", "2008-06-30": "6.12", "2008-03-31": "4.91", "2007-12-31": "5.56", "2007-09-30": "5.30", "2007-06-30": "4.80", "2007-03-31": "4.00", "2006-12-31": "3.88"}, "price book": {"current": "3.97", "2021-02-11": "3.96", "2020-09-30": "2.59", "2020-06-30": "3.01", "2020-03-31": "2.41", "2019-12-31": "3.68", "2019-09-30": "3.70", "2019-06-30": "3.75", "2019-03-31": "3.29", "2018-12-31": "3.05", "2018-09-30": "4.23", "2018-06-30": "3.85", "2018-03-31": "3.69", "2017-12-31": "3.38", "2017-09-30": "2.72", "2017-06-30": "2.54", "2017-03-31": "2.73", "2016-12-31": "2.77", "2016-09-30": "2.43", "2016-06-30": "2.41", "2016-03-31": "2.54", "2015-12-31": "2.17", "2015-09-30": "2.20", "2015-06-30": "2.43", "2015-03-31": "2.54", "2014-12-31": "2.57", "2014-09-30": "2.49", "2014-06-30": "2.71", "2014-03-31": "2.81", "2013-12-31": "2.38", "2013-09-30": "2.50", "2013-06-30": "2.21", "2013-03-31": "2.17", "2012-12-31": "1.82", "2012-09-30": "1.66", "2012-06-30": "1.68", "2012-03-31": "2.13", "2011-12-31": "2.17", "2011-09-30": "2.22", "2011-06-30": "2.92", "2011-03-31": "2.88", "2010-12-31": "2.72", "2010-09-30": "2.47", "2010-06-30": "3.04", "2010-03-31": "3.01", "2009-12-31": "3.63", "2009-09-30": "3.28", "2009-06-30": "2.87", "2009-03-31": "2.79", "2008-12-31": "4.49", "2008-09-30": "6.07", "2008-06-30": "6.45", "2008-03-31": "5.30", "2007-12-31": "6.00", "2007-09-30": "5.90", "2007-06-30": "5.53", "2007-03-31": "4.79", "2006-12-31": "4.59", "2006-09-30": "4.46", "2006-06-30": "3.30", "2006-03-31": "4.48"}, "price fcf": {"2021-02-11": "", "2020-09-30": "$1.79", "2020-06-30": "$2.30", "2020-03-31": "$2.35", "2019-12-31": "$2.43", "2019-09-30": "$2.50", "2019-06-30": "$2.26", "2019-03-31": "$2.57", "2018-12-31": "$2.47", "2018-09-30": "$2.48", "2018-06-30": "$2.34", "2018-03-31": "$1.74", "2017-12-31": "$1.93", "2017-09-30": "$1.91", "2017-06-30": "$1.88", "2017-03-31": "$2.25", "2016-12-31": "$2.10", "2016-09-30": "$2.01", "2016-06-30": "$1.75", "2016-03-31": "$1.46", "2015-12-31": "$1.60", "2015-09-30": "$1.43", "2015-06-30": "$1.17", "2015-03-31": "$1.32", "2014-12-31": "$1.23", "2014-09-30": "$1.47", "2014-06-30": "$1.61", "2014-03-31": "$2.11", "2013-12-31": "$2.09", "2013-09-30": "$2.08", "2013-06-30": "$2.05", "2013-03-31": "$1.59", "2012-12-31": "$1.48", "2012-09-30": "$1.53", "2012-06-30": "$1.51", "2012-03-31": "$1.13", "2011-12-31": "$1.26", "2011-09-30": "$0.79", "2011-06-30": "$1.06", "2011-03-31": "$1.25", "2010-12-31": "$1.17", "2010-09-30": "$1.38", "2010-06-30": "$1.29", "2010-03-31": "$1.33", "2009-12-31": "$1.44", "2009-09-30": "$1.55", "2009-06-30": "$1.53", "2009-03-31": "$1.29", "2008-12-31": "$1.17", "2008-09-30": "$0.92", "2008-06-30": "$0.68", "2008-03-31": "$0.56", "2007-12-31": "$0.45", "2007-09-30": "$0.34", "2007-06-30": "$0.31", "2007-03-31": "$0.48", "2006-12-31": "$0.46"}, "net worth": {"value": "$7.18B"}, "current ratio": {"current": "2.52", "2020-09-30": "2.52", "2020-06-30": "2.03", "2020-03-31": "1.92", "2019-12-31": "2.68", "2019-09-30": "2.38", "2019-06-30": "2.47", "2019-03-31": "2.45", "2018-12-31": "4.09", "2018-09-30": "4.21", "2018-06-30": "4.07", "2018-03-31": "3.91", "2017-12-31": "3.51", "2017-09-30": "3.48", "2017-06-30": "3.50", "2017-03-31": "3.45", "2016-12-31": "3.22", "2016-09-30": "4.69", "2016-06-30": "3.17", "2016-03-31": "2.41", "2015-12-31": "2.20", "2015-09-30": "4.29", "2015-06-30": "4.42", "2015-03-31": "4.49", "2014-12-31": "4.20", "2014-09-30": "4.64", "2014-06-30": "4.55", "2014-03-31": "4.91", "2013-12-31": "4.74", "2013-09-30": "5.08", "2013-06-30": "4.79", "2013-03-31": "4.99", "2012-12-31": "4.82", "2012-09-30": "6.09", "2012-06-30": "5.76", "2012-03-31": "5.99", "2011-12-31": "5.24", "2011-09-30": "5.41", "2011-06-30": "4.53", "2011-03-31": "4.29", "2010-12-31": "3.82", "2010-09-30": "4.77", "2010-06-30": "4.51", "2010-03-31": "5.76", "2009-12-31": "5.24", "2009-09-30": "5.80", "2009-06-30": "5.51", "2009-03-31": "4.83", "2008-12-31": "4.72", "2008-09-30": "4.13", "2008-06-30": "4.08", "2008-03-31": "3.76", "2007-12-31": "4.07", "2007-09-30": "4.44", "2007-06-30": "3.89", "2007-03-31": "3.46", "2006-12-31": "2.86", "2006-09-30": "2.70", "2006-06-30": "4.78", "2006-03-31": "4.59", "2005-12-31": "4.41", "2005-09-30": "4.45", "2005-06-30": "4.59", "2005-03-31": "4.37"}, "quick ratio": {"2020-09-30": "1.55", "2020-06-30": "1.29", "2020-03-31": "1.24", "2019-12-31": "1.74", "2019-09-30": "1.53", "2019-06-30": "1.61", "2019-03-31": "1.62", "2018-12-31": "2.98", "2018-09-30": "3.04", "2018-06-30": "2.85", "2018-03-31": "2.72", "2017-12-31": "2.57", "2017-09-30": "2.36", "2017-06-30": "2.34", "2017-03-31": "2.32", "2016-12-31": "2.19", "2016-09-30": "3.46", "2016-06-30": "2.43", "2016-03-31": "1.67", "2015-12-31": "1.53", "2015-09-30": "3.06", "2015-06-30": "3.26", "2015-03-31": "3.33", "2014-12-31": "3.17", "2014-09-30": "3.45", "2014-06-30": "3.38", "2014-03-31": "3.66", "2013-12-31": "3.49", "2013-09-30": "3.59", "2013-06-30": "3.41", "2013-03-31": "3.18", "2012-12-31": "3.25", "2012-09-30": "4.30", "2012-06-30": "4.08", "2012-03-31": "4.30", "2011-12-31": "3.82", "2011-09-30": "3.91", "2011-06-30": "3.10", "2011-03-31": "2.94", "2010-12-31": "2.61", "2010-09-30": "3.53", "2010-06-30": "3.29", "2010-03-31": "4.47", "2009-12-31": "4.09", "2009-09-30": "4.42", "2009-06-30": "4.11", "2009-03-31": "3.63", "2008-12-31": "3.51", "2008-09-30": "2.94", "2008-06-30": "2.86", "2008-03-31": "2.61", "2007-12-31": "2.96", "2007-09-30": "3.14", "2007-06-30": "2.73", "2007-03-31": "2.43", "2006-12-31": "2.06", "2006-09-30": "1.90", "2006-06-30": "3.48", "2006-03-31": "3.35", "2005-12-31": "3.29", "2005-09-30": "3.24", "2005-06-30": "3.27", "2005-03-31": "3.10"}, "debt equity ratio": {"current": "0.40", "2020-09-30": "0.78", "2020-06-30": "0.80", "2020-03-31": "0.83", "2019-12-31": "0.68", "2019-09-30": "0.71", "2019-06-30": "0.70", "2019-03-31": "0.69", "2018-12-31": "0.48", "2018-09-30": "0.47", "2018-06-30": "0.51", "2018-03-31": "0.51", "2017-12-31": "0.53", "2017-09-30": "0.46", "2017-06-30": "0.52", "2017-03-31": "0.53", "2016-12-31": "0.56", "2016-09-30": "0.57", "2016-06-30": "0.70", "2016-03-31": "0.45", "2015-12-31": "0.46", "2015-09-30": "0.45", "2015-06-30": "0.45", "2015-03-31": "0.46", "2014-12-31": "0.46", "2014-09-30": "0.45", "2014-06-30": "0.45", "2014-03-31": "0.44", "2013-12-31": "0.45", "2013-09-30": "0.45", "2013-06-30": "0.47", "2013-03-31": "0.36", "2012-12-31": "0.37", "2012-09-30": "0.34", "2012-06-30": "0.35", "2012-03-31": "0.34", "2011-12-31": "0.36", "2011-09-30": "0.36", "2011-06-30": "0.19", "2011-03-31": "0.21", "2010-12-31": "0.22", "2010-09-30": "0.20", "2010-06-30": "0.19", "2010-03-31": "0.22", "2009-12-31": "0.24", "2009-09-30": "0.24", "2009-06-30": "0.28", "2009-03-31": "0.32", "2008-12-31": "0.47", "2008-09-30": "0.55", "2008-06-30": "0.54", "2008-03-31": "0.60", "2007-12-31": "0.64", "2007-09-30": "0.68", "2007-06-30": "0.77", "2007-03-31": "0.89", "2006-12-31": "1.00", "2006-09-30": "1.12", "2006-06-30": "0.79", "2006-03-31": "0.85", "2005-12-31": "0.93", "2005-09-30": "0.86", "2005-06-30": "0.91", "2005-03-31": "0.91"}, "return on equity": {"2020-09-30": "7.79%", "2020-06-30": "7.78%", "2020-03-31": "6.80%", "2019-12-31": "9.11%", "2019-09-30": "14.23%", "2019-06-30": "14.67%", "2019-03-31": "16.29%", "2018-12-31": "15.30%", "2018-09-30": "7.29%", "2018-06-30": "6.84%", "2018-03-31": "5.70%", "2017-12-31": "5.98%", "2017-09-30": "12.45%", "2017-06-30": "12.59%", "2017-03-31": "12.48%", "2016-12-31": "10.05%", "2016-09-30": "10.58%", "2016-06-30": "11.47%", "2016-03-31": "11.85%", "2015-12-31": "14.89%", "2015-09-30": "15.17%", "2015-06-30": "13.94%", "2015-03-31": "13.54%", "2014-12-31": "12.32%", "2014-09-30": "9.62%", "2014-06-30": "9.21%", "2014-03-31": "9.66%", "2013-12-31": "11.23%", "2013-09-30": "14.31%", "2013-06-30": "14.96%", "2013-03-31": "14.37%", "2012-12-31": "13.91%", "2012-09-30": "13.90%", "2012-06-30": "14.59%", "2012-03-31": "13.71%", "2011-12-31": "13.93%", "2011-09-30": "13.67%", "2011-06-30": "13.78%", "2011-03-31": "16.51%", "2010-12-31": "17.91%", "2010-09-30": "18.23%", "2010-06-30": "19.14%", "2010-03-31": "20.10%", "2009-12-31": "21.27%", "2009-09-30": "23.70%", "2009-06-30": "25.51%", "2009-03-31": "26.21%", "2008-12-31": "26.43%", "2008-09-30": "25.40%", "2008-06-30": "24.40%", "2008-03-31": "24.51%", "2007-12-31": "25.31%", "2007-09-30": "27.69%", "2007-06-30": "29.20%", "2007-03-31": "28.52%", "2006-12-31": "26.05%", "2006-09-30": "25.18%", "2006-06-30": "22.37%", "2006-03-31": "24.93%", "2005-12-31": "26.34%"}, "return on assets": {"2020-09-30": "4.40%", "2020-06-30": "4.44%", "2020-03-31": "3.94%", "2019-12-31": "5.38%", "2019-09-30": "8.66%", "2019-06-30": "9.26%", "2019-03-31": "10.60%", "2018-12-31": "10.25%", "2018-09-30": "4.84%", "2018-06-30": "4.55%", "2018-03-31": "3.79%", "2017-12-31": "3.96%", "2017-09-30": "8.21%", "2017-06-30": "8.16%", "2017-03-31": "7.86%", "2016-12-31": "6.41%", "2016-09-30": "6.86%", "2016-06-30": "7.58%", "2016-03-31": "8.16%", "2015-12-31": "10.24%", "2015-09-30": "10.43%", "2015-06-30": "9.58%", "2015-03-31": "9.30%", "2014-12-31": "8.49%", "2014-09-30": "6.63%", "2014-06-30": "6.36%", "2014-03-31": "6.65%", "2013-12-31": "7.84%", "2013-09-30": "10.13%", "2013-06-30": "10.80%", "2013-03-31": "10.60%", "2012-12-31": "10.30%", "2012-09-30": "10.31%", "2012-06-30": "10.78%", "2012-03-31": "10.45%", "2011-12-31": "10.89%", "2011-09-30": "10.99%", "2011-06-30": "11.43%", "2011-03-31": "13.70%", "2010-12-31": "14.83%", "2010-09-30": "15.04%", "2010-06-30": "15.69%", "2010-03-31": "16.16%", "2009-12-31": "16.79%", "2009-09-30": "17.98%", "2009-06-30": "18.33%", "2009-03-31": "17.96%", "2008-12-31": "17.21%", "2008-09-30": "16.08%", "2008-06-30": "15.16%", "2008-03-31": "14.72%", "2007-12-31": "14.61%", "2007-09-30": "15.22%", "2007-06-30": "15.14%", "2007-03-31": "14.70%", "2006-12-31": "13.48%", "2006-09-30": "13.16%", "2006-06-30": "12.07%", "2006-03-31": "13.22%", "2005-12-31": "13.86%"}, "return on investments": {"2020-09-30": "11.00%", "2020-06-30": "10.48%", "2020-03-31": "8.85%", "2019-12-31": "10.75%", "2019-09-30": "12.27%", "2019-06-30": "13.08%", "2019-03-31": "14.62%", "2018-12-31": "14.05%", "2018-09-30": "13.72%", "2018-06-30": "13.71%", "2018-03-31": "12.65%", "2017-12-31": "12.82%", "2017-09-30": "13.59%", "2017-06-30": "13.56%", "2017-03-31": "13.65%", "2016-12-31": "14.31%", "2016-09-30": "15.16%", "2016-06-30": "15.26%", "2016-03-31": "15.92%", "2015-12-31": "16.01%", "2015-09-30": "15.25%", "2015-06-30": "14.92%", "2015-03-31": "14.26%", "2014-12-31": "12.93%", "2014-09-30": "10.45%", "2014-06-30": "10.15%", "2014-03-31": "10.81%", "2013-12-31": "12.55%", "2013-09-30": "16.07%", "2013-06-30": "16.90%", "2013-03-31": "16.69%", "2012-12-31": "16.43%", "2012-09-30": "17.02%", "2012-06-30": "17.76%", "2012-03-31": "22.24%", "2011-12-31": "34.57%", "2011-09-30": "67.52%", "2011-06-30": "inf%", "2011-03-31": "inf%", "2010-12-31": "109.76%", "2010-09-30": "54.39%", "2010-06-30": "37.52%", "2010-03-31": "28.52%", "2009-12-31": "30.03%", "2009-09-30": "31.45%", "2009-06-30": "31.90%", "2009-03-31": "31.07%", "2008-12-31": "29.50%", "2008-09-30": "28.36%", "2008-06-30": "27.21%", "2008-03-31": "26.53%", "2007-12-31": "26.18%", "2007-09-30": "27.18%", "2007-06-30": "26.56%", "2007-03-31": "25.38%", "2006-12-31": "23.05%", "2006-09-30": "21.94%", "2006-06-30": "20.49%", "2006-03-31": "21.86%", "2005-12-31": "22.68%"}, "return on tangible equity": {"2020-09-30": "66.35%", "2020-06-30": "66.35%", "2020-03-31": "53.08%", "2019-12-31": "41.52%", "2019-09-30": "48.40%", "2019-06-30": "39.33%", "2019-03-31": "37.11%", "2018-12-31": "36.02%", "2018-09-30": "17.43%", "2018-06-30": "16.82%", "2018-03-31": "14.32%", "2017-12-31": "15.25%", "2017-09-30": "31.62%", "2017-06-30": "29.67%", "2017-03-31": "26.54%", "2016-12-31": "19.37%", "2016-09-30": "19.17%", "2016-06-30": "20.30%", "2016-03-31": "20.66%", "2015-12-31": "25.67%", "2015-09-30": "25.91%", "2015-06-30": "24.06%", "2015-03-31": "23.70%", "2014-12-31": "21.80%", "2014-09-30": "17.21%", "2014-06-30": "16.63%", "2014-03-31": "17.64%", "2013-12-31": "20.75%", "2013-09-30": "26.56%", "2013-06-30": "27.14%", "2013-03-31": "25.52%", "2012-12-31": "24.11%", "2012-09-30": "23.64%", "2012-06-30": "24.97%", "2012-03-31": "23.42%", "2011-12-31": "23.87%", "2011-09-30": "23.56%", "2011-06-30": "23.04%", "2011-03-31": "26.00%", "2010-12-31": "26.61%", "2010-09-30": "25.41%", "2010-06-30": "25.85%", "2010-03-31": "27.35%", "2009-12-31": "29.09%", "2009-09-30": "33.05%", "2009-06-30": "36.99%", "2009-03-31": "38.76%", "2008-12-31": "40.00%", "2008-09-30": "38.90%", "2008-06-30": "37.08%", "2008-03-31": "38.58%", "2007-12-31": "41.73%", "2007-09-30": "48.19%", "2007-06-30": "56.09%", "2007-03-31": "57.36%", "2006-12-31": "54.52%", "2006-09-30": "54.68%", "2006-06-30": "47.82%", "2006-03-31": "56.87%", "2005-12-31": "61.80%"}, "dividend yield history": {"last payout": "$0.68", "last yield": "1.24%"}}