{"ticker": "FND", "price": {"title": "Floor & Decor Holdings Historical Annual Stock Price Data", "value": 103.57, "historical": {"2020": {"Average Stock Price": "61.2748", "Year Open": "50.5500", "Year High": "100.9800", "Year Low": "27.0400", "Year Close": "92.8500", "Annual % Change": "82.74%"}, "2019": {"Average Stock Price": "42.2501", "Year Open": "26.2100", "Year High": "51.2900", "Year Low": "26.2100", "Year Close": "50.8100", "Annual % Change": "96.18%"}, "2018": {"Average Stock Price": "42.1343", "Year Open": "46.1200", "Year High": "57.5000", "Year Low": "24.0000", "Year Close": "25.9000", "Annual % Change": "-46.80%"}, "2017": {"Average Stock Price": "38.8144", "Year Open": "32.0500", "Year High": "49.5900", "Year Low": "32.0500", "Year Close": "48.6800", "Annual % Change": "0.00%"}}}, "market cap": {"value": "$10.77B"}, "income statement": {"Revenue": {"2019-12-31": "2045.45600", "2018-12-31": "1709.84800", "2017-12-31": "1384.76700", "2016-12-31": "1050.75900", "2015-12-31": "784.01200", "2014-12-31": "584.58800"}, "Cost Of Goods Sold": {"2019-12-31": "1182.44200", "2018-12-31": "1007.58000", "2017-12-31": "812.20300", "2016-12-31": "621.49700", "2015-12-31": "471.39000", "2014-12-31": "355.05100"}, "Gross Profit": {"2019-12-31": "863.01400", "2018-12-31": "702.26800", "2017-12-31": "572.56400", "2016-12-31": "429.26200", "2015-12-31": "312.62200", "2014-12-31": "229.53700"}, "Research And Development Expenses": {"2019-12-31": "", "2018-12-31": "", "2017-12-31": "", "2016-12-31": "", "2015-12-31": "", "2014-12-31": ""}, "SG&A Expenses": {"2019-12-31": "679.23900", "2018-12-31": "544.82200", "2017-12-31": "438.30800", "2016-12-31": "335.90100", "2015-12-31": "252.55400", "2014-12-31": "185.46900"}, "Other Operating Income Or Expenses": {"2019-12-31": "-24.59400", "2018-12-31": "-26.14500", "2017-12-31": "-16.48500", "2016-12-31": "-24.23200", "2015-12-31": "-7.67600", "2014-12-31": "-10.38700"}, "Operating Expenses": {"2019-12-31": "1886.27500", "2018-12-31": "1578.54700", "2017-12-31": "1266.99600", "2016-12-31": "981.63000", "2015-12-31": "731.62010", "2014-12-31": "550.90700"}, "Operating Income": {"2019-12-31": "159.18100", "2018-12-31": "131.30090", "2017-12-31": "117.77100", "2016-12-31": "69.12900", "2015-12-31": "52.39200", "2014-12-31": "33.68100"}, "Total Non-Operating Income/Expense": {"2019-12-31": "-8.80100", "2018-12-31": "-8.91700", "2017-12-31": "-19.21900", "2016-12-31": "-14.61600", "2015-12-31": "-9.38600", "2014-12-31": "-8.94900"}, "Pre-Tax Income": {"2019-12-31": "150.38000", "2018-12-31": "122.38400", "2017-12-31": "98.55200", "2016-12-31": "54.51300", "2015-12-31": "43.00600", "2014-12-31": "24.73200"}, "Income Taxes": {"2019-12-31": "-0.25100", "2018-12-31": "6.19700", "2017-12-31": "-4.23600", "2016-12-31": "11.47400", "2015-12-31": "16.19900", "2014-12-31": "9.63400"}, "Income After Taxes": {"2019-12-31": "150.63100", "2018-12-31": "116.18700", "2017-12-31": "102.78800", "2016-12-31": "43.03900", "2015-12-31": "26.80700", "2014-12-31": "15.09800"}, "Other Income": {"2019-12-31": "", "2018-12-31": "", "2017-12-31": "", "2016-12-31": "", "2015-12-31": "", "2014-12-31": ""}, "Income From Continuous Operations": {"2019-12-31": "150.63100", "2018-12-31": "116.18700", "2017-12-31": "102.78800", "2016-12-31": "43.03900", "2015-12-31": "26.80700", "2014-12-31": "15.09800"}, "Income From Discontinued Operations": {"2019-12-31": "", "2018-12-31": "", "2017-12-31": "", "2016-12-31": "", "2015-12-31": "", "2014-12-31": ""}, "Net Income": {"2019-12-31": "150.63100", "2018-12-31": "116.18700", "2017-12-31": "102.78800", "2016-12-31": "43.03900", "2015-12-31": "26.80700", "2014-12-31": "15.09800"}, "EBITDA": {"2019-12-31": "233.18200", "2018-12-31": "178.79890", "2017-12-31": "152.52200", "2016-12-31": "95.17200", "2015-12-31": "69.87900", "2014-12-31": "45.48900"}, "EBIT": {"2019-12-31": "159.18100", "2018-12-31": "131.30090", "2017-12-31": "117.77100", "2016-12-31": "69.12900", "2015-12-31": "52.39200", "2014-12-31": "33.68100"}, "Basic Shares Outstanding": {"2019-12-31": "99.43500", "2018-12-31": "96.77000", "2017-12-31": "90.95100", "2016-12-31": "83.43200", "2015-12-31": "83.36500", "2014-12-31": "83.22200"}, "Shares Outstanding": {"2019-12-31": "104.96200", "2018-12-31": "104.56100", "2017-12-31": "99.66000", "2016-12-31": "88.43100", "2015-12-31": "86.28100", "2014-12-31": "85.65200"}, "Basic EPS": {"2019-12-31": "1.51000", "2018-12-31": "1.20000", "2017-12-31": "1.13000", "2016-12-31": "0.52000", "2015-12-31": "0.32000", "2014-12-31": "0.18000"}, "EPS - Earnings Per Share": {"2019-12-31": "1.44000", "2018-12-31": "1.11000", "2017-12-31": "1.03000", "2016-12-31": "0.49000", "2015-12-31": "0.31000", "2014-12-31": "0.18000"}}, "income statement, quarterly": {"Revenue": {"2020-09-30": "684.84700", "2020-06-30": "462.35200", "2020-03-31": "554.93700", "2019-12-31": "527.00210", "2019-09-30": "521.09300", "2019-06-30": "520.31100", "2019-03-31": "477.05000", "2018-12-31": "436.73910", "2018-09-30": "435.88200", "2018-06-30": "434.27900", "2018-03-31": "402.94800", "2017-12-31": "389.50100", "2017-09-30": "343.92300", "2017-06-30": "344.04700", "2017-03-31": "307.29600", "2016-12-31": "278.29900", "2016-09-30": "271.31100", "2016-06-30": "265.85300", "2016-03-31": "235.30100", "2015-12-31": "", "2014-12-31": ""}, "Cost Of Goods Sold": {"2020-09-30": "390.21900", "2020-06-30": "265.66000", "2020-03-31": "318.90500", "2019-12-31": "296.97310", "2019-09-30": "307.30500", "2019-06-30": "302.48800", "2019-03-31": "275.67600", "2018-12-31": "255.72100", "2018-09-30": "257.65600", "2018-06-30": "256.64100", "2018-03-31": "237.56200", "2017-12-31": "227.12700", "2017-09-30": "201.43200", "2017-06-30": "201.81900", "2017-03-31": "181.82500", "2016-12-31": "163.55700", "2016-09-30": "160.34400", "2016-06-30": "156.20100", "2016-03-31": "141.40400", "2015-12-31": "", "2014-12-31": ""}, "Gross Profit": {"2020-09-30": "294.62800", "2020-06-30": "196.69200", "2020-03-31": "236.03200", "2019-12-31": "230.02900", "2019-09-30": "213.78800", "2019-06-30": "217.82300", "2019-03-31": "201.37400", "2018-12-31": "181.01810", "2018-09-30": "178.22600", "2018-06-30": "177.63800", "2018-03-31": "165.38600", "2017-12-31": "162.37400", "2017-09-30": "142.49100", "2017-06-30": "142.22800", "2017-03-31": "125.47100", "2016-12-31": "114.74200", "2016-09-30": "110.96700", "2016-06-30": "109.65200", "2016-03-31": "93.89700", "2015-12-31": "", "2014-12-31": ""}, "Research And Development Expenses": {"2020-09-30": "", "2020-06-30": "", "2020-03-31": "", "2019-12-31": "", "2019-09-30": "", "2019-06-30": "", "2019-03-31": "", "2018-12-31": "", "2018-09-30": "", "2018-06-30": "", "2018-03-31": "", "2017-12-31": "", "2017-09-30": "", "2017-06-30": "", "2017-03-31": "", "2016-12-31": "0.00000", "2016-09-30": "", "2016-06-30": "", "2016-03-31": "", "2015-12-31": "", "2014-12-31": ""}, "SG&A Expenses": {"2020-09-30": "210.79900", "2020-06-30": "172.17000", "2020-03-31": "183.92400", "2019-12-31": "181.89100", "2019-09-30": "174.20400", "2019-06-30": "165.55900", "2019-03-31": "157.58500", "2018-12-31": "149.45200", "2018-09-30": "135.65900", "2018-06-30": "133.80500", "2018-03-31": "125.90600", "2017-12-31": "127.31300", "2017-09-30": "107.19500", "2017-06-30": "105.16800", "2017-03-31": "98.63200", "2016-12-31": "94.79300", "2016-09-30": "84.85200", "2016-06-30": "82.39700", "2016-03-31": "76.61900", "2015-12-31": "", "2014-12-31": ""}, "Other Operating Income Or Expenses": {"2020-09-30": "-5.02700", "2020-06-30": "-3.43300", "2020-03-31": "-5.43400", "2019-12-31": "-6.01400", "2019-09-30": "-8.18400", "2019-06-30": "-6.36900", "2019-03-31": "-4.02700", "2018-12-31": "-8.25300", "2018-09-30": "-8.33000", "2018-06-30": "-6.58800", "2018-03-31": "-2.97400", "2017-12-31": "-2.66000", "2017-09-30": "-6.70000", "2017-06-30": "-2.95800", "2017-03-31": "-4.16700", "2016-12-31": "-2.74300", "2016-09-30": "-1.54600", "2016-06-30": "-16.62700", "2016-03-31": "-3.31600", "2015-12-31": "", "2014-12-31": ""}, "Operating Expenses": {"2020-09-30": "606.04500", "2020-06-30": "441.26300", "2020-03-31": "508.26300", "2019-12-31": "484.87800", "2019-09-30": "489.69300", "2019-06-30": "474.41600", "2019-03-31": "437.28800", "2018-12-31": "413.42610", "2018-09-30": "401.64500", "2018-06-30": "397.03400", "2018-03-31": "366.44200", "2017-12-31": "357.09990", "2017-09-30": "315.32700", "2017-06-30": "309.94500", "2017-03-31": "284.62400", "2016-12-31": "258.35000", "2016-09-30": "246.74200", "2016-06-30": "255.22500", "2016-03-31": "221.33900", "2015-12-31": "", "2014-12-31": ""}, "Operating Income": {"2020-09-30": "78.80200", "2020-06-30": "21.08900", "2020-03-31": "46.67400", "2019-12-31": "42.12410", "2019-09-30": "31.40010", "2019-06-30": "45.89500", "2019-03-31": "39.76200", "2018-12-31": "23.31300", "2018-09-30": "34.23700", "2018-06-30": "37.24500", "2018-03-31": "36.50600", "2017-12-31": "32.40110", "2017-09-30": "28.59600", "2017-06-30": "34.10200", "2017-03-31": "22.67200", "2016-12-31": "19.94900", "2016-09-30": "24.56900", "2016-06-30": "10.62800", "2016-03-31": "13.96200", "2015-12-31": "", "2014-12-31": ""}, "Total Non-Operating Income/Expense": {"2020-09-30": "-2.02400", "2020-06-30": "-1.28800", "2020-03-31": "-1.80700", "2019-12-31": "-1.67900", "2019-09-30": "-1.97800", "2019-06-30": "-2.22300", "2019-03-31": "-2.92100", "2018-12-31": "-2.81700", "2018-09-30": "-2.17100", "2018-06-30": "-2.14500", "2018-03-31": "-1.78400", "2017-12-31": "-2.40000", "2017-09-30": "-2.61000", "2017-06-30": "-8.79500", "2017-03-31": "-5.41400", "2016-12-31": "-7.11600", "2016-09-30": "-2.40100", "2016-06-30": "-2.62800", "2016-03-31": "-2.48600", "2015-12-31": "", "2014-12-31": ""}, "Pre-Tax Income": {"2020-09-30": "76.77800", "2020-06-30": "19.80100", "2020-03-31": "44.86700", "2019-12-31": "40.44500", "2019-09-30": "29.42200", "2019-06-30": "43.67200", "2019-03-31": "36.84100", "2018-12-31": "20.49600", "2018-09-30": "32.06600", "2018-06-30": "35.10000", "2018-03-31": "34.72200", "2017-12-31": "30.00100", "2017-09-30": "25.98600", "2017-06-30": "25.30700", "2017-03-31": "17.25800", "2016-12-31": "12.88300", "2016-09-30": "22.16800", "2016-06-30": "8.00000", "2016-03-31": "11.47600", "2015-12-31": "", "2014-12-31": ""}, "Income Taxes": {"2020-09-30": "8.00400", "2020-06-30": "-12.20300", "2020-03-31": "7.80400", "2019-12-31": "5.10400", "2019-09-30": "-11.55200", "2019-06-30": "0.07600", "2019-03-31": "6.12100", "2018-12-31": "2.59400", "2018-09-30": "5.49800", "2018-06-30": "-4.74600", "2018-03-31": "2.85100", "2017-12-31": "-17.97500", "2017-09-30": "2.73100", "2017-06-30": "4.87800", "2017-03-31": "6.13000", "2016-12-31": "-3.81600", "2016-09-30": "7.94900", "2016-06-30": "2.98800", "2016-03-31": "4.37500", "2015-12-31": "", "2014-12-31": ""}, "Income After Taxes": {"2020-09-30": "68.77400", "2020-06-30": "32.00400", "2020-03-31": "37.06300", "2019-12-31": "35.34100", "2019-09-30": "40.97400", "2019-06-30": "43.59600", "2019-03-31": "30.72000", "2018-12-31": "17.90200", "2018-09-30": "26.56800", "2018-06-30": "39.84600", "2018-03-31": "31.87100", "2017-12-31": "47.97600", "2017-09-30": "23.25500", "2017-06-30": "20.42900", "2017-03-31": "11.12800", "2016-12-31": "16.69900", "2016-09-30": "14.21900", "2016-06-30": "5.01200", "2016-03-31": "7.10100", "2015-12-31": "", "2014-12-31": ""}, "Other Income": {"2020-09-30": "", "2020-06-30": "", "2020-03-31": "", "2019-12-31": "", "2019-09-30": "", "2019-06-30": "", "2019-03-31": "", "2018-12-31": "", "2018-09-30": "", "2018-06-30": "", "2018-03-31": "", "2017-12-31": "", "2017-09-30": "", "2017-06-30": "", "2017-03-31": "", "2016-12-31": "0.00000", "2016-09-30": "", "2016-06-30": "", "2016-03-31": "", "2015-12-31": "", "2014-12-31": ""}, "Income From Continuous Operations": {"2020-09-30": "68.77400", "2020-06-30": "32.00400", "2020-03-31": "37.06300", "2019-12-31": "35.34100", "2019-09-30": "40.97400", "2019-06-30": "43.59600", "2019-03-31": "30.72000", "2018-12-31": "17.90200", "2018-09-30": "26.56800", "2018-06-30": "39.84600", "2018-03-31": "31.87100", "2017-12-31": "47.97600", "2017-09-30": "23.25500", "2017-06-30": "20.42900", "2017-03-31": "11.12800", "2016-12-31": "16.71900", "2016-09-30": "14.21900", "2016-06-30": "5.01200", "2016-03-31": "7.10100", "2015-12-31": "", "2014-12-31": ""}, "Income From Discontinued Operations": {"2020-09-30": "", "2020-06-30": "", "2020-03-31": "", "2019-12-31": "", "2019-09-30": "", "2019-06-30": "", "2019-03-31": "", "2018-12-31": "", "2018-09-30": "", "2018-06-30": "", "2018-03-31": "", "2017-12-31": "", "2017-09-30": "", "2017-06-30": "", "2017-03-31": "", "2016-12-31": "0.00000", "2016-09-30": "", "2016-06-30": "", "2016-03-31": "", "2015-12-31": "", "2014-12-31": ""}, "Net Income": {"2020-09-30": "68.77400", "2020-06-30": "32.00400", "2020-03-31": "37.06300", "2019-12-31": "35.34100", "2019-09-30": "40.97400", "2019-06-30": "43.59600", "2019-03-31": "30.72000", "2018-12-31": "17.90200", "2018-09-30": "26.56800", "2018-06-30": "39.84600", "2018-03-31": "31.87100", "2017-12-31": "47.97600", "2017-09-30": "23.25500", "2017-06-30": "20.42900", "2017-03-31": "11.12800", "2016-12-31": "16.71900", "2016-09-30": "14.21900", "2016-06-30": "5.01200", "2016-03-31": "7.10100", "2015-12-31": "", "2014-12-31": ""}, "EBITDA": {"2020-09-30": "101.66200", "2020-06-30": "43.39000", "2020-03-31": "68.76200", "2019-12-31": "62.82810", "2019-09-30": "49.78710", "2019-06-30": "63.62100", "2019-03-31": "56.94600", "2018-12-31": "37.04500", "2018-09-30": "46.53600", "2018-06-30": "48.22300", "2018-03-31": "46.99500", "2017-12-31": "41.88110", "2017-09-30": "37.35600", "2017-06-30": "42.43500", "2017-03-31": "30.85000", "2016-12-31": "27.50700", "2016-09-30": "30.54300", "2016-06-30": "17.61600", "2016-03-31": "19.48200", "2015-12-31": "", "2014-12-31": ""}, "EBIT": {"2020-09-30": "78.80200", "2020-06-30": "21.08900", "2020-03-31": "46.67400", "2019-12-31": "42.12400", "2019-09-30": "31.40010", "2019-06-30": "45.89500", "2019-03-31": "39.76200", "2018-12-31": "23.31290", "2018-09-30": "34.23700", "2018-06-30": "37.24500", "2018-03-31": "36.50600", "2017-12-31": "32.40100", "2017-09-30": "28.59600", "2017-06-30": "34.10200", "2017-03-31": "22.67200", "2016-12-31": "19.94900", "2016-09-30": "24.56900", "2016-06-30": "10.62800", "2016-03-31": "13.96200", "2015-12-31": "", "2014-12-31": ""}, "Basic Shares Outstanding": {"2020-09-30": "103.18000", "2020-06-30": "102.11400", "2020-03-31": "101.62900", "2019-12-31": "99.43500", "2019-09-30": "100.13700", "2019-06-30": "98.64200", "2019-03-31": "97.78500", "2018-12-31": "96.77000", "2018-09-30": "97.25400", "2018-06-30": "96.68400", "2018-03-31": "95.71400", "2017-12-31": "90.95100", "2017-09-30": "94.43900", "2017-06-30": "90.86100", "2017-03-31": "83.52900", "2016-12-31": "83.43200", "2016-09-30": "83.45700", "2016-06-30": "83.38500", "2016-03-31": "83.37600", "2015-12-31": "", "2014-12-31": ""}, "Shares Outstanding": {"2020-09-30": "106.37900", "2020-06-30": "105.46600", "2020-03-31": "105.51000", "2019-12-31": "104.96200", "2019-09-30": "105.18000", "2019-06-30": "104.84000", "2019-03-31": "104.32100", "2018-12-31": "104.56100", "2018-09-30": "104.56500", "2018-06-30": "104.93700", "2018-03-31": "104.66500", "2017-12-31": "99.66000", "2017-09-30": "103.90000", "2017-06-30": "99.91900", "2017-03-31": "88.64500", "2016-12-31": "88.43100", "2016-09-30": "88.36900", "2016-06-30": "87.89800", "2016-03-31": "86.66900", "2015-12-31": "", "2014-12-31": ""}, "Basic EPS": {"2020-09-30": "0.67000", "2020-06-30": "0.31000", "2020-03-31": "0.36000", "2019-12-31": "0.35000", "2019-09-30": "0.41000", "2019-06-30": "0.44000", "2019-03-31": "0.31000", "2018-12-31": "0.19000", "2018-09-30": "0.27000", "2018-06-30": "0.41000", "2018-03-31": "0.33000", "2017-12-31": "0.53000", "2017-09-30": "0.25000", "2017-06-30": "0.22000", "2017-03-31": "0.13000", "2016-12-31": "0.20000", "2016-09-30": "0.17000", "2016-06-30": "0.06000", "2016-03-31": "0.09000", "2015-12-31": "", "2014-12-31": ""}, "EPS - Earnings Per Share": {"2020-09-30": "0.65000", "2020-06-30": "0.30000", "2020-03-31": "0.35000", "2019-12-31": "0.34000", "2019-09-30": "0.39000", "2019-06-30": "0.42000", "2019-03-31": "0.29000", "2018-12-31": "0.18000", "2018-09-30": "0.25000", "2018-06-30": "0.38000", "2018-03-31": "0.30000", "2017-12-31": "0.48000", "2017-09-30": "0.22000", "2017-06-30": "0.20000", "2017-03-31": "0.13000", "2016-12-31": "0.19000", "2016-09-30": "0.16000", "2016-06-30": "0.06000", "2016-03-31": "0.08000", "2015-12-31": "0.00000", "2014-12-31": "0.00000"}}, "balance sheet": {"Cash On Hand": {"2019-12-31": "27.03700", "2018-12-31": "0.64400", "2017-12-31": "0.55600", "2016-12-31": "0.45100", "2015-12-31": "0.31800", "2014-12-31": ""}, "Receivables": {"2019-12-31": "72.16900", "2018-12-31": "71.85100", "2017-12-31": "66.51300", "2016-12-31": "34.53300", "2015-12-31": "26.22400", "2014-12-31": ""}, "Inventory": {"2019-12-31": "581.86500", "2018-12-31": "471.01400", "2017-12-31": "427.95000", "2016-12-31": "293.70200", "2015-12-31": "272.56900", "2014-12-31": ""}, "Pre-Paid Expenses": {"2019-12-31": "20.41500", "2018-12-31": "15.94900", "2017-12-31": "8.19300", "2016-12-31": "7.52900", "2015-12-31": "6.07900", "2014-12-31": ""}, "Other Current Assets": {"2019-12-31": "", "2018-12-31": "", "2017-12-31": "", "2016-12-31": "", "2015-12-31": "", "2014-12-31": ""}, "Total Current Assets": {"2019-12-31": "701.48600", "2018-12-31": "559.45800", "2017-12-31": "503.21200", "2016-12-31": "336.21500", "2015-12-31": "305.19000", "2014-12-31": ""}, "Property, Plant, And Equipment": {"2019-12-31": "456.28900", "2018-12-31": "328.36600", "2017-12-31": "220.95200", "2016-12-31": "150.47100", "2015-12-31": "102.98300", "2014-12-31": ""}, "Long-Term Investments": {"2019-12-31": "", "2018-12-31": "", "2017-12-31": "", "2016-12-31": "", "2015-12-31": "", "2014-12-31": ""}, "Goodwill And Intangible Assets": {"2019-12-31": "336.74600", "2018-12-31": "336.77700", "2017-12-31": "336.80900", "2016-12-31": "336.84100", "2015-12-31": "336.87300", "2014-12-31": "0.00000"}, "Other Long-Term Assets": {"2019-12-31": "7.53200", "2018-12-31": "9.49000", "2017-12-31": "7.01900", "2016-12-31": "7.63900", "2015-12-31": "3.84200", "2014-12-31": ""}, "Total Long-Term Assets": {"2019-12-31": "1622.82300", "2018-12-31": "674.63300", "2017-12-31": "564.78000", "2016-12-31": "494.95100", "2015-12-31": "443.69800", "2014-12-31": ""}, "Total Assets": {"2019-12-31": "2324.30900", "2018-12-31": "1234.09100", "2017-12-31": "1067.99200", "2016-12-31": "831.16600", "2015-12-31": "748.88800", "2014-12-31": "0.00000"}, "Total Current Liabilities": {"2019-12-31": "552.54100", "2018-12-31": "404.28500", "2017-12-31": "359.30000", "2016-12-31": "243.71400", "2015-12-31": "196.57400", "2014-12-31": ""}, "Long Term Debt": {"2019-12-31": "142.60600", "2018-12-31": "141.83400", "2017-12-31": "185.56200", "2016-12-31": "387.24300", "2015-12-31": "176.32300", "2014-12-31": ""}, "Other Non-Current Liabilities": {"2019-12-31": "2.17900", "2018-12-31": "39.84500", "2017-12-31": "27.48200", "2016-12-31": "20.91100", "2015-12-31": "16.82800", "2014-12-31": ""}, "Total Long Term Liabilities": {"2019-12-31": "1007.43200", "2018-12-31": "245.49700", "2017-12-31": "265.83200", "2016-12-31": "453.16900", "2015-12-31": "239.94900", "2014-12-31": ""}, "Total Liabilities": {"2019-12-31": "1559.97300", "2018-12-31": "649.78200", "2017-12-31": "625.13200", "2016-12-31": "696.88300", "2015-12-31": "436.52300", "2014-12-31": "0.00000"}, "Common Stock Net": {"2019-12-31": "0.10100", "2018-12-31": "0.09800", "2017-12-31": "0.09600", "2016-12-31": "0.08300", "2015-12-31": "0.08300", "2014-12-31": "0.00000"}, "Retained Earnings (Accumulated Deficit)": {"2019-12-31": "394.01500", "2018-12-31": "243.56300", "2017-12-31": "119.55000", "2016-12-31": "16.75400", "2015-12-31": "48.09400", "2014-12-31": ""}, "Comprehensive Income": {"2019-12-31": "-0.19300", "2018-12-31": "0.18600", "2017-12-31": "-0.20500", "2016-12-31": "0.17600", "2015-12-31": "-0.10000", "2014-12-31": ""}, "Other Share Holders Equity": {"2019-12-31": "", "2018-12-31": "", "2017-12-31": "", "2016-12-31": "", "2015-12-31": "", "2014-12-31": "0.00000"}, "Share Holder Equity": {"2019-12-31": "764.33600", "2018-12-31": "584.30900", "2017-12-31": "442.86000", "2016-12-31": "134.28300", "2015-12-31": "312.36500", "2014-12-31": "0.00000"}, "Total Liabilities And Share Holders Equity": {"2019-12-31": "2324.30900", "2018-12-31": "1234.09100", "2017-12-31": "1067.99200", "2016-12-31": "831.16600", "2015-12-31": "748.88800", "2014-12-31": "0.00000"}}, "balance sheet, quarterly": {"Cash On Hand": {"2020-09-30": "271.12600", "2020-06-30": "134.42000", "2020-03-31": "289.93100", "2019-12-31": "27.03700", "2019-09-30": "84.10600", "2019-06-30": "51.45000", "2019-03-31": "0.45100", "2018-12-31": "0.64400", "2018-09-30": "0.53400", "2018-06-30": "0.54700", "2018-03-31": "0.57200", "2017-12-31": "0.55600", "2017-09-30": "0.56700", "2017-06-30": "0.38600", "2017-03-31": "0.44500", "2016-12-31": "0.45100", "2016-09-30": "", "2016-06-30": "", "2016-03-31": "", "2015-12-31": "0.31000", "2014-12-31": ""}, "Receivables": {"2020-09-30": "81.01500", "2020-06-30": "82.08900", "2020-03-31": "50.56100", "2019-12-31": "72.16900", "2019-09-30": "54.53300", "2019-06-30": "38.47800", "2019-03-31": "66.10100", "2018-12-31": "71.85100", "2018-09-30": "65.90100", "2018-06-30": "57.20900", "2018-03-31": "48.03100", "2017-12-31": "66.51300", "2017-09-30": "52.59500", "2017-06-30": "40.58100", "2017-03-31": "33.38300", "2016-12-31": "34.53300", "2016-09-30": "", "2016-06-30": "", "2016-03-31": "", "2015-12-31": "26.22000", "2014-12-31": ""}, "Inventory": {"2020-09-30": "598.46100", "2020-06-30": "594.26900", "2020-03-31": "588.94100", "2019-12-31": "581.86500", "2019-09-30": "483.95700", "2019-06-30": "446.39700", "2019-03-31": "437.50400", "2018-12-31": "471.01400", "2018-09-30": "403.77200", "2018-06-30": "432.44600", "2018-03-31": "426.71900", "2017-12-31": "427.95000", "2017-09-30": "395.62000", "2017-06-30": "367.47300", "2017-03-31": "316.54000", "2016-12-31": "293.70200", "2016-09-30": "", "2016-06-30": "", "2016-03-31": "", "2015-12-31": "272.56000", "2014-12-31": ""}, "Pre-Paid Expenses": {"2020-09-30": "23.36700", "2020-06-30": "19.20300", "2020-03-31": "21.56200", "2019-12-31": "20.41500", "2019-09-30": "21.11300", "2019-06-30": "27.68900", "2019-03-31": "23.34200", "2018-12-31": "15.94900", "2018-09-30": "16.55300", "2018-06-30": "12.10700", "2018-03-31": "11.09600", "2017-12-31": "8.19300", "2017-09-30": "7.52500", "2017-06-30": "7.64800", "2017-03-31": "9.51700", "2016-12-31": "7.52900", "2016-09-30": "", "2016-06-30": "", "2016-03-31": "", "2015-12-31": "", "2014-12-31": ""}, "Other Current Assets": {"2020-09-30": "", "2020-06-30": "", "2020-03-31": "", "2019-12-31": "", "2019-09-30": "", "2019-06-30": "", "2019-03-31": "", "2018-12-31": "", "2018-09-30": "", "2018-06-30": "", "2018-03-31": "", "2017-12-31": "", "2017-09-30": "", "2017-06-30": "", "2017-03-31": "", "2016-12-31": "", "2016-09-30": "", "2016-06-30": "", "2016-03-31": "", "2015-12-31": "6.07000", "2014-12-31": ""}, "Total Current Assets": {"2020-09-30": "973.96900", "2020-06-30": "829.98100", "2020-03-31": "950.99500", "2019-12-31": "701.48600", "2019-09-30": "643.70900", "2019-06-30": "564.01400", "2019-03-31": "527.39800", "2018-12-31": "559.45800", "2018-09-30": "486.76000", "2018-06-30": "502.30900", "2018-03-31": "486.41800", "2017-12-31": "503.21200", "2017-09-30": "456.30700", "2017-06-30": "416.08800", "2017-03-31": "359.88500", "2016-12-31": "336.21500", "2016-09-30": "", "2016-06-30": "", "2016-03-31": "", "2015-12-31": "305.19000", "2014-12-31": ""}, "Property, Plant, And Equipment": {"2020-09-30": "506.78900", "2020-06-30": "481.77000", "2020-03-31": "473.08100", "2019-12-31": "456.28900", "2019-09-30": "425.49800", "2019-06-30": "382.64600", "2019-03-31": "338.88800", "2018-12-31": "328.36600", "2018-09-30": "300.27900", "2018-06-30": "271.50000", "2018-03-31": "245.40700", "2017-12-31": "220.95200", "2017-09-30": "200.40000", "2017-06-30": "183.64900", "2017-03-31": "163.81300", "2016-12-31": "150.47100", "2016-09-30": "", "2016-06-30": "", "2016-03-31": "", "2015-12-31": "149.38000", "2014-12-31": ""}, "Long-Term Investments": {"2020-09-30": "", "2020-06-30": "", "2020-03-31": "", "2019-12-31": "", "2019-09-30": "", "2019-06-30": "", "2019-03-31": "", "2018-12-31": "", "2018-09-30": "", "2018-06-30": "", "2018-03-31": "", "2017-12-31": "", "2017-09-30": "", "2017-06-30": "", "2017-03-31": "", "2016-12-31": "", "2016-09-30": "", "2016-06-30": "", "2016-03-31": "", "2015-12-31": "", "2014-12-31": ""}, "Goodwill And Intangible Assets": {"2020-09-30": "336.72200", "2020-06-30": "336.73000", "2020-03-31": "336.73800", "2019-12-31": "336.74600", "2019-09-30": "336.75400", "2019-06-30": "336.76200", "2019-03-31": "336.76900", "2018-12-31": "336.77700", "2018-09-30": "336.78500", "2018-06-30": "336.79300", "2018-03-31": "336.80100", "2017-12-31": "336.80900", "2017-09-30": "336.81700", "2017-06-30": "336.82500", "2017-03-31": "336.83300", "2016-12-31": "336.84100", "2016-09-30": "0.00000", "2016-06-30": "0.00000", "2016-03-31": "0.00000", "2015-12-31": "336.87000", "2014-12-31": "0.00000"}, "Other Long-Term Assets": {"2020-09-30": "6.76800", "2020-06-30": "7.13400", "2020-03-31": "7.55100", "2019-12-31": "7.53200", "2019-09-30": "7.39500", "2019-06-30": "7.69310", "2019-03-31": "11.18100", "2018-12-31": "9.49000", "2018-09-30": "8.04300", "2018-06-30": "7.80800", "2018-03-31": "7.25600", "2017-12-31": "7.01900", "2017-09-30": "7.40700", "2017-06-30": "7.65800", "2017-03-31": "7.82300", "2016-12-31": "7.63900", "2016-09-30": "", "2016-06-30": "", "2016-03-31": "", "2015-12-31": "3.84000", "2014-12-31": ""}, "Total Long-Term Assets": {"2020-09-30": "1740.42700", "2020-06-30": "1698.74900", "2020-03-31": "1682.88500", "2019-12-31": "1622.82300", "2019-09-30": "1513.16400", "2019-06-30": "1447.11000", "2019-03-31": "1345.95300", "2018-12-31": "674.63300", "2018-09-30": "645.10700", "2018-06-30": "616.10100", "2018-03-31": "589.46400", "2017-12-31": "564.78000", "2017-09-30": "544.62400", "2017-06-30": "528.13200", "2017-03-31": "508.46900", "2016-12-31": "494.95100", "2016-09-30": "", "2016-06-30": "", "2016-03-31": "", "2015-12-31": "490.09000", "2014-12-31": ""}, "Total Assets": {"2020-09-30": "2714.39600", "2020-06-30": "2528.73000", "2020-03-31": "2633.88000", "2019-12-31": "2324.30900", "2019-09-30": "2156.87300", "2019-06-30": "2011.12400", "2019-03-31": "1873.35100", "2018-12-31": "1234.09100", "2018-09-30": "1131.86700", "2018-06-30": "1118.41000", "2018-03-31": "1075.88200", "2017-12-31": "1067.99200", "2017-09-30": "1000.93100", "2017-06-30": "944.22000", "2017-03-31": "868.35400", "2016-12-31": "831.16600", "2016-09-30": "0.00000", "2016-06-30": "0.00000", "2016-03-31": "0.00000", "2015-12-31": "748.88000", "2014-12-31": "0.00000"}, "Total Current Liabilities": {"2020-09-30": "618.91800", "2020-06-30": "533.69000", "2020-03-31": "506.49700", "2019-12-31": "552.54100", "2019-09-30": "492.43200", "2019-06-30": "424.63800", "2019-03-31": "398.34900", "2018-12-31": "404.28500", "2018-09-30": "324.15800", "2018-06-30": "335.33200", "2018-03-31": "331.08300", "2017-12-31": "359.30000", "2017-09-30": "344.22400", "2017-06-30": "322.43100", "2017-03-31": "293.21500", "2016-12-31": "243.71400", "2016-09-30": "", "2016-06-30": "", "2016-03-31": "", "2015-12-31": "196.57000", "2014-12-31": ""}, "Long Term Debt": {"2020-09-30": "206.79300", "2020-06-30": "206.97710", "2020-03-31": "413.32600", "2019-12-31": "142.60600", "2019-09-30": "143.28800", "2019-06-30": "140.47000", "2019-03-31": "143.25200", "2018-12-31": "141.83400", "2018-09-30": "142.51600", "2018-06-30": "156.79800", "2018-03-31": "169.80500", "2017-12-31": "185.56200", "2017-09-30": "183.91900", "2017-06-30": "178.32500", "2017-03-31": "351.21000", "2016-12-31": "387.24300", "2016-09-30": "", "2016-06-30": "", "2016-03-31": "", "2015-12-31": "176.32000", "2014-12-31": ""}, "Other Non-Current Liabilities": {"2020-09-30": "1.92800", "2020-06-30": "2.01100", "2020-03-31": "2.11400", "2019-12-31": "2.17900", "2019-09-30": "2.27000", "2019-06-30": "2.36000", "2019-03-31": "2.45100", "2018-12-31": "39.84500", "2018-09-30": "38.15400", "2018-06-30": "30.25400", "2018-03-31": "29.02700", "2017-12-31": "27.48200", "2017-09-30": "25.29500", "2017-06-30": "24.33000", "2017-03-31": "24.68400", "2016-12-31": "20.91100", "2016-09-30": "", "2016-06-30": "", "2016-03-31": "", "2015-12-31": "16.82000", "2014-12-31": ""}, "Total Long Term Liabilities": {"2020-09-30": "1163.97300", "2020-06-30": "1144.54400", "2020-03-31": "1318.09400", "2019-12-31": "1007.43200", "2019-09-30": "941.40100", "2019-06-30": "915.59800", "2019-03-31": "855.04100", "2018-12-31": "245.49700", "2018-09-30": "244.03300", "2018-06-30": "248.40400", "2018-03-31": "257.20200", "2017-12-31": "265.83200", "2017-09-30": "268.53600", "2017-06-30": "260.64500", "2017-03-31": "429.03000", "2016-12-31": "453.16900", "2016-09-30": "", "2016-06-30": "", "2016-03-31": "", "2015-12-31": "239.93000", "2014-12-31": ""}, "Total Liabilities": {"2020-09-30": "1782.89100", "2020-06-30": "1678.23400", "2020-03-31": "1824.59100", "2019-12-31": "1559.97300", "2019-09-30": "1433.83300", "2019-06-30": "1340.23600", "2019-03-31": "1253.39000", "2018-12-31": "649.78200", "2018-09-30": "568.19100", "2018-06-30": "583.73600", "2018-03-31": "588.28500", "2017-12-31": "625.13200", "2017-09-30": "612.76000", "2017-06-30": "583.07600", "2017-03-31": "722.24500", "2016-12-31": "696.88300", "2016-09-30": "0.00000", "2016-06-30": "0.00000", "2016-03-31": "0.00000", "2015-12-31": "436.52000", "2014-12-31": "0.00000"}, "Common Stock Net": {"2020-09-30": "0.10400", "2020-06-30": "0.10300", "2020-03-31": "0.10200", "2019-12-31": "0.10100", "2019-09-30": "0.10100", "2019-06-30": "0.09900", "2019-03-31": "0.09800", "2018-12-31": "0.09800", "2018-09-30": "0.09700", "2018-06-30": "0.09700", "2018-03-31": "0.09600", "2017-12-31": "0.09600", "2017-09-30": "0.09500", "2017-06-30": "0.09300", "2017-03-31": "0.08300", "2016-12-31": "0.08300", "2016-09-30": "0.00000", "2016-06-30": "0.00000", "2016-03-31": "0.00000", "2015-12-31": "0.08000", "2014-12-31": "0.00000"}, "Retained Earnings (Accumulated Deficit)": {"2020-09-30": "531.85600", "2020-06-30": "463.08200", "2020-03-31": "431.07800", "2019-12-31": "394.01500", "2019-09-30": "358.67400", "2019-06-30": "317.70000", "2019-03-31": "274.10400", "2018-12-31": "243.56300", "2018-09-30": "225.66100", "2018-06-30": "199.09300", "2018-03-31": "159.24700", "2017-12-31": "119.55000", "2017-09-30": "71.57400", "2017-06-30": "48.31800", "2017-03-31": "27.88200", "2016-12-31": "16.75400", "2016-09-30": "", "2016-06-30": "", "2016-03-31": "", "2015-12-31": "48.09000", "2014-12-31": ""}, "Comprehensive Income": {"2020-09-30": "0.05600", "2020-06-30": "-0.03300", "2020-03-31": "-0.12500", "2019-12-31": "-0.19300", "2019-09-30": "-0.36100", "2019-06-30": "-0.36100", "2019-03-31": "-0.14800", "2018-12-31": "0.18600", "2018-09-30": "0.59100", "2018-06-30": "0.46000", "2018-03-31": "0.22500", "2017-12-31": "-0.20500", "2017-09-30": "-0.71100", "2017-06-30": "-0.59000", "2017-03-31": "-0.10600", "2016-12-31": "0.17600", "2016-09-30": "", "2016-06-30": "", "2016-03-31": "", "2015-12-31": "", "2014-12-31": ""}, "Other Share Holders Equity": {"2020-09-30": "", "2020-06-30": "", "2020-03-31": "", "2019-12-31": "", "2019-09-30": "", "2019-06-30": "", "2019-03-31": "", "2018-12-31": "", "2018-09-30": "", "2018-06-30": "", "2018-03-31": "", "2017-12-31": "", "2017-09-30": "", "2017-06-30": "", "2017-03-31": "", "2016-12-31": "", "2016-09-30": "0.00000", "2016-06-30": "0.00000", "2016-03-31": "0.00000", "2015-12-31": "-0.10000", "2014-12-31": "0.00000"}, "Share Holder Equity": {"2020-09-30": "931.50500", "2020-06-30": "850.49600", "2020-03-31": "809.28900", "2019-12-31": "764.33600", "2019-09-30": "723.04000", "2019-06-30": "670.88800", "2019-03-31": "619.96100", "2018-12-31": "584.30900", "2018-09-30": "563.67600", "2018-06-30": "534.67400", "2018-03-31": "487.59700", "2017-12-31": "442.86000", "2017-09-30": "388.17100", "2017-06-30": "361.14400", "2017-03-31": "146.10900", "2016-12-31": "134.28300", "2016-09-30": "0.00000", "2016-06-30": "0.00000", "2016-03-31": "0.00000", "2015-12-31": "312.36000", "2014-12-31": "0.00000"}, "Total Liabilities And Share Holders Equity": {"2020-09-30": "2714.39600", "2020-06-30": "2528.73000", "2020-03-31": "2633.88000", "2019-12-31": "2324.30900", "2019-09-30": "2156.87300", "2019-06-30": "2011.12400", "2019-03-31": "1873.35100", "2018-12-31": "1234.09100", "2018-09-30": "1131.86700", "2018-06-30": "1118.41000", "2018-03-31": "1075.88200", "2017-12-31": "1067.99200", "2017-09-30": "1000.93100", "2017-06-30": "944.22000", "2017-03-31": "868.35400", "2016-12-31": "831.16600", "2016-09-30": "0.00000", "2016-06-30": "0.00000", "2016-03-31": "0.00000", "2015-12-31": "748.88000", "2014-12-31": "0.00000"}}, "cash flow statement": {"Net Income/Loss": {"2019-12-31": "150.63100", "2018-12-31": "116.18700", "2017-12-31": "102.78800", "2016-12-31": "43.03900", "2015-12-31": "26.80700", "2014-12-31": "15.09800"}, "Total Depreciation And Amortization - Cash Flow": {"2019-12-31": "74.00100", "2018-12-31": "47.49800", "2017-12-31": "34.75100", "2016-12-31": "26.04300", "2015-12-31": "17.48700", "2014-12-31": "11.80800"}, "Other Non-Cash Items": {"2019-12-31": "4.61000", "2018-12-31": "5.35700", "2017-12-31": "9.97200", "2016-12-31": "-0.04300", "2015-12-31": "3.86600", "2014-12-31": "1.04500"}, "Total Non-Cash Items": {"2019-12-31": "78.61100", "2018-12-31": "52.85500", "2017-12-31": "44.72300", "2016-12-31": "26.00000", "2015-12-31": "21.35300", "2014-12-31": "12.85300"}, "Change In Accounts Receivable": {"2019-12-31": "-17.85000", "2018-12-31": "-13.48600", "2017-12-31": "-19.50800", "2016-12-31": "-10.79300", "2015-12-31": "-7.99700", "2014-12-31": "-7.76100"}, "Change In Inventories": {"2019-12-31": "-110.85100", "2018-12-31": "-53.55700", "2017-12-31": "-134.24800", "2016-12-31": "-21.13300", "2015-12-31": "-70.98800", "2014-12-31": "-45.98500"}, "Change In Accounts Payable": {"2019-12-31": "54.95600", "2018-12-31": "54.77300", "2017-12-31": "100.26400", "2016-12-31": "11.14500", "2015-12-31": "40.45400", "2014-12-31": "47.78000"}, "Change In Assets/Liabilities": {"2019-12-31": "24.52300", "2018-12-31": "24.36200", "2017-12-31": "23.96200", "2016-12-31": "5.68300", "2015-12-31": "10.64800", "2014-12-31": "7.89800"}, "Total Change In Assets/Liabilities": {"2019-12-31": "-24.58400", "2018-12-31": "16.58200", "2017-12-31": "-38.30400", "2016-12-31": "20.41700", "2015-12-31": "-27.78000", "2014-12-31": "15.64300"}, "Cash Flow From Operating Activities": {"2019-12-31": "204.65800", "2018-12-31": "185.62400", "2017-12-31": "109.20700", "2016-12-31": "89.45600", "2015-12-31": "20.38000", "2014-12-31": "43.59400"}, "Net Change In Property, Plant, And Equipment": {"2019-12-31": "-196.00800", "2018-12-31": "-151.39700", "2017-12-31": "-102.25300", "2016-12-31": "-74.64800", "2015-12-31": "-45.03700", "2014-12-31": "-39.06900"}, "Net Change In Intangible Assets": {"2019-12-31": "", "2018-12-31": "", "2017-12-31": "", "2016-12-31": "", "2015-12-31": "", "2014-12-31": ""}, "Net Acquisitions/Divestitures": {"2019-12-31": "", "2018-12-31": "", "2017-12-31": "", "2016-12-31": "", "2015-12-31": "", "2014-12-31": ""}, "Net Change In Short-term Investments": {"2019-12-31": "", "2018-12-31": "", "2017-12-31": "", "2016-12-31": "", "2015-12-31": "", "2014-12-31": ""}, "Net Change In Long-Term Investments": {"2019-12-31": "", "2018-12-31": "", "2017-12-31": "", "2016-12-31": "", "2015-12-31": "", "2014-12-31": ""}, "Net Change In Investments - Total": {"2019-12-31": "", "2018-12-31": "", "2017-12-31": "", "2016-12-31": "", "2015-12-31": "", "2014-12-31": ""}, "Investing Activities - Other": {"2019-12-31": "", "2018-12-31": "", "2017-12-31": "", "2016-12-31": "", "2015-12-31": "0.01600", "2014-12-31": ""}, "Cash Flow From Investing Activities": {"2019-12-31": "-196.00800", "2018-12-31": "-151.39700", "2017-12-31": "-102.25300", "2016-12-31": "-74.64800", "2015-12-31": "-45.02100", "2014-12-31": "-39.06900"}, "Net Long-Term Debt": {"2019-12-31": "-3.50000", "2018-12-31": "-44.50000", "2017-12-31": "-206.50000", "2016-12-31": "220.76600", "2015-12-31": "24.73300", "2014-12-31": "-5.16700"}, "Net Current Debt": {"2019-12-31": "", "2018-12-31": "", "2017-12-31": "", "2016-12-31": "", "2015-12-31": "", "2014-12-31": ""}, "Debt Issuance/Retirement Net - Total": {"2019-12-31": "-3.50000", "2018-12-31": "-44.50000", "2017-12-31": "-206.50000", "2016-12-31": "220.76600", "2015-12-31": "24.73300", "2014-12-31": "-5.16700"}, "Net Common Equity Issued/Repurchased": {"2019-12-31": "21.24300", "2018-12-31": "10.53100", "2017-12-31": "201.21000", "2016-12-31": "0.28400", "2015-12-31": "0.04000", "2014-12-31": "0.65800"}, "Net Total Equity Issued/Repurchased": {"2019-12-31": "21.24300", "2018-12-31": "10.53100", "2017-12-31": "201.21000", "2016-12-31": "0.28400", "2015-12-31": "0.04000", "2014-12-31": "0.65800"}, "Total Common And Preferred Stock Dividends Paid": {"2019-12-31": "", "2018-12-31": "", "2017-12-31": "", "2016-12-31": "-225.00000", "2015-12-31": "", "2014-12-31": ""}, "Financial Activities - Other": {"2019-12-31": "", "2018-12-31": "-0.17000", "2017-12-31": "-1.55900", "2016-12-31": "-10.72500", "2015-12-31": "-0.09300", "2014-12-31": "0.08800"}, "Cash Flow From Financial Activities": {"2019-12-31": "17.74300", "2018-12-31": "-34.13900", "2017-12-31": "-6.84900", "2016-12-31": "-14.67500", "2015-12-31": "24.68000", "2014-12-31": "-4.42100"}, "Net Cash Flow": {"2019-12-31": "26.39300", "2018-12-31": "0.08800", "2017-12-31": "0.10500", "2016-12-31": "0.13300", "2015-12-31": "0.03900", "2014-12-31": "0.10400"}, "Stock-Based Compensation": {"2019-12-31": "8.71100", "2018-12-31": "6.51400", "2017-12-31": "4.95900", "2016-12-31": "3.22900", "2015-12-31": "3.25800", "2014-12-31": "2.32300"}, "Common Stock Dividends Paid": {"2019-12-31": "", "2018-12-31": "", "2017-12-31": "", "2016-12-31": "-225.00000", "2015-12-31": "", "2014-12-31": ""}}, "cash flow statement, quarterly": {"Net Income/Loss": {"2020-09-30": 68.774, "2020-06-30": 32.004, "2020-03-31": "37.06300", "2019-12-31": 35.341, "2019-09-30": 40.974, "2019-06-30": 43.596, "2019-03-31": "30.72000", "2018-12-31": 17.902, "2018-09-30": 26.568, "2018-06-30": 39.846, "2018-03-31": "31.87100", "2017-12-31": 47.976, "2017-09-30": 23.255, "2017-06-30": 20.429, "2017-03-31": "11.12800", "2016-12-31": 16.698, "2016-09-30": 14.219, "2016-06-30": 5.012, "2016-03-31": "7.10100", "2015-12-31": 11.71, "2014-12-31": 15.09}, "Total Depreciation And Amortization - Cash Flow": {"2020-09-30": 22.86, "2020-06-30": 22.301, "2020-03-31": "22.08800", "2019-12-31": 20.704, "2019-09-30": 18.387, "2019-06-30": 17.726, "2019-03-31": "17.18400", "2018-12-31": 13.732, "2018-09-30": 12.299, "2018-06-30": 10.978, "2018-03-31": "10.48900", "2017-12-31": 9.48, "2017-09-30": 8.76, "2017-06-30": 8.333, "2017-03-31": "8.17800", "2016-12-31": 7.558, "2016-09-30": 5.974, "2016-06-30": 6.988, "2016-03-31": "5.52000", "2015-12-31": 5.68, "2014-12-31": 11.8}, "Other Non-Cash Items": {"2020-09-30": 6.228, "2020-06-30": 28.597, "2020-03-31": "-1.77700", "2019-12-31": 0.16, "2019-09-30": 0.238, "2019-06-30": 2.409, "2019-03-31": "1.80300", "2018-12-31": -0.981, "2018-09-30": 1.358, "2018-06-30": 1.989, "2018-03-31": "2.99100", "2017-12-31": -8.598, "2017-09-30": 3.407, "2017-06-30": 8.825, "2017-03-31": "6.33800", "2016-12-31": -7.383, "2016-09-30": 3.918, "2016-06-30": 2.488, "2016-03-31": "0.93400", "2015-12-31": 0, "2014-12-31": 0}, "Total Non-Cash Items": {"2020-09-30": 29.088, "2020-06-30": 50.898, "2020-03-31": "20.31100", "2019-12-31": 20.864, "2019-09-30": 18.625, "2019-06-30": 20.135, "2019-03-31": "18.98700", "2018-12-31": 12.751, "2018-09-30": 13.657, "2018-06-30": 12.967, "2018-03-31": "13.48000", "2017-12-31": 0.882, "2017-09-30": 12.167, "2017-06-30": 17.158, "2017-03-31": "14.51600", "2016-12-31": 0.218, "2016-09-30": 9.892, "2016-06-30": 9.476, "2016-03-31": "6.45400", "2015-12-31": 5.68, "2014-12-31": 11.8}, "Change In Accounts Receivable": {"2020-09-30": -1.175, "2020-06-30": -3.557, "2020-03-31": "18.74000", "2019-12-31": -24.016, "2019-09-30": -9.643, "2019-06-30": -6.759, "2019-03-31": "22.56800", "2018-12-31": -11.859, "2018-09-30": -14.324, "2018-06-30": -3.078, "2018-03-31": "15.77500", "2017-12-31": -5.426, "2017-09-30": -10.115, "2017-06-30": -5.117, "2017-03-31": "1.15000", "2016-12-31": 0.023, "2016-09-30": -10.281, "2016-06-30": -5.67, "2016-03-31": "5.13500", "2015-12-31": 0, "2014-12-31": 0}, "Change In Inventories": {"2020-09-30": -4.192, "2020-06-30": -5.328, "2020-03-31": "-7.07600", "2019-12-31": -97.908, "2019-09-30": -37.561, "2019-06-30": -8.892, "2019-03-31": "33.51000", "2018-12-31": -67.242, "2018-09-30": 28.674, "2018-06-30": -5.727, "2018-03-31": "-9.26200", "2017-12-31": -32.33, "2017-09-30": -28.147, "2017-06-30": -50.933, "2017-03-31": "-22.83800", "2016-12-31": 7.908, "2016-09-30": -2.709, "2016-06-30": -13.959, "2016-03-31": "-12.37300", "2015-12-31": 0, "2014-12-31": 0}, "Change In Accounts Payable": {"2020-09-30": 36.425, "2020-06-30": 6.217, "2020-03-31": "-48.64400", "2019-12-31": 50.109, "2019-09-30": 45.655, "2019-06-30": 43.197, "2019-03-31": "-84.00500", "2018-12-31": 75.718, "2018-09-30": -27.202, "2018-06-30": 9.98, "2018-03-31": "-3.72300", "2017-12-31": 9.484, "2017-09-30": 5.662, "2017-06-30": 37.645, "2017-03-31": "47.47300", "2016-12-31": -7.343, "2016-09-30": -1.842, "2016-06-30": 18.387, "2016-03-31": "1.94300", "2015-12-31": 0, "2014-12-31": 0}, "Change In Assets/Liabilities": {"2020-09-30": 1.736, "2020-06-30": 26.709, "2020-03-31": "-5.79000", "2019-12-31": 7.374, "2019-09-30": 18.648, "2019-06-30": 9.42, "2019-03-31": "-10.91900", "2018-12-31": 8.125, "2018-09-30": 7.211, "2018-06-30": 4.409, "2018-03-31": "4.61700", "2017-12-31": 1.668, "2017-09-30": 7.697, "2017-06-30": 3.578, "2017-03-31": "11.01900", "2016-12-31": -4.612, "2016-09-30": 2.406, "2016-06-30": 3.548, "2016-03-31": "4.34100", "2015-12-31": 0, "2014-12-31": 0}, "Total Change In Assets/Liabilities": {"2020-09-30": 75.118, "2020-06-30": -10.865, "2020-03-31": "-32.70600", "2019-12-31": -61.141, "2019-09-30": 27.838, "2019-06-30": 31.405, "2019-03-31": "-22.68600", "2018-12-31": 11.272, "2018-09-30": 19.551, "2018-06-30": -9.502, "2018-03-31": "-4.73900", "2017-12-31": -22.514, "2017-09-30": -18.998, "2017-06-30": -27.222, "2017-03-31": "30.43000", "2016-12-31": 1.632, "2016-09-30": 3.54, "2016-06-30": 9.585, "2016-03-31": "5.65300", "2015-12-31": -43.42, "2014-12-31": 15.64}, "Cash Flow From Operating Activities": {"2020-09-30": 172.98, "2020-06-30": 72.037, "2020-03-31": "24.66800", "2019-12-31": -4.936, "2019-09-30": 87.437, "2019-06-30": 95.136, "2019-03-31": "27.02100", "2018-12-31": 41.925, "2018-09-30": 59.776, "2018-06-30": 43.311, "2018-03-31": "40.61200", "2017-12-31": 26.344, "2017-09-30": 16.424, "2017-06-30": 10.365, "2017-03-31": "56.07400", "2016-12-31": 18.518, "2016-09-30": 27.651, "2016-06-30": 24.073, "2016-03-31": "19.20800", "2015-12-31": -23.21, "2014-12-31": 43.59}, "Net Change In Property, Plant, And Equipment": {"2020-09-30": -43.659, "2020-06-30": -27.61, "2020-03-31": "-38.38400", "2019-12-31": -54.993, "2019-09-30": -62.843, "2019-06-30": -46.538, "2019-03-31": "-31.63400", "2018-12-31": -42.002, "2018-09-30": -45.957, "2018-06-30": -35.597, "2018-03-31": "-27.84100", "2017-12-31": -32.614, "2017-09-30": -24.141, "2017-06-30": -25.697, "2017-03-31": "-19.80100", "2016-12-31": -22.4, "2016-09-30": -21.32, "2016-06-30": -17.005, "2016-03-31": "-13.91500", "2015-12-31": -5.97, "2014-12-31": -39.06}, "Net Change In Intangible Assets": {"2020-09-30": 0, "2020-06-30": 0, "2020-03-31": "", "2019-12-31": 0, "2019-09-30": 0, "2019-06-30": 0, "2019-03-31": "", "2018-12-31": 0, "2018-09-30": 0, "2018-06-30": 0, "2018-03-31": "", "2017-12-31": 0, "2017-09-30": 0, "2017-06-30": 0, "2017-03-31": "", "2016-12-31": 0, "2016-09-30": 0, "2016-06-30": 0, "2016-03-31": "", "2015-12-31": 0, "2014-12-31": 0}, "Net Acquisitions/Divestitures": {"2020-09-30": 0, "2020-06-30": 0, "2020-03-31": "", "2019-12-31": 0, "2019-09-30": 0, "2019-06-30": 0, "2019-03-31": "", "2018-12-31": 0, "2018-09-30": 0, "2018-06-30": 0, "2018-03-31": "", "2017-12-31": 0, "2017-09-30": 0, "2017-06-30": 0, "2017-03-31": "", "2016-12-31": 0, "2016-09-30": 0, "2016-06-30": 0, "2016-03-31": "", "2015-12-31": 0, "2014-12-31": 0}, "Net Change In Short-term Investments": {"2020-09-30": 0, "2020-06-30": 0, "2020-03-31": "", "2019-12-31": 0, "2019-09-30": 0, "2019-06-30": 0, "2019-03-31": "", "2018-12-31": 0, "2018-09-30": 0, "2018-06-30": 0, "2018-03-31": "", "2017-12-31": 0, "2017-09-30": 0, "2017-06-30": 0, "2017-03-31": "", "2016-12-31": 0, "2016-09-30": 0, "2016-06-30": 0, "2016-03-31": "", "2015-12-31": 0, "2014-12-31": 0}, "Net Change In Long-Term Investments": {"2020-09-30": 0, "2020-06-30": 0, "2020-03-31": "", "2019-12-31": 0, "2019-09-30": 0, "2019-06-30": 0, "2019-03-31": "", "2018-12-31": 0, "2018-09-30": 0, "2018-06-30": 0, "2018-03-31": "", "2017-12-31": 0, "2017-09-30": 0, "2017-06-30": 0, "2017-03-31": "", "2016-12-31": 0, "2016-09-30": 0, "2016-06-30": 0, "2016-03-31": "", "2015-12-31": 0, "2014-12-31": 0}, "Net Change In Investments - Total": {"2020-09-30": 0, "2020-06-30": 0, "2020-03-31": "", "2019-12-31": 0, "2019-09-30": 0, "2019-06-30": 0, "2019-03-31": "", "2018-12-31": 0, "2018-09-30": 0, "2018-06-30": 0, "2018-03-31": "", "2017-12-31": 0, "2017-09-30": 0, "2017-06-30": 0, "2017-03-31": "", "2016-12-31": 0, "2016-09-30": 0, "2016-06-30": 0, "2016-03-31": "", "2015-12-31": 0, "2014-12-31": 0}, "Investing Activities - Other": {"2020-09-30": 0, "2020-06-30": 0, "2020-03-31": "", "2019-12-31": 0, "2019-09-30": 0, "2019-06-30": 0, "2019-03-31": "", "2018-12-31": 0, "2018-09-30": 0, "2018-06-30": 0, "2018-03-31": "", "2017-12-31": 0, "2017-09-30": 0, "2017-06-30": 0, "2017-03-31": "", "2016-12-31": 0, "2016-09-30": 0, "2016-06-30": 0, "2016-03-31": "", "2015-12-31": 0.01, "2014-12-31": 0}, "Cash Flow From Investing Activities": {"2020-09-30": -43.659, "2020-06-30": -27.61, "2020-03-31": "-38.38400", "2019-12-31": -54.993, "2019-09-30": -62.843, "2019-06-30": -46.538, "2019-03-31": "-31.63400", "2018-12-31": -42.002, "2018-09-30": -45.957, "2018-06-30": -35.597, "2018-03-31": "-27.84100", "2017-12-31": -32.614, "2017-09-30": -24.141, "2017-06-30": -25.697, "2017-03-31": "-19.80100", "2016-12-31": -22.4, "2016-09-30": -21.32, "2016-06-30": -17.005, "2016-03-31": "-13.91500", "2015-12-31": -5.96, "2014-12-31": -39.06}, "Net Long-Term Debt": {"2020-09-30": -0.361, "2020-06-30": -200.362, "2020-03-31": "274.12500", "2019-12-31": -0.875, "2019-09-30": -0.875, "2019-06-30": -2.975, "2019-03-31": "1.22500", "2018-12-31": -0.875, "2018-09-30": -14.475, "2018-06-30": -13.2, "2018-03-31": "-15.95000", "2017-12-31": 2.025, "2017-09-30": 5.425, "2017-06-30": -177.575, "2017-03-31": "-36.37500", "2016-12-31": 239.566, "2016-09-30": -6.667, "2016-06-30": -6.866, "2016-03-31": "-5.26700", "2015-12-31": 0, "2014-12-31": 0}, "Net Current Debt": {"2020-09-30": 0, "2020-06-30": 0, "2020-03-31": "", "2019-12-31": 0, "2019-09-30": 0, "2019-06-30": 0, "2019-03-31": "", "2018-12-31": 0, "2018-09-30": 0, "2018-06-30": 0, "2018-03-31": "", "2017-12-31": 0, "2017-09-30": 0, "2017-06-30": 0, "2017-03-31": "", "2016-12-31": 0, "2016-09-30": 0, "2016-06-30": 0, "2016-03-31": "", "2015-12-31": 0, "2014-12-31": 0}, "Debt Issuance/Retirement Net - Total": {"2020-09-30": -0.361, "2020-06-30": -200.362, "2020-03-31": "274.12500", "2019-12-31": -0.875, "2019-09-30": -0.875, "2019-06-30": -2.975, "2019-03-31": "1.22500", "2018-12-31": -0.875, "2018-09-30": -14.475, "2018-06-30": -13.2, "2018-03-31": "-15.95000", "2017-12-31": 2.025, "2017-09-30": 5.425, "2017-06-30": -177.575, "2017-03-31": "-36.37500", "2016-12-31": 239.56, "2016-09-30": -6.667, "2016-06-30": -6.866, "2016-03-31": "-5.26700", "2015-12-31": 29.89, "2014-12-31": -5.16}, "Net Common Equity Issued/Repurchased": {"2020-09-30": 7.746, "2020-06-30": 4.877, "2020-03-31": "4.91400", "2019-12-31": 3.735, "2019-09-30": 8.937, "2019-06-30": 5.376, "2019-03-31": "3.19500", "2018-12-31": 1.232, "2018-09-30": 0.643, "2018-06-30": 5.461, "2018-03-31": "3.19500", "2017-12-31": 4.8, "2017-09-30": 2.473, "2017-06-30": 193.841, "2017-03-31": "0.09600", "2016-12-31": -0.054, "2016-09-30": 0.304, "2016-06-30": 0, "2016-03-31": "0.03400", "2015-12-31": 0, "2014-12-31": 0}, "Net Total Equity Issued/Repurchased": {"2020-09-30": 7.746, "2020-06-30": 4.877, "2020-03-31": "4.91400", "2019-12-31": 3.735, "2019-09-30": 8.937, "2019-06-30": 5.376, "2019-03-31": "3.19500", "2018-12-31": 1.232, "2018-09-30": 0.643, "2018-06-30": 5.461, "2018-03-31": "3.19500", "2017-12-31": 4.8, "2017-09-30": 2.473, "2017-06-30": 193.841, "2017-03-31": "0.09600", "2016-12-31": -0.058, "2016-09-30": 0.304, "2016-06-30": 0, "2016-03-31": "0.03400", "2015-12-31": -0.61, "2014-12-31": 0.65}, "Total Common And Preferred Stock Dividends Paid": {"2020-09-30": 0, "2020-06-30": 0, "2020-03-31": "", "2019-12-31": 0, "2019-09-30": 0, "2019-06-30": 0, "2019-03-31": "", "2018-12-31": 0, "2018-09-30": 0, "2018-06-30": 0, "2018-03-31": "", "2017-12-31": 0, "2017-09-30": 0, "2017-06-30": 0, "2017-03-31": "", "2016-12-31": -225, "2016-09-30": 0, "2016-06-30": 0, "2016-03-31": "", "2015-12-31": 0, "2014-12-31": 0}, "Financial Activities - Other": {"2020-09-30": 0, "2020-06-30": -4.453, "2020-03-31": "-2.42900", "2019-12-31": 0, "2019-09-30": 0, "2019-06-30": 0, "2019-03-31": "", "2018-12-31": -0.17, "2018-09-30": 0, "2018-06-30": 0, "2018-03-31": "", "2017-12-31": -0.566, "2017-09-30": 0, "2017-06-30": -0.993, "2017-03-31": "", "2016-12-31": -10.521, "2016-09-30": -0.002, "2016-06-30": -0.18, "2016-03-31": "-0.01700", "2015-12-31": -0.17, "2014-12-31": 0.08}, "Cash Flow From Financial Activities": {"2020-09-30": 7.385, "2020-06-30": -199.938, "2020-03-31": "276.61000", "2019-12-31": 2.86, "2019-09-30": 8.062, "2019-06-30": 2.401, "2019-03-31": "4.42000", "2018-12-31": 0.187, "2018-09-30": -13.832, "2018-06-30": -7.739, "2018-03-31": "-12.75500", "2017-12-31": 6.259, "2017-09-30": 7.898, "2017-06-30": 15.273, "2017-03-31": "-36.27900", "2016-12-31": 3.991, "2016-09-30": -6.365, "2016-06-30": -7.046, "2016-03-31": "-5.25000", "2015-12-31": 29.1, "2014-12-31": -4.42}, "Net Cash Flow": {"2020-09-30": 136.706, "2020-06-30": -155.511, "2020-03-31": "262.89400", "2019-12-31": -57.069, "2019-09-30": 32.656, "2019-06-30": 50.999, "2019-03-31": "-0.19300", "2018-12-31": 0.11, "2018-09-30": -0.013, "2018-06-30": -0.025, "2018-03-31": "0.01600", "2017-12-31": -0.011, "2017-09-30": 0.181, "2017-06-30": -0.059, "2017-03-31": "-0.00600", "2016-12-31": 0.099, "2016-09-30": -0.034, "2016-06-30": 0.022, "2016-03-31": "0.04300", "2015-12-31": -0.07, "2014-12-31": 0.1}, "Stock-Based Compensation": {"2020-09-30": 4.4, "2020-06-30": 4.234, "2020-03-31": "2.90800", "2019-12-31": 2.051, "2019-09-30": 2.242, "2019-06-30": 2.168, "2019-03-31": "2.25000", "2018-12-31": 1.903, "2018-09-30": 1.659, "2018-06-30": 1.537, "2018-03-31": "1.41500", "2017-12-31": 1.406, "2017-09-30": 1.418, "2017-06-30": 1.25, "2017-03-31": "0.88500", "2016-12-31": 1.023, "2016-09-30": 0.746, "2016-06-30": 0.705, "2016-03-31": "0.75500", "2015-12-31": 0, "2014-12-31": 0}, "Common Stock Dividends Paid": {"2020-09-30": 0, "2020-06-30": 0, "2020-03-31": "", "2019-12-31": 0, "2019-09-30": 0, "2019-06-30": 0, "2019-03-31": "", "2018-12-31": 0, "2018-09-30": 0, "2018-06-30": 0, "2018-03-31": "", "2017-12-31": 0, "2017-09-30": 0, "2017-06-30": 0, "2017-03-31": "", "2016-12-31": -225, "2016-09-30": 0, "2016-06-30": 0, "2016-03-31": "", "2015-12-31": 0, "2014-12-31": 0}}, "financial ratios": {"Current Ratio": {"2019-12-31": "1.26960", "2018-12-31": "1.38380", "2017-12-31": "1.40050", "2016-12-31": "1.37950", "2015-12-31": "1.55250", "2014-12-31": ""}, "Long-term Debt / Capital": {"2019-12-31": "0.15720", "2018-12-31": "0.19530", "2017-12-31": "0.29530", "2016-12-31": "0.74250", "2015-12-31": "0.36080", "2014-12-31": ""}, "Debt/Equity Ratio": {"2019-12-31": "0.18660", "2018-12-31": "0.24870", "2017-12-31": "0.42690", "2016-12-31": "2.90980", "2015-12-31": "0.56850", "2014-12-31": ""}, "Gross Margin": {"2019-12-31": "42.19180", "2018-12-31": "41.07200", "2017-12-31": "41.34730", "2016-12-31": "40.85260", "2015-12-31": "39.87470", "2014-12-31": "39.26480"}, "Operating Margin": {"2019-12-31": "7.78220", "2018-12-31": "7.67910", "2017-12-31": "8.50480", "2016-12-31": "6.57900", "2015-12-31": "6.68250", "2014-12-31": "5.76150"}, "EBIT Margin": {"2019-12-31": "7.78220", "2018-12-31": "7.67910", "2017-12-31": "8.50480", "2016-12-31": "6.57900", "2015-12-31": "6.68250", "2014-12-31": "5.76150"}, "EBITDA Margin": {"2019-12-31": "11.40000", "2018-12-31": "10.45700", "2017-12-31": "11.01430", "2016-12-31": "9.05750", "2015-12-31": "8.91300", "2014-12-31": "7.78140"}, "Pre-Tax Profit Margin": {"2019-12-31": "7.35190", "2018-12-31": "7.15760", "2017-12-31": "7.11690", "2016-12-31": "5.18800", "2015-12-31": "5.48540", "2014-12-31": "4.23070"}, "Net Profit Margin": {"2019-12-31": "7.36420", "2018-12-31": "6.79520", "2017-12-31": "7.42280", "2016-12-31": "4.09600", "2015-12-31": "3.41920", "2014-12-31": "2.58270"}, "Asset Turnover": {"2019-12-31": "0.88000", "2018-12-31": "1.38550", "2017-12-31": "1.29660", "2016-12-31": "1.26420", "2015-12-31": "1.04690", "2014-12-31": ""}, "Inventory Turnover Ratio": {"2019-12-31": "2.03220", "2018-12-31": "2.13920", "2017-12-31": "1.89790", "2016-12-31": "2.11610", "2015-12-31": "1.72940", "2014-12-31": ""}, "Receiveable Turnover": {"2019-12-31": "28.34260", "2018-12-31": "23.79710", "2017-12-31": "20.81950", "2016-12-31": "30.42770", "2015-12-31": "29.89670", "2014-12-31": ""}, "Days Sales In Receivables": {"2019-12-31": "12.87820", "2018-12-31": "15.33800", "2017-12-31": "17.53170", "2016-12-31": "11.99570", "2015-12-31": "12.20870", "2014-12-31": ""}, "ROE - Return On Equity": {"2019-12-31": "19.70740", "2018-12-31": "19.88450", "2017-12-31": "23.21000", "2016-12-31": "32.05100", "2015-12-31": "8.58190", "2014-12-31": ""}, "Return On Tangible Equity": {"2019-12-31": "35.22790", "2018-12-31": "46.93820", "2017-12-31": "96.92330", "2016-12-31": "-21.24780", "2015-12-31": "-109.38050", "2014-12-31": ""}, "ROA - Return On Assets": {"2019-12-31": "6.48070", "2018-12-31": "9.41480", "2017-12-31": "9.62440", "2016-12-31": "5.17810", "2015-12-31": "3.57960", "2014-12-31": ""}, "ROI - Return On Investment": {"2019-12-31": "16.60870", "2018-12-31": "16.00060", "2017-12-31": "16.35650", "2016-12-31": "8.25250", "2015-12-31": "5.48550", "2014-12-31": ""}, "Book Value Per Share": {"2019-12-31": "7.53350", "2018-12-31": "5.98750", "2017-12-31": "4.63680", "2016-12-31": "1.60780", "2015-12-31": "3.74010", "2014-12-31": ""}, "Operating Cash Flow Per Share": {"2019-12-31": 0.1745, "2018-12-31": 0.6795, "2017-12-31": 0.0842, "2016-12-31": 0.7754, "2015-12-31": -0.2728, "2014-12-31": 0.509}, "Free Cash Flow Per Share": {"2019-12-31": -0.2449, "2018-12-31": 0.2575, "2017-12-31": -0.0977, "2016-12-31": 0.4533, "2015-12-31": -0.3386, "2014-12-31": 0.0528}}, "financial ratios, quarterly": {"Current Ratio": {"2020-09-30": "1.57370", "2020-06-30": "1.55520", "2020-03-31": "1.87760", "2019-12-31": "1.26960", "2019-09-30": "1.30720", "2019-06-30": "1.32820", "2019-03-31": "1.32400", "2018-12-31": "1.38380", "2018-09-30": "1.50160", "2018-06-30": "1.49790", "2018-03-31": "1.46920", "2017-12-31": "1.40050", "2017-09-30": "1.32560", "2017-06-30": "1.29050", "2017-03-31": "1.22740", "2016-12-31": "1.37950", "2016-09-30": "", "2016-06-30": "", "2016-03-31": "", "2015-12-31": "", "2014-12-31": ""}, "Long-term Debt / Capital": {"2020-09-30": "0.18170", "2020-06-30": "0.19570", "2020-03-31": "0.33810", "2019-12-31": "0.15720", "2019-09-30": "0.16540", "2019-06-30": "0.17310", "2019-03-31": "0.18770", "2018-12-31": "0.19530", "2018-09-30": "0.20180", "2018-06-30": "0.22680", "2018-03-31": "0.25830", "2017-12-31": "0.29530", "2017-09-30": "0.32150", "2017-06-30": "0.33060", "2017-03-31": "0.70620", "2016-12-31": "0.74250", "2016-09-30": "", "2016-06-30": "", "2016-03-31": "", "2015-12-31": "", "2014-12-31": ""}, "Debt/Equity Ratio": {"2020-09-30": "0.22490", "2020-06-30": "0.24640", "2020-03-31": "0.51300", "2019-12-31": "0.18660", "2019-09-30": "0.19820", "2019-06-30": "0.21460", "2019-03-31": "0.23670", "2018-12-31": "0.24870", "2018-09-30": "0.25900", "2018-06-30": "0.29980", "2018-03-31": "0.35540", "2017-12-31": "0.42690", "2017-09-30": "0.48280", "2017-06-30": "0.50350", "2017-03-31": "2.42770", "2016-12-31": "2.90980", "2016-09-30": "", "2016-06-30": "", "2016-03-31": "", "2015-12-31": "", "2014-12-31": ""}, "Gross Margin": {"2020-09-30": "43.02100", "2020-06-30": "42.54160", "2020-03-31": "42.53310", "2019-12-31": "43.64860", "2019-09-30": "41.02680", "2019-06-30": "41.86400", "2019-03-31": "42.21240", "2018-12-31": "41.44760", "2018-09-30": "40.88860", "2018-06-30": "40.90410", "2018-03-31": "41.04400", "2017-12-31": "41.68770", "2017-09-30": "41.43110", "2017-06-30": "41.33970", "2017-03-31": "40.83070", "2016-12-31": "41.23620", "2016-09-30": "40.90030", "2016-06-30": "41.24540", "2016-03-31": "39.90510", "2015-12-31": "", "2014-12-31": ""}, "Operating Margin": {"2020-09-30": "11.50650", "2020-06-30": "4.56120", "2020-03-31": "8.41070", "2019-12-31": "7.99310", "2019-09-30": "6.02580", "2019-06-30": "8.82070", "2019-03-31": "8.33500", "2018-12-31": "5.33800", "2018-09-30": "7.85460", "2018-06-30": "8.57630", "2018-03-31": "9.05970", "2017-12-31": "8.31860", "2017-09-30": "8.31460", "2017-06-30": "9.91200", "2017-03-31": "7.37790", "2016-12-31": "7.16820", "2016-09-30": "9.05570", "2016-06-30": "3.99770", "2016-03-31": "5.93370", "2015-12-31": "", "2014-12-31": ""}, "EBIT Margin": {"2020-09-30": "11.50650", "2020-06-30": "4.56120", "2020-03-31": "8.41070", "2019-12-31": "7.99310", "2019-09-30": "6.02580", "2019-06-30": "8.82070", "2019-03-31": "8.33500", "2018-12-31": "5.33790", "2018-09-30": "7.85460", "2018-06-30": "8.57630", "2018-03-31": "9.05970", "2017-12-31": "8.31860", "2017-09-30": "8.31460", "2017-06-30": "9.91200", "2017-03-31": "7.37790", "2016-12-31": "7.16820", "2016-09-30": "9.05570", "2016-06-30": "3.99770", "2016-03-31": "5.93370", "2015-12-31": "", "2014-12-31": ""}, "EBITDA Margin": {"2020-09-30": "", "2020-06-30": "", "2020-03-31": "", "2019-12-31": "", "2019-09-30": "", "2019-06-30": "", "2019-03-31": "", "2018-12-31": "", "2018-09-30": "", "2018-06-30": "", "2018-03-31": "", "2017-12-31": "", "2017-09-30": "", "2017-06-30": "", "2017-03-31": "", "2016-12-31": "", "2016-09-30": "", "2016-06-30": "", "2016-03-31": "", "2015-12-31": "", "2014-12-31": ""}, "Pre-Tax Profit Margin": {"2020-09-30": "11.21100", "2020-06-30": "4.28270", "2020-03-31": "8.08510", "2019-12-31": "7.67450", "2019-09-30": "5.64620", "2019-06-30": "8.39340", "2019-03-31": "7.72270", "2018-12-31": "4.69300", "2018-09-30": "7.35660", "2018-06-30": "8.08240", "2018-03-31": "8.61700", "2017-12-31": "7.70240", "2017-09-30": "7.55580", "2017-06-30": "7.35570", "2017-03-31": "5.61610", "2016-12-31": "4.62920", "2016-09-30": "8.17070", "2016-06-30": "3.00920", "2016-03-31": "4.87720", "2015-12-31": "", "2014-12-31": ""}, "Net Profit Margin": {"2020-09-30": "10.04220", "2020-06-30": "6.92200", "2020-03-31": "6.67880", "2019-12-31": "6.70600", "2019-09-30": "7.86310", "2019-06-30": "8.37880", "2019-03-31": "6.43960", "2018-12-31": "4.09900", "2018-09-30": "6.09520", "2018-06-30": "9.17520", "2018-03-31": "7.90950", "2017-12-31": "12.31730", "2017-09-30": "6.76170", "2017-06-30": "5.93790", "2017-03-31": "3.62130", "2016-12-31": "6.00760", "2016-09-30": "5.24080", "2016-06-30": "1.88530", "2016-03-31": "3.01780", "2015-12-31": "", "2014-12-31": ""}, "Asset Turnover": {"2020-09-30": "0.25230", "2020-06-30": "0.18280", "2020-03-31": "0.21070", "2019-12-31": "0.22670", "2019-09-30": "0.24160", "2019-06-30": "0.25870", "2019-03-31": "0.25470", "2018-12-31": "0.35390", "2018-09-30": "0.38510", "2018-06-30": "0.38830", "2018-03-31": "0.37450", "2017-12-31": "0.36470", "2017-09-30": "0.34360", "2017-06-30": "0.36440", "2017-03-31": "0.35390", "2016-12-31": "0.33480", "2016-09-30": "", "2016-06-30": "", "2016-03-31": "", "2015-12-31": "", "2014-12-31": ""}, "Inventory Turnover Ratio": {"2020-09-30": "0.65200", "2020-06-30": "0.44700", "2020-03-31": "0.54150", "2019-12-31": "0.51040", "2019-09-30": "0.63500", "2019-06-30": "0.67760", "2019-03-31": "0.63010", "2018-12-31": "0.54290", "2018-09-30": "0.63810", "2018-06-30": "0.59350", "2018-03-31": "0.55670", "2017-12-31": "0.53070", "2017-09-30": "0.50920", "2017-06-30": "0.54920", "2017-03-31": "0.57440", "2016-12-31": "0.55690", "2016-09-30": "", "2016-06-30": "", "2016-03-31": "", "2015-12-31": "", "2014-12-31": ""}, "Receiveable Turnover": {"2020-09-30": "8.45330", "2020-06-30": "5.63230", "2020-03-31": "10.97560", "2019-12-31": "7.30230", "2019-09-30": "9.55560", "2019-06-30": "13.52230", "2019-03-31": "7.21700", "2018-12-31": "6.07840", "2018-09-30": "6.61420", "2018-06-30": "7.59110", "2018-03-31": "8.38930", "2017-12-31": "5.85600", "2017-09-30": "6.53910", "2017-06-30": "8.47800", "2017-03-31": "9.20520", "2016-12-31": "8.05890", "2016-09-30": "", "2016-06-30": "", "2016-03-31": "", "2015-12-31": "", "2014-12-31": ""}, "Days Sales In Receivables": {"2020-09-30": "10.64670", "2020-06-30": "15.97920", "2020-03-31": "8.20000", "2019-12-31": "12.32480", "2019-09-30": "9.41860", "2019-06-30": "6.65570", "2019-03-31": "12.47060", "2018-12-31": "14.80650", "2018-09-30": "13.60710", "2018-06-30": "11.85600", "2018-03-31": "10.72790", "2017-12-31": "15.36880", "2017-09-30": "13.76340", "2017-06-30": "10.61570", "2017-03-31": "9.77710", "2016-12-31": "11.16770", "2016-09-30": "", "2016-06-30": "", "2016-03-31": "", "2015-12-31": "", "2014-12-31": ""}, "ROE - Return On Equity": {"2020-09-30": "7.38310", "2020-06-30": "3.76300", "2020-03-31": "4.57970", "2019-12-31": "4.62380", "2019-09-30": "5.66690", "2019-06-30": "6.49830", "2019-03-31": "4.95520", "2018-12-31": "3.06380", "2018-09-30": "4.71330", "2018-06-30": "7.45240", "2018-03-31": "6.53630", "2017-12-31": "10.83320", "2017-09-30": "5.99090", "2017-06-30": "5.65670", "2017-03-31": "7.61620", "2016-12-31": "12.45060", "2016-09-30": "", "2016-06-30": "", "2016-03-31": "", "2015-12-31": "", "2014-12-31": ""}, "Return On Tangible Equity": {"2020-09-30": "11.56290", "2020-06-30": "6.22930", "2020-03-31": "7.84320", "2019-12-31": "8.26520", "2019-09-30": "10.60720", "2019-06-30": "13.04780", "2019-03-31": "10.84780", "2018-12-31": "7.23220", "2018-09-30": "11.70960", "2018-06-30": "20.13630", "2018-03-31": "21.13520", "2017-12-31": "45.23870", "2017-09-30": "45.28370", "2017-06-30": "84.00440", "2017-03-31": "-5.83460", "2016-12-31": "-8.25390", "2016-09-30": "", "2016-06-30": "", "2016-03-31": "", "2015-12-31": "", "2014-12-31": ""}, "ROA - Return On Assets": {"2020-09-30": "2.53370", "2020-06-30": "1.26560", "2020-03-31": "1.40720", "2019-12-31": "1.52050", "2019-09-30": "1.89970", "2019-06-30": "2.16770", "2019-03-31": "1.63980", "2018-12-31": "1.45060", "2018-09-30": "2.34730", "2018-06-30": "3.56270", "2018-03-31": "2.96230", "2017-12-31": "4.49220", "2017-09-30": "2.32330", "2017-06-30": "2.16360", "2017-03-31": "1.28150", "2016-12-31": "2.01150", "2016-09-30": "", "2016-06-30": "", "2016-03-31": "", "2015-12-31": "", "2014-12-31": ""}, "ROI - Return On Investment": {"2020-09-30": "6.04180", "2020-06-30": "3.02650", "2020-03-31": "3.03150", "2019-12-31": "3.89670", "2019-09-30": "4.72960", "2019-06-30": "5.37320", "2019-03-31": "4.02510", "2018-12-31": "2.46540", "2018-09-30": "3.76220", "2018-06-30": "5.76250", "2018-03-31": "4.84800", "2017-12-31": "7.63440", "2017-09-30": "4.06490", "2017-06-30": "3.78690", "2017-03-31": "2.23760", "2016-12-31": "3.20580", "2016-09-30": "", "2016-06-30": "", "2016-03-31": "", "2015-12-31": "", "2014-12-31": ""}, "Book Value Per Share": {"2020-09-30": "8.96460", "2020-06-30": "8.24550", "2020-03-31": "7.91020", "2019-12-31": "7.53350", "2019-09-30": "7.15700", "2019-06-30": "6.76910", "2019-03-31": "6.32630", "2018-12-31": "5.98750", "2018-09-30": "5.79160", "2018-06-30": "5.50480", "2018-03-31": "5.07420", "2017-12-31": "4.63680", "2017-09-30": "4.09960", "2017-06-30": "3.83850", "2017-03-31": "1.74910", "2016-12-31": "1.60780", "2016-09-30": "", "2016-06-30": "", "2016-03-31": "", "2015-12-31": "", "2014-12-31": ""}, "Operating Cash Flow Per Share": {"2020-09-30": 1.6182, "2020-06-30": 0.6831, "2020-03-31": "0.23380", "2019-12-31": -0.0429, "2019-09-30": 0.8275, "2019-06-30": 0.9062, "2019-03-31": "0.25900", "2018-12-31": 0.401, "2018-09-30": 0.5746, "2018-06-30": 0.4117, "2018-03-31": "0.38800", "2017-12-31": 0.2983, "2017-09-30": 0.1326, "2017-06-30": 0.0323, "2017-03-31": "0.63260", "2016-12-31": 0.2088, "2016-09-30": 0.3103, "2016-06-30": 0.2708, "2016-03-31": "0.22160", "2015-12-31": 0, "2014-12-31": 0}, "Free Cash Flow Per Share": {"2020-09-30": 1.2132, "2020-06-30": 0.4212, "2020-03-31": "-0.13000", "2019-12-31": -0.5696, "2019-09-30": 0.2325, "2019-06-30": 0.4637, "2019-03-31": "-0.04420", "2018-12-31": -0.0008, "2018-09-30": 0.1329, "2018-06-30": 0.0732, "2018-03-31": "0.12200", "2017-12-31": -0.0575, "2017-09-30": -0.0823, "2017-06-30": -0.1996, "2017-03-31": "0.40920", "2016-12-31": -0.044, "2016-09-30": 0.0709, "2016-06-30": 0.0795, "2016-03-31": "0.06110", "2015-12-31": 0, "2014-12-31": 0}}, "revenue": {"Floor & Decor Holdings Annual Revenue (Millions of US $)": {"2019": "$2,045", "2018": "$1,710", "2017": "$1,385", "2016": "$1,051", "2015": "$784", "2014": "$585"}, "Floor & Decor Holdings Quarterly Revenue (Millions of US $)": {"2020-09-30": "$685", "2020-06-30": "$462", "2020-03-31": "$555", "2019-12-31": "$527", "2019-09-30": "$521", "2019-06-30": "$520", "2019-03-31": "$477", "2018-12-31": "$437", "2018-09-30": "$436", "2018-06-30": "$434", "2018-03-31": "$403", "2017-12-31": "$390", "2017-09-30": "$344", "2017-06-30": "$344", "2017-03-31": "$307", "2016-12-31": "$278", "2016-09-30": "$271", "2016-06-30": "$266", "2016-03-31": "$235", "2015-12-31": "", "2014-12-31": ""}}, "gross-profit": {"Floor & Decor Holdings Annual Gross Profit (Millions of US $)": {"2019": "$863", "2018": "$702", "2017": "$573", "2016": "$429", "2015": "$313", "2014": "$230"}, "Floor & Decor Holdings Quarterly Gross Profit (Millions of US $)": {"2020-09-30": "$295", "2020-06-30": "$197", "2020-03-31": "$236", "2019-12-31": "$230", "2019-09-30": "$214", "2019-06-30": "$218", "2019-03-31": "$201", "2018-12-31": "$181", "2018-09-30": "$178", "2018-06-30": "$178", "2018-03-31": "$165", "2017-12-31": "$162", "2017-09-30": "$142", "2017-06-30": "$142", "2017-03-31": "$125", "2016-12-31": "$115", "2016-09-30": "$111", "2016-06-30": "$110", "2016-03-31": "$94", "2015-12-31": "", "2014-12-31": ""}}, "operating-income": {"Floor & Decor Holdings Annual Operating Income (Millions of US $)": {"2019": "$159", "2018": "$131", "2017": "$118", "2016": "$69", "2015": "$52", "2014": "$34"}, "Floor & Decor Holdings Quarterly Operating Income (Millions of US $)": {"2020-09-30": "$79", "2020-06-30": "$21", "2020-03-31": "$47", "2019-12-31": "$42", "2019-09-30": "$31", "2019-06-30": "$46", "2019-03-31": "$40", "2018-12-31": "$23", "2018-09-30": "$34", "2018-06-30": "$37", "2018-03-31": "$37", "2017-12-31": "$32", "2017-09-30": "$29", "2017-06-30": "$34", "2017-03-31": "$23", "2016-12-31": "$20", "2016-09-30": "$25", "2016-06-30": "$11", "2016-03-31": "$14", "2015-12-31": "", "2014-12-31": ""}}, "ebitda": {"Floor & Decor Holdings Annual EBITDA (Millions of US $)": {"2019": "$233", "2018": "$179", "2017": "$153", "2016": "$95", "2015": "$70", "2014": "$45"}, "Floor & Decor Holdings Quarterly EBITDA (Millions of US $)": {"2020-09-30": "$102", "2020-06-30": "$43", "2020-03-31": "$69", "2019-12-31": "$63", "2019-09-30": "$50", "2019-06-30": "$64", "2019-03-31": "$57", "2018-12-31": "$37", "2018-09-30": "$47", "2018-06-30": "$48", "2018-03-31": "$47", "2017-12-31": "$42", "2017-09-30": "$37", "2017-06-30": "$42", "2017-03-31": "$31", "2016-12-31": "$28", "2016-09-30": "$31", "2016-06-30": "$18", "2016-03-31": "$19", "2015-12-31": "", "2014-12-31": ""}}, "net-income": {"Floor & Decor Holdings Annual Net Income (Millions of US $)": {"2019": "$151", "2018": "$116", "2017": "$103", "2016": "$43", "2015": "$27", "2014": "$15"}, "Floor & Decor Holdings Quarterly Net Income (Millions of US $)": {"2020-09-30": "$69", "2020-06-30": "$32", "2020-03-31": "$37", "2019-12-31": "$35", "2019-09-30": "$41", "2019-06-30": "$44", "2019-03-31": "$31", "2018-12-31": "$18", "2018-09-30": "$27", "2018-06-30": "$40", "2018-03-31": "$32", "2017-12-31": "$48", "2017-09-30": "$23", "2017-06-30": "$20", "2017-03-31": "$11", "2016-12-31": "$17", "2016-09-30": "$14", "2016-06-30": "$5", "2016-03-31": "$7", "2015-12-31": "", "2014-12-31": ""}}, "eps-earnings-per-share-diluted": {"Floor & Decor Holdings Annual EPS": {"2019": "$1.44", "2018": "$1.11", "2017": "$1.03", "2016": "$0.49", "2015": "$0.31", "2014": "$0.18"}, "Floor & Decor Holdings Quarterly EPS": {"2020-09-30": "$0.65", "2020-06-30": "$0.30", "2020-03-31": "$0.35", "2019-12-31": "$0.34", "2019-09-30": "$0.39", "2019-06-30": "$0.42", "2019-03-31": "$0.29", "2018-12-31": "$0.18", "2018-09-30": "$0.25", "2018-06-30": "$0.38", "2018-03-31": "$0.30", "2017-12-31": "$0.48", "2017-09-30": "$0.22", "2017-06-30": "$0.20", "2017-03-31": "$0.13", "2016-12-31": "$0.19", "2016-09-30": "$0.16", "2016-06-30": "$0.06", "2016-03-31": "$0.08", "2015-12-31": "$0.00", "2014-12-31": "$0.00"}}, "shares-outstanding": {"Floor & Decor Holdings Annual Shares Outstanding (Millions of Shares)": {"2019": "105", "2018": "105", "2017": "100", "2016": "88", "2015": "86", "2014": "86"}, "Floor & Decor Holdings Quarterly Shares Outstanding (Millions of Shares)": {"2020-09-30": "106", "2020-06-30": "105", "2020-03-31": "106", "2019-12-31": "105", "2019-09-30": "105", "2019-06-30": "105", "2019-03-31": "104", "2018-12-31": "105", "2018-09-30": "105", "2018-06-30": "105", "2018-03-31": "105", "2017-12-31": "100", "2017-09-30": "104", "2017-06-30": "100", "2017-03-31": "89", "2016-12-31": "88", "2016-09-30": "88", "2016-06-30": "88", "2016-03-31": "87", "2015-12-31": "", "2014-12-31": ""}}, "total-assets": {"Floor & Decor Holdings Annual Total Assets (Millions of US $)": {"2019": "$2,324", "2018": "$1,234", "2017": "$1,068", "2016": "$831", "2015": "$749", "2014": "$0"}, "Floor & Decor Holdings Quarterly Total Assets (Millions of US $)": {"2020-09-30": "$2,714", "2020-06-30": "$2,529", "2020-03-31": "$2,634", "2019-12-31": "$2,324", "2019-09-30": "$2,157", "2019-06-30": "$2,011", "2019-03-31": "$1,873", "2018-12-31": "$1,234", "2018-09-30": "$1,132", "2018-06-30": "$1,118", "2018-03-31": "$1,076", "2017-12-31": "$1,068", "2017-09-30": "$1,001", "2017-06-30": "$944", "2017-03-31": "$868", "2016-12-31": "$831", "2016-09-30": "$0", "2016-06-30": "$0", "2016-03-31": "$0", "2015-12-31": "$749", "2014-12-31": "$0"}}, "cash-on-hand": {"Floor & Decor Holdings Annual Cash on Hand (Millions of US $)": {"2019": "$27", "2018": "$1", "2017": "$1", "2016": "$0", "2015": "$0", "2014": "$"}, "Floor & Decor Holdings Quarterly Cash on Hand (Millions of US $)": {"2020-09-30": "$271", "2020-06-30": "$134", "2020-03-31": "$290", "2019-12-31": "$27", "2019-09-30": "$84", "2019-06-30": "$51", "2019-03-31": "$0", "2018-12-31": "$1", "2018-09-30": "$1", "2018-06-30": "$1", "2018-03-31": "$1", "2017-12-31": "$1", "2017-09-30": "$1", "2017-06-30": "$0", "2017-03-31": "$0", "2016-12-31": "$0", "2016-09-30": "", "2016-06-30": "", "2016-03-31": "", "2015-12-31": "$0", "2014-12-31": ""}}, "long-term-debt": {"Floor & Decor Holdings Annual Long Term Debt (Millions of US $)": {"2019": "$143", "2018": "$142", "2017": "$186", "2016": "$387", "2015": "$176", "2014": "$"}, "Floor & Decor Holdings Quarterly Long Term Debt (Millions of US $)": {"2020-09-30": "$207", "2020-06-30": "$207", "2020-03-31": "$413", "2019-12-31": "$143", "2019-09-30": "$143", "2019-06-30": "$140", "2019-03-31": "$143", "2018-12-31": "$142", "2018-09-30": "$143", "2018-06-30": "$157", "2018-03-31": "$170", "2017-12-31": "$186", "2017-09-30": "$184", "2017-06-30": "$178", "2017-03-31": "$351", "2016-12-31": "$387", "2016-09-30": "", "2016-06-30": "", "2016-03-31": "", "2015-12-31": "$176", "2014-12-31": ""}}, "total-liabilities": {"Floor & Decor Holdings Annual Total Liabilities (Millions of US $)": {"2019": "$1,560", "2018": "$650", "2017": "$625", "2016": "$697", "2015": "$437", "2014": "$0"}, "Floor & Decor Holdings Quarterly Total Liabilities (Millions of US $)": {"2020-09-30": "$1,783", "2020-06-30": "$1,678", "2020-03-31": "$1,825", "2019-12-31": "$1,560", "2019-09-30": "$1,434", "2019-06-30": "$1,340", "2019-03-31": "$1,253", "2018-12-31": "$650", "2018-09-30": "$568", "2018-06-30": "$584", "2018-03-31": "$588", "2017-12-31": "$625", "2017-09-30": "$613", "2017-06-30": "$583", "2017-03-31": "$722", "2016-12-31": "$697", "2016-09-30": "$0", "2016-06-30": "$0", "2016-03-31": "$0", "2015-12-31": "$437", "2014-12-31": "$0"}}, "total-share-holder-equity": {"Floor & Decor Holdings Annual Share Holder Equity (Millions of US $)": {"2019": "$764", "2018": "$584", "2017": "$443", "2016": "$134", "2015": "$312", "2014": "$0"}, "Floor & Decor Holdings Quarterly Share Holder Equity (Millions of US $)": {"2020-09-30": "$932", "2020-06-30": "$850", "2020-03-31": "$809", "2019-12-31": "$764", "2019-09-30": "$723", "2019-06-30": "$671", "2019-03-31": "$620", "2018-12-31": "$584", "2018-09-30": "$564", "2018-06-30": "$535", "2018-03-31": "$488", "2017-12-31": "$443", "2017-09-30": "$388", "2017-06-30": "$361", "2017-03-31": "$146", "2016-12-31": "$134", "2016-09-30": "$0", "2016-06-30": "$0", "2016-03-31": "$0", "2015-12-31": "$312", "2014-12-31": "$0"}}, "profit-margins": {"current": "7.77%"}, "gross margin": {"2020-09-30": "42.98%", "2020-06-30": "42.47%", "2020-03-31": "42.30%", "2019-12-31": "42.20%", "2019-09-30": "41.64%", "2019-06-30": "41.60%", "2019-03-31": "41.37%", "2018-12-31": "41.05%", "2018-09-30": "41.07%", "2018-06-30": "41.18%", "2018-03-31": "41.26%", "2017-12-31": "41.23%", "2017-09-30": "41.16%", "2017-06-30": "41.08%", "2017-03-31": "41.09%", "2016-12-31": "40.95%"}, "operating margin": {"2020-09-30": "8.48%", "2020-06-30": "6.83%", "2020-03-31": "7.82%", "2019-12-31": "7.78%", "2019-09-30": "7.16%", "2019-06-30": "7.65%", "2019-03-31": "7.51%", "2018-12-31": "7.66%", "2018-09-30": "8.42%", "2018-06-30": "8.59%", "2018-03-31": "8.91%", "2017-12-31": "8.52%", "2017-09-30": "8.33%", "2017-06-30": "8.50%", "2017-03-31": "7.04%", "2016-12-31": "6.67%"}, "ebitda margin": {"2020-09-30": "12.43%", "2020-06-30": "10.90%", "2020-03-31": "11.59%", "2019-12-31": "11.44%", "2019-09-30": "10.64%", "2019-06-30": "10.96%", "2019-03-31": "10.59%", "2018-12-31": "10.47%", "2018-09-30": "11.06%", "2018-06-30": "11.08%", "2018-03-31": "11.34%", "2017-12-31": "10.97%", "2017-09-30": "10.84%", "2017-06-30": "11.00%", "2017-03-31": "9.63%", "2016-12-31": "9.14%"}, "pre tax profit margin": {"2020-09-30": "8.17%", "2020-06-30": "6.49%", "2020-03-31": "7.44%", "2019-12-31": "7.33%", "2019-09-30": "6.65%", "2019-06-30": "7.11%", "2019-03-31": "6.95%", "2018-12-31": "7.13%", "2018-09-30": "7.94%", "2018-06-30": "8.02%", "2018-03-31": "7.83%", "2017-12-31": "7.08%", "2017-09-30": "6.36%", "2017-06-30": "6.42%", "2017-03-31": "5.35%", "2016-12-31": "5.14%"}, "net profit margin": {"2020-09-30": "7.76%", "2020-06-30": "7.02%", "2020-03-31": "7.40%", "2019-12-31": "7.38%", "2019-09-30": "6.85%", "2019-06-30": "6.42%", "2019-03-31": "6.50%", "2018-12-31": "6.84%", "2018-09-30": "8.84%", "2018-06-30": "9.10%", "2018-03-31": "8.31%", "2017-12-31": "7.36%", "2017-09-30": "5.58%", "2017-06-30": "5.17%", "2017-03-31": "4.19%", "2016-12-31": "4.10%"}, "pe ratio": {"current": "80.29", "2021-02-05": "63.15", "2020-09-30": "45.61", "2020-06-30": "41.78", "2020-03-31": "21.39", "2019-12-31": "35.28", "2019-09-30": "40.28", "2019-06-30": "37.08", "2019-03-31": "37.82", "2018-12-31": "23.55", "2018-09-30": "21.71", "2018-06-30": "36.27", "2018-03-31": "44.17"}, "price sales": {"2021-02-05": "4.91", "2020-09-30": "3.54", "2020-06-30": "2.94", "2020-03-31": "1.59", "2019-12-31": "2.60", "2019-09-30": "2.74", "2019-06-30": "2.34", "2019-03-31": "2.42", "2018-12-31": "1.59", "2018-09-30": "1.88", "2018-06-30": "3.24", "2018-03-31": "3.59"}, "price book": {"current": "11.56", "2021-02-05": "11.55", "2020-09-30": "8.34", "2020-06-30": "6.99", "2020-03-31": "4.06", "2019-12-31": "6.74", "2019-09-30": "7.15", "2019-06-30": "6.19", "2019-03-31": "6.52", "2018-12-31": "4.33", "2018-09-30": "5.21", "2018-06-30": "8.96", "2018-03-31": "10.27", "2017-12-31": "10.50", "2017-09-30": "9.50", "2017-06-30": "10.23"}, "price fcf": {"2021-02-05": "", "2020-09-30": "$0.93", "2020-06-30": "$-0.05", "2020-03-31": "$-0.00", "2019-12-31": "$0.08", "2019-09-30": "$0.65", "2019-06-30": "$0.55", "2019-03-31": "$0.16", "2018-12-31": "$0.33", "2018-09-30": "$0.27", "2018-06-30": "$0.06", "2018-03-31": "$0.19"}, "net worth": {"value": "$10.77B"}, "current ratio": {"current": "1.57", "2020-09-30": "1.57", "2020-06-30": "1.56", "2020-03-31": "1.88", "2019-12-31": "1.27", "2019-09-30": "1.31", "2019-06-30": "1.33", "2019-03-31": "1.32", "2018-12-31": "1.38", "2018-09-30": "1.50", "2018-06-30": "1.50", "2018-03-31": "1.47", "2017-12-31": "1.40", "2017-09-30": "1.33", "2017-06-30": "1.29", "2017-03-31": "1.23", "2016-12-31": "1.38", "2016-09-30": "0.00", "2016-06-30": "0.00", "2016-03-31": "0.00", "2015-12-31": "1.55", "2014-12-31": "0.00"}, "quick ratio": {"2020-09-30": "0.61", "2020-06-30": "0.44", "2020-03-31": "0.72", "2019-12-31": "0.22", "2019-09-30": "0.32", "2019-06-30": "0.28", "2019-03-31": "0.23", "2018-12-31": "0.22", "2018-09-30": "0.26", "2018-06-30": "0.21", "2018-03-31": "0.18", "2017-12-31": "0.21", "2017-09-30": "0.18", "2017-06-30": "0.15", "2017-03-31": "0.15", "2016-12-31": "0.17", "2016-09-30": "0.00", "2016-06-30": "0.00", "2016-03-31": "0.00", "2015-12-31": "0.17", "2014-12-31": "0.00"}, "debt equity ratio": {"current": "0.22", "2020-09-30": "1.91", "2020-06-30": "1.97", "2020-03-31": "2.26", "2019-12-31": "2.04", "2019-09-30": "1.98", "2019-06-30": "2.00", "2019-03-31": "2.02", "2018-12-31": "1.11", "2018-09-30": "1.01", "2018-06-30": "1.09", "2018-03-31": "1.21", "2017-12-31": "1.41", "2017-09-30": "1.58", "2017-06-30": "1.62", "2017-03-31": "4.94", "2016-12-31": "5.19", "2016-09-30": "0.00", "2016-06-30": "0.00", "2016-03-31": "0.00", "2015-12-31": "1.40", "2014-12-31": "0.00"}, "return on equity": {"2020-09-30": "20.63%", "2020-06-30": "18.44%", "2020-03-31": "21.17%", "2019-12-31": "21.74%", "2019-09-30": "20.63%", "2019-06-30": "19.68%", "2019-03-31": "20.15%", "2018-12-31": "21.56%", "2018-09-30": "28.97%", "2018-06-30": "30.85%", "2018-03-31": "29.29%", "2017-12-31": "30.49%", "2017-09-30": "27.60%", "2017-06-30": "38.69%", "2017-03-31": "67.14%", "2016-12-31": "128.36%"}, "return on assets": {"2020-09-30": "6.78%", "2020-06-30": "6.01%", "2020-03-31": "6.88%", "2019-12-31": "7.22%", "2019-09-30": "7.37%", "2019-06-30": "7.68%", "2019-03-31": "8.66%", "2018-12-31": "10.26%", "2018-09-30": "13.38%", "2018-06-30": "13.42%", "2018-03-31": "12.03%", "2017-12-31": "10.51%", "2017-09-30": "7.79%", "2017-06-30": "9.38%", "2017-03-31": "11.07%", "2016-12-31": "20.70%"}, "return on investments": {"2020-09-30": "17.48%", "2020-06-30": "13.92%", "2020-03-31": "17.44%", "2019-12-31": "19.00%", "2019-09-30": "17.69%", "2019-06-30": "19.03%", "2019-03-31": "18.57%", "2018-12-31": "18.85%", "2018-09-30": "20.88%", "2018-06-30": "21.19%", "2018-03-31": "22.04%", "2017-12-31": "21.11%", "2017-09-30": "19.91%", "2017-06-30": "26.19%", "2017-03-31": "31.01%", "2016-12-31": "53.64%"}, "return on tangible equity": {"2020-09-30": "34.43%", "2020-06-30": "32.20%", "2020-03-31": "38.74%", "2019-12-31": "42.21%", "2019-09-30": "42.85%", "2019-06-30": "43.96%", "2019-03-31": "48.54%", "2018-12-31": "56.80%", "2018-09-30": "86.22%", "2018-06-30": "113.04%", "2018-03-31": "148.19%", "2017-12-31": "-4080.00%", "2017-09-30": "-89.03%", "2017-06-30": "-67.03%", "2017-03-31": "-47.72%", "2016-12-31": "-84.73%"}, "dividend yield history": {"last payout": "$0.00", "last yield": "0.00%"}}