{"ticker": "FLO", "price": {"title": "Flowers Foods Historical Annual Stock Price Data", "value": 22.39, "historical": {"2021": {"Average Stock Price": "22.4967", "Year Open": "22.9100", "Year High": "23.2000", "Year Low": "21.8000", "Year Close": "22.3900", "Annual % Change": "-1.06%"}, "2020": {"Average Stock Price": "22.7730", "Year Open": "21.2400", "Year High": "25.0900", "Year Low": "17.7400", "Year Close": "22.6300", "Annual % Change": "4.09%"}, "2019": {"Average Stock Price": "21.7855", "Year Open": "18.3600", "Year High": "24.2400", "Year Low": "18.3600", "Year Close": "21.7400", "Annual % Change": "17.70%"}, "2018": {"Average Stock Price": "20.2298", "Year Open": "19.3200", "Year High": "22.7100", "Year Low": "17.9600", "Year Close": "18.4700", "Annual % Change": "-4.35%"}, "2017": {"Average Stock Price": "18.8493", "Year Open": "19.9300", "Year High": "20.8400", "Year Low": "17.0000", "Year Close": "19.3100", "Annual % Change": "-3.30%"}, "2016": {"Average Stock Price": "17.6403", "Year Open": "21.4900", "Year High": "21.8500", "Year Low": "14.6000", "Year Close": "19.9700", "Annual % Change": "-7.07%"}, "2015": {"Average Stock Price": "22.5917", "Year Open": "19.1400", "Year High": "27.0900", "Year Low": "18.8500", "Year Close": "21.4900", "Annual % Change": "11.99%"}, "2014": {"Average Stock Price": "19.9674", "Year Open": "21.4800", "Year High": "22.1900", "Year Low": "17.6700", "Year Close": "19.1900", "Annual % Change": "-10.62%"}, "2013": {"Average Stock Price": "21.4295", "Year Open": "15.8600", "Year High": "25.3900", "Year Low": "15.8600", "Year Close": "21.4700", "Annual % Change": "38.40%"}, "2012": {"Average Stock Price": "13.8859", "Year Open": "12.4733", "Year High": "16.0867", "Year Low": "12.3000", "Year Close": "15.5133", "Annual % Change": "22.60%"}, "2011": {"Average Stock Price": "12.9976", "Year Open": "11.9111", "Year High": "15.3133", "Year Low": "10.8133", "Year Close": "12.6533", "Annual % Change": "5.80%"}, "2010": {"Average Stock Price": "11.2347", "Year Open": "10.6356", "Year High": "12.0089", "Year Low": "10.4089", "Year Close": "11.9600", "Annual % Change": "13.26%"}, "2009": {"Average Stock Price": "10.3195", "Year Open": "10.6000", "Year High": "11.6844", "Year Low": "9.1022", "Year Close": "10.5600", "Annual % Change": "-2.46%"}, "2008": {"Average Stock Price": "11.6603", "Year Open": "10.1911", "Year High": "14.2711", "Year Low": "9.6711", "Year Close": "10.8267", "Annual % Change": "4.06%"}, "2007": {"Average Stock Price": "9.4063", "Year Open": "7.9763", "Year High": "11.0756", "Year Low": "7.8815", "Year Close": "10.4044", "Annual % Change": "30.10%"}, "2006": {"Average Stock Price": "8.2054", "Year Open": "8.4681", "Year High": "9.0104", "Year Low": "7.6326", "Year Close": "7.9970", "Annual % Change": "-2.07%"}, "2005": {"Average Stock Price": "6.9559", "Year Open": "6.1077", "Year High": "9.0015", "Year Low": "5.4519", "Year Close": "8.1659", "Annual % Change": "30.91%"}, "2004": {"Average Stock Price": "5.1456", "Year Open": "5.0983", "Year High": "6.3230", "Year Low": "4.1738", "Year Close": "6.2380", "Annual % Change": "22.40%"}, "2003": {"Average Stock Price": "4.0006", "Year Open": "2.4533", "Year High": "5.3491", "Year Low": "2.1807", "Year Close": "5.0963", "Annual % Change": "98.36%"}, "2002": {"Average Stock Price": "3.1043", "Year Open": "3.4370", "Year High": "3.7860", "Year Low": "2.4099", "Year Close": "2.5692", "Annual % Change": "-26.69%"}, "2001": {"Average Stock Price": "2.6627", "Year Open": "1.3722", "Year High": "3.7750", "Year Low": "1.3502", "Year Close": "3.5046", "Annual % Change": "153.46%"}, "2000": {"Average Stock Price": "1.4967", "Year Open": "1.3502", "Year High": "1.9648", "Year Low": "1.0316", "Year Close": "1.3827", "Annual % Change": "-1.19%"}, "1999": {"Average Stock Price": "1.7349", "Year Open": "2.1123", "Year High": "2.2220", "Year Low": "1.1905", "Year Close": "1.3994", "Annual % Change": "-33.42%"}, "1998": {"Average Stock Price": "1.9279", "Year Open": "1.7945", "Year High": "2.2659", "Year Low": "1.5636", "Year Close": "2.1017", "Annual % Change": "16.44%"}, "1997": {"Average Stock Price": "1.7670", "Year Open": "1.8770", "Year High": "2.3484", "Year Low": "1.4213", "Year Close": "1.8050", "Annual % Change": "-4.37%"}, "1996": {"Average Stock Price": "1.5047", "Year Open": "1.1527", "Year High": "2.0745", "Year Low": "1.1084", "Year Close": "1.8875", "Annual % Change": "77.25%"}, "1995": {"Average Stock Price": "1.6138", "Year Open": "1.5802", "Year High": "1.9867", "Year Low": "1.0649", "Year Close": "1.0649", "Annual % Change": "-33.10%"}, "1994": {"Average Stock Price": "1.5591", "Year Open": "1.6575", "Year High": "2.1070", "Year Low": "1.4266", "Year Close": "1.5917", "Annual % Change": "-5.23%"}, "1993": {"Average Stock Price": "1.6091", "Year Open": "1.7233", "Year High": "1.7778", "Year Low": "1.4600", "Year Close": "1.6795", "Annual % Change": "-3.77%"}, "1992": {"Average Stock Price": "1.5542", "Year Open": "1.3941", "Year High": "1.8656", "Year Low": "1.2949", "Year Close": "1.7453", "Annual % Change": "22.34%"}, "1991": {"Average Stock Price": "1.3018", "Year Open": "1.2291", "Year High": "1.4925", "Year Low": "1.1632", "Year Close": "1.4266", "Annual % Change": "18.18%"}, "1990": {"Average Stock Price": "1.4761", "Year Open": "1.6356", "Year High": "1.8217", "Year Low": "1.0535", "Year Close": "1.2071", "Annual % Change": "-27.63%"}, "1989": {"Average Stock Price": "1.6158", "Year Open": "1.6900", "Year High": "1.8217", "Year Low": "1.4371", "Year Close": "1.6680", "Annual % Change": "-1.30%"}, "1988": {"Average Stock Price": "1.6079", "Year Open": "1.7005", "Year High": "1.8875", "Year Low": "1.4486", "Year Close": "1.6900", "Annual % Change": "-1.28%"}}}, "market cap": {"value": "$4.74B"}, "income statement": {"Revenue": {"2019-12-31": "4123.97400", "2018-12-31": "3951.85200", "2017-12-31": "3920.73300", "2016-12-31": "3926.88500", "2015-12-31": "3778.50500", "2014-12-31": "3748.97300", "2013-12-31": "3732.61600", "2012-12-31": "3031.12400", "2011-12-31": "2773.35600", "2010-12-31": "2573.76900", "2009-12-31": "2600.84900", "2008-12-31": "2414.89200", "2007-12-31": "2036.67400", "2006-12-31": "1888.65400", "2005-12-31": "1715.86900"}, "Cost Of Goods Sold": {"2019-12-31": "2155.70900", "2018-12-31": "2066.82800", "2017-12-31": "2009.47300", "2016-12-31": "2026.85900", "2015-12-31": "1963.15300", "2014-12-31": "1950.63300", "2013-12-31": "1972.22100", "2012-12-31": "1617.81000", "2011-12-31": "1473.20100", "2010-12-31": "1346.79000", "2009-12-31": "1390.18300", "2008-12-31": "1263.96200", "2007-12-31": "1039.01100", "2006-12-31": "949.61200", "2005-12-31": "861.58300"}, "Gross Profit": {"2019-12-31": "1968.26500", "2018-12-31": "1885.02400", "2017-12-31": "1911.26000", "2016-12-31": "1900.02600", "2015-12-31": "1815.35200", "2014-12-31": "1798.34000", "2013-12-31": "1760.39500", "2012-12-31": "1413.31400", "2011-12-31": "1300.15500", "2010-12-31": "1226.97900", "2009-12-31": "1210.66600", "2008-12-31": "1150.93000", "2007-12-31": "997.66300", "2006-12-31": "939.04210", "2005-12-31": "854.28600"}, "Research And Development Expenses": {"2019-12-31": "", "2018-12-31": "", "2017-12-31": "", "2016-12-31": "", "2015-12-31": "", "2014-12-31": "", "2013-12-31": "", "2012-12-31": "", "2011-12-31": "", "2010-12-31": "", "2009-12-31": "", "2008-12-31": "", "2007-12-31": "", "2006-12-31": "", "2005-12-31": ""}, "SG&A Expenses": {"2019-12-31": "1575.12200", "2018-12-31": "1507.25600", "2017-12-31": "1510.01500", "2016-12-31": "1469.38200", "2015-12-31": "1381.52700", "2014-12-31": "1368.28900", "2013-12-31": "1356.74200", "2012-12-31": "1092.11300", "2011-12-31": "1016.49100", "2010-12-31": "935.99900", "2009-12-31": "926.41800", "2008-12-31": "894.80000", "2007-12-31": "787.82100", "2006-12-31": "759.38700", "2005-12-31": "695.65600"}, "Other Operating Income Or Expenses": {"2019-12-31": "0.03700", "2018-12-31": "-9.21100", "2017-12-31": "", "2016-12-31": "-24.87700", "2015-12-31": "-3.77100", "2014-12-31": "-10.30800", "2013-12-31": "", "2012-12-31": "", "2011-12-31": "", "2010-12-31": "", "2009-12-31": "0.00000", "2008-12-31": "-0.11600", "2007-12-31": "0.93300", "2006-12-31": "3.08800", "2005-12-31": ""}, "Operating Expenses": {"2019-12-31": "3898.54600", "2018-12-31": "3739.50800", "2017-12-31": "3759.73000", "2016-12-31": "3661.98700", "2015-12-31": "3480.62600", "2014-12-31": "3473.57800", "2013-12-31": "3397.38300", "2012-12-31": "2812.61300", "2011-12-31": "2584.33000", "2010-12-31": "2367.90700", "2009-12-31": "2394.51600", "2008-12-31": "2232.19000", "2007-12-31": "1891.99300", "2006-12-31": "1770.16100", "2005-12-31": "1616.58300"}, "Operating Income": {"2019-12-31": "225.42820", "2018-12-31": "212.34400", "2017-12-31": "161.00290", "2016-12-31": "264.89820", "2015-12-31": "297.87890", "2014-12-31": "275.39500", "2013-12-31": "335.23320", "2012-12-31": "218.51100", "2011-12-31": "189.02590", "2010-12-31": "205.86180", "2009-12-31": "206.33300", "2008-12-31": "182.70210", "2007-12-31": "144.68090", "2006-12-31": "118.49300", "2005-12-31": "99.28600"}, "Total Non-Operating Income/Expense": {"2019-12-31": "-13.34500", "2018-12-31": "-15.18300", "2017-12-31": "-11.71000", "2016-12-31": "-15.36100", "2015-12-31": "-4.84800", "2014-12-31": "-7.34100", "2013-12-31": "-12.86000", "2012-12-31": "-9.73900", "2011-12-31": "2.94000", "2010-12-31": "4.51800", "2009-12-31": "1.42600", "2008-12-31": "7.34900", "2007-12-31": "8.40400", "2006-12-31": "4.94600", "2005-12-31": "6.33700"}, "Pre-Tax Income": {"2019-12-31": "212.08300", "2018-12-31": "197.16100", "2017-12-31": "149.29300", "2016-12-31": "249.53700", "2015-12-31": "293.03100", "2014-12-31": "268.05400", "2013-12-31": "322.37300", "2012-12-31": "208.77200", "2011-12-31": "191.96600", "2010-12-31": "210.38000", "2009-12-31": "207.75900", "2008-12-31": "190.05100", "2007-12-31": "153.08500", "2006-12-31": "123.43900", "2005-12-31": "105.62300"}, "Income Taxes": {"2019-12-31": "47.54500", "2018-12-31": "40.00100", "2017-12-31": "-0.82700", "2016-12-31": "85.76100", "2015-12-31": "103.84000", "2014-12-31": "92.31500", "2013-12-31": "91.47900", "2012-12-31": "72.65100", "2011-12-31": "68.53800", "2010-12-31": "73.33300", "2009-12-31": "74.04700", "2008-12-31": "67.74400", "2007-12-31": "54.97000", "2006-12-31": "45.30400", "2005-12-31": "39.86100"}, "Income After Taxes": {"2019-12-31": "164.53800", "2018-12-31": "157.16000", "2017-12-31": "150.12000", "2016-12-31": "163.77600", "2015-12-31": "189.19100", "2014-12-31": "175.73900", "2013-12-31": "230.89400", "2012-12-31": "136.12100", "2011-12-31": "123.42800", "2010-12-31": "137.04700", "2009-12-31": "133.71200", "2008-12-31": "122.30700", "2007-12-31": "98.11500", "2006-12-31": "78.13500", "2005-12-31": "65.76200"}, "Other Income": {"2019-12-31": "", "2018-12-31": "", "2017-12-31": "", "2016-12-31": "", "2015-12-31": "", "2014-12-31": "", "2013-12-31": "", "2012-12-31": "", "2011-12-31": "", "2010-12-31": "", "2009-12-31": "", "2008-12-31": "", "2007-12-31": "", "2006-12-31": "", "2005-12-31": ""}, "Income From Continuous Operations": {"2019-12-31": "164.53800", "2018-12-31": "157.16000", "2017-12-31": "150.12000", "2016-12-31": "163.77600", "2015-12-31": "189.19100", "2014-12-31": "175.73900", "2013-12-31": "230.89400", "2012-12-31": "136.12100", "2011-12-31": "123.42800", "2010-12-31": "137.04700", "2009-12-31": "133.71200", "2008-12-31": "122.30700", "2007-12-31": "98.11500", "2006-12-31": "74.88000", "2005-12-31": "62.85800"}, "Income From Discontinued Operations": {"2019-12-31": "", "2018-12-31": "", "2017-12-31": "", "2016-12-31": "", "2015-12-31": "", "2014-12-31": "", "2013-12-31": "", "2012-12-31": "", "2011-12-31": "", "2010-12-31": "", "2009-12-31": "", "2008-12-31": "", "2007-12-31": "", "2006-12-31": "6.73100", "2005-12-31": "-1.62700"}, "Net Income": {"2019-12-31": "164.53800", "2018-12-31": "157.16000", "2017-12-31": "150.12000", "2016-12-31": "163.77600", "2015-12-31": "189.19100", "2014-12-31": "175.73900", "2013-12-31": "230.89400", "2012-12-31": "136.12100", "2011-12-31": "123.42800", "2010-12-31": "137.04700", "2009-12-31": "130.29700", "2008-12-31": "119.23300", "2007-12-31": "94.61500", "2006-12-31": "81.04300", "2005-12-31": "61.23100"}, "EBITDA": {"2019-12-31": "369.65620", "2018-12-31": "356.46800", "2017-12-31": "307.72190", "2016-12-31": "405.76720", "2015-12-31": "430.05390", "2014-12-31": "404.35600", "2013-12-31": "453.72420", "2012-12-31": "321.20100", "2011-12-31": "283.66390", "2010-12-31": "290.97980", "2009-12-31": "287.26100", "2008-12-31": "256.01420", "2007-12-31": "210.77490", "2006-12-31": "182.74300", "2005-12-31": "158.63000"}, "EBIT": {"2019-12-31": "225.42820", "2018-12-31": "212.34400", "2017-12-31": "161.00290", "2016-12-31": "264.89820", "2015-12-31": "297.87890", "2014-12-31": "275.39500", "2013-12-31": "335.23320", "2012-12-31": "218.51100", "2011-12-31": "189.02590", "2010-12-31": "205.86180", "2009-12-31": "206.33300", "2008-12-31": "182.70210", "2007-12-31": "144.68090", "2006-12-31": "118.49300", "2005-12-31": "99.28600"}, "Basic Shares Outstanding": {"2019-12-31": "211.60600", "2018-12-31": "211.01600", "2017-12-31": "209.57300", "2016-12-31": "208.51100", "2015-12-31": "210.79300", "2014-12-31": "209.68300", "2013-12-31": "207.93500", "2012-12-31": "205.00500", "2011-12-31": "203.08100", "2010-12-31": "205.69350", "2009-12-31": "207.45000", "2008-12-31": "207.97200", "2007-12-31": "205.88620", "2006-12-31": "205.27430", "2005-12-31": "208.54570"}, "Shares Outstanding": {"2019-12-31": "211.97400", "2018-12-31": "211.63200", "2017-12-31": "210.43500", "2016-12-31": "210.35400", "2015-12-31": "213.35600", "2014-12-31": "213.09200", "2013-12-31": "211.92700", "2012-12-31": "207.67400", "2011-12-31": "205.32200", "2010-12-31": "207.24300", "2009-12-31": "208.65000", "2008-12-31": "209.60320", "2007-12-31": "208.15430", "2006-12-31": "208.35000", "2005-12-31": "214.58030"}, "Basic EPS": {"2019-12-31": "0.78000", "2018-12-31": "0.74000", "2017-12-31": "0.72000", "2016-12-31": "0.79000", "2015-12-31": "0.90000", "2014-12-31": "0.84000", "2013-12-31": "1.11000", "2012-12-31": "0.66000", "2011-12-31": "0.61000", "2010-12-31": "0.66670", "2009-12-31": "0.62670", "2008-12-31": "0.57330", "2007-12-31": "0.45780", "2006-12-31": "0.39560", "2005-12-31": "0.29330"}, "EPS - Earnings Per Share": {"2019-12-31": "0.78000", "2018-12-31": "0.74000", "2017-12-31": "0.71000", "2016-12-31": "0.78000", "2015-12-31": "0.89000", "2014-12-31": "0.82000", "2013-12-31": "1.09000", "2012-12-31": "0.66000", "2011-12-31": "0.60000", "2010-12-31": "0.66000", "2009-12-31": "0.62670", "2008-12-31": "0.56890", "2007-12-31": "0.45330", "2006-12-31": "0.39110", "2005-12-31": "0.28440"}}, "income statement, quarterly": {"Revenue": {"2020-09-30": "989.65000", "2020-06-30": "1025.86100", "2020-03-31": "1349.44400", "2019-12-31": "917.75900", "2019-09-30": "966.56100", "2019-06-30": "975.75900", "2019-03-31": "1263.89500", "2018-12-31": "880.66710", "2018-09-30": "923.44900", "2018-06-30": "941.28300", "2018-03-31": "1206.45300", "2017-12-31": "873.62290", "2017-09-30": "932.82200", "2017-06-30": "926.63900", "2017-03-31": "1187.64900", "2016-12-31": "868.71680", "2016-09-30": "918.79100", "2016-06-30": "935.02500", "2016-03-31": "1204.35200", "2015-12-31": "858.36290", "2015-09-30": "885.30200", "2015-06-30": "888.79500", "2015-03-31": "1146.04500", "2014-12-31": "877.33300", "2014-09-30": "844.93200", "2014-06-30": "872.79100", "2014-03-31": "1153.91700", "2013-12-31": "825.16090", "2013-09-30": "878.49200", "2013-06-30": "898.15300", "2013-03-31": "1130.81000", "2012-12-31": "734.07500", "2012-09-30": "717.28200", "2012-06-30": "681.56100", "2012-03-31": "898.20600", "2011-12-31": "653.56590", "2011-09-30": "675.36900", "2011-06-30": "642.59600", "2011-03-31": "801.82500", "2010-12-31": "573.13290", "2010-09-30": "597.89400", "2010-06-30": "607.71600", "2010-03-31": "795.02600", "2009-12-31": "576.82400", "2009-09-30": "602.57000", "2009-06-30": "614.44800", "2009-03-31": "807.00700", "2008-12-31": "621.59210", "2008-09-30": "575.93700", "2008-06-30": "540.65600", "2008-03-31": "676.70700", "2007-12-31": "473.66390", "2007-09-30": "475.22500", "2007-06-30": "477.83800", "2007-03-31": "609.94700", "2006-12-31": "438.17800", "2006-09-30": "441.09100", "2006-06-30": "445.77200", "2006-03-31": "563.61300", "2005-12-31": "396.52400", "2005-09-30": "408.00500", "2005-06-30": "405.30000", "2005-03-31": "506.04000"}, "Cost Of Goods Sold": {"2020-09-30": "497.65900", "2020-06-30": "506.03300", "2020-03-31": "670.87300", "2019-12-31": "485.96000", "2019-09-30": "509.05600", "2019-06-30": "508.55200", "2019-03-31": "652.14100", "2018-12-31": "467.15500", "2018-09-30": "485.68000", "2018-06-30": "488.87100", "2018-03-31": "625.12200", "2017-12-31": "456.89500", "2017-09-30": "476.26400", "2017-06-30": "468.24600", "2017-03-31": "608.06800", "2016-12-31": "450.95400", "2016-09-30": "476.76000", "2016-06-30": "477.95500", "2016-03-31": "621.19000", "2015-12-31": "455.93900", "2015-09-30": "464.04500", "2015-06-30": "457.25300", "2015-03-31": "585.91600", "2014-12-31": "453.75900", "2014-09-30": "442.97800", "2014-06-30": "458.01900", "2014-03-31": "595.87700", "2013-12-31": "447.51100", "2013-09-30": "467.79800", "2013-06-30": "471.61400", "2013-03-31": "585.29800", "2012-12-31": "390.66600", "2012-09-30": "382.50800", "2012-06-30": "365.65800", "2012-03-31": "478.97800", "2011-12-31": "353.35020", "2011-09-30": "365.70600", "2011-06-30": "341.88700", "2011-03-31": "412.25800", "2010-12-31": "297.29810", "2010-09-30": "316.14100", "2010-06-30": "318.55300", "2010-03-31": "414.79800", "2009-12-31": "305.13700", "2009-09-30": "322.24500", "2009-06-30": "333.33900", "2009-03-31": "429.46200", "2008-12-31": "321.60500", "2008-09-30": "298.79200", "2008-06-30": "293.59400", "2008-03-31": "349.97100", "2007-12-31": "242.79600", "2007-09-30": "244.32100", "2007-06-30": "244.94200", "2007-03-31": "306.95200", "2006-12-31": "223.56900", "2006-09-30": "222.68300", "2006-06-30": "224.02500", "2006-03-31": "279.33500", "2005-12-31": "200.35300", "2005-09-30": "205.95500", "2005-06-30": "202.51100", "2005-03-31": "252.76400"}, "Gross Profit": {"2020-09-30": "491.99100", "2020-06-30": "519.82800", "2020-03-31": "678.57100", "2019-12-31": "431.79910", "2019-09-30": "457.50500", "2019-06-30": "467.20700", "2019-03-31": "611.75400", "2018-12-31": "413.51210", "2018-09-30": "437.76900", "2018-06-30": "452.41200", "2018-03-31": "581.33100", "2017-12-31": "416.72790", "2017-09-30": "456.55800", "2017-06-30": "458.39300", "2017-03-31": "579.58110", "2016-12-31": "417.76280", "2016-09-30": "442.03100", "2016-06-30": "457.07000", "2016-03-31": "583.16200", "2015-12-31": "402.42400", "2015-09-30": "421.25700", "2015-06-30": "431.54200", "2015-03-31": "560.12900", "2014-12-31": "423.57400", "2014-09-30": "401.95400", "2014-06-30": "414.77200", "2014-03-31": "558.04000", "2013-12-31": "377.64990", "2013-09-30": "410.69400", "2013-06-30": "426.53900", "2013-03-31": "545.51210", "2012-12-31": "343.40900", "2012-09-30": "334.77400", "2012-06-30": "315.90300", "2012-03-31": "419.22800", "2011-12-31": "300.21570", "2011-09-30": "309.66300", "2011-06-30": "300.70900", "2011-03-31": "389.56700", "2010-12-31": "275.83490", "2010-09-30": "281.75300", "2010-06-30": "289.16300", "2010-03-31": "380.22800", "2009-12-31": "271.68700", "2009-09-30": "280.32500", "2009-06-30": "281.10900", "2009-03-31": "377.54500", "2008-12-31": "299.98710", "2008-09-30": "277.14500", "2008-06-30": "247.06200", "2008-03-31": "326.73600", "2007-12-31": "230.86800", "2007-09-30": "230.90400", "2007-06-30": "232.89600", "2007-03-31": "302.99500", "2006-12-31": "214.60900", "2006-09-30": "218.40800", "2006-06-30": "221.74700", "2006-03-31": "284.27800", "2005-12-31": "196.17100", "2005-09-30": "202.05000", "2005-06-30": "202.78900", "2005-03-31": "253.27600"}, "Research And Development Expenses": {"2020-09-30": "", "2020-06-30": "", "2020-03-31": "", "2019-12-31": "", "2019-09-30": "", "2019-06-30": "", "2019-03-31": "", "2018-12-31": "", "2018-09-30": "", "2018-06-30": "", "2018-03-31": "", "2017-12-31": "", "2017-09-30": "", "2017-06-30": "", "2017-03-31": "", "2016-12-31": "", "2016-09-30": "", "2016-06-30": "", "2016-03-31": "", "2015-12-31": "", "2015-09-30": "", "2015-06-30": "", "2015-03-31": "", "2014-12-31": "", "2014-09-30": "", "2014-06-30": "", "2014-03-31": "", "2013-12-31": "", "2013-09-30": "", "2013-06-30": "", "2013-03-31": "", "2012-12-31": "", "2012-09-30": "", "2012-06-30": "", "2012-03-31": "", "2011-12-31": "", "2011-09-30": "", "2011-06-30": "", "2011-03-31": "", "2010-12-31": "", "2010-09-30": "", "2010-06-30": "", "2010-03-31": "", "2009-12-31": "", "2009-09-30": "", "2009-06-30": "", "2009-03-31": "", "2008-12-31": "", "2008-09-30": "", "2008-06-30": "", "2008-03-31": "", "2007-12-31": "", "2007-09-30": "", "2007-06-30": "", "2007-03-31": "", "2006-12-31": "", "2006-09-30": "", "2006-06-30": "", "2006-03-31": "", "2005-12-31": "", "2005-09-30": "", "2005-06-30": "", "2005-03-31": ""}, "SG&A Expenses": {"2020-09-30": "386.73900", "2020-06-30": "396.90400", "2020-03-31": "522.03500", "2019-12-31": "377.19590", "2019-09-30": "362.38000", "2019-06-30": "359.49700", "2019-03-31": "476.04900", "2018-12-31": "339.37700", "2018-09-30": "353.05100", "2018-06-30": "360.36500", "2018-03-31": "454.46300", "2017-12-31": "334.58100", "2017-09-30": "356.82600", "2017-06-30": "355.54200", "2017-03-31": "463.06600", "2016-12-31": "344.90900", "2016-09-30": "341.53800", "2016-06-30": "338.39600", "2016-03-31": "444.53900", "2015-12-31": "316.90800", "2015-09-30": "322.08700", "2015-06-30": "318.75800", "2015-03-31": "423.77400", "2014-12-31": "330.66090", "2014-09-30": "302.08600", "2014-06-30": "314.99500", "2014-03-31": "420.54700", "2013-12-31": "291.82790", "2013-09-30": "327.52900", "2013-06-30": "325.94600", "2013-03-31": "411.43900", "2012-12-31": "258.28400", "2012-09-30": "257.32600", "2012-06-30": "246.23100", "2012-03-31": "330.27200", "2011-12-31": "240.65000", "2011-09-30": "239.08400", "2011-06-30": "236.70000", "2011-03-31": "300.05700", "2010-12-31": "210.32000", "2010-09-30": "215.22200", "2010-06-30": "217.90600", "2010-03-31": "292.55100", "2009-12-31": "205.60900", "2009-09-30": "210.18500", "2009-06-30": "216.60200", "2009-03-31": "294.02200", "2008-12-31": "228.08100", "2008-09-30": "217.38200", "2008-06-30": "197.66200", "2008-03-31": "251.67500", "2007-12-31": "184.53900", "2007-09-30": "181.72700", "2007-06-30": "183.59200", "2007-03-31": "237.96300", "2006-12-31": "175.60000", "2006-09-30": "176.99200", "2006-06-30": "176.01600", "2006-03-31": "230.77900", "2005-12-31": "163.08300", "2005-09-30": "167.14900", "2005-06-30": "161.43300", "2005-03-31": "203.99100"}, "Other Operating Income Or Expenses": {"2020-09-30": "", "2020-06-30": "", "2020-03-31": "", "2019-12-31": "-0.37600", "2019-09-30": "", "2019-06-30": "", "2019-03-31": "0.41300", "2018-12-31": "-4.73500", "2018-09-30": "1.89100", "2018-06-30": "-3.88400", "2018-03-31": "-2.48300", "2017-12-31": "", "2017-09-30": "", "2017-06-30": "", "2017-03-31": "", "2016-12-31": "", "2016-09-30": "", "2016-06-30": "", "2016-03-31": "", "2015-12-31": "-1.49600", "2015-09-30": "", "2015-06-30": "-2.27500", "2015-03-31": "", "2014-12-31": "-5.81900", "2014-09-30": "", "2014-06-30": "-4.48900", "2014-03-31": "", "2013-12-31": "", "2013-09-30": "", "2013-06-30": "", "2013-03-31": "", "2012-12-31": "", "2012-09-30": "", "2012-06-30": "", "2012-03-31": "", "2011-12-31": "", "2011-09-30": "", "2011-06-30": "", "2011-03-31": "", "2010-12-31": "", "2010-09-30": "", "2010-06-30": "", "2010-03-31": "", "2009-12-31": "", "2009-09-30": "", "2009-06-30": "", "2009-03-31": "", "2008-12-31": "-3.10800", "2008-09-30": "", "2008-06-30": "2.99200", "2008-03-31": "", "2007-12-31": "0.21500", "2007-09-30": "0.71800", "2007-06-30": "", "2007-03-31": "", "2006-12-31": "0.83600", "2006-09-30": "1.59800", "2006-06-30": "", "2006-03-31": "0.65400", "2005-12-31": "", "2005-09-30": "0.00000", "2005-06-30": "", "2005-03-31": "0.00000"}, "Operating Expenses": {"2020-09-30": "936.66000", "2020-06-30": "946.65200", "2020-03-31": "1237.57100", "2019-12-31": "913.89780", "2019-09-30": "907.90900", "2019-06-30": "903.42500", "2019-03-31": "1173.31400", "2018-12-31": "850.65190", "2018-09-30": "869.99900", "2018-06-30": "889.01900", "2018-03-31": "1129.83800", "2017-12-31": "827.48800", "2017-09-30": "984.87900", "2017-06-30": "857.91600", "2017-03-31": "1089.44700", "2016-12-31": "846.54090", "2016-09-30": "852.66000", "2016-06-30": "853.59000", "2016-03-31": "1109.19600", "2015-12-31": "806.81380", "2015-09-30": "815.55100", "2015-06-30": "808.75400", "2015-03-31": "1049.50700", "2014-12-31": "835.90080", "2014-09-30": "774.55100", "2014-06-30": "807.41000", "2014-03-31": "1055.71600", "2013-12-31": "768.06070", "2013-09-30": "825.16400", "2013-06-30": "823.30300", "2013-03-31": "980.85500", "2012-12-31": "674.88890", "2012-09-30": "664.59090", "2012-06-30": "634.14400", "2012-03-31": "838.98900", "2011-12-31": "616.93210", "2011-09-30": "627.60600", "2011-06-30": "599.48500", "2011-03-31": "740.30700", "2010-12-31": "527.30030", "2010-09-30": "551.14100", "2010-06-30": "556.48000", "2010-03-31": "732.98600", "2009-12-31": "529.67710", "2009-09-30": "551.49400", "2009-06-30": "565.58400", "2009-03-31": "747.76100", "2008-12-31": "571.78890", "2008-09-30": "533.54700", "2008-06-30": "504.29600", "2008-03-31": "622.55800", "2007-12-31": "442.62400", "2007-09-30": "440.68700", "2007-06-30": "443.65000", "2007-03-31": "565.03200", "2006-12-31": "413.84800", "2006-09-30": "412.87300", "2006-06-30": "415.15400", "2006-03-31": "528.28600", "2005-12-31": "378.08300", "2005-09-30": "386.63400", "2005-06-30": "377.37100", "2005-03-31": "474.49500"}, "Operating Income": {"2020-09-30": "52.99010", "2020-06-30": "79.20900", "2020-03-31": "111.87290", "2019-12-31": "3.86120", "2019-09-30": "58.65200", "2019-06-30": "72.33400", "2019-03-31": "90.58090", "2018-12-31": "30.01530", "2018-09-30": "53.45000", "2018-06-30": "52.26400", "2018-03-31": "76.61490", "2017-12-31": "46.13490", "2017-09-30": "-52.05700", "2017-06-30": "68.72300", "2017-03-31": "98.20200", "2016-12-31": "22.17590", "2016-09-30": "66.13100", "2016-06-30": "81.43510", "2016-03-31": "95.15600", "2015-12-31": "51.54910", "2015-09-30": "69.75100", "2015-06-30": "80.04100", "2015-03-31": "96.53800", "2014-12-31": "41.43230", "2014-09-30": "70.38100", "2014-06-30": "65.38100", "2014-03-31": "98.20090", "2013-12-31": "57.10020", "2013-09-30": "53.32800", "2013-06-30": "74.85000", "2013-03-31": "149.95500", "2012-12-31": "59.18610", "2012-09-30": "52.69100", "2012-06-30": "47.41700", "2012-03-31": "59.21700", "2011-12-31": "36.63370", "2011-09-30": "47.76300", "2011-06-30": "43.11100", "2011-03-31": "61.51800", "2010-12-31": "45.83260", "2010-09-30": "46.75300", "2010-06-30": "51.23600", "2010-03-31": "62.04000", "2009-12-31": "47.14690", "2009-09-30": "51.07600", "2009-06-30": "48.86400", "2009-03-31": "59.24600", "2008-12-31": "49.80320", "2008-09-30": "42.39000", "2008-06-30": "36.36000", "2008-03-31": "54.14900", "2007-12-31": "31.03990", "2007-09-30": "34.53800", "2007-06-30": "34.18800", "2007-03-31": "44.91500", "2006-12-31": "24.33010", "2006-09-30": "28.21800", "2006-06-30": "30.61800", "2006-03-31": "35.32700", "2005-12-31": "18.44100", "2005-09-30": "21.37100", "2005-06-30": "27.92900", "2005-03-31": "31.54500"}, "Total Non-Operating Income/Expense": {"2020-09-30": "4.47000", "2020-06-30": "-2.79700", "2020-03-31": "-119.66400", "2019-12-31": "-2.68900", "2019-09-30": "-2.85200", "2019-06-30": "-3.28800", "2019-03-31": "-4.51600", "2018-12-31": "-3.54000", "2018-09-30": "-2.32400", "2018-06-30": "-2.48500", "2018-03-31": "-6.83400", "2017-12-31": "-2.31100", "2017-09-30": "-4.43900", "2017-06-30": "-1.83500", "2017-03-31": "-3.12500", "2016-12-31": "-4.89000", "2016-09-30": "-4.68300", "2016-06-30": "-3.01000", "2016-03-31": "-2.77800", "2015-12-31": "-1.52800", "2015-09-30": "-0.87800", "2015-06-30": "-0.86000", "2015-03-31": "-1.58200", "2014-12-31": "-1.02500", "2014-09-30": "-1.41000", "2014-06-30": "-1.73400", "2014-03-31": "-3.17200", "2013-12-31": "-2.43400", "2013-09-30": "-3.17100", "2013-06-30": "-2.70000", "2013-03-31": "-4.55500", "2012-12-31": "-3.21200", "2012-09-30": "-3.56800", "2012-06-30": "-2.93500", "2012-03-31": "-0.02400", "2011-12-31": "0.31700", "2011-09-30": "0.26500", "2011-06-30": "0.59600", "2011-03-31": "1.76200", "2010-12-31": "1.30400", "2010-09-30": "1.12700", "2010-06-30": "0.95600", "2010-03-31": "1.13100", "2009-12-31": "0.68900", "2009-09-30": "0.09800", "2009-06-30": "0.18000", "2009-03-31": "0.45900", "2008-12-31": "0.18400", "2008-09-30": "1.01100", "2008-06-30": "2.65700", "2008-03-31": "3.49700", "2007-12-31": "2.55400", "2007-09-30": "1.98500", "2007-06-30": "1.93200", "2007-03-31": "1.93300", "2006-12-31": "1.08800", "2006-09-30": "1.05100", "2006-06-30": "1.28600", "2006-03-31": "1.52100", "2005-12-31": "1.36100", "2005-09-30": "1.48300", "2005-06-30": "1.39600", "2005-03-31": "2.09700"}, "Pre-Tax Income": {"2020-09-30": "57.46000", "2020-06-30": "76.41200", "2020-03-31": "-7.79100", "2019-12-31": "1.17200", "2019-09-30": "55.80000", "2019-06-30": "69.04600", "2019-03-31": "86.06500", "2018-12-31": "26.47500", "2018-09-30": "51.12600", "2018-06-30": "49.77900", "2018-03-31": "69.78100", "2017-12-31": "43.82400", "2017-09-30": "-56.49600", "2017-06-30": "66.88800", "2017-03-31": "95.07700", "2016-12-31": "17.28600", "2016-09-30": "61.44800", "2016-06-30": "78.42500", "2016-03-31": "92.37800", "2015-12-31": "50.02100", "2015-09-30": "68.87300", "2015-06-30": "79.18100", "2015-03-31": "94.95600", "2014-12-31": "40.40700", "2014-09-30": "68.97100", "2014-06-30": "63.64700", "2014-03-31": "95.02900", "2013-12-31": "54.66600", "2013-09-30": "50.15700", "2013-06-30": "72.15000", "2013-03-31": "145.40000", "2012-12-31": "55.97400", "2012-09-30": "49.12300", "2012-06-30": "44.48200", "2012-03-31": "59.19300", "2011-12-31": "36.95100", "2011-09-30": "48.02800", "2011-06-30": "43.70700", "2011-03-31": "63.28000", "2010-12-31": "47.13700", "2010-09-30": "47.88000", "2010-06-30": "52.19200", "2010-03-31": "63.17100", "2009-12-31": "47.83600", "2009-09-30": "51.17400", "2009-06-30": "49.04400", "2009-03-31": "59.70500", "2008-12-31": "49.98700", "2008-09-30": "43.40100", "2008-06-30": "39.01700", "2008-03-31": "57.64600", "2007-12-31": "33.59400", "2007-09-30": "36.52300", "2007-06-30": "36.12000", "2007-03-31": "46.84800", "2006-12-31": "25.41800", "2006-09-30": "29.26900", "2006-06-30": "31.90400", "2006-03-31": "36.84800", "2005-12-31": "19.80200", "2005-09-30": "22.85400", "2005-06-30": "29.32500", "2005-03-31": "33.64200"}, "Income Taxes": {"2020-09-30": "13.11300", "2020-06-30": "18.49300", "2020-03-31": "-2.01900", "2019-12-31": "-1.04700", "2019-09-30": "12.44200", "2019-06-30": "15.95100", "2019-03-31": "20.19900", "2018-12-31": "5.63400", "2018-09-30": "11.49600", "2018-06-30": "4.33700", "2018-03-31": "18.53400", "2017-12-31": "-34.70900", "2017-09-30": "-22.92500", "2017-06-30": "22.14800", "2017-03-31": "34.65900", "2016-12-31": "4.24400", "2016-09-30": "21.23200", "2016-06-30": "27.27000", "2016-03-31": "33.01500", "2015-12-31": "17.77500", "2015-09-30": "25.07700", "2015-06-30": "27.42100", "2015-03-31": "33.56700", "2014-12-31": "12.39700", "2014-09-30": "24.37200", "2014-06-30": "21.58300", "2014-03-31": "33.96300", "2013-12-31": "16.14600", "2013-09-30": "16.26900", "2013-06-30": "25.69000", "2013-03-31": "33.37400", "2012-12-31": "17.40700", "2012-09-30": "17.89200", "2012-06-30": "16.10200", "2012-03-31": "21.25000", "2011-12-31": "13.91300", "2011-09-30": "17.00900", "2011-06-30": "15.49700", "2011-03-31": "22.11900", "2010-12-31": "15.69900", "2010-09-30": "16.71400", "2010-06-30": "18.43600", "2010-03-31": "22.48400", "2009-12-31": "16.07800", "2009-09-30": "18.15000", "2009-06-30": "17.94700", "2009-03-31": "21.87200", "2008-12-31": "17.73200", "2008-09-30": "15.51900", "2008-06-30": "13.93100", "2008-03-31": "20.56200", "2007-12-31": "12.76800", "2007-09-30": "12.78800", "2007-06-30": "12.91400", "2007-03-31": "16.50000", "2006-12-31": "9.54400", "2006-09-30": "10.42500", "2006-06-30": "11.56600", "2006-03-31": "13.76900", "2005-12-31": "7.49100", "2005-09-30": "8.25700", "2005-06-30": "10.84300", "2005-03-31": "13.27000"}, "Income After Taxes": {"2020-09-30": "44.34700", "2020-06-30": "57.91900", "2020-03-31": "-5.77200", "2019-12-31": "2.21900", "2019-09-30": "43.35800", "2019-06-30": "53.09500", "2019-03-31": "65.86600", "2018-12-31": "20.84100", "2018-09-30": "39.63000", "2018-06-30": "45.44200", "2018-03-31": "51.24700", "2017-12-31": "78.53300", "2017-09-30": "-33.57100", "2017-06-30": "44.74000", "2017-03-31": "60.41800", "2016-12-31": "13.04200", "2016-09-30": "40.21600", "2016-06-30": "51.15500", "2016-03-31": "59.36300", "2015-12-31": "32.24600", "2015-09-30": "43.79600", "2015-06-30": "51.76000", "2015-03-31": "61.38900", "2014-12-31": "28.01000", "2014-09-30": "44.59900", "2014-06-30": "42.06400", "2014-03-31": "61.06600", "2013-12-31": "38.52000", "2013-09-30": "33.88800", "2013-06-30": "46.46000", "2013-03-31": "112.02600", "2012-12-31": "38.56700", "2012-09-30": "31.23100", "2012-06-30": "28.38000", "2012-03-31": "37.94300", "2011-12-31": "23.03800", "2011-09-30": "31.01900", "2011-06-30": "28.21000", "2011-03-31": "41.16100", "2010-12-31": "31.43800", "2010-09-30": "31.16600", "2010-06-30": "33.75600", "2010-03-31": "40.68700", "2009-12-31": "31.75800", "2009-09-30": "33.02400", "2009-06-30": "31.09700", "2009-03-31": "37.83300", "2008-12-31": "32.25500", "2008-09-30": "27.88200", "2008-06-30": "25.08600", "2008-03-31": "37.08400", "2007-12-31": "20.82600", "2007-09-30": "23.73500", "2007-06-30": "23.20600", "2007-03-31": "30.34800", "2006-12-31": "15.87400", "2006-09-30": "18.84400", "2006-06-30": "20.33800", "2006-03-31": "23.07900", "2005-12-31": "12.31100", "2005-09-30": "14.59700", "2005-06-30": "18.48200", "2005-03-31": "20.37200"}, "Other Income": {"2020-09-30": "", "2020-06-30": "", "2020-03-31": "", "2019-12-31": "", "2019-09-30": "", "2019-06-30": "", "2019-03-31": "", "2018-12-31": "", "2018-09-30": "", "2018-06-30": "", "2018-03-31": "", "2017-12-31": "", "2017-09-30": "", "2017-06-30": "", "2017-03-31": "", "2016-12-31": "", "2016-09-30": "", "2016-06-30": "", "2016-03-31": "", "2015-12-31": "", "2015-09-30": "", "2015-06-30": "", "2015-03-31": "", "2014-12-31": "", "2014-09-30": "", "2014-06-30": "", "2014-03-31": "", "2013-12-31": "", "2013-09-30": "", "2013-06-30": "", "2013-03-31": "", "2012-12-31": "", "2012-09-30": "", "2012-06-30": "", "2012-03-31": "", "2011-12-31": "", "2011-09-30": "", "2011-06-30": "", "2011-03-31": "", "2010-12-31": "", "2010-09-30": "", "2010-06-30": "", "2010-03-31": "", "2009-12-31": "", "2009-09-30": "", "2009-06-30": "", "2009-03-31": "", "2008-12-31": "", "2008-09-30": "", "2008-06-30": "", "2008-03-31": "", "2007-12-31": "", "2007-09-30": "", "2007-06-30": "", "2007-03-31": "", "2006-12-31": "", "2006-09-30": "", "2006-06-30": "", "2006-03-31": "", "2005-12-31": "", "2005-09-30": "", "2005-06-30": "", "2005-03-31": ""}, "Income From Continuous Operations": {"2020-09-30": "44.34700", "2020-06-30": "57.91900", "2020-03-31": "-5.77200", "2019-12-31": "2.21900", "2019-09-30": "43.35800", "2019-06-30": "53.09500", "2019-03-31": "65.86600", "2018-12-31": "20.84100", "2018-09-30": "39.63000", "2018-06-30": "45.44200", "2018-03-31": "51.24700", "2017-12-31": "78.53300", "2017-09-30": "-33.57100", "2017-06-30": "44.74000", "2017-03-31": "60.41800", "2016-12-31": "13.04200", "2016-09-30": "40.21600", "2016-06-30": "51.15500", "2016-03-31": "59.36300", "2015-12-31": "32.24600", "2015-09-30": "43.79600", "2015-06-30": "51.76000", "2015-03-31": "61.38900", "2014-12-31": "28.01000", "2014-09-30": "44.59900", "2014-06-30": "42.06400", "2014-03-31": "61.06600", "2013-12-31": "38.52000", "2013-09-30": "33.88800", "2013-06-30": "46.46000", "2013-03-31": "112.02600", "2012-12-31": "38.56700", "2012-09-30": "31.23100", "2012-06-30": "28.38000", "2012-03-31": "37.94300", "2011-12-31": "23.03800", "2011-09-30": "31.01900", "2011-06-30": "28.21000", "2011-03-31": "41.16100", "2010-12-31": "31.43800", "2010-09-30": "31.16600", "2010-06-30": "33.75600", "2010-03-31": "40.68700", "2009-12-31": "31.75800", "2009-09-30": "33.02400", "2009-06-30": "31.09700", "2009-03-31": "37.83300", "2008-12-31": "33.55600", "2008-09-30": "27.88200", "2008-06-30": "25.08600", "2008-03-31": "35.78300", "2007-12-31": "24.93100", "2007-09-30": "22.50100", "2007-06-30": "22.19000", "2007-03-31": "28.49300", "2006-12-31": "15.83600", "2006-09-30": "17.06000", "2006-06-30": "19.72400", "2006-03-31": "22.26000", "2005-12-31": "11.73200", "2005-09-30": "13.47200", "2005-06-30": "17.65700", "2005-03-31": "19.99700"}, "Income From Discontinued Operations": {"2020-09-30": "", "2020-06-30": "", "2020-03-31": "", "2019-12-31": "", "2019-09-30": "", "2019-06-30": "", "2019-03-31": "", "2018-12-31": "", "2018-09-30": "", "2018-06-30": "", "2018-03-31": "", "2017-12-31": "", "2017-09-30": "", "2017-06-30": "", "2017-03-31": "", "2016-12-31": "", "2016-09-30": "", "2016-06-30": "", "2016-03-31": "", "2015-12-31": "", "2015-09-30": "", "2015-06-30": "", "2015-03-31": "", "2014-12-31": "", "2014-09-30": "", "2014-06-30": "", "2014-03-31": "", "2013-12-31": "", "2013-09-30": "", "2013-06-30": "", "2013-03-31": "", "2012-12-31": "", "2012-09-30": "", "2012-06-30": "", "2012-03-31": "", "2011-12-31": "", "2011-09-30": "", "2011-06-30": "", "2011-03-31": "", "2010-12-31": "", "2010-09-30": "", "2010-06-30": "", "2010-03-31": "", "2009-12-31": "", "2009-09-30": "", "2009-06-30": "", "2009-03-31": "", "2008-12-31": "", "2008-09-30": "", "2008-06-30": "", "2008-03-31": "", "2007-12-31": "", "2007-09-30": "", "2007-06-30": "", "2007-03-31": "", "2006-12-31": "0.00000", "2006-09-30": "5.50900", "2006-06-30": "", "2006-03-31": "1.22200", "2005-12-31": "", "2005-09-30": "-1.62700", "2005-06-30": "0.00000", "2005-03-31": "0.00000"}, "Net Income": {"2020-09-30": "44.34700", "2020-06-30": "57.91900", "2020-03-31": "-5.77200", "2019-12-31": "2.21900", "2019-09-30": "43.35800", "2019-06-30": "53.09500", "2019-03-31": "65.86600", "2018-12-31": "20.84100", "2018-09-30": "39.63000", "2018-06-30": "45.44200", "2018-03-31": "51.24700", "2017-12-31": "78.53300", "2017-09-30": "-33.57100", "2017-06-30": "44.74000", "2017-03-31": "60.41800", "2016-12-31": "13.04200", "2016-09-30": "40.21600", "2016-06-30": "51.15500", "2016-03-31": "59.36300", "2015-12-31": "32.24600", "2015-09-30": "43.79600", "2015-06-30": "51.76000", "2015-03-31": "61.38900", "2014-12-31": "28.01000", "2014-09-30": "44.59900", "2014-06-30": "42.06400", "2014-03-31": "61.06600", "2013-12-31": "38.52000", "2013-09-30": "33.88800", "2013-06-30": "46.46000", "2013-03-31": "112.02600", "2012-12-31": "38.56700", "2012-09-30": "31.23100", "2012-06-30": "28.38000", "2012-03-31": "37.94300", "2011-12-31": "23.03800", "2011-09-30": "31.01900", "2011-06-30": "28.21000", "2011-03-31": "41.16100", "2010-12-31": "31.43800", "2010-09-30": "31.16600", "2010-06-30": "33.75600", "2010-03-31": "40.68700", "2009-12-31": "30.64900", "2009-09-30": "31.92600", "2009-06-30": "30.34100", "2009-03-31": "37.38100", "2008-12-31": "32.08600", "2008-09-30": "27.41500", "2008-06-30": "23.94900", "2008-03-31": "35.78300", "2007-12-31": "21.43100", "2007-09-30": "22.50100", "2007-06-30": "22.19000", "2007-03-31": "28.49300", "2006-12-31": "15.83600", "2006-09-30": "22.56900", "2006-06-30": "19.72400", "2006-03-31": "22.91400", "2005-12-31": "11.73200", "2005-09-30": "11.84500", "2005-06-30": "17.65700", "2005-03-31": "19.99700"}, "EBITDA": {"2020-09-30": "85.15210", "2020-06-30": "112.38900", "2020-03-31": "156.53590", "2019-12-31": "36.74520", "2019-09-30": "91.84800", "2019-06-30": "105.66300", "2019-03-31": "135.39990", "2018-12-31": "62.19030", "2018-09-30": "86.11200", "2018-06-30": "87.36210", "2018-03-31": "120.80390", "2017-12-31": "78.56590", "2017-09-30": "-19.08500", "2017-06-30": "102.85100", "2017-03-31": "145.39000", "2016-12-31": "54.44990", "2016-09-30": "98.66100", "2016-06-30": "114.03310", "2016-03-31": "138.62300", "2015-12-31": "84.02010", "2015-09-30": "99.17000", "2015-06-30": "110.50900", "2015-03-31": "136.35500", "2014-12-31": "71.70730", "2014-09-30": "99.86800", "2014-06-30": "95.28800", "2014-03-31": "137.49290", "2013-12-31": "85.82220", "2013-09-30": "83.16500", "2013-06-30": "100.59300", "2013-03-31": "184.14400", "2012-12-31": "85.12510", "2012-09-30": "77.44800", "2012-06-30": "69.67200", "2012-03-31": "88.95600", "2011-12-31": "59.56570", "2011-09-30": "70.57900", "2011-06-30": "64.00900", "2011-03-31": "89.51000", "2010-12-31": "65.51460", "2010-09-30": "66.53100", "2010-06-30": "71.25700", "2010-03-31": "87.67700", "2009-12-31": "66.07790", "2009-09-30": "70.14000", "2009-06-30": "67.52000", "2009-03-31": "83.52300", "2008-12-31": "68.79720", "2008-09-30": "59.76300", "2008-06-30": "52.39300", "2008-03-31": "75.06100", "2007-12-31": "46.54390", "2007-09-30": "49.89500", "2007-06-30": "49.30400", "2007-03-31": "65.03200", "2006-12-31": "39.84510", "2006-09-30": "43.01400", "2006-06-30": "45.73100", "2006-03-31": "54.15300", "2005-12-31": "33.08800", "2005-09-30": "34.90100", "2005-06-30": "41.35600", "2005-03-31": "49.28500"}, "EBIT": {"2020-09-30": "52.99010", "2020-06-30": "79.20900", "2020-03-31": "111.87290", "2019-12-31": "3.86130", "2019-09-30": "58.65200", "2019-06-30": "72.33400", "2019-03-31": "90.58090", "2018-12-31": "30.01510", "2018-09-30": "53.45000", "2018-06-30": "52.26400", "2018-03-31": "76.61490", "2017-12-31": "46.13500", "2017-09-30": "-52.05700", "2017-06-30": "68.72300", "2017-03-31": "98.20200", "2016-12-31": "22.17610", "2016-09-30": "66.13100", "2016-06-30": "81.43510", "2016-03-31": "95.15600", "2015-12-31": "51.54900", "2015-09-30": "69.75100", "2015-06-30": "80.04100", "2015-03-31": "96.53800", "2014-12-31": "41.43210", "2014-09-30": "70.38100", "2014-06-30": "65.38100", "2014-03-31": "98.20090", "2013-12-31": "57.10020", "2013-09-30": "53.32800", "2013-06-30": "74.85000", "2013-03-31": "149.95500", "2012-12-31": "59.18600", "2012-09-30": "52.69100", "2012-06-30": "47.41700", "2012-03-31": "59.21700", "2011-12-31": "36.63390", "2011-09-30": "47.76300", "2011-06-30": "43.11100", "2011-03-31": "61.51800", "2010-12-31": "45.83280", "2010-09-30": "46.75300", "2010-06-30": "51.23600", "2010-03-31": "62.04000", "2009-12-31": "47.14700", "2009-09-30": "51.07600", "2009-06-30": "48.86400", "2009-03-31": "59.24600", "2008-12-31": "49.80320", "2008-09-30": "42.39000", "2008-06-30": "36.36000", "2008-03-31": "54.14900", "2007-12-31": "31.03990", "2007-09-30": "34.53800", "2007-06-30": "34.18800", "2007-03-31": "44.91500", "2006-12-31": "24.33010", "2006-09-30": "28.21800", "2006-06-30": "30.61800", "2006-03-31": "35.32700", "2005-12-31": "18.44100", "2005-09-30": "21.37100", "2005-06-30": "27.92900", "2005-03-31": "31.54500"}, "Basic Shares Outstanding": {"2020-09-30": "211.80000", "2020-06-30": "211.78000", "2020-03-31": "211.75400", "2019-12-31": "211.60600", "2019-09-30": "211.71100", "2019-06-30": "211.68500", "2019-03-31": "211.38800", "2018-12-31": "211.01600", "2018-09-30": "211.08200", "2018-06-30": "211.04800", "2018-03-31": "210.88800", "2017-12-31": "209.57300", "2017-09-30": "209.60600", "2017-06-30": "209.48300", "2017-03-31": "209.12300", "2016-12-31": "208.51100", "2016-09-30": "207.40200", "2016-06-30": "207.21100", "2016-03-31": "210.66200", "2015-12-31": "210.79300", "2015-09-30": "210.84200", "2015-06-30": "210.33400", "2015-03-31": "209.91300", "2014-12-31": "209.68300", "2014-09-30": "210.08400", "2014-06-30": "209.63900", "2014-03-31": "209.13100", "2013-12-31": "207.93500", "2013-09-30": "208.42800", "2013-06-30": "207.83700", "2013-03-31": "207.16700", "2012-12-31": "205.00500", "2012-09-30": "207.04000", "2012-06-30": "203.71000", "2012-03-31": "203.24400", "2011-12-31": "203.08100", "2011-09-30": "203.42550", "2011-06-30": "202.94850", "2011-03-31": "202.98150", "2010-12-31": "205.69350", "2010-09-30": "206.16450", "2010-06-30": "206.10600", "2010-03-31": "205.91320", "2009-12-31": "207.45000", "2009-09-30": "206.98880", "2009-06-30": "207.31720", "2009-03-31": "208.62680", "2008-12-31": "207.97200", "2008-09-30": "208.88770", "2008-06-30": "207.35100", "2008-03-31": "207.17770", "2007-12-31": "205.88620", "2007-09-30": "205.00420", "2007-06-30": "204.21220", "2007-03-31": "203.71950", "2006-12-31": "205.27430", "2006-09-30": "205.16620", "2006-06-30": "206.53420", "2006-03-31": "205.54760", "2005-12-31": "208.54570", "2005-09-30": "204.83210", "2005-06-30": "205.66240", "2005-03-31": "214.80190"}, "Shares Outstanding": {"2020-09-30": "212.45800", "2020-06-30": "212.28400", "2020-03-31": "211.75400", "2019-12-31": "211.97400", "2019-09-30": "212.01400", "2019-06-30": "211.95700", "2019-03-31": "211.88400", "2018-12-31": "211.63200", "2018-09-30": "211.56400", "2018-06-30": "211.50700", "2018-03-31": "211.31100", "2017-12-31": "210.43500", "2017-09-30": "209.60600", "2017-06-30": "210.26900", "2017-03-31": "210.27500", "2016-12-31": "210.35400", "2016-09-30": "208.94400", "2016-06-30": "209.01400", "2016-03-31": "212.83600", "2015-12-31": "213.35600", "2015-09-30": "213.31000", "2015-06-30": "212.87200", "2015-03-31": "212.71800", "2014-12-31": "213.09200", "2014-09-30": "213.15400", "2014-06-30": "212.91900", "2014-03-31": "212.80600", "2013-12-31": "211.92700", "2013-09-30": "212.36400", "2013-06-30": "211.89200", "2013-03-31": "210.91500", "2012-12-31": "207.67400", "2012-09-30": "209.57600", "2012-06-30": "206.57400", "2012-03-31": "205.77300", "2011-12-31": "205.32200", "2011-09-30": "205.81050", "2011-06-30": "205.83750", "2011-03-31": "204.72150", "2010-12-31": "207.24300", "2010-09-30": "207.62100", "2010-06-30": "207.80700", "2010-03-31": "207.45900", "2009-12-31": "208.65000", "2009-09-30": "208.34320", "2009-06-30": "208.41750", "2009-03-31": "209.78550", "2008-12-31": "209.60320", "2008-09-30": "210.37050", "2008-06-30": "208.67850", "2008-03-31": "208.21950", "2007-12-31": "208.15430", "2007-09-30": "208.17900", "2007-06-30": "207.92930", "2007-03-31": "206.90550", "2006-12-31": "208.35000", "2006-09-30": "207.81900", "2006-06-30": "209.27700", "2006-03-31": "209.33780", "2005-12-31": "214.58030", "2005-09-30": "210.56290", "2005-06-30": "211.62940", "2005-03-31": "221.24140"}, "Basic EPS": {"2020-09-30": "0.21000", "2020-06-30": "0.27000", "2020-03-31": "-0.03000", "2019-12-31": "0.02000", "2019-09-30": "0.20000", "2019-06-30": "0.25000", "2019-03-31": "0.31000", "2018-12-31": "0.09000", "2018-09-30": "0.19000", "2018-06-30": "0.22000", "2018-03-31": "0.24000", "2017-12-31": "0.38000", "2017-09-30": "-0.16000", "2017-06-30": "0.21000", "2017-03-31": "0.29000", "2016-12-31": "0.07000", "2016-09-30": "0.19000", "2016-06-30": "0.25000", "2016-03-31": "0.28000", "2015-12-31": "0.15000", "2015-09-30": "0.21000", "2015-06-30": "0.25000", "2015-03-31": "0.29000", "2014-12-31": "0.14000", "2014-09-30": "0.21000", "2014-06-30": "0.20000", "2014-03-31": "0.29000", "2013-12-31": "0.19000", "2013-09-30": "0.16000", "2013-06-30": "0.22000", "2013-03-31": "0.54000", "2012-12-31": "0.18330", "2012-09-30": "0.15000", "2012-06-30": "0.14000", "2012-03-31": "0.18670", "2011-12-31": "0.11670", "2011-09-30": "0.15330", "2011-06-30": "0.14000", "2011-03-31": "0.20000", "2010-12-31": "0.15110", "2010-09-30": "0.15330", "2010-06-30": "0.16670", "2010-03-31": "0.19560", "2009-12-31": "0.14670", "2009-09-30": "0.15560", "2009-06-30": "0.14670", "2009-03-31": "0.17780", "2008-12-31": "0.15110", "2008-09-30": "0.13330", "2008-06-30": "0.11560", "2008-03-31": "0.17330", "2007-12-31": "0.09780", "2007-09-30": "0.11110", "2007-06-30": "0.10670", "2007-03-31": "0.14220", "2006-12-31": "0.07850", "2006-09-30": "0.11110", "2006-06-30": "0.09330", "2006-03-31": "0.11260", "2005-12-31": "0.05930", "2005-09-30": "0.05630", "2005-06-30": "0.08590", "2005-03-31": "0.09190"}, "EPS - Earnings Per Share": {"2020-09-30": "0.21000", "2020-06-30": "0.27000", "2020-03-31": "-0.03000", "2019-12-31": "0.02000", "2019-09-30": "0.20000", "2019-06-30": "0.25000", "2019-03-31": "0.31000", "2018-12-31": "0.10000", "2018-09-30": "0.19000", "2018-06-30": "0.21000", "2018-03-31": "0.24000", "2017-12-31": "0.37000", "2017-09-30": "-0.16000", "2017-06-30": "0.21000", "2017-03-31": "0.29000", "2016-12-31": "0.07000", "2016-09-30": "0.19000", "2016-06-30": "0.24000", "2016-03-31": "0.28000", "2015-12-31": "0.15000", "2015-09-30": "0.21000", "2015-06-30": "0.24000", "2015-03-31": "0.29000", "2014-12-31": "0.12000", "2014-09-30": "0.21000", "2014-06-30": "0.20000", "2014-03-31": "0.29000", "2013-12-31": "0.18000", "2013-09-30": "0.16000", "2013-06-30": "0.22000", "2013-03-31": "0.53000", "2012-12-31": "0.18330", "2012-09-30": "0.15000", "2012-06-30": "0.14000", "2012-03-31": "0.18670", "2011-12-31": "0.10670", "2011-09-30": "0.15330", "2011-06-30": "0.14000", "2011-03-31": "0.20000", "2010-12-31": "0.15110", "2010-09-30": "0.15330", "2010-06-30": "0.16000", "2010-03-31": "0.19560", "2009-12-31": "0.15110", "2009-09-30": "0.15110", "2009-06-30": "0.14670", "2009-03-31": "0.17780", "2008-12-31": "0.15110", "2008-09-30": "0.12890", "2008-06-30": "0.11560", "2008-03-31": "0.17330", "2007-12-31": "0.10220", "2007-09-30": "0.10670", "2007-06-30": "0.10670", "2007-03-31": "0.13780", "2006-12-31": "0.08150", "2006-09-30": "0.10670", "2006-06-30": "0.09330", "2006-03-31": "0.10960", "2005-12-31": "0.05330", "2005-09-30": "0.05630", "2005-06-30": "0.08300", "2005-03-31": "0.09190"}}, "balance sheet": {"Cash On Hand": {"2019-12-31": "11.04400", "2018-12-31": "25.30600", "2017-12-31": "5.12900", "2016-12-31": "6.41000", "2015-12-31": "14.37800", "2014-12-31": "7.52300", "2013-12-31": "8.53000", "2012-12-31": "13.27500", "2011-12-31": "7.78300", "2010-12-31": "6.75500", "2009-12-31": "18.94800", "2008-12-31": "19.96400", "2007-12-31": "19.97800", "2006-12-31": "13.91400", "2005-12-31": "11.00100"}, "Receivables": {"2019-12-31": "285.60600", "2018-12-31": "287.48200", "2017-12-31": "280.05000", "2016-12-31": "271.91300", "2015-12-31": "269.68300", "2014-12-31": "235.91100", "2013-12-31": "253.96700", "2012-12-31": "256.23500", "2011-12-31": "185.60300", "2010-12-31": "166.28100", "2009-12-31": "178.70800", "2008-12-31": "178.07700", "2007-12-31": "137.68200", "2006-12-31": "131.87900", "2005-12-31": "120.75100"}, "Inventory": {"2019-12-31": "127.05900", "2018-12-31": "122.62300", "2017-12-31": "111.04500", "2016-12-31": "110.88200", "2015-12-31": "111.17700", "2014-12-31": "93.10000", "2013-12-31": "100.85100", "2012-12-31": "91.01000", "2011-12-31": "74.09600", "2010-12-31": "60.57400", "2009-12-31": "60.99600", "2008-12-31": "54.17800", "2007-12-31": "47.33700", "2006-12-31": "43.72500", "2005-12-31": "42.80100"}, "Pre-Paid Expenses": {"2019-12-31": "", "2018-12-31": "", "2017-12-31": "", "2016-12-31": "", "2015-12-31": "", "2014-12-31": "", "2013-12-31": "", "2012-12-31": "", "2011-12-31": "", "2010-12-31": "", "2009-12-31": "", "2008-12-31": "", "2007-12-31": "", "2006-12-31": "", "2005-12-31": ""}, "Other Current Assets": {"2019-12-31": "130.20900", "2018-12-31": "108.31300", "2017-12-31": "110.96700", "2016-12-31": "87.63700", "2015-12-31": "105.07000", "2014-12-31": "97.20600", "2013-12-31": "92.26700", "2012-12-31": "74.73300", "2011-12-31": "74.82400", "2010-12-31": "79.00900", "2009-12-31": "59.58900", "2008-12-31": "61.27900", "2007-12-31": "62.37400", "2006-12-31": "40.91900", "2005-12-31": "55.45600"}, "Total Current Assets": {"2019-12-31": "553.91800", "2018-12-31": "543.72400", "2017-12-31": "507.19100", "2016-12-31": "476.84200", "2015-12-31": "500.30800", "2014-12-31": "460.56300", "2013-12-31": "487.40500", "2012-12-31": "464.45100", "2011-12-31": "378.57000", "2010-12-31": "313.71400", "2009-12-31": "338.95500", "2008-12-31": "352.24300", "2007-12-31": "269.23400", "2006-12-31": "242.11600", "2005-12-31": "237.57000"}, "Property, Plant, And Equipment": {"2019-12-31": "717.82200", "2018-12-31": "743.84700", "2017-12-31": "732.02600", "2016-12-31": "781.02600", "2015-12-31": "804.96800", "2014-12-31": "807.45800", "2013-12-31": "867.00400", "2012-12-31": "725.83600", "2011-12-31": "685.48700", "2010-12-31": "604.69300", "2009-12-31": "602.57600", "2008-12-31": "587.19600", "2007-12-31": "486.52200", "2006-12-31": "464.44200", "2005-12-31": "451.92100"}, "Long-Term Investments": {"2019-12-31": "", "2018-12-31": "", "2017-12-31": "", "2016-12-31": "", "2015-12-31": "", "2014-12-31": "", "2013-12-31": "", "2012-12-31": "", "2011-12-31": "", "2010-12-31": "", "2009-12-31": "", "2008-12-31": "", "2007-12-31": "", "2006-12-31": "", "2005-12-31": ""}, "Goodwill And Intangible Assets": {"2019-12-31": "1295.45100", "2018-12-31": "1340.30800", "2017-12-31": "1207.21900", "2016-12-31": "1301.54200", "2015-12-31": "1340.39200", "2014-12-31": "927.92900", "2013-12-31": "939.11400", "2012-12-31": "658.28100", "2011-12-31": "360.96100", "2010-12-31": "297.18500", "2009-12-31": "304.76200", "2008-12-31": "306.32800", "2007-12-31": "98.38900", "2006-12-31": "99.65800", "2005-12-31": "72.17200"}, "Other Long-Term Assets": {"2019-12-31": "12.64400", "2018-12-31": "13.53300", "2017-12-31": "25.55100", "2016-12-31": "46.73400", "2015-12-31": "44.07200", "2014-12-31": "51.11900", "2013-12-31": "67.64600", "2012-12-31": "44.55800", "2011-12-31": "26.65800", "2010-12-31": "17.03700", "2009-12-31": "10.69200", "2008-12-31": "12.82500", "2007-12-31": "44.92100", "2006-12-31": "25.94600", "2005-12-31": "19.04900"}, "Total Long-Term Assets": {"2019-12-31": "2623.85800", "2018-12-31": "2301.81300", "2017-12-31": "2152.53300", "2016-12-31": "2284.22600", "2015-12-31": "2343.74300", "2014-12-31": "1948.41100", "2013-12-31": "2016.60900", "2012-12-31": "1531.39800", "2011-12-31": "1175.42800", "2010-12-31": "1011.77500", "2009-12-31": "1012.48700", "2008-12-31": "1001.00100", "2007-12-31": "718.30100", "2006-12-31": "664.47400", "2005-12-31": "613.49900"}, "Total Assets": {"2019-12-31": "3177.77600", "2018-12-31": "2845.53700", "2017-12-31": "2659.72400", "2016-12-31": "2761.06800", "2015-12-31": "2844.05100", "2014-12-31": "2408.97400", "2013-12-31": "2504.01400", "2012-12-31": "1995.84900", "2011-12-31": "1553.99800", "2010-12-31": "1325.48900", "2009-12-31": "1351.44200", "2008-12-31": "1353.24400", "2007-12-31": "987.53500", "2006-12-31": "906.59000", "2005-12-31": "851.06900"}, "Total Current Liabilities": {"2019-12-31": "528.14300", "2018-12-31": "400.33900", "2017-12-31": "393.95100", "2016-12-31": "340.62400", "2015-12-31": "403.73800", "2014-12-31": "315.55300", "2013-12-31": "327.78200", "2012-12-31": "354.95800", "2011-12-31": "268.41900", "2010-12-31": "242.77200", "2009-12-31": "221.77200", "2008-12-31": "265.06900", "2007-12-31": "213.64500", "2006-12-31": "185.24200", "2005-12-31": "174.27500"}, "Long Term Debt": {"2019-12-31": "882.16810", "2018-12-31": "990.64000", "2017-12-31": "820.14100", "2016-12-31": "946.66700", "2015-12-31": "930.02200", "2014-12-31": "728.94000", "2013-12-31": "892.47800", "2012-12-31": "535.01600", "2011-12-31": "283.40600", "2010-12-31": "98.87000", "2009-12-31": "225.90500", "2008-12-31": "263.87900", "2007-12-31": "22.50800", "2006-12-31": "79.12600", "2005-12-31": "74.40300"}, "Other Non-Current Liabilities": {"2019-12-31": "44.18100", "2018-12-31": "54.48400", "2017-12-31": "51.87200", "2016-12-31": "48.24200", "2015-12-31": "44.20600", "2014-12-31": "53.69500", "2013-12-31": "51.19900", "2012-12-31": "48.89100", "2011-12-31": "52.56700", "2010-12-31": "45.29100", "2009-12-31": "43.85100", "2008-12-31": "45.83500", "2007-12-31": "36.39100", "2006-12-31": "25.94900", "2005-12-31": "33.16000"}, "Total Long Term Liabilities": {"2019-12-31": "1386.20300", "2018-12-31": "1186.93100", "2017-12-31": "1015.09600", "2016-12-31": "1210.36400", "2015-12-31": "1197.23100", "2014-12-31": "970.37700", "2013-12-31": "1100.04300", "2012-12-31": "782.27100", "2011-12-31": "526.61100", "2010-12-31": "286.92700", "2009-12-31": "401.64400", "2008-12-31": "444.12100", "2007-12-31": "117.67500", "2006-12-31": "158.48500", "2005-12-31": "164.42300"}, "Total Liabilities": {"2019-12-31": "1914.34600", "2018-12-31": "1587.27000", "2017-12-31": "1409.04700", "2016-12-31": "1550.98800", "2015-12-31": "1600.96900", "2014-12-31": "1285.93000", "2013-12-31": "1427.82500", "2012-12-31": "1137.22900", "2011-12-31": "795.03000", "2010-12-31": "529.69900", "2009-12-31": "623.41600", "2008-12-31": "709.19000", "2007-12-31": "331.32000", "2006-12-31": "343.72700", "2005-12-31": "338.69800"}, "Common Stock Net": {"2019-12-31": "0.19900", "2018-12-31": "0.19900", "2017-12-31": "0.19900", "2016-12-31": "0.19900", "2015-12-31": "0.19900", "2014-12-31": "0.19900", "2013-12-31": "0.19900", "2012-12-31": "0.19900", "2011-12-31": "0.19900", "2010-12-31": "0.19900", "2009-12-31": "1.01700", "2008-12-31": "1.01700", "2007-12-31": "1.01700", "2006-12-31": "0.67800", "2005-12-31": "0.67800"}, "Retained Earnings (Accumulated Deficit)": {"2019-12-31": "947.04600", "2018-12-31": "945.41000", "2017-12-31": "919.65800", "2016-12-31": "910.52000", "2015-12-31": "877.81700", "2014-12-31": "809.06800", "2013-12-31": "735.63100", "2012-12-31": "597.62900", "2011-12-31": "547.99700", "2010-12-31": "503.68900", "2009-12-31": "437.52400", "2008-12-31": "369.39700", "2007-12-31": "303.38600", "2006-12-31": "250.61600", "2005-12-31": "198.56700"}, "Comprehensive Income": {"2019-12-31": "-106.02000", "2018-12-31": "-109.17100", "2017-12-31": "-84.55900", "2016-12-31": "-83.28300", "2015-12-31": "-96.80000", "2014-12-31": "-98.02000", "2013-12-31": "-62.51500", "2012-12-31": "-114.66700", "2011-12-31": "-112.04700", "2010-12-31": "-33.70900", "2009-12-31": "-64.67200", "2008-12-31": "-102.27900", "2007-12-31": "22.14100", "2006-12-31": "-8.22000", "2005-12-31": "-11.93700"}, "Other Share Holders Equity": {"2019-12-31": "", "2018-12-31": "", "2017-12-31": "", "2016-12-31": "", "2015-12-31": "", "2014-12-31": "", "2013-12-31": "", "2012-12-31": "", "2011-12-31": "", "2010-12-31": "", "2009-12-31": "", "2008-12-31": "", "2007-12-31": "", "2006-12-31": "", "2005-12-31": ""}, "Share Holder Equity": {"2019-12-31": "1263.43000", "2018-12-31": "1258.26700", "2017-12-31": "1250.67700", "2016-12-31": "1210.08000", "2015-12-31": "1243.08200", "2014-12-31": "1123.04400", "2013-12-31": "1076.18900", "2012-12-31": "858.62000", "2011-12-31": "758.96800", "2010-12-31": "795.79000", "2009-12-31": "728.02600", "2008-12-31": "644.05400", "2007-12-31": "656.21500", "2006-12-31": "562.86300", "2005-12-31": "512.37100"}, "Total Liabilities And Share Holders Equity": {"2019-12-31": "3177.77600", "2018-12-31": "2845.53700", "2017-12-31": "2659.72400", "2016-12-31": "2761.06800", "2015-12-31": "2844.05100", "2014-12-31": "2408.97400", "2013-12-31": "2504.01400", "2012-12-31": "1995.84900", "2011-12-31": "1553.99800", "2010-12-31": "1325.48900", "2009-12-31": "1351.44200", "2008-12-31": "1353.24400", "2007-12-31": "987.53500", "2006-12-31": "906.59000", "2005-12-31": "851.06900"}}, "balance sheet, quarterly": {"Cash On Hand": {"2020-09-30": "325.83100", "2020-06-30": "299.56200", "2020-03-31": "252.68300", "2019-12-31": "11.04400", "2019-09-30": "6.96800", "2019-06-30": "9.76900", "2019-03-31": "11.58400", "2018-12-31": "25.30600", "2018-09-30": "49.72700", "2018-06-30": "29.55400", "2018-03-31": "34.21600", "2017-12-31": "5.12900", "2017-09-30": "7.07400", "2017-06-30": "7.17900", "2017-03-31": "6.51300", "2016-12-31": "6.41000", "2016-09-30": "7.53500", "2016-06-30": "11.59200", "2016-03-31": "11.46900", "2015-12-31": "14.37800", "2015-09-30": "8.78000", "2015-06-30": "46.54400", "2015-03-31": "7.96600", "2014-12-31": "7.52300", "2014-09-30": "8.07500", "2014-06-30": "8.53200", "2014-03-31": "8.80100", "2013-12-31": "8.53000", "2013-09-30": "10.65500", "2013-06-30": "12.05700", "2013-03-31": "14.24600", "2012-12-31": "13.27500", "2012-09-30": "14.13700", "2012-06-30": "222.32900", "2012-03-31": "186.14700", "2011-12-31": "7.78300", "2011-09-30": "8.19600", "2011-06-30": "13.74100", "2011-03-31": "8.66700", "2010-12-31": "6.75500", "2010-09-30": "7.10700", "2010-06-30": "6.52900", "2010-03-31": "8.42100", "2009-12-31": "18.94800", "2009-09-30": "16.09400", "2009-06-30": "20.10000", "2009-03-31": "18.51700", "2008-12-31": "19.96400", "2008-09-30": "17.38300", "2008-06-30": "19.53200", "2008-03-31": "42.47800", "2007-12-31": "19.97800", "2007-09-30": "25.19200", "2007-06-30": "13.26400", "2007-03-31": "14.95700", "2006-12-31": "13.91400", "2006-09-30": "29.22800", "2006-06-30": "17.64400", "2006-03-31": "15.39100", "2005-12-31": "11.00100", "2005-09-30": "11.44700", "2005-06-30": "15.42500", "2005-03-31": "30.44300"}, "Receivables": {"2020-09-30": "312.63600", "2020-06-30": "326.66700", "2020-03-31": "341.20500", "2019-12-31": "285.60600", "2019-09-30": "299.36500", "2019-06-30": "311.55000", "2019-03-31": "308.69800", "2018-12-31": "287.48200", "2018-09-30": "298.21800", "2018-06-30": "307.13500", "2018-03-31": "292.84000", "2017-12-31": "280.05000", "2017-09-30": "294.43800", "2017-06-30": "288.43900", "2017-03-31": "283.94600", "2016-12-31": "271.91300", "2016-09-30": "284.07100", "2016-06-30": "293.51900", "2016-03-31": "283.84800", "2015-12-31": "269.68300", "2015-09-30": "267.76200", "2015-06-30": "260.86400", "2015-03-31": "258.24900", "2014-12-31": "235.91100", "2014-09-30": "251.34900", "2014-06-30": "261.93900", "2014-03-31": "268.76100", "2013-12-31": "253.96700", "2013-09-30": "266.83900", "2013-06-30": "266.48500", "2013-03-31": "267.47200", "2012-12-31": "256.23500", "2012-09-30": "221.58100", "2012-06-30": "203.17900", "2012-03-31": "200.85100", "2011-12-31": "185.60300", "2011-09-30": "193.37500", "2011-06-30": "197.28900", "2011-03-31": "176.77600", "2010-12-31": "166.28100", "2010-09-30": "177.14300", "2010-06-30": "184.73500", "2010-03-31": "180.40600", "2009-12-31": "178.70800", "2009-09-30": "176.19700", "2009-06-30": "182.52000", "2009-03-31": "179.71000", "2008-12-31": "178.07700", "2008-09-30": "171.24700", "2008-06-30": "164.86500", "2008-03-31": "151.76300", "2007-12-31": "137.68200", "2007-09-30": "139.30200", "2007-06-30": "140.48100", "2007-03-31": "143.24700", "2006-12-31": "131.87900", "2006-09-30": "137.76500", "2006-06-30": "143.65900", "2006-03-31": "132.42500", "2005-12-31": "120.75100", "2005-09-30": "131.03000", "2005-06-30": "125.43800", "2005-03-31": "117.87500"}, "Inventory": {"2020-09-30": "128.34300", "2020-06-30": "125.31100", "2020-03-31": "135.94400", "2019-12-31": "127.05900", "2019-09-30": "130.39200", "2019-06-30": "123.11100", "2019-03-31": "124.31300", "2018-12-31": "122.62300", "2018-09-30": "119.05900", "2018-06-30": "115.48400", "2018-03-31": "111.29700", "2017-12-31": "111.04500", "2017-09-30": "110.63500", "2017-06-30": "107.21000", "2017-03-31": "104.39200", "2016-12-31": "110.88200", "2016-09-30": "113.62000", "2016-06-30": "112.35600", "2016-03-31": "115.59300", "2015-12-31": "111.17700", "2015-09-30": "109.90700", "2015-06-30": "99.01100", "2015-03-31": "98.82400", "2014-12-31": "93.10000", "2014-09-30": "97.85400", "2014-06-30": "98.14700", "2014-03-31": "96.82000", "2013-12-31": "100.85100", "2013-09-30": "103.43900", "2013-06-30": "96.05200", "2013-03-31": "94.93600", "2012-12-31": "91.01000", "2012-09-30": "88.05800", "2012-06-30": "78.74100", "2012-03-31": "79.72100", "2011-12-31": "74.09600", "2011-09-30": "83.31500", "2011-06-30": "76.03900", "2011-03-31": "66.60300", "2010-12-31": "60.57400", "2010-09-30": "66.29400", "2010-06-30": "62.10000", "2010-03-31": "63.67700", "2009-12-31": "60.99600", "2009-09-30": "65.11300", "2009-06-30": "63.12400", "2009-03-31": "62.04200", "2008-12-31": "54.17800", "2008-09-30": "58.71000", "2008-06-30": "52.16900", "2008-03-31": "51.45200", "2007-12-31": "47.33700", "2007-09-30": "47.93800", "2007-06-30": "45.56400", "2007-03-31": "43.96500", "2006-12-31": "43.72500", "2006-09-30": "47.07000", "2006-06-30": "44.55300", "2006-03-31": "44.58400", "2005-12-31": "42.80100", "2005-09-30": "44.07500", "2005-06-30": "39.24200", "2005-03-31": "36.78300"}, "Pre-Paid Expenses": {"2020-09-30": "", "2020-06-30": "", "2020-03-31": "", "2019-12-31": "", "2019-09-30": "", "2019-06-30": "", "2019-03-31": "", "2018-12-31": "", "2018-09-30": "", "2018-06-30": "", "2018-03-31": "", "2017-12-31": "", "2017-09-30": "", "2017-06-30": "", "2017-03-31": "", "2016-12-31": "", "2016-09-30": "", "2016-06-30": "", "2016-03-31": "", "2015-12-31": "", "2015-09-30": "", "2015-06-30": "", "2015-03-31": "", "2014-12-31": "", "2014-09-30": "", "2014-06-30": "", "2014-03-31": "", "2013-12-31": "", "2013-09-30": "", "2013-06-30": "", "2013-03-31": "", "2012-12-31": "", "2012-09-30": "", "2012-06-30": "", "2012-03-31": "", "2011-12-31": "", "2011-09-30": "", "2011-06-30": "", "2011-03-31": "", "2010-12-31": "", "2010-09-30": "", "2010-06-30": "", "2010-03-31": "", "2009-12-31": "", "2009-09-30": "", "2009-06-30": "", "2009-03-31": "", "2008-12-31": "", "2008-09-30": "", "2008-06-30": "", "2008-03-31": "", "2007-12-31": "", "2007-09-30": "", "2007-06-30": "", "2007-03-31": "", "2006-12-31": "", "2006-09-30": "", "2006-06-30": "", "2006-03-31": "", "2005-12-31": "", "2005-09-30": "", "2005-06-30": "", "2005-03-31": ""}, "Other Current Assets": {"2020-09-30": "99.83300", "2020-06-30": "97.93200", "2020-03-31": "101.98800", "2019-12-31": "130.20900", "2019-09-30": "129.10200", "2019-06-30": "125.03100", "2019-03-31": "132.79300", "2018-12-31": "108.31300", "2018-09-30": "102.63100", "2018-06-30": "118.75400", "2018-03-31": "94.86700", "2017-12-31": "110.96700", "2017-09-30": "111.87400", "2017-06-30": "86.44800", "2017-03-31": "92.66600", "2016-12-31": "87.63700", "2016-09-30": "88.91900", "2016-06-30": "94.80500", "2016-03-31": "84.21900", "2015-12-31": "105.07000", "2015-09-30": "94.92400", "2015-06-30": "84.21700", "2015-03-31": "95.19000", "2014-12-31": "97.20600", "2014-09-30": "110.76400", "2014-06-30": "101.68900", "2014-03-31": "81.23200", "2013-12-31": "92.26700", "2013-09-30": "76.67300", "2013-06-30": "97.69700", "2013-03-31": "94.29400", "2012-12-31": "74.73300", "2012-09-30": "67.30900", "2012-06-30": "67.21700", "2012-03-31": "62.79500", "2011-12-31": "74.82400", "2011-09-30": "90.01100", "2011-06-30": "78.57200", "2011-03-31": "72.27000", "2010-12-31": "79.00900", "2010-09-30": "79.50100", "2010-06-30": "61.56900", "2010-03-31": "52.97300", "2009-12-31": "59.58900", "2009-09-30": "74.71200", "2009-06-30": "76.97800", "2009-03-31": "62.64300", "2008-12-31": "61.27900", "2008-09-30": "101.02200", "2008-06-30": "56.22600", "2008-03-31": "82.90600", "2007-12-31": "62.37400", "2007-09-30": "56.41500", "2007-06-30": "51.90600", "2007-03-31": "44.51700", "2006-12-31": "40.91900", "2006-09-30": "43.77300", "2006-06-30": "46.65700", "2006-03-31": "43.44700", "2005-12-31": "55.45600", "2005-09-30": "41.36700", "2005-06-30": "38.62300", "2005-03-31": "33.37900"}, "Total Current Assets": {"2020-09-30": "866.64300", "2020-06-30": "849.47200", "2020-03-31": "831.82000", "2019-12-31": "553.91800", "2019-09-30": "565.82700", "2019-06-30": "569.46100", "2019-03-31": "577.38800", "2018-12-31": "543.72400", "2018-09-30": "569.63500", "2018-06-30": "570.92700", "2018-03-31": "533.22000", "2017-12-31": "507.19100", "2017-09-30": "524.02100", "2017-06-30": "489.27600", "2017-03-31": "487.51700", "2016-12-31": "476.84200", "2016-09-30": "494.14500", "2016-06-30": "512.27200", "2016-03-31": "495.12900", "2015-12-31": "500.30800", "2015-09-30": "513.27700", "2015-06-30": "516.33200", "2015-03-31": "489.69400", "2014-12-31": "460.56300", "2014-09-30": "505.06200", "2014-06-30": "500.81300", "2014-03-31": "477.68400", "2013-12-31": "487.40500", "2013-09-30": "487.17800", "2013-06-30": "505.21200", "2013-03-31": "504.58300", "2012-12-31": "464.45100", "2012-09-30": "412.04100", "2012-06-30": "594.92600", "2012-03-31": "562.65100", "2011-12-31": "378.57000", "2011-09-30": "407.14000", "2011-06-30": "390.92800", "2011-03-31": "329.23400", "2010-12-31": "313.71400", "2010-09-30": "331.15200", "2010-06-30": "328.73800", "2010-03-31": "324.91800", "2009-12-31": "338.95500", "2009-09-30": "365.81300", "2009-06-30": "371.45000", "2009-03-31": "357.49300", "2008-12-31": "352.24300", "2008-09-30": "383.20400", "2008-06-30": "299.02000", "2008-03-31": "328.59900", "2007-12-31": "269.23400", "2007-09-30": "272.12600", "2007-06-30": "261.50800", "2007-03-31": "258.63400", "2006-12-31": "242.11600", "2006-09-30": "261.79000", "2006-06-30": "260.82400", "2006-03-31": "243.87100", "2005-12-31": "237.57000", "2005-09-30": "258.71400", "2005-06-30": "249.74800", "2005-03-31": "250.54900"}, "Property, Plant, And Equipment": {"2020-09-30": "694.45000", "2020-06-30": "697.12700", "2020-03-31": "697.06700", "2019-12-31": "717.82200", "2019-09-30": "709.55500", "2019-06-30": "713.39000", "2019-03-31": "711.76500", "2018-12-31": "743.84700", "2018-09-30": "720.19700", "2018-06-30": "716.25400", "2018-03-31": "721.64300", "2017-12-31": "732.02600", "2017-09-30": "735.92700", "2017-06-30": "741.88500", "2017-03-31": "756.47800", "2016-12-31": "781.02600", "2016-09-30": "789.08000", "2016-06-30": "778.16000", "2016-03-31": "787.76700", "2015-12-31": "804.96800", "2015-09-30": "784.61200", "2015-06-30": "777.47300", "2015-03-31": "789.66100", "2014-12-31": "807.45800", "2014-09-30": "821.95400", "2014-06-30": "824.30200", "2014-03-31": "840.28600", "2013-12-31": "867.00400", "2013-09-30": "893.70800", "2013-06-30": "718.71600", "2013-03-31": "720.29100", "2012-12-31": "725.83600", "2012-09-30": "728.91200", "2012-06-30": "670.95100", "2012-03-31": "676.83500", "2011-12-31": "685.48700", "2011-09-30": "702.76100", "2011-06-30": "701.33100", "2011-03-31": "600.31300", "2010-12-31": "604.69300", "2010-09-30": "599.10600", "2010-06-30": "596.90500", "2010-03-31": "589.93000", "2009-12-31": "602.57600", "2009-09-30": "580.29400", "2009-06-30": "582.18900", "2009-03-31": "578.76400", "2008-12-31": "587.19600", "2008-09-30": "591.10300", "2008-06-30": "489.95200", "2008-03-31": "489.08300", "2007-12-31": "486.52200", "2007-09-30": "460.96000", "2007-06-30": "461.43000", "2007-03-31": "457.44400", "2006-12-31": "464.44200", "2006-09-30": "463.77400", "2006-06-30": "464.35600", "2006-03-31": "463.45500", "2005-12-31": "451.92100", "2005-09-30": "438.67700", "2005-06-30": "428.22700", "2005-03-31": "429.23900"}, "Long-Term Investments": {"2020-09-30": "", "2020-06-30": "", "2020-03-31": "", "2019-12-31": "", "2019-09-30": "", "2019-06-30": "", "2019-03-31": "", "2018-12-31": "", "2018-09-30": "", "2018-06-30": "", "2018-03-31": "", "2017-12-31": "", "2017-09-30": "", "2017-06-30": "", "2017-03-31": "", "2016-12-31": "", "2016-09-30": "", "2016-06-30": "", "2016-03-31": "", "2015-12-31": "", "2015-09-30": "", "2015-06-30": "", "2015-03-31": "", "2014-12-31": "", "2014-09-30": "", "2014-06-30": "", "2014-03-31": "", "2013-12-31": "", "2013-09-30": "", "2013-06-30": "", "2013-03-31": "", "2012-12-31": "", "2012-09-30": "", "2012-06-30": "", "2012-03-31": "", "2011-12-31": "", "2011-09-30": "", "2011-06-30": "", "2011-03-31": "", "2010-12-31": "", "2010-09-30": "", "2010-06-30": "", "2010-03-31": "", "2009-12-31": "", "2009-09-30": "", "2009-06-30": "", "2009-03-31": "", "2008-12-31": "", "2008-09-30": "", "2008-06-30": "", "2008-03-31": "", "2007-12-31": "", "2007-09-30": "", "2007-06-30": "", "2007-03-31": "", "2006-12-31": "", "2006-09-30": "", "2006-06-30": "", "2006-03-31": "", "2005-12-31": "", "2005-09-30": "", "2005-06-30": "", "2005-03-31": ""}, "Goodwill And Intangible Assets": {"2020-09-30": "1268.23800", "2020-06-30": "1275.36700", "2020-03-31": "1285.90900", "2019-12-31": "1295.45100", "2019-09-30": "1317.61700", "2019-06-30": "1324.38300", "2019-03-31": "1331.15000", "2018-12-31": "1340.30800", "2018-09-30": "1187.30100", "2018-06-30": "1193.27700", "2018-03-31": "1199.25200", "2017-12-31": "1207.21900", "2017-09-30": "1213.30400", "2017-06-30": "1285.77000", "2017-03-31": "1292.18600", "2016-12-31": "1301.54200", "2016-09-30": "1322.06500", "2016-06-30": "1326.99900", "2016-03-31": "1332.73900", "2015-12-31": "1340.39200", "2015-09-30": "1245.84100", "2015-06-30": "926.64400", "2015-03-31": "929.35400", "2014-12-31": "927.92900", "2014-09-30": "930.62900", "2014-06-30": "927.77600", "2014-03-31": "933.22500", "2013-12-31": "939.11400", "2013-09-30": "939.62300", "2013-06-30": "744.49900", "2013-03-31": "746.19900", "2012-12-31": "658.28100", "2012-09-30": "667.01800", "2012-06-30": "356.91100", "2012-03-31": "358.45400", "2011-12-31": "360.96100", "2011-09-30": "364.09900", "2011-06-30": "365.53700", "2011-03-31": "295.34100", "2010-12-31": "297.18500", "2010-09-30": "298.58100", "2010-06-30": "299.97700", "2010-03-31": "301.37200", "2009-12-31": "304.76200", "2009-09-30": "303.55200", "2009-06-30": "305.93300", "2009-03-31": "304.61400", "2008-12-31": "306.32800", "2008-09-30": "305.58300", "2008-06-30": "97.51600", "2008-03-31": "97.90800", "2007-12-31": "98.38900", "2007-09-30": "97.96900", "2007-06-30": "98.39900", "2007-03-31": "98.93800", "2006-12-31": "99.65800", "2006-09-30": "100.90500", "2006-06-30": "101.44400", "2006-03-31": "100.88100", "2005-12-31": "72.17200", "2005-09-30": "72.42800", "2005-06-30": "72.68400", "2005-03-31": "76.99800"}, "Other Long-Term Assets": {"2020-09-30": "20.67600", "2020-06-30": "14.56500", "2020-03-31": "20.08500", "2019-12-31": "12.64400", "2019-09-30": "11.89300", "2019-06-30": "12.58000", "2019-03-31": "13.56500", "2018-12-31": "13.53300", "2018-09-30": "12.42800", "2018-06-30": "33.42300", "2018-03-31": "16.26600", "2017-12-31": "25.55100", "2017-09-30": "30.30300", "2017-06-30": "35.50300", "2017-03-31": "41.07600", "2016-12-31": "46.73400", "2016-09-30": "51.11400", "2016-06-30": "50.69000", "2016-03-31": "52.59600", "2015-12-31": "44.07200", "2015-09-30": "46.12800", "2015-06-30": "42.32500", "2015-03-31": "49.86300", "2014-12-31": "51.11900", "2014-09-30": "62.75200", "2014-06-30": "75.11000", "2014-03-31": "76.00700", "2013-12-31": "67.64600", "2013-09-30": "46.73100", "2013-06-30": "69.86000", "2013-03-31": "86.14600", "2012-12-31": "44.55800", "2012-09-30": "41.40000", "2012-06-30": "30.56900", "2012-03-31": "30.11800", "2011-12-31": "26.65800", "2011-09-30": "29.07500", "2011-06-30": "31.31900", "2011-03-31": "18.54700", "2010-12-31": "17.03700", "2010-09-30": "16.06900", "2010-06-30": "15.08300", "2010-03-31": "14.80200", "2009-12-31": "10.69200", "2009-09-30": "11.64900", "2009-06-30": "11.46600", "2009-03-31": "12.82800", "2008-12-31": "12.82500", "2008-09-30": "38.83300", "2008-06-30": "46.57600", "2008-03-31": "47.44000", "2007-12-31": "44.92100", "2007-09-30": "33.08400", "2007-06-30": "31.88400", "2007-03-31": "32.73300", "2006-12-31": "25.94600", "2006-09-30": "27.87400", "2006-06-30": "28.97800", "2006-03-31": "27.60600", "2005-12-31": "19.04900", "2005-09-30": "17.72800", "2005-06-30": "18.73300", "2005-03-31": "16.60200"}, "Total Long-Term Assets": {"2020-09-30": "2518.82500", "2020-06-30": "2549.32200", "2020-03-31": "2581.25300", "2019-12-31": "2623.85800", "2019-09-30": "2643.59900", "2019-06-30": "2650.33100", "2019-03-31": "2661.94500", "2018-12-31": "2301.81300", "2018-09-30": "2123.50200", "2018-06-30": "2146.38000", "2018-03-31": "2137.03700", "2017-12-31": "2152.53300", "2017-09-30": "2158.65800", "2017-06-30": "2232.43200", "2017-03-31": "2249.20800", "2016-12-31": "2284.22600", "2016-09-30": "2315.47000", "2016-06-30": "2305.58800", "2016-03-31": "2320.54300", "2015-12-31": "2343.74300", "2015-09-30": "2238.96600", "2015-06-30": "1911.29500", "2015-03-31": "1933.15800", "2014-12-31": "1948.41100", "2014-09-30": "1972.14200", "2014-06-30": "1983.27400", "2014-03-31": "1999.44700", "2013-12-31": "2016.60900", "2013-09-30": "2014.23800", "2013-06-30": "1650.25400", "2013-03-31": "1656.01500", "2012-12-31": "1531.39800", "2012-09-30": "1538.27600", "2012-06-30": "1159.62700", "2012-03-31": "1167.23000", "2011-12-31": "1175.42800", "2011-09-30": "1197.07200", "2011-06-30": "1198.75000", "2011-03-31": "1006.54100", "2010-12-31": "1011.77500", "2010-09-30": "1005.64400", "2010-06-30": "1004.61100", "2010-03-31": "998.51800", "2009-12-31": "1012.48700", "2009-09-30": "988.84000", "2009-06-30": "994.01010", "2009-03-31": "990.56500", "2008-12-31": "1001.00100", "2008-09-30": "1028.19200", "2008-06-30": "725.37800", "2008-03-31": "724.69900", "2007-12-31": "718.30100", "2007-09-30": "678.48690", "2007-06-30": "675.51590", "2007-03-31": "668.39600", "2006-12-31": "664.47400", "2006-09-30": "664.49210", "2006-06-30": "666.19010", "2006-03-31": "663.45400", "2005-12-31": "613.49900", "2005-09-30": "600.65100", "2005-06-30": "591.81400", "2005-03-31": "596.87900"}, "Total Assets": {"2020-09-30": "3385.46800", "2020-06-30": "3398.79400", "2020-03-31": "3413.07300", "2019-12-31": "3177.77600", "2019-09-30": "3209.42600", "2019-06-30": "3219.79200", "2019-03-31": "3239.33300", "2018-12-31": "2845.53700", "2018-09-30": "2693.13700", "2018-06-30": "2717.30700", "2018-03-31": "2670.25700", "2017-12-31": "2659.72400", "2017-09-30": "2682.67900", "2017-06-30": "2721.70800", "2017-03-31": "2736.72500", "2016-12-31": "2761.06800", "2016-09-30": "2809.61500", "2016-06-30": "2817.86000", "2016-03-31": "2815.67200", "2015-12-31": "2844.05100", "2015-09-30": "2752.24300", "2015-06-30": "2427.62700", "2015-03-31": "2422.85200", "2014-12-31": "2408.97400", "2014-09-30": "2477.20400", "2014-06-30": "2484.08700", "2014-03-31": "2477.13100", "2013-12-31": "2504.01400", "2013-09-30": "2501.41600", "2013-06-30": "2155.46600", "2013-03-31": "2160.59800", "2012-12-31": "1995.84900", "2012-09-30": "1950.31700", "2012-06-30": "1754.55300", "2012-03-31": "1729.88100", "2011-12-31": "1553.99800", "2011-09-30": "1604.21200", "2011-06-30": "1589.67800", "2011-03-31": "1335.77500", "2010-12-31": "1325.48900", "2010-09-30": "1336.79600", "2010-06-30": "1333.34900", "2010-03-31": "1323.43600", "2009-12-31": "1351.44200", "2009-09-30": "1354.65300", "2009-06-30": "1365.46000", "2009-03-31": "1348.05800", "2008-12-31": "1353.24400", "2008-09-30": "1411.39600", "2008-06-30": "1024.39800", "2008-03-31": "1053.29800", "2007-12-31": "987.53500", "2007-09-30": "950.61300", "2007-06-30": "937.02400", "2007-03-31": "927.03000", "2006-12-31": "906.59000", "2006-09-30": "926.28200", "2006-06-30": "927.01400", "2006-03-31": "907.32500", "2005-12-31": "851.06900", "2005-09-30": "859.36500", "2005-06-30": "841.56200", "2005-03-31": "847.42800"}, "Total Current Liabilities": {"2020-09-30": "516.28300", "2020-06-30": "538.07600", "2020-03-31": "504.91400", "2019-12-31": "528.14300", "2019-09-30": "521.94200", "2019-06-30": "494.94500", "2019-03-31": "495.14500", "2018-12-31": "400.33900", "2018-09-30": "401.41100", "2018-06-30": "411.29900", "2018-03-31": "373.80400", "2017-12-31": "393.95100", "2017-09-30": "408.53200", "2017-06-30": "358.00100", "2017-03-31": "352.93100", "2016-12-31": "340.62400", "2016-09-30": "347.21300", "2016-06-30": "470.10100", "2016-03-31": "440.53800", "2015-12-31": "403.73800", "2015-09-30": "381.92200", "2015-06-30": "344.30400", "2015-03-31": "352.90800", "2014-12-31": "315.55300", "2014-09-30": "336.08400", "2014-06-30": "339.14200", "2014-03-31": "325.18900", "2013-12-31": "327.78200", "2013-09-30": "320.56000", "2013-06-30": "325.45500", "2013-03-31": "332.32800", "2012-12-31": "354.95800", "2012-09-30": "334.29700", "2012-06-30": "294.67600", "2012-03-31": "278.17400", "2011-12-31": "268.41900", "2011-09-30": "311.69600", "2011-06-30": "297.88900", "2011-03-31": "260.42000", "2010-12-31": "242.77200", "2010-09-30": "249.76700", "2010-06-30": "243.03000", "2010-03-31": "226.57300", "2009-12-31": "221.77200", "2009-09-30": "253.23300", "2009-06-30": "260.56000", "2009-03-31": "255.88800", "2008-12-31": "265.06900", "2008-09-30": "293.56800", "2008-06-30": "210.26100", "2008-03-31": "235.61100", "2007-12-31": "213.64500", "2007-09-30": "192.82300", "2007-06-30": "204.54900", "2007-03-31": "187.37600", "2006-12-31": "185.24200", "2006-09-30": "180.73900", "2006-06-30": "184.42000", "2006-03-31": "169.51300", "2005-12-31": "174.27500", "2005-09-30": "160.80700", "2005-06-30": "151.66800", "2005-03-31": "154.24600"}, "Long Term Debt": {"2020-09-30": "1024.90400", "2020-06-30": "1026.26800", "2020-03-31": "1087.42000", "2019-12-31": "882.16800", "2019-09-30": "895.37100", "2019-06-30": "910.25100", "2019-03-31": "957.41800", "2018-12-31": "990.64000", "2018-09-30": "814.09000", "2018-06-30": "816.12600", "2018-03-31": "818.14100", "2017-12-31": "820.14100", "2017-09-30": "843.63900", "2017-06-30": "834.86500", "2017-03-31": "881.78700", "2016-12-31": "946.66700", "2016-09-30": "980.17700", "2016-06-30": "895.81500", "2016-03-31": "953.82100", "2015-12-31": "930.02200", "2015-09-30": "843.64300", "2015-06-30": "659.09400", "2015-03-31": "671.33900", "2014-12-31": "728.94000", "2014-09-30": "780.96900", "2014-06-30": "791.79100", "2014-03-31": "810.98800", "2013-12-31": "892.47800", "2013-09-30": "903.45100", "2013-06-30": "561.82600", "2013-03-31": "600.52700", "2012-12-31": "535.01600", "2012-09-30": "531.90700", "2012-06-30": "425.34300", "2012-03-31": "443.00000", "2011-12-31": "283.40600", "2011-09-30": "305.05900", "2011-06-30": "287.17100", "2011-03-31": "90.60600", "2010-12-31": "98.87000", "2010-09-30": "116.54500", "2010-06-30": "137.23300", "2010-03-31": "173.55900", "2009-12-31": "225.90500", "2009-09-30": "228.43200", "2009-06-30": "245.96000", "2009-03-31": "250.75900", "2008-12-31": "263.87900", "2008-09-30": "276.58700", "2008-06-30": "29.37200", "2008-03-31": "23.10700", "2007-12-31": "22.50800", "2007-09-30": "23.18600", "2007-06-30": "28.02000", "2007-03-31": "53.06900", "2006-12-31": "79.12600", "2006-09-30": "107.73300", "2006-06-30": "86.93200", "2006-03-31": "84.18900", "2005-12-31": "74.40300", "2005-09-30": "78.07300", "2005-06-30": "77.64800", "2005-03-31": "81.52700"}, "Other Non-Current Liabilities": {"2020-09-30": "60.00200", "2020-06-30": "51.54400", "2020-03-31": "43.66300", "2019-12-31": "44.18100", "2019-09-30": "46.76900", "2019-06-30": "47.48000", "2019-03-31": "49.49700", "2018-12-31": "54.48400", "2018-09-30": "55.69500", "2018-06-30": "59.33900", "2018-03-31": "54.31600", "2017-12-31": "51.87200", "2017-09-30": "49.38900", "2017-06-30": "47.77500", "2017-03-31": "44.82100", "2016-12-31": "48.24200", "2016-09-30": "45.31200", "2016-06-30": "43.36000", "2016-03-31": "42.83800", "2015-12-31": "44.20600", "2015-09-30": "48.47800", "2015-06-30": "49.65700", "2015-03-31": "53.43800", "2014-12-31": "53.69500", "2014-09-30": "55.83500", "2014-06-30": "52.92200", "2014-03-31": "49.78400", "2013-12-31": "51.19900", "2013-09-30": "56.77600", "2013-06-30": "54.70200", "2013-03-31": "50.67300", "2012-12-31": "48.89100", "2012-09-30": "48.22300", "2012-06-30": "48.64500", "2012-03-31": "49.73000", "2011-12-31": "52.56700", "2011-09-30": "54.57100", "2011-06-30": "54.48300", "2011-03-31": "47.09100", "2010-12-31": "45.29100", "2010-09-30": "44.94800", "2010-06-30": "44.30600", "2010-03-31": "44.04300", "2009-12-31": "43.85100", "2009-09-30": "43.39200", "2009-06-30": "43.36300", "2009-03-31": "47.01200", "2008-12-31": "45.83500", "2008-09-30": "49.90100", "2008-06-30": "37.91800", "2008-03-31": "37.65200", "2007-12-31": "36.39100", "2007-09-30": "35.42700", "2007-06-30": "32.84600", "2007-03-31": "31.53000", "2006-12-31": "25.94900", "2006-09-30": "24.09300", "2006-06-30": "34.99800", "2006-03-31": "34.64500", "2005-12-31": "33.16000", "2005-09-30": "31.93000", "2005-06-30": "30.80200", "2005-03-31": "29.63800"}, "Total Long Term Liabilities": {"2020-09-30": "1517.69900", "2020-06-30": "1524.23000", "2020-03-31": "1587.54800", "2019-12-31": "1386.20300", "2019-09-30": "1394.15200", "2019-06-30": "1430.57800", "2019-03-31": "1476.26200", "2018-12-31": "1186.93100", "2018-09-30": "1014.15800", "2018-06-30": "1008.07300", "2018-03-31": "1004.92200", "2017-12-31": "1015.09600", "2017-09-30": "1082.17300", "2017-06-30": "1099.12000", "2017-03-31": "1139.00900", "2016-12-31": "1210.36400", "2016-09-30": "1285.18000", "2016-06-30": "1194.96900", "2016-03-31": "1219.25200", "2015-12-31": "1197.23100", "2015-09-30": "1141.90500", "2015-06-30": "891.78890", "2015-03-31": "911.83200", "2014-12-31": "970.37700", "2014-09-30": "979.92100", "2014-06-30": "998.92900", "2014-03-31": "1014.68600", "2013-12-31": "1100.04300", "2013-09-30": "1174.53500", "2013-06-30": "843.94900", "2013-03-31": "882.04590", "2012-12-31": "782.27100", "2012-09-30": "752.35900", "2012-06-30": "646.15300", "2012-03-31": "670.07000", "2011-12-31": "526.61100", "2011-09-30": "499.54300", "2011-06-30": "493.77000", "2011-03-31": "277.15100", "2010-12-31": "286.92700", "2010-09-30": "289.32700", "2010-06-30": "311.61300", "2010-03-31": "348.81400", "2009-12-31": "401.64400", "2009-09-30": "404.53000", "2009-06-30": "422.43600", "2009-03-31": "431.28600", "2008-12-31": "444.12100", "2008-09-30": "430.01100", "2008-06-30": "125.64900", "2008-03-31": "119.49500", "2007-12-31": "117.67500", "2007-09-30": "113.43800", "2007-06-30": "117.10000", "2007-03-31": "141.81500", "2006-12-31": "158.48500", "2006-09-30": "187.48400", "2006-06-30": "181.85000", "2006-03-31": "184.09700", "2005-12-31": "164.42300", "2005-09-30": "182.24200", "2005-06-30": "182.12600", "2005-03-31": "182.55700"}, "Total Liabilities": {"2020-09-30": "2033.98200", "2020-06-30": "2062.30600", "2020-03-31": "2092.46200", "2019-12-31": "1914.34600", "2019-09-30": "1916.09400", "2019-06-30": "1925.52300", "2019-03-31": "1971.40700", "2018-12-31": "1587.27000", "2018-09-30": "1415.56900", "2018-06-30": "1419.37200", "2018-03-31": "1378.72600", "2017-12-31": "1409.04700", "2017-09-30": "1490.70500", "2017-06-30": "1457.12100", "2017-03-31": "1491.94000", "2016-12-31": "1550.98800", "2016-09-30": "1632.39300", "2016-06-30": "1665.07000", "2016-03-31": "1659.79000", "2015-12-31": "1600.96900", "2015-09-30": "1523.82700", "2015-06-30": "1236.09300", "2015-03-31": "1264.74000", "2014-12-31": "1285.93000", "2014-09-30": "1316.00500", "2014-06-30": "1338.07100", "2014-03-31": "1339.87500", "2013-12-31": "1427.82500", "2013-09-30": "1495.09500", "2013-06-30": "1169.40400", "2013-03-31": "1214.37400", "2012-12-31": "1137.22900", "2012-09-30": "1086.65600", "2012-06-30": "940.82900", "2012-03-31": "948.24400", "2011-12-31": "795.03000", "2011-09-30": "811.23900", "2011-06-30": "791.65900", "2011-03-31": "537.57100", "2010-12-31": "529.69900", "2010-09-30": "539.09400", "2010-06-30": "554.64300", "2010-03-31": "575.38700", "2009-12-31": "623.41600", "2009-09-30": "657.76300", "2009-06-30": "682.99600", "2009-03-31": "687.17400", "2008-12-31": "709.19000", "2008-09-30": "723.57900", "2008-06-30": "335.91000", "2008-03-31": "355.10600", "2007-12-31": "331.32000", "2007-09-30": "306.26100", "2007-06-30": "321.64900", "2007-03-31": "329.19100", "2006-12-31": "343.72700", "2006-09-30": "368.22300", "2006-06-30": "366.27000", "2006-03-31": "353.61000", "2005-12-31": "338.69800", "2005-09-30": "343.04900", "2005-06-30": "333.79400", "2005-03-31": "336.80300"}, "Common Stock Net": {"2020-09-30": "0.19900", "2020-06-30": "0.19900", "2020-03-31": "0.19900", "2019-12-31": "0.19900", "2019-09-30": "0.19900", "2019-06-30": "0.19900", "2019-03-31": "0.19900", "2018-12-31": "0.19900", "2018-09-30": "0.19900", "2018-06-30": "0.19900", "2018-03-31": "0.19900", "2017-12-31": "0.19900", "2017-09-30": "0.19900", "2017-06-30": "0.19900", "2017-03-31": "0.19900", "2016-12-31": "0.19900", "2016-09-30": "0.19900", "2016-06-30": "0.19900", "2016-03-31": "0.19900", "2015-12-31": "0.19900", "2015-09-30": "0.19900", "2015-06-30": "0.19900", "2015-03-31": "0.19900", "2014-12-31": "0.19900", "2014-09-30": "0.19900", "2014-06-30": "0.19900", "2014-03-31": "0.19900", "2013-12-31": "0.19900", "2013-09-30": "0.19900", "2013-06-30": "0.19900", "2013-03-31": "0.19900", "2012-12-31": "0.19900", "2012-09-30": "0.19900", "2012-06-30": "0.19900", "2012-03-31": "0.19900", "2011-12-31": "0.19900", "2011-09-30": "0.19900", "2011-06-30": "0.19900", "2011-03-31": "1.01700", "2010-12-31": "0.19900", "2010-09-30": "1.01700", "2010-06-30": "1.01700", "2010-03-31": "1.01700", "2009-12-31": "1.01700", "2009-09-30": "1.01700", "2009-06-30": "1.01700", "2009-03-31": "1.01700", "2008-12-31": "1.01700", "2008-09-30": "1.01700", "2008-06-30": "1.01700", "2008-03-31": "1.01700", "2007-12-31": "1.01700", "2007-09-30": "1.01700", "2007-06-30": "1.01700", "2007-03-31": "0.67800", "2006-12-31": "0.67800", "2006-09-30": "0.67800", "2006-06-30": "0.67800", "2006-03-31": "0.67800", "2005-12-31": "0.67800", "2005-09-30": "0.67800", "2005-06-30": "0.67800", "2005-03-31": "0.45200"}, "Retained Earnings (Accumulated Deficit)": {"2020-09-30": "918.59200", "2020-06-30": "916.56500", "2020-03-31": "900.98800", "2019-12-31": "947.04600", "2019-09-30": "985.01500", "2019-06-30": "981.84600", "2019-03-31": "969.06700", "2018-12-31": "945.41000", "2018-09-30": "962.53600", "2018-06-30": "960.86500", "2018-03-31": "953.46900", "2017-12-31": "919.65800", "2017-09-30": "876.90000", "2017-06-30": "946.07700", "2017-03-31": "937.05300", "2016-12-31": "910.52000", "2016-09-30": "930.74300", "2016-06-30": "923.72600", "2016-03-31": "905.94300", "2015-12-31": "877.81700", "2015-09-30": "876.34100", "2015-06-30": "863.03600", "2015-03-31": "841.77200", "2014-12-31": "809.06800", "2014-09-30": "808.86700", "2014-06-30": "789.49000", "2014-03-31": "772.74100", "2013-12-31": "735.63100", "2013-09-30": "720.57600", "2013-06-30": "711.39300", "2013-03-31": "688.78700", "2012-12-31": "597.62900", "2012-09-30": "581.12500", "2012-06-30": "571.99500", "2012-03-31": "565.60400", "2011-12-31": "547.99700", "2011-09-30": "545.27000", "2011-06-30": "534.58800", "2011-03-31": "526.77200", "2010-12-31": "503.68900", "2010-09-30": "490.43500", "2010-06-30": "477.62500", "2010-03-31": "462.19100", "2009-12-31": "437.52400", "2009-09-30": "422.88800", "2009-06-30": "407.06300", "2009-03-31": "392.81800", "2008-12-31": "369.39700", "2008-09-30": "351.22200", "2008-06-30": "337.76000", "2008-03-31": "327.63500", "2007-12-31": "303.38600", "2007-09-30": "293.59200", "2007-06-30": "282.47500", "2007-03-31": "271.82200", "2006-12-31": "250.61600", "2006-09-30": "242.35300", "2006-06-30": "227.35500", "2006-03-31": "215.29900", "2005-12-31": "198.56700", "2005-09-30": "192.90000", "2005-06-30": "187.12300", "2005-03-31": "175.63800"}, "Comprehensive Income": {"2020-09-30": "1.60400", "2020-06-30": "-8.53400", "2020-03-31": "-5.89200", "2019-12-31": "-106.02000", "2019-09-30": "-112.49100", "2019-06-30": "-106.86200", "2019-03-31": "-119.29400", "2018-12-31": "-109.17100", "2018-09-30": "-105.74000", "2018-06-30": "-82.26000", "2018-03-31": "-79.19300", "2017-12-31": "-84.55900", "2017-09-30": "-86.10200", "2017-06-30": "-76.76800", "2017-03-31": "-85.18400", "2016-12-31": "-83.28300", "2016-09-30": "-122.73800", "2016-06-30": "-127.62800", "2016-03-31": "-92.01600", "2015-12-31": "-96.80000", "2015-09-30": "-93.49100", "2015-06-30": "-92.49200", "2015-03-31": "-100.11800", "2014-12-31": "-98.02000", "2014-09-30": "-69.75900", "2014-06-30": "-59.61100", "2014-03-31": "-43.97600", "2013-12-31": "-62.51500", "2013-09-30": "-115.56900", "2013-06-30": "-120.61600", "2013-03-31": "-121.31200", "2012-12-31": "-114.66700", "2012-09-30": "-90.17900", "2012-06-30": "-93.53800", "2012-03-31": "-108.16300", "2011-12-31": "-112.04700", "2011-09-30": "-72.53600", "2011-06-30": "-62.74700", "2011-03-31": "-38.05400", "2010-12-31": "-33.70900", "2010-09-30": "-31.72600", "2010-06-30": "-52.57600", "2010-03-31": "-62.19100", "2009-12-31": "-64.67200", "2009-09-30": "-90.15700", "2009-06-30": "-84.44000", "2009-03-31": "-94.46600", "2008-12-31": "-102.27900", "2008-09-30": "-27.32900", "2008-06-30": "15.98100", "2008-03-31": "38.48300", "2007-12-31": "22.14100", "2007-09-30": "9.37700", "2007-06-30": "0.59900", "2007-03-31": "-2.27100", "2006-12-31": "-8.22000", "2006-09-30": "-12.72600", "2006-06-30": "-6.43700", "2006-03-31": "-7.36200", "2005-12-31": "-11.93700", "2005-09-30": "-15.81200", "2005-06-30": "-17.56000", "2005-03-31": "-20.90200"}, "Other Share Holders Equity": {"2020-09-30": "", "2020-06-30": "", "2020-03-31": "", "2019-12-31": "", "2019-09-30": "", "2019-06-30": "", "2019-03-31": "", "2018-12-31": "", "2018-09-30": "", "2018-06-30": "", "2018-03-31": "", "2017-12-31": "", "2017-09-30": "", "2017-06-30": "", "2017-03-31": "", "2016-12-31": "", "2016-09-30": "", "2016-06-30": "", "2016-03-31": "", "2015-12-31": "", "2015-09-30": "", "2015-06-30": "", "2015-03-31": "", "2014-12-31": "", "2014-09-30": "", "2014-06-30": "", "2014-03-31": "", "2013-12-31": "", "2013-09-30": "", "2013-06-30": "", "2013-03-31": "", "2012-12-31": "", "2012-09-30": "", "2012-06-30": "", "2012-03-31": "", "2011-12-31": "", "2011-09-30": "", "2011-06-30": "", "2011-03-31": "", "2010-12-31": "", "2010-09-30": "", "2010-06-30": "", "2010-03-31": "", "2009-12-31": "", "2009-09-30": "", "2009-06-30": "", "2009-03-31": "", "2008-12-31": "", "2008-09-30": "", "2008-06-30": "", "2008-03-31": "", "2007-12-31": "", "2007-09-30": "", "2007-06-30": "", "2007-03-31": "", "2006-12-31": "", "2006-09-30": "", "2006-06-30": "", "2006-03-31": "", "2005-12-31": "", "2005-09-30": "", "2005-06-30": "", "2005-03-31": ""}, "Share Holder Equity": {"2020-09-30": "1351.48600", "2020-06-30": "1336.48800", "2020-03-31": "1320.61100", "2019-12-31": "1263.43000", "2019-09-30": "1293.33200", "2019-06-30": "1294.26900", "2019-03-31": "1267.92600", "2018-12-31": "1258.26700", "2018-09-30": "1277.56800", "2018-06-30": "1297.93500", "2018-03-31": "1291.53100", "2017-12-31": "1250.67700", "2017-09-30": "1191.97400", "2017-06-30": "1264.58700", "2017-03-31": "1244.78500", "2016-12-31": "1210.08000", "2016-09-30": "1177.22200", "2016-06-30": "1152.79000", "2016-03-31": "1155.88200", "2015-12-31": "1243.08200", "2015-09-30": "1228.41600", "2015-06-30": "1191.53400", "2015-03-31": "1158.11200", "2014-12-31": "1123.04400", "2014-09-30": "1161.19900", "2014-06-30": "1146.01600", "2014-03-31": "1137.25600", "2013-12-31": "1076.18900", "2013-09-30": "1006.32100", "2013-06-30": "986.06200", "2013-03-31": "946.22400", "2012-12-31": "858.62000", "2012-09-30": "863.66100", "2012-06-30": "813.72400", "2012-03-31": "781.63700", "2011-12-31": "758.96800", "2011-09-30": "792.97300", "2011-06-30": "798.01900", "2011-03-31": "798.20400", "2010-12-31": "795.79000", "2010-09-30": "797.70200", "2010-06-30": "778.70600", "2010-03-31": "748.04900", "2009-12-31": "728.02600", "2009-09-30": "696.89000", "2009-06-30": "682.46400", "2009-03-31": "660.88400", "2008-12-31": "644.05400", "2008-09-30": "687.81700", "2008-06-30": "688.48800", "2008-03-31": "698.19200", "2007-12-31": "656.21500", "2007-09-30": "644.35200", "2007-06-30": "615.37500", "2007-03-31": "597.83900", "2006-12-31": "562.86300", "2006-09-30": "558.05900", "2006-06-30": "560.74400", "2006-03-31": "553.71500", "2005-12-31": "512.37100", "2005-09-30": "516.31600", "2005-06-30": "507.76800", "2005-03-31": "510.62500"}, "Total Liabilities And Share Holders Equity": {"2020-09-30": "3385.46800", "2020-06-30": "3398.79400", "2020-03-31": "3413.07300", "2019-12-31": "3177.77600", "2019-09-30": "3209.42600", "2019-06-30": "3219.79200", "2019-03-31": "3239.33300", "2018-12-31": "2845.53700", "2018-09-30": "2693.13700", "2018-06-30": "2717.30700", "2018-03-31": "2670.25700", "2017-12-31": "2659.72400", "2017-09-30": "2682.67900", "2017-06-30": "2721.70800", "2017-03-31": "2736.72500", "2016-12-31": "2761.06800", "2016-09-30": "2809.61500", "2016-06-30": "2817.86000", "2016-03-31": "2815.67200", "2015-12-31": "2844.05100", "2015-09-30": "2752.24300", "2015-06-30": "2427.62700", "2015-03-31": "2422.85200", "2014-12-31": "2408.97400", "2014-09-30": "2477.20400", "2014-06-30": "2484.08700", "2014-03-31": "2477.13100", "2013-12-31": "2504.01400", "2013-09-30": "2501.41600", "2013-06-30": "2155.46600", "2013-03-31": "2160.59800", "2012-12-31": "1995.84900", "2012-09-30": "1950.31700", "2012-06-30": "1754.55300", "2012-03-31": "1729.88100", "2011-12-31": "1553.99800", "2011-09-30": "1604.21200", "2011-06-30": "1589.67800", "2011-03-31": "1335.77500", "2010-12-31": "1325.48900", "2010-09-30": "1336.79600", "2010-06-30": "1333.34900", "2010-03-31": "1323.43600", "2009-12-31": "1351.44200", "2009-09-30": "1354.65300", "2009-06-30": "1365.46000", "2009-03-31": "1348.05800", "2008-12-31": "1353.24400", "2008-09-30": "1411.39600", "2008-06-30": "1024.39800", "2008-03-31": "1053.29800", "2007-12-31": "987.53500", "2007-09-30": "950.61300", "2007-06-30": "937.02400", "2007-03-31": "927.03000", "2006-12-31": "906.59000", "2006-09-30": "926.28200", "2006-06-30": "927.01400", "2006-03-31": "907.32500", "2005-12-31": "851.06900", "2005-09-30": "859.36500", "2005-06-30": "841.56200", "2005-03-31": "847.42800"}}, "cash flow statement": {"Net Income/Loss": {"2019-12-31": "164.53800", "2018-12-31": "157.16000", "2017-12-31": "150.12000", "2016-12-31": "163.77600", "2015-12-31": "189.19100", "2014-12-31": "175.73900", "2013-12-31": "230.89400", "2012-12-31": "136.12100", "2011-12-31": "123.42800", "2010-12-31": "137.04700", "2009-12-31": "133.71200", "2008-12-31": "122.30700", "2007-12-31": "98.11500", "2006-12-31": "81.04300", "2005-12-31": "61.23100"}, "Total Depreciation And Amortization - Cash Flow": {"2019-12-31": "144.22800", "2018-12-31": "144.12400", "2017-12-31": "146.71900", "2016-12-31": "140.86900", "2015-12-31": "132.17500", "2014-12-31": "128.96100", "2013-12-31": "118.49100", "2012-12-31": "102.69000", "2011-12-31": "94.63800", "2010-12-31": "85.11800", "2009-12-31": "80.92800", "2008-12-31": "73.31200", "2007-12-31": "66.09400", "2006-12-31": "64.25000", "2005-12-31": "59.34400"}, "Other Non-Cash Items": {"2019-12-31": "57.07800", "2018-12-31": "13.33600", "2017-12-31": "-5.21300", "2016-12-31": "40.30900", "2015-12-31": "49.30900", "2014-12-31": "48.58500", "2013-12-31": "-3.01000", "2012-12-31": "42.16400", "2011-12-31": "-24.86100", "2010-12-31": "29.19200", "2009-12-31": "62.86800", "2008-12-31": "7.77600", "2007-12-31": "5.88500", "2006-12-31": "-3.24800", "2005-12-31": "27.52300"}, "Total Non-Cash Items": {"2019-12-31": "201.30600", "2018-12-31": "157.46000", "2017-12-31": "141.50600", "2016-12-31": "181.17800", "2015-12-31": "181.48400", "2014-12-31": "177.54600", "2013-12-31": "115.48100", "2012-12-31": "144.85400", "2011-12-31": "69.77700", "2010-12-31": "114.31000", "2009-12-31": "143.79600", "2008-12-31": "81.08800", "2007-12-31": "71.97900", "2006-12-31": "61.00200", "2005-12-31": "86.86700"}, "Change In Accounts Receivable": {"2019-12-31": "-7.80900", "2018-12-31": "-8.27800", "2017-12-31": "-11.76200", "2016-12-31": "-7.88800", "2015-12-31": "-16.87300", "2014-12-31": "7.18100", "2013-12-31": "1.11400", "2012-12-31": "-64.18200", "2011-12-31": "-0.28300", "2010-12-31": "11.48200", "2009-12-31": "-0.47600", "2008-12-31": "-22.34000", "2007-12-31": "-5.03600", "2006-12-31": "-7.31400", "2005-12-31": "-1.70800"}, "Change In Inventories": {"2019-12-31": "-4.77400", "2018-12-31": "-8.42400", "2017-12-31": "-7.80100", "2016-12-31": "-1.52600", "2015-12-31": "-9.71700", "2014-12-31": "6.97700", "2013-12-31": "-10.70800", "2012-12-31": "-13.36600", "2011-12-31": "-6.45700", "2010-12-31": "-0.93600", "2009-12-31": "-3.52500", "2008-12-31": "-4.24200", "2007-12-31": "-3.61200", "2006-12-31": "-0.84400", "2005-12-31": "-5.37100"}, "Change In Accounts Payable": {"2019-12-31": "", "2018-12-31": "", "2017-12-31": "", "2016-12-31": "", "2015-12-31": "", "2014-12-31": "", "2013-12-31": "", "2012-12-31": "", "2011-12-31": "", "2010-12-31": "", "2009-12-31": "", "2008-12-31": "", "2007-12-31": "", "2006-12-31": "", "2005-12-31": ""}, "Change In Assets/Liabilities": {"2019-12-31": "27.84600", "2018-12-31": "-62.88800", "2017-12-31": "14.48600", "2016-12-31": "10.15100", "2015-12-31": "-27.47800", "2014-12-31": "-24.31400", "2013-12-31": "-76.29400", "2012-12-31": "-18.56200", "2011-12-31": "-38.85300", "2010-12-31": "29.38700", "2009-12-31": "26.42500", "2008-12-31": "-52.05800", "2007-12-31": "27.38100", "2006-12-31": "6.58000", "2005-12-31": "-42.65800"}, "Total Change In Assets/Liabilities": {"2019-12-31": "1.10800", "2018-12-31": "-18.72700", "2017-12-31": "5.76300", "2016-12-31": "11.60800", "2015-12-31": "-35.00100", "2014-12-31": "-38.10200", "2013-12-31": "-75.89100", "2012-12-31": "-64.09500", "2011-12-31": "-58.91500", "2010-12-31": "54.69300", "2009-12-31": "-41.49900", "2008-12-31": "-108.52300", "2007-12-31": "44.50400", "2006-12-31": "9.23100", "2005-12-31": "-34.11900"}, "Cash Flow From Operating Activities": {"2019-12-31": "366.95200", "2018-12-31": "295.89300", "2017-12-31": "297.38900", "2016-12-31": "356.56200", "2015-12-31": "335.67400", "2014-12-31": "315.18300", "2013-12-31": "270.48400", "2012-12-31": "216.88000", "2011-12-31": "134.29000", "2010-12-31": "306.05000", "2009-12-31": "236.00900", "2008-12-31": "94.87200", "2007-12-31": "214.59800", "2006-12-31": "151.27600", "2005-12-31": "113.97900"}, "Net Change In Property, Plant, And Equipment": {"2019-12-31": "-101.03600", "2018-12-31": "-97.50900", "2017-12-31": "-30.06700", "2016-12-31": "-84.06000", "2015-12-31": "-76.44900", "2014-12-31": "-47.47500", "2013-12-31": "-96.21500", "2012-12-31": "-65.95800", "2011-12-31": "-67.05800", "2010-12-31": "-97.32900", "2009-12-31": "-65.17400", "2008-12-31": "-81.96200", "2007-12-31": "-86.26700", "2006-12-31": "-61.79200", "2005-12-31": "-58.84600"}, "Net Change In Intangible Assets": {"2019-12-31": "", "2018-12-31": "", "2017-12-31": "", "2016-12-31": "", "2015-12-31": "-5.00000", "2014-12-31": "0.00000", "2013-12-31": "0.00000", "2012-12-31": "", "2011-12-31": "", "2010-12-31": "", "2009-12-31": "", "2008-12-31": "", "2007-12-31": "", "2006-12-31": "", "2005-12-31": ""}, "Net Acquisitions/Divestitures": {"2019-12-31": "", "2018-12-31": "-200.17400", "2017-12-31": "", "2016-12-31": "", "2015-12-31": "-390.22100", "2014-12-31": "", "2013-12-31": "-415.81300", "2012-12-31": "-318.47600", "2011-12-31": "-169.48500", "2010-12-31": "", "2009-12-31": "-24.56500", "2008-12-31": "-170.07700", "2007-12-31": "-1.51500", "2006-12-31": "-0.88700", "2005-12-31": "-9.86700"}, "Net Change In Short-term Investments": {"2019-12-31": "3.82400", "2018-12-31": "-4.69900", "2017-12-31": "-7.15100", "2016-12-31": "4.82400", "2015-12-31": "0.72300", "2014-12-31": "4.90500", "2013-12-31": "9.14300", "2012-12-31": "-1.35100", "2011-12-31": "-1.95200", "2010-12-31": "1.67100", "2009-12-31": "-0.31000", "2008-12-31": "-7.27900", "2007-12-31": "-15.21100", "2006-12-31": "-4.95500", "2005-12-31": "2.01100"}, "Net Change In Long-Term Investments": {"2019-12-31": "", "2018-12-31": "", "2017-12-31": "", "2016-12-31": "", "2015-12-31": "", "2014-12-31": "", "2013-12-31": "", "2012-12-31": "", "2011-12-31": "", "2010-12-31": "", "2009-12-31": "", "2008-12-31": "", "2007-12-31": "", "2006-12-31": "", "2005-12-31": ""}, "Net Change In Investments - Total": {"2019-12-31": "3.82400", "2018-12-31": "-4.69900", "2017-12-31": "-7.15100", "2016-12-31": "4.82400", "2015-12-31": "0.72300", "2014-12-31": "4.90500", "2013-12-31": "9.14300", "2012-12-31": "-1.35100", "2011-12-31": "-1.95200", "2010-12-31": "1.67100", "2009-12-31": "-0.31000", "2008-12-31": "-7.27900", "2007-12-31": "-15.21100", "2006-12-31": "-4.95500", "2005-12-31": "2.01100"}, "Investing Activities - Other": {"2019-12-31": "0.11900", "2018-12-31": "0.57700", "2017-12-31": "1.82300", "2016-12-31": "2.52200", "2015-12-31": "1.13200", "2014-12-31": "8.04400", "2013-12-31": "", "2012-12-31": "0.34800", "2011-12-31": "0.55600", "2010-12-31": "-8.63900", "2009-12-31": "0.44000", "2008-12-31": "0.06200", "2007-12-31": "1.69300", "2006-12-31": "-4.08200", "2005-12-31": "-3.75100"}, "Cash Flow From Investing Activities": {"2019-12-31": "-97.09300", "2018-12-31": "-301.80500", "2017-12-31": "-35.39500", "2016-12-31": "-76.71400", "2015-12-31": "-469.81500", "2014-12-31": "-34.52600", "2013-12-31": "-502.88500", "2012-12-31": "-385.43700", "2011-12-31": "-237.93900", "2010-12-31": "-104.29700", "2009-12-31": "-89.60900", "2008-12-31": "-259.25600", "2007-12-31": "-101.30000", "2006-12-31": "-71.71600", "2005-12-31": "-70.45300"}, "Net Long-Term Debt": {"2019-12-31": "-120.18700", "2018-12-31": "173.25000", "2017-12-31": "-124.00000", "2016-12-31": "-55.60820", "2015-12-31": "247.00000", "2014-12-31": "-167.88710", "2013-12-31": "310.85600", "2012-12-31": "260.82090", "2011-12-31": "196.01700", "2010-12-31": "-111.30900", "2009-12-31": "-40.31100", "2008-12-31": "252.63600", "2007-12-31": "-57.10400", "2006-12-31": "-342.81100", "2005-12-31": "-118.61000"}, "Net Current Debt": {"2019-12-31": "3.21700", "2018-12-31": "4.85100", "2017-12-31": "-14.20600", "2016-12-31": "1.91400", "2015-12-31": "2.32500", "2014-12-31": "-0.67900", "2013-12-31": "-0.49900", "2012-12-31": "6.68400", "2011-12-31": "0.52100", "2010-12-31": "-1.43200", "2009-12-31": "-7.73500", "2008-12-31": "6.70200", "2007-12-31": "-4.20100", "2006-12-31": "344.18800", "2005-12-31": "180.22400"}, "Debt Issuance/Retirement Net - Total": {"2019-12-31": "-116.97000", "2018-12-31": "178.10100", "2017-12-31": "-138.20600", "2016-12-31": "-53.69420", "2015-12-31": "249.32500", "2014-12-31": "-168.56610", "2013-12-31": "310.35700", "2012-12-31": "267.50490", "2011-12-31": "196.53800", "2010-12-31": "-112.74100", "2009-12-31": "-48.04600", "2008-12-31": "259.33800", "2007-12-31": "-61.30500", "2006-12-31": "1.37700", "2005-12-31": "61.61400"}, "Net Common Equity Issued/Repurchased": {"2019-12-31": "-7.05400", "2018-12-31": "-1.69800", "2017-12-31": "16.64200", "2016-12-31": "-98.66900", "2015-12-31": "12.75900", "2014-12-31": "-17.90200", "2013-12-31": "4.86600", "2012-12-31": "-4.84500", "2011-12-31": "-13.66500", "2010-12-31": "-31.30000", "2009-12-31": "-37.91700", "2008-12-31": "-41.39300", "2007-12-31": "-11.20900", "2006-12-31": "-57.25400", "2005-12-31": "-117.94500"}, "Net Total Equity Issued/Repurchased": {"2019-12-31": "-7.05400", "2018-12-31": "-1.69800", "2017-12-31": "16.64200", "2016-12-31": "-98.66900", "2015-12-31": "12.75900", "2014-12-31": "-17.90200", "2013-12-31": "4.86600", "2012-12-31": "-4.84500", "2011-12-31": "-13.66500", "2010-12-31": "-31.30000", "2009-12-31": "-37.91700", "2008-12-31": "-41.39300", "2007-12-31": "-11.20900", "2006-12-31": "-57.25400", "2005-12-31": "-117.94500"}, "Total Common And Preferred Stock Dividends Paid": {"2019-12-31": "-159.98700", "2018-12-31": "-150.21400", "2017-12-31": "-140.98200", "2016-12-31": "-131.07300", "2015-12-31": "-120.44200", "2014-12-31": "-102.30200", "2013-12-31": "-92.84000", "2012-12-31": "-86.48900", "2011-12-31": "-79.08100", "2010-12-31": "-70.88200", "2009-12-31": "-62.17000", "2008-12-31": "-53.22200", "2007-12-31": "-42.12000", "2006-12-31": "-28.99400", "2005-12-31": "-23.65200"}, "Financial Activities - Other": {"2019-12-31": "-0.11000", "2018-12-31": "-0.10000", "2017-12-31": "-0.72900", "2016-12-31": "-4.38000", "2015-12-31": "-0.64600", "2014-12-31": "7.10600", "2013-12-31": "5.27300", "2012-12-31": "-2.12200", "2011-12-31": "0.88500", "2010-12-31": "0.97700", "2009-12-31": "0.71700", "2008-12-31": "-0.35300", "2007-12-31": "7.40000", "2006-12-31": "8.22400", "2005-12-31": ""}, "Cash Flow From Financial Activities": {"2019-12-31": "-284.12100", "2018-12-31": "26.08900", "2017-12-31": "-263.27500", "2016-12-31": "-287.81600", "2015-12-31": "140.99600", "2014-12-31": "-281.66400", "2013-12-31": "227.65600", "2012-12-31": "174.04900", "2011-12-31": "104.67700", "2010-12-31": "-213.94600", "2009-12-31": "-147.41600", "2008-12-31": "164.37000", "2007-12-31": "-107.23400", "2006-12-31": "-76.64700", "2005-12-31": "-79.98300"}, "Net Cash Flow": {"2019-12-31": "-14.26200", "2018-12-31": "20.17700", "2017-12-31": "-1.28100", "2016-12-31": "-7.96800", "2015-12-31": "6.85500", "2014-12-31": "-1.00700", "2013-12-31": "-4.74500", "2012-12-31": "5.49200", "2011-12-31": "1.02800", "2010-12-31": "-12.19300", "2009-12-31": "-1.01600", "2008-12-31": "-0.01400", "2007-12-31": "6.06400", "2006-12-31": "2.91300", "2005-12-31": "-36.45700"}, "Stock-Based Compensation": {"2019-12-31": "7.43000", "2018-12-31": "8.14800", "2017-12-31": "16.09300", "2016-12-31": "18.76100", "2015-12-31": "15.69200", "2014-12-31": "18.66200", "2013-12-31": "15.94300", "2012-12-31": "10.11600", "2011-12-31": "13.63800", "2010-12-31": "13.67800", "2009-12-31": "11.85500", "2008-12-31": "10.59400", "2007-12-31": "15.15100", "2006-12-31": "8.59500", "2005-12-31": "4.23200"}, "Common Stock Dividends Paid": {"2019-12-31": "-159.98700", "2018-12-31": "-150.21400", "2017-12-31": "-140.98200", "2016-12-31": "-131.07300", "2015-12-31": "-120.44200", "2014-12-31": "-102.30200", "2013-12-31": "-92.84000", "2012-12-31": "-86.48900", "2011-12-31": "-79.08100", "2010-12-31": "-70.88200", "2009-12-31": "-62.17000", "2008-12-31": "-53.22200", "2007-12-31": "-42.12000", "2006-12-31": "-28.99400", "2005-12-31": "-23.65200"}}, "cash flow statement, quarterly": {"Net Income/Loss": {"2020-09-30": 44.347, "2020-06-30": 57.919, "2020-03-31": "-5.77200", "2019-12-31": 2.219, "2019-09-30": 43.358, "2019-06-30": 53.095, "2019-03-31": "65.86600", "2018-12-31": 20.841, "2018-09-30": 39.63, "2018-06-30": 45.442, "2018-03-31": "51.24700", "2017-12-31": 78.533, "2017-09-30": -33.571, "2017-06-30": 44.74, "2017-03-31": "60.41800", "2016-12-31": 13.042, "2016-09-30": 40.216, "2016-06-30": 51.155, "2016-03-31": "59.36300", "2015-12-31": 32.246, "2015-09-30": 43.796, "2015-06-30": 51.76, "2015-03-31": "61.38900", "2014-12-31": 28.01, "2014-09-30": 44.599, "2014-06-30": 42.064, "2014-03-31": "61.06600", "2013-12-31": 38.52, "2013-09-30": 33.888, "2013-06-30": 46.46, "2013-03-31": "112.02600", "2012-12-31": 38.567, "2012-09-30": 31.231, "2012-06-30": 28.38, "2012-03-31": "37.94300", "2011-12-31": 23.038, "2011-09-30": 31.019, "2011-06-30": 28.21, "2011-03-31": "41.16100", "2010-12-31": 31.438, "2010-09-30": 31.166, "2010-06-30": 33.756, "2010-03-31": "40.68700", "2009-12-31": 31.758, "2009-09-30": 33.024, "2009-06-30": 31.097, "2009-03-31": "37.83300", "2008-12-31": 32.255, "2008-09-30": 27.882, "2008-06-30": 25.086, "2008-03-31": "37.08400", "2007-12-31": 24.931, "2007-09-30": 22.501, "2007-06-30": 22.19, "2007-03-31": "28.49300", "2006-12-31": 15.836, "2006-09-30": 22.569, "2006-06-30": 19.724, "2006-03-31": "22.91400", "2005-12-31": 11.732, "2005-09-30": 11.845, "2005-06-30": 17.657, "2005-03-31": "19.99700"}, "Total Depreciation And Amortization - Cash Flow": {"2020-09-30": 32.162, "2020-06-30": 33.18, "2020-03-31": "44.66300", "2019-12-31": 32.884, "2019-09-30": 33.196, "2019-06-30": 33.329, "2019-03-31": "44.81900", "2018-12-31": 32.175, "2018-09-30": 32.662, "2018-06-30": 35.098, "2018-03-31": "44.18900", "2017-12-31": 32.431, "2017-09-30": 32.972, "2017-06-30": 34.128, "2017-03-31": "47.18800", "2016-12-31": 32.274, "2016-09-30": 32.53, "2016-06-30": 32.598, "2016-03-31": "43.46700", "2015-12-31": 32.471, "2015-09-30": 29.419, "2015-06-30": 30.468, "2015-03-31": "39.81700", "2014-12-31": 30.275, "2014-09-30": 29.487, "2014-06-30": 29.907, "2014-03-31": "39.29200", "2013-12-31": 28.722, "2013-09-30": 29.837, "2013-06-30": 25.743, "2013-03-31": "34.18900", "2012-12-31": 25.939, "2012-09-30": 24.757, "2012-06-30": 22.255, "2012-03-31": "29.73900", "2011-12-31": 22.932, "2011-09-30": 22.816, "2011-06-30": 20.898, "2011-03-31": "27.99200", "2010-12-31": 19.682, "2010-09-30": 19.778, "2010-06-30": 20.021, "2010-03-31": "25.63700", "2009-12-31": 18.931, "2009-09-30": 19.064, "2009-06-30": 18.656, "2009-03-31": "24.27700", "2008-12-31": 18.994, "2008-09-30": 17.373, "2008-06-30": 16.033, "2008-03-31": "20.91200", "2007-12-31": 15.504, "2007-09-30": 15.357, "2007-06-30": 15.116, "2007-03-31": "20.11700", "2006-12-31": 15.515, "2006-09-30": 14.796, "2006-06-30": 15.113, "2006-03-31": "18.82600", "2005-12-31": 14.647, "2005-09-30": 13.53, "2005-06-30": 13.427, "2005-03-31": "17.74000"}, "Other Non-Cash Items": {"2020-09-30": 15.669, "2020-06-30": 9.403, "2020-03-31": "97.56300", "2019-12-31": 37.587, "2019-09-30": -1.88, "2019-06-30": 11.413, "2019-03-31": "9.95800", "2018-12-31": 16.007, "2018-09-30": 1.23, "2018-06-30": -11.896, "2018-03-31": "7.99500", "2017-12-31": -39.471, "2017-09-30": 52.184, "2017-06-30": 3.042, "2017-03-31": "-20.96800", "2016-12-31": 15.817, "2016-09-30": 9.555, "2016-06-30": 10.159, "2016-03-31": "4.77800", "2015-12-31": 28.307, "2015-09-30": -1.108, "2015-06-30": 9.668, "2015-03-31": "12.44200", "2014-12-31": 25.628, "2014-09-30": -2.972, "2014-06-30": 13.272, "2014-03-31": "12.65700", "2013-12-31": 45.649, "2013-09-30": 10.44, "2013-06-30": -13.348, "2013-03-31": "-45.75100", "2012-12-31": -1.157, "2012-09-30": 9.006, "2012-06-30": 14.262, "2012-03-31": "20.05300", "2011-12-31": 37.532, "2011-09-30": -31.353, "2011-06-30": -11.012, "2011-03-31": "-20.02800", "2010-12-31": -19.868, "2010-09-30": 15.724, "2010-06-30": 16.074, "2010-03-31": "17.26200", "2009-12-31": 8.444, "2009-09-30": 15.78, "2009-06-30": 24.184, "2009-03-31": "14.46000", "2008-12-31": 3.688, "2008-09-30": 3.549, "2008-06-30": -3.377, "2008-03-31": "3.91600", "2007-12-31": -9.232, "2007-09-30": 2.242, "2007-06-30": 5.057, "2007-03-31": "7.81800", "2006-12-31": -6.316, "2006-09-30": 1.427, "2006-06-30": -0.441, "2006-03-31": "2.08200", "2005-12-31": 6.298, "2005-09-30": 3.772, "2005-06-30": 12.425, "2005-03-31": "5.02800"}, "Total Non-Cash Items": {"2020-09-30": 47.831, "2020-06-30": 42.583, "2020-03-31": "142.22600", "2019-12-31": 70.471, "2019-09-30": 31.316, "2019-06-30": 44.742, "2019-03-31": "54.77700", "2018-12-31": 48.182, "2018-09-30": 33.892, "2018-06-30": 23.202, "2018-03-31": "52.18400", "2017-12-31": -7.04, "2017-09-30": 85.156, "2017-06-30": 37.17, "2017-03-31": "26.22000", "2016-12-31": 48.091, "2016-09-30": 42.085, "2016-06-30": 42.757, "2016-03-31": "48.24500", "2015-12-31": 60.778, "2015-09-30": 28.311, "2015-06-30": 40.136, "2015-03-31": "52.25900", "2014-12-31": 55.903, "2014-09-30": 26.515, "2014-06-30": 43.179, "2014-03-31": "51.94900", "2013-12-31": 74.371, "2013-09-30": 40.277, "2013-06-30": 12.395, "2013-03-31": "-11.56200", "2012-12-31": 24.782, "2012-09-30": 33.763, "2012-06-30": 36.517, "2012-03-31": "49.79200", "2011-12-31": 60.464, "2011-09-30": -8.537, "2011-06-30": 9.886, "2011-03-31": "7.96400", "2010-12-31": -0.186, "2010-09-30": 35.502, "2010-06-30": 36.095, "2010-03-31": "42.89900", "2009-12-31": 27.375, "2009-09-30": 34.844, "2009-06-30": 42.84, "2009-03-31": "38.73700", "2008-12-31": 22.682, "2008-09-30": 20.922, "2008-06-30": 12.656, "2008-03-31": "24.82800", "2007-12-31": 6.272, "2007-09-30": 17.599, "2007-06-30": 20.173, "2007-03-31": "27.93500", "2006-12-31": 9.199, "2006-09-30": 16.223, "2006-06-30": 14.672, "2006-03-31": "20.90800", "2005-12-31": 20.945, "2005-09-30": 17.302, "2005-06-30": 25.852, "2005-03-31": "22.76800"}, "Change In Accounts Receivable": {"2020-09-30": 12.305, "2020-06-30": 11.827, "2020-03-31": "-61.63000", "2019-12-31": 11.71, "2019-09-30": 10.062, "2019-06-30": -5.749, "2019-03-31": "-23.83200", "2018-12-31": 12.019, "2018-09-30": 7.458, "2018-06-30": -15.683, "2018-03-31": "-12.07200", "2017-12-31": 14.695, "2017-09-30": -7.185, "2017-06-30": -4.738, "2017-03-31": "-14.53400", "2016-12-31": 9.266, "2016-09-30": 8.936, "2016-06-30": -9.944, "2016-03-31": "-16.14600", "2015-12-31": 2.837, "2015-09-30": 6.88, "2015-06-30": -3.904, "2015-03-31": "-22.68600", "2014-12-31": 14.054, "2014-09-30": 10.174, "2014-06-30": 5.754, "2014-03-31": "-22.80100", "2013-12-31": 12.947, "2013-09-30": 0.446, "2013-06-30": 0.49, "2013-03-31": "-12.76900", "2012-12-31": -33.664, "2012-09-30": -12.246, "2012-06-30": -2.453, "2012-03-31": "-15.81900", "2011-12-31": 8.093, "2011-09-30": 4.17, "2011-06-30": -1.949, "2011-03-31": "-10.59700", "2010-12-31": 11.361, "2010-09-30": 7.12, "2010-06-30": -4.531, "2010-03-31": "-2.46800", "2009-12-31": -0.117, "2009-09-30": 5.805, "2009-06-30": -3.17, "2009-03-31": "-2.99400", "2008-12-31": -6.217, "2008-09-30": 11.463, "2008-06-30": -13.468, "2008-03-31": "-14.11800", "2007-12-31": 2.536, "2007-09-30": 0.937, "2007-06-30": 3.184, "2007-03-31": "-11.69300", "2006-12-31": 6.304, "2006-09-30": 5.745, "2006-06-30": -10.911, "2006-03-31": "-8.45200", "2005-12-31": 9.742, "2005-09-30": -3.317, "2005-06-30": -7.163, "2005-03-31": "-0.97000"}, "Change In Inventories": {"2020-09-30": -4.321, "2020-06-30": 10.335, "2020-03-31": "-9.23800", "2019-12-31": 3.05, "2019-09-30": -6.92, "2019-06-30": 1.651, "2019-03-31": "-2.55500", "2018-12-31": 0.423, "2018-09-30": -3.222, "2018-06-30": -3.3, "2018-03-31": "-2.32500", "2017-12-31": -0.56, "2017-09-30": -4.523, "2017-06-30": -1.317, "2017-03-31": "-1.40100", "2016-12-31": 2.351, "2016-09-30": -2.023, "2016-06-30": 3.012, "2016-03-31": "-4.86600", "2015-12-31": 0.744, "2015-09-30": -3.872, "2015-06-30": -0.488, "2015-03-31": "-6.10100", "2014-12-31": 5.006, "2014-09-30": 0.021, "2014-06-30": -1.424, "2014-03-31": "3.37400", "2013-12-31": 2.549, "2013-09-30": -7.364, "2013-06-30": -1.569, "2013-03-31": "-4.32400", "2012-12-31": -3.096, "2012-09-30": -4.986, "2012-06-30": 0.754, "2012-03-31": "-6.03800", "2011-12-31": 9.388, "2011-09-30": -7.448, "2011-06-30": -1.958, "2011-03-31": "-6.43900", "2010-12-31": 5.64, "2010-09-30": -4.572, "2010-06-30": 1.346, "2010-03-31": "-3.35000", "2009-12-31": 5.13, "2009-09-30": -2.28, "2009-06-30": 1.814, "2009-03-31": "-8.18900", "2008-12-31": 4.116, "2008-09-30": -3.034, "2008-06-30": -0.904, "2008-03-31": "-4.42000", "2007-12-31": 1.328, "2007-09-30": -2.604, "2007-06-30": -1.812, "2007-03-31": "-0.52400", "2006-12-31": 3.11, "2006-09-30": -2.77, "2006-06-30": -0.156, "2006-03-31": "-1.02800", "2005-12-31": 1.199, "2005-09-30": -3.458, "2005-06-30": -2.482, "2005-03-31": "-0.63000"}, "Change In Accounts Payable": {"2020-09-30": 0, "2020-06-30": 0, "2020-03-31": "", "2019-12-31": 0, "2019-09-30": 0, "2019-06-30": 0, "2019-03-31": "", "2018-12-31": 0, "2018-09-30": 0, "2018-06-30": 0, "2018-03-31": "", "2017-12-31": 0, "2017-09-30": 0, "2017-06-30": 0, "2017-03-31": "", "2016-12-31": 0, "2016-09-30": 0, "2016-06-30": 0, "2016-03-31": "", "2015-12-31": 0, "2015-09-30": 0, "2015-06-30": 0, "2015-03-31": "", "2014-12-31": 0, "2014-09-30": 0, "2014-06-30": 0, "2014-03-31": "", "2013-12-31": 0, "2013-09-30": 0, "2013-06-30": 0, "2013-03-31": "", "2012-12-31": 0, "2012-09-30": 0, "2012-06-30": 0, "2012-03-31": "", "2011-12-31": 0, "2011-09-30": 0, "2011-06-30": 0, "2011-03-31": "", "2010-12-31": 0, "2010-09-30": 0, "2010-06-30": 0, "2010-03-31": "", "2009-12-31": 0, "2009-09-30": 0, "2009-06-30": 0, "2009-03-31": "", "2008-12-31": 0, "2008-09-30": 0, "2008-06-30": 0, "2008-03-31": "", "2007-12-31": 0, "2007-09-30": 0, "2007-06-30": 0, "2007-03-31": "", "2006-12-31": 0, "2006-09-30": 0, "2006-06-30": 0, "2006-03-31": "", "2005-12-31": 0, "2005-09-30": 0, "2005-06-30": 0, "2005-03-31": ""}, "Change In Assets/Liabilities": {"2020-09-30": -17.416, "2020-06-30": 55.652, "2020-03-31": "13.27700", "2019-12-31": 20.365, "2019-09-30": -4.014, "2019-06-30": 4.68, "2019-03-31": "6.81500", "2018-12-31": -17.684, "2018-09-30": -42.838, "2018-06-30": 18.096, "2018-03-31": "-20.46200", "2017-12-31": 43.695, "2017-09-30": -32.317, "2017-06-30": 10.458, "2017-03-31": "-7.35000", "2016-12-31": 4.724, "2016-09-30": 2.215, "2016-06-30": -12.677, "2016-03-31": "15.88900", "2015-12-31": -15.101, "2015-09-30": -8.71, "2015-06-30": 0.102, "2015-03-31": "-3.76900", "2014-12-31": 17.059, "2014-09-30": -24.65, "2014-06-30": -44.3, "2014-03-31": "27.57700", "2013-12-31": -54.084, "2013-09-30": -23.857, "2013-06-30": 16.511, "2013-03-31": "-14.86400", "2012-12-31": -10.762, "2012-09-30": -1.113, "2012-06-30": -2.505, "2012-03-31": "-4.18200", "2011-12-31": -37.333, "2011-09-30": 11.514, "2011-06-30": -30.721, "2011-03-31": "17.68700", "2010-12-31": 35.936, "2010-09-30": -2.116, "2010-06-30": -7.803, "2010-03-31": "3.37000", "2009-12-31": 32.406, "2009-09-30": -2.305, "2009-06-30": -7.478, "2009-03-31": "3.80200", "2008-12-31": -8.784, "2008-09-30": -40.44, "2008-06-30": -6.599, "2008-03-31": "3.76500", "2007-12-31": 7.146, "2007-09-30": 18.365, "2007-06-30": 6.123, "2007-03-31": "-4.25300", "2006-12-31": 4.78, "2006-09-30": -8.609, "2006-06-30": -2.173, "2006-03-31": "12.58200", "2005-12-31": -4.604, "2005-09-30": 1.62, "2005-06-30": -13.111, "2005-03-31": "-26.56300"}, "Total Change In Assets/Liabilities": {"2020-09-30": -3.536, "2020-06-30": 69.107, "2020-03-31": "-30.26900", "2019-12-31": 16.162, "2019-09-30": -4.631, "2019-06-30": 14.042, "2019-03-31": "-24.46500", "2018-12-31": -5.189, "2018-09-30": 9.914, "2018-06-30": -17.133, "2018-03-31": "-6.31900", "2017-12-31": 1.87, "2017-09-30": -0.526, "2017-06-30": 9.136, "2017-03-31": "-4.71700", "2016-12-31": 9.606, "2016-09-30": 8.225, "2016-06-30": -17.36, "2016-03-31": "11.13700", "2015-12-31": -37.892, "2015-09-30": -7.499, "2015-06-30": 5.615, "2015-03-31": "4.77500", "2014-12-31": 11.028, "2014-09-30": -23.783, "2014-06-30": -34.153, "2014-03-31": "8.80600", "2013-12-31": -62.667, "2013-09-30": -29.507, "2013-06-30": 29.918, "2013-03-31": "-13.63500", "2012-12-31": -28.698, "2012-09-30": -9.567, "2012-06-30": 1.792, "2012-03-31": "-27.62200", "2011-12-31": -43.997, "2011-09-30": 6.122, "2011-06-30": -44.469, "2011-03-31": "23.42900", "2010-12-31": 45.991, "2010-09-30": 6.842, "2010-06-30": 2.897, "2010-03-31": "-1.03700", "2009-12-31": 10.645, "2009-09-30": -17.996, "2009-06-30": -15.919, "2009-03-31": "-18.22900", "2008-12-31": -8.921, "2008-09-30": -56.029, "2008-06-30": -43.264, "2008-03-31": "-0.30900", "2007-12-31": 28.179, "2007-09-30": 12.102, "2007-06-30": 11.295, "2007-03-31": "-7.07200", "2006-12-31": 23.766, "2006-09-30": -10.185, "2006-06-30": -6.318, "2006-03-31": "1.96800", "2005-12-31": 12.139, "2005-09-30": 10.219, "2005-06-30": -20.641, "2005-03-31": "-35.83600"}, "Cash Flow From Operating Activities": {"2020-09-30": 88.642, "2020-06-30": 169.609, "2020-03-31": "106.18500", "2019-12-31": 88.852, "2019-09-30": 70.043, "2019-06-30": 111.879, "2019-03-31": "96.17800", "2018-12-31": 63.834, "2018-09-30": 83.436, "2018-06-30": 51.511, "2018-03-31": "97.11200", "2017-12-31": 73.363, "2017-09-30": 51.059, "2017-06-30": 91.046, "2017-03-31": "81.92100", "2016-12-31": 70.739, "2016-09-30": 90.526, "2016-06-30": 76.552, "2016-03-31": "118.74500", "2015-12-31": 55.132, "2015-09-30": 64.608, "2015-06-30": 97.511, "2015-03-31": "118.42300", "2014-12-31": 94.941, "2014-09-30": 47.331, "2014-06-30": 51.09, "2014-03-31": "121.82100", "2013-12-31": 50.224, "2013-09-30": 44.658, "2013-06-30": 88.773, "2013-03-31": "86.82900", "2012-12-31": 34.651, "2012-09-30": 55.427, "2012-06-30": 66.689, "2012-03-31": "60.11300", "2011-12-31": 39.505, "2011-09-30": 28.604, "2011-06-30": -6.373, "2011-03-31": "72.55400", "2010-12-31": 77.243, "2010-09-30": 73.51, "2010-06-30": 72.748, "2010-03-31": "82.54900", "2009-12-31": 69.778, "2009-09-30": 49.872, "2009-06-30": 58.018, "2009-03-31": "58.34100", "2008-12-31": 46.016, "2008-09-30": -7.225, "2008-06-30": -5.522, "2008-03-31": "61.60300", "2007-12-31": 59.382, "2007-09-30": 52.202, "2007-06-30": 53.658, "2007-03-31": "49.35600", "2006-12-31": 48.801, "2006-09-30": 28.607, "2006-06-30": 28.078, "2006-03-31": "45.79000", "2005-12-31": 44.816, "2005-09-30": 39.366, "2005-06-30": 22.868, "2005-03-31": "6.92900"}, "Net Change In Property, Plant, And Equipment": {"2020-09-30": -21.428, "2020-06-30": -24.304, "2020-03-31": "-20.83800", "2019-12-31": -32.974, "2019-09-30": -21.193, "2019-06-30": -26.343, "2019-03-31": "-20.52600", "2018-12-31": -23.883, "2018-09-30": -25.382, "2018-06-30": -22.193, "2018-03-31": "-26.05100", "2017-12-31": -21.778, "2017-09-30": 22.318, "2017-06-30": -54.701, "2017-03-31": "24.09400", "2016-12-31": -19.605, "2016-09-30": -24.698, "2016-06-30": -17.375, "2016-03-31": "-22.38200", "2015-12-31": -25.538, "2015-09-30": -20.346, "2015-06-30": -11.506, "2015-03-31": "-19.05900", "2014-12-31": -7.075, "2014-09-30": -2.567, "2014-06-30": -18.181, "2014-03-31": "-19.65200", "2013-12-31": -26.697, "2013-09-30": -24.454, "2013-06-30": -23.629, "2013-03-31": "-21.43500", "2012-12-31": -17.873, "2012-09-30": -19.831, "2012-06-30": -14.436, "2012-03-31": "-13.81800", "2011-12-31": -4.083, "2011-09-30": -20.857, "2011-06-30": -20.792, "2011-03-31": "-21.32600", "2010-12-31": -23.809, "2010-09-30": -19.4, "2010-06-30": -25.33, "2010-03-31": "-28.79000", "2009-12-31": -20.938, "2009-09-30": -16.784, "2009-06-30": -13.115, "2009-03-31": "-14.33700", "2008-12-31": -18.045, "2008-09-30": -21.953, "2008-06-30": -18.64, "2008-03-31": "-23.32400", "2007-12-31": -38.824, "2007-09-30": -13.998, "2007-06-30": -19.272, "2007-03-31": "-14.17300", "2006-12-31": -16.106, "2006-09-30": -13.39, "2006-06-30": -17.098, "2006-03-31": "-15.19800", "2005-12-31": -27.176, "2005-09-30": -14.641, "2005-06-30": -8.861, "2005-03-31": "-8.16800"}, "Net Change In Intangible Assets": {"2020-09-30": 0, "2020-06-30": 0, "2020-03-31": "", "2019-12-31": 0, "2019-09-30": 0, "2019-06-30": 0, "2019-03-31": "", "2018-12-31": 0, "2018-09-30": 0, "2018-06-30": 0, "2018-03-31": "", "2017-12-31": 0, "2017-09-30": 0, "2017-06-30": 0, "2017-03-31": "", "2016-12-31": 0, "2016-09-30": 0, "2016-06-30": 0, "2016-03-31": "", "2015-12-31": 0, "2015-09-30": 0, "2015-06-30": 0, "2015-03-31": "-5.00000", "2014-12-31": 0, "2014-09-30": 0, "2014-06-30": 0, "2014-03-31": "", "2013-12-31": 0, "2013-09-30": 0, "2013-06-30": 0, "2013-03-31": "", "2012-12-31": 0, "2012-09-30": 0, "2012-06-30": 0, "2012-03-31": "", "2011-12-31": 0, "2011-09-30": 0, "2011-06-30": 0, "2011-03-31": "", "2010-12-31": 0, "2010-09-30": 0, "2010-06-30": 0, "2010-03-31": "", "2009-12-31": 0, "2009-09-30": 0, "2009-06-30": 0, "2009-03-31": "", "2008-12-31": 0, "2008-09-30": 0, "2008-06-30": 0, "2008-03-31": "", "2007-12-31": 0, "2007-09-30": 0, "2007-06-30": 0, "2007-03-31": "", "2006-12-31": 0, "2006-09-30": 0, "2006-06-30": 0, "2006-03-31": "", "2005-12-31": 0, "2005-09-30": 0, "2005-06-30": 0, "2005-03-31": ""}, "Net Acquisitions/Divestitures": {"2020-09-30": 0, "2020-06-30": 0, "2020-03-31": "", "2019-12-31": 0, "2019-09-30": 0, "2019-06-30": 0, "2019-03-31": "", "2018-12-31": -200.174, "2018-09-30": 0, "2018-06-30": 0, "2018-03-31": "", "2017-12-31": 0, "2017-09-30": -41.23, "2017-06-30": 41.23, "2017-03-31": "", "2016-12-31": 0, "2016-09-30": 0, "2016-06-30": 0, "2016-03-31": "", "2015-12-31": -109.373, "2015-09-30": -280.848, "2015-06-30": 0, "2015-03-31": "", "2014-12-31": 0, "2014-09-30": 0, "2014-06-30": -7.5, "2014-03-31": "7.50000", "2013-12-31": -0.341, "2013-09-30": -365.343, "2013-06-30": 17.821, "2013-03-31": "-67.95000", "2012-12-31": -0.05, "2012-09-30": -318.426, "2012-06-30": 0, "2012-03-31": "", "2011-12-31": 0, "2011-09-30": 0, "2011-06-30": -164.485, "2011-03-31": "-5.00000", "2010-12-31": 0, "2010-09-30": 0, "2010-06-30": 0, "2010-03-31": "", "2009-12-31": -15.723, "2009-09-30": 0, "2009-06-30": -8.842, "2009-03-31": "", "2008-12-31": -1.99, "2008-09-30": -168.087, "2008-06-30": 0, "2008-03-31": "", "2007-12-31": -1.515, "2007-09-30": 0, "2007-06-30": 0, "2007-03-31": "", "2006-12-31": 0, "2006-09-30": 0, "2006-06-30": -0.009, "2006-03-31": "-0.87800", "2005-12-31": -0.042, "2005-09-30": -9.825, "2005-06-30": 0, "2005-03-31": ""}, "Net Change In Short-term Investments": {"2020-09-30": 4.602, "2020-06-30": 5.297, "2020-03-31": "3.99800", "2019-12-31": 0.956, "2019-09-30": 1.798, "2019-06-30": 0.978, "2019-03-31": "0.09200", "2018-12-31": -4.347, "2018-09-30": 0.955, "2018-06-30": 0.299, "2018-03-31": "-1.60600", "2017-12-31": -1.106, "2017-09-30": -2.136, "2017-06-30": -1.606, "2017-03-31": "-2.30300", "2016-12-31": -3.775, "2016-09-30": 5.095, "2016-06-30": 1.128, "2016-03-31": "2.37600", "2015-12-31": -2.938, "2015-09-30": 1.465, "2015-06-30": 3.469, "2015-03-31": "-1.27300", "2014-12-31": 2.314, "2014-09-30": 3.146, "2014-06-30": 1.192, "2014-03-31": "-1.74700", "2013-12-31": 1.817, "2013-09-30": 8.98, "2013-06-30": 1.281, "2013-03-31": "-2.93500", "2012-12-31": -2.767, "2012-09-30": 0.42, "2012-06-30": 0.585, "2012-03-31": "0.41100", "2011-12-31": -1.458, "2011-09-30": -0.735, "2011-06-30": -0.111, "2011-03-31": "0.35200", "2010-12-31": -0.924, "2010-09-30": 0.968, "2010-06-30": -0.299, "2010-03-31": "1.92600", "2009-12-31": -1.242, "2009-09-30": 1.08, "2009-06-30": -0.189, "2009-03-31": "0.04100", "2008-12-31": -2.291, "2008-09-30": -1.625, "2008-06-30": -1.279, "2008-03-31": "-2.08400", "2007-12-31": -2.2, "2007-09-30": -2.881, "2007-06-30": -5.032, "2007-03-31": "-5.09800", "2006-12-31": -2.751, "2006-09-30": -0.767, "2006-06-30": -0.036, "2006-03-31": "-1.40100", "2005-12-31": 1.684, "2005-09-30": -0.645, "2005-06-30": 0.945, "2005-03-31": "0.02700"}, "Net Change In Long-Term Investments": {"2020-09-30": 0, "2020-06-30": 0, "2020-03-31": "", "2019-12-31": 0, "2019-09-30": 0, "2019-06-30": 0, "2019-03-31": "", "2018-12-31": 0, "2018-09-30": 0, "2018-06-30": 0, "2018-03-31": "", "2017-12-31": 0, "2017-09-30": 0, "2017-06-30": 0, "2017-03-31": "", "2016-12-31": 0, "2016-09-30": 0, "2016-06-30": 0, "2016-03-31": "", "2015-12-31": 0, "2015-09-30": 0, "2015-06-30": 0, "2015-03-31": "", "2014-12-31": 0, "2014-09-30": 0, "2014-06-30": 0, "2014-03-31": "", "2013-12-31": 0, "2013-09-30": 0, "2013-06-30": 0, "2013-03-31": "", "2012-12-31": 0, "2012-09-30": 0, "2012-06-30": 0, "2012-03-31": "", "2011-12-31": 0, "2011-09-30": 0, "2011-06-30": 0, "2011-03-31": "", "2010-12-31": 0, "2010-09-30": 0, "2010-06-30": 0, "2010-03-31": "", "2009-12-31": 0, "2009-09-30": 0, "2009-06-30": 0, "2009-03-31": "", "2008-12-31": 0, "2008-09-30": 0, "2008-06-30": 0, "2008-03-31": "", "2007-12-31": 0, "2007-09-30": 0, "2007-06-30": 0, "2007-03-31": "", "2006-12-31": 0, "2006-09-30": 0, "2006-06-30": 0, "2006-03-31": "", "2005-12-31": 0, "2005-09-30": 0, "2005-06-30": 0, "2005-03-31": ""}, "Net Change In Investments - Total": {"2020-09-30": 4.602, "2020-06-30": 5.297, "2020-03-31": "3.99800", "2019-12-31": 0.956, "2019-09-30": 1.798, "2019-06-30": 0.978, "2019-03-31": "0.09200", "2018-12-31": -4.347, "2018-09-30": 0.955, "2018-06-30": 0.299, "2018-03-31": "-1.60600", "2017-12-31": -1.106, "2017-09-30": -2.136, "2017-06-30": -1.606, "2017-03-31": "-2.30300", "2016-12-31": -3.775, "2016-09-30": 5.095, "2016-06-30": 1.128, "2016-03-31": "2.37600", "2015-12-31": -2.938, "2015-09-30": 1.465, "2015-06-30": 3.469, "2015-03-31": "-1.27300", "2014-12-31": 2.314, "2014-09-30": 3.146, "2014-06-30": 1.192, "2014-03-31": "-1.74700", "2013-12-31": 1.817, "2013-09-30": 8.98, "2013-06-30": 1.281, "2013-03-31": "-2.93500", "2012-12-31": -2.767, "2012-09-30": 0.42, "2012-06-30": 0.585, "2012-03-31": "0.41100", "2011-12-31": -1.458, "2011-09-30": -0.735, "2011-06-30": -0.111, "2011-03-31": "0.35200", "2010-12-31": -0.924, "2010-09-30": 0.968, "2010-06-30": -0.299, "2010-03-31": "1.92600", "2009-12-31": -1.242, "2009-09-30": 1.08, "2009-06-30": -0.189, "2009-03-31": "0.04100", "2008-12-31": -2.291, "2008-09-30": -1.625, "2008-06-30": -1.279, "2008-03-31": "-2.08400", "2007-12-31": -2.2, "2007-09-30": -2.881, "2007-06-30": -5.032, "2007-03-31": "-5.09800", "2006-12-31": -2.751, "2006-09-30": -0.767, "2006-06-30": -0.036, "2006-03-31": "-1.40100", "2005-12-31": 1.684, "2005-09-30": -0.645, "2005-06-30": 0.945, "2005-03-31": "0.02700"}, "Investing Activities - Other": {"2020-09-30": 0.018, "2020-06-30": 0.045, "2020-03-31": "0.02300", "2019-12-31": 0.031, "2019-09-30": 0.033, "2019-06-30": 0.011, "2019-03-31": "0.04400", "2018-12-31": 0.011, "2018-09-30": 0.06, "2018-06-30": 0.278, "2018-03-31": "0.22800", "2017-12-31": 0.293, "2017-09-30": 0.462, "2017-06-30": 0.427, "2017-03-31": "0.64100", "2016-12-31": 2.164, "2016-09-30": 0.167, "2016-06-30": 0.125, "2016-03-31": "0.06600", "2015-12-31": 1.132, "2015-09-30": 0, "2015-06-30": 0, "2015-03-31": "", "2014-12-31": 0.544, "2014-09-30": 0, "2014-06-30": 7.5, "2014-03-31": "", "2013-12-31": 0, "2013-09-30": 18, "2013-06-30": -18, "2013-03-31": "", "2012-12-31": 0.348, "2012-09-30": 0, "2012-06-30": 0, "2012-03-31": "", "2011-12-31": 0.556, "2011-09-30": 0, "2011-06-30": 0, "2011-03-31": "", "2010-12-31": 0.165, "2010-09-30": 0, "2010-06-30": 0, "2010-03-31": "-8.80400", "2009-12-31": 0.648, "2009-09-30": 0.896, "2009-06-30": -1.248, "2009-03-31": "0.14400", "2008-12-31": 1.015, "2008-09-30": -4.556, "2008-06-30": 3.705, "2008-03-31": "-0.10200", "2007-12-31": 0.397, "2007-09-30": -0.083, "2007-06-30": 0.002, "2007-03-31": "1.37700", "2006-12-31": -0.929, "2006-09-30": -1.021, "2006-06-30": 0.321, "2006-03-31": "-2.45300", "2005-12-31": -0.975, "2005-09-30": -3.38, "2005-06-30": 0.544, "2005-03-31": "0.06000"}, "Cash Flow From Investing Activities": {"2020-09-30": -16.808, "2020-06-30": -18.962, "2020-03-31": "-16.81700", "2019-12-31": -31.987, "2019-09-30": -19.362, "2019-06-30": -25.354, "2019-03-31": "-20.39000", "2018-12-31": -228.393, "2018-09-30": -24.367, "2018-06-30": -21.616, "2018-03-31": "-27.42900", "2017-12-31": -22.591, "2017-09-30": -20.586, "2017-06-30": -14.65, "2017-03-31": "22.43200", "2016-12-31": -21.216, "2016-09-30": -19.436, "2016-06-30": -16.122, "2016-03-31": "-19.94000", "2015-12-31": -136.717, "2015-09-30": -299.729, "2015-06-30": -8.037, "2015-03-31": "-25.33200", "2014-12-31": -4.217, "2014-09-30": 0.579, "2014-06-30": -16.989, "2014-03-31": "-13.89900", "2013-12-31": -25.221, "2013-09-30": -362.817, "2013-06-30": -22.527, "2013-03-31": "-92.32000", "2012-12-31": -20.342, "2012-09-30": -337.837, "2012-06-30": -13.851, "2012-03-31": "-13.40700", "2011-12-31": -4.985, "2011-09-30": -21.592, "2011-06-30": -185.388, "2011-03-31": "-25.97400", "2010-12-31": -24.568, "2010-09-30": -18.432, "2010-06-30": -25.629, "2010-03-31": "-35.66800", "2009-12-31": -37.255, "2009-09-30": -14.808, "2009-06-30": -23.394, "2009-03-31": "-14.15200", "2008-12-31": -21.311, "2008-09-30": -196.221, "2008-06-30": -16.214, "2008-03-31": "-25.51000", "2007-12-31": -42.142, "2007-09-30": -16.962, "2007-06-30": -24.302, "2007-03-31": "-17.89400", "2006-12-31": -19.786, "2006-09-30": -15.178, "2006-06-30": -16.822, "2006-03-31": "-19.93000", "2005-12-31": -26.509, "2005-09-30": -28.491, "2005-06-30": -7.372, "2005-03-31": "-8.08100"}, "Net Long-Term Debt": {"2020-09-30": -2.593, "2020-06-30": -62.97, "2020-03-31": "201.57000", "2019-12-31": -12.702, "2019-09-30": -17.432, "2019-06-30": -47.681, "2019-03-31": "-42.37200", "2018-12-31": 177, "2018-09-30": -1.25, "2018-06-30": -1.25, "2018-03-31": "-1.25000", "2017-12-31": -22.75, "2017-09-30": 6.85, "2017-06-30": -44.15, "2017-03-31": "-63.95000", "2016-12-31": -32.7503, "2016-09-30": -46.6079, "2016-06-30": -37.2499, "2016-03-31": "60.99990", "2015-12-31": 112.5, "2015-09-30": 202.5, "2015-06-30": -11.3, "2015-03-31": "-56.70000", "2014-12-31": -51.1271, "2014-09-30": -20.823, "2014-06-30": -14.774, "2014-03-31": "-81.16300", "2013-12-31": -1.899, "2013-09-30": 336.5699, "2013-06-30": -55.9449, "2013-03-31": "32.13000", "2012-12-31": 3.6538, "2012-09-30": 98.8521, "2012-06-30": -7.804, "2012-03-31": "166.11900", "2011-12-31": -12.405, "2011-09-30": 18.37, "2011-06-30": 197.593, "2011-03-31": "-7.54100", "2010-12-31": -16.031, "2010-09-30": -20.629, "2010-06-30": -35.352, "2010-03-31": "-39.29700", "2009-12-31": -0.974, "2009-09-30": -19.275, "2009-06-30": -5.783, "2009-03-31": "-14.27900", "2008-12-31": -8.118, "2008-09-30": 257.511, "2008-06-30": 5.151, "2008-03-31": "-1.90800", "2007-12-31": -0.531, "2007-09-30": -4.997, "2007-06-30": -25.197, "2007-03-31": "-26.37900", "2006-12-31": -372.514, "2006-09-30": 20.695, "2006-06-30": 2.619, "2006-03-31": "6.38900", "2005-12-31": -171.929, "2005-09-30": -0.559, "2005-06-30": -4.46, "2005-03-31": "58.33800"}, "Net Current Debt": {"2020-09-30": -0.446, "2020-06-30": 1.544, "2020-03-31": "-3.53000", "2019-12-31": 0.101, "2019-09-30": 4.249, "2019-06-30": -0.345, "2019-03-31": "-0.78800", "2018-12-31": 1.105, "2018-09-30": 0.413, "2018-06-30": 4.738, "2018-03-31": "-1.40500", "2017-12-31": -3.58, "2017-09-30": -4.602, "2017-06-30": 4.489, "2017-03-31": "-10.51300", "2016-12-31": 7.472, "2016-09-30": -0.84, "2016-06-30": 0.981, "2016-03-31": "-5.69900", "2015-12-31": 13.193, "2015-09-30": 3.247, "2015-06-30": -10.071, "2015-03-31": "-4.04400", "2014-12-31": 2.323, "2014-09-30": -4.254, "2014-06-30": 3.022, "2014-03-31": "-1.77000", "2013-12-31": 0.115, "2013-09-30": 1.709, "2013-06-30": -1.835, "2013-03-31": "-0.48800", "2012-12-31": 3.397, "2012-09-30": 8.436, "2012-06-30": 3.915, "2012-03-31": "-9.06400", "2011-12-31": -2.441, "2011-09-30": -2.272, "2011-06-30": 7.838, "2011-03-31": "-2.60400", "2010-12-31": -2.668, "2010-09-30": 1.814, "2010-06-30": 2.12, "2010-03-31": "-2.69800", "2009-12-31": 0.169, "2009-09-30": -4.196, "2009-06-30": -5.148, "2009-03-31": "1.44000", "2008-12-31": 1.488, "2008-09-30": -3.775, "2008-06-30": 7.314, "2008-03-31": "1.67500", "2007-12-31": 4.747, "2007-09-30": -12.064, "2007-06-30": 4.264, "2007-03-31": "-1.14800", "2006-12-31": 345.334, "2006-09-30": -1.897, "2006-06-30": 3.933, "2006-03-31": "-3.18200", "2005-12-31": 173.299, "2005-09-30": -6.12, "2005-06-30": 4.901, "2005-03-31": "8.14400"}, "Debt Issuance/Retirement Net - Total": {"2020-09-30": -3.039, "2020-06-30": -61.426, "2020-03-31": "198.04000", "2019-12-31": -12.601, "2019-09-30": -13.183, "2019-06-30": -48.026, "2019-03-31": "-43.16000", "2018-12-31": 178.105, "2018-09-30": -0.837, "2018-06-30": 3.488, "2018-03-31": "-2.65500", "2017-12-31": -26.33, "2017-09-30": 2.248, "2017-06-30": -39.661, "2017-03-31": "-74.46300", "2016-12-31": -25.2783, "2016-09-30": -47.4479, "2016-06-30": -36.2689, "2016-03-31": "55.30090", "2015-12-31": 125.693, "2015-09-30": 205.747, "2015-06-30": -21.371, "2015-03-31": "-60.74400", "2014-12-31": -48.8041, "2014-09-30": -25.077, "2014-06-30": -11.752, "2014-03-31": "-82.93300", "2013-12-31": -1.784, "2013-09-30": 338.2789, "2013-06-30": -57.7799, "2013-03-31": "31.64200", "2012-12-31": 7.0509, "2012-09-30": 107.288, "2012-06-30": -3.889, "2012-03-31": "157.05500", "2011-12-31": -14.846, "2011-09-30": 16.098, "2011-06-30": 205.431, "2011-03-31": "-10.14500", "2010-12-31": -18.699, "2010-09-30": -18.815, "2010-06-30": -33.232, "2010-03-31": "-41.99500", "2009-12-31": -0.805, "2009-09-30": -23.471, "2009-06-30": -10.931, "2009-03-31": "-12.83900", "2008-12-31": -6.63, "2008-09-30": 253.736, "2008-06-30": 12.465, "2008-03-31": "-0.23300", "2007-12-31": 4.216, "2007-09-30": -17.061, "2007-06-30": -20.933, "2007-03-31": "-27.52700", "2006-12-31": -27.18, "2006-09-30": 18.798, "2006-06-30": 6.552, "2006-03-31": "3.20700", "2005-12-31": 1.37, "2005-09-30": -6.679, "2005-06-30": 0.441, "2005-03-31": "66.48200"}, "Net Common Equity Issued/Repurchased": {"2020-09-30": 0, "2020-06-30": 0, "2020-03-31": "-0.78300", "2019-12-31": 0, "2019-09-30": 0, "2019-06-30": 0, "2019-03-31": "-7.05400", "2018-12-31": 0, "2018-09-30": 0, "2018-06-30": 0, "2018-03-31": "-1.69800", "2017-12-31": 10.017, "2017-09-30": 2.88, "2017-06-30": -0.353, "2017-03-31": "4.09800", "2016-12-31": 8.767, "2016-09-30": 8.384, "2016-06-30": 9.353, "2016-03-31": "-125.17300", "2015-12-31": 1.046, "2015-09-30": 15.776, "2015-06-30": 0.713, "2015-03-31": "-4.77600", "2014-12-31": -15.207, "2014-09-30": -0.124, "2014-06-30": 1.805, "2014-03-31": "-4.37600", "2013-12-31": -2.56, "2013-09-30": 1.927, "2013-06-30": 9.143, "2013-03-31": "-3.64400", "2012-12-31": -0.37, "2012-09-30": -11.082, "2012-06-30": 7.728, "2012-03-31": "-1.12100", "2011-12-31": 0.212, "2011-09-30": -8.319, "2011-06-30": 11.464, "2011-03-31": "-17.02200", "2010-12-31": -16.147, "2010-09-30": -17.533, "2010-06-30": 1.964, "2010-03-31": "0.41600", "2009-12-31": -12.852, "2009-09-30": 0.736, "2009-06-30": -5.582, "2009-03-31": "-20.21900", "2008-12-31": 0, "2008-09-30": -38.003, "2008-06-30": 0.034, "2008-03-31": "-3.42400", "2007-12-31": -15.331, "2007-09-30": 0.578, "2007-06-30": 0.529, "2007-03-31": "3.01500", "2006-12-31": -10.059, "2006-09-30": -13.014, "2006-06-30": -8.501, "2006-03-31": "-25.68000", "2005-12-31": -14.058, "2005-09-30": -2.106, "2005-06-30": -24.783, "2005-03-31": "-76.99800"}, "Net Total Equity Issued/Repurchased": {"2020-09-30": 0, "2020-06-30": 0, "2020-03-31": "-0.78300", "2019-12-31": 0, "2019-09-30": 0, "2019-06-30": 0, "2019-03-31": "-7.05400", "2018-12-31": 0, "2018-09-30": 0, "2018-06-30": 0, "2018-03-31": "-1.69800", "2017-12-31": 10.017, "2017-09-30": 2.88, "2017-06-30": -0.353, "2017-03-31": "4.09800", "2016-12-31": 8.767, "2016-09-30": 8.384, "2016-06-30": 9.353, "2016-03-31": "-125.17300", "2015-12-31": 1.046, "2015-09-30": 15.776, "2015-06-30": 0.713, "2015-03-31": "-4.77600", "2014-12-31": -15.207, "2014-09-30": -0.124, "2014-06-30": 1.805, "2014-03-31": "-4.37600", "2013-12-31": -2.56, "2013-09-30": 1.927, "2013-06-30": 9.143, "2013-03-31": "-3.64400", "2012-12-31": -0.37, "2012-09-30": -11.082, "2012-06-30": 7.728, "2012-03-31": "-1.12100", "2011-12-31": 0.212, "2011-09-30": -8.319, "2011-06-30": 11.464, "2011-03-31": "-17.02200", "2010-12-31": -16.147, "2010-09-30": -17.533, "2010-06-30": 1.964, "2010-03-31": "0.41600", "2009-12-31": -12.852, "2009-09-30": 0.736, "2009-06-30": -5.582, "2009-03-31": "-20.21900", "2008-12-31": 0, "2008-09-30": -38.003, "2008-06-30": 0.034, "2008-03-31": "-3.42400", "2007-12-31": -15.331, "2007-09-30": 0.578, "2007-06-30": 0.529, "2007-03-31": "3.01500", "2006-12-31": -10.059, "2006-09-30": -13.014, "2006-06-30": -8.501, "2006-03-31": "-25.68000", "2005-12-31": -14.058, "2005-09-30": -2.106, "2005-06-30": -24.783, "2005-03-31": "-76.99800"}, "Total Common And Preferred Stock Dividends Paid": {"2020-09-30": -42.32, "2020-06-30": -42.342, "2020-03-31": "-40.28600", "2019-12-31": -40.188, "2019-09-30": -40.189, "2019-06-30": -40.314, "2019-03-31": "-39.29600", "2018-12-31": -37.967, "2018-09-30": -37.959, "2018-06-30": -38.045, "2018-03-31": "-36.24300", "2017-12-31": -35.775, "2017-09-30": -35.606, "2017-06-30": -35.716, "2017-03-31": "-33.88500", "2016-12-31": -33.265, "2016-09-30": -33.199, "2016-06-30": -33.372, "2016-03-31": "-31.23700", "2015-12-31": -30.77, "2015-09-30": -30.491, "2015-06-30": -30.496, "2015-03-31": "-28.68500", "2014-12-31": -27.809, "2014-09-30": -25.222, "2014-06-30": -25.315, "2014-03-31": "-23.95600", "2013-12-31": -23.465, "2013-09-30": -23.456, "2013-06-30": -23.416, "2013-03-31": "-22.50300", "2012-12-31": -22.063, "2012-09-30": -22.101, "2012-06-30": -21.755, "2012-03-31": "-20.57000", "2011-12-31": -20.311, "2011-09-30": -20.337, "2011-06-30": -20.355, "2011-03-31": "-18.07800", "2010-12-31": -18.184, "2010-09-30": -18.356, "2010-06-30": -18.322, "2010-03-31": "-16.02000", "2009-12-31": -16.013, "2009-09-30": -16.101, "2009-06-30": -16.096, "2009-03-31": "-13.96000", "2008-12-31": -13.911, "2008-09-30": -13.953, "2008-06-30": -13.824, "2008-03-31": "-11.53400", "2007-12-31": -11.637, "2007-09-30": -11.384, "2007-06-30": -11.537, "2007-03-31": "-7.56200", "2006-12-31": -7.573, "2006-09-30": -7.571, "2006-06-30": -7.668, "2006-03-31": "-6.18200", "2005-12-31": -6.065, "2005-09-30": -6.068, "2005-06-30": -6.172, "2005-03-31": "-5.34700"}, "Financial Activities - Other": {"2020-09-30": -0.206, "2020-06-30": 0, "2020-03-31": "-4.70000", "2019-12-31": 0, "2019-09-30": -0.11, "2019-06-30": 0, "2019-03-31": "", "2018-12-31": 0, "2018-09-30": -0.1, "2018-06-30": 0, "2018-03-31": "", "2017-12-31": -0.629, "2017-09-30": -0.1, "2017-06-30": 0, "2017-03-31": "", "2016-12-31": -0.872, "2016-09-30": -2.884, "2016-06-30": -0.019, "2016-03-31": "-0.60500", "2015-12-31": -8.786, "2015-09-30": 6.325, "2015-06-30": 0.258, "2015-03-31": "1.55700", "2014-12-31": 0.544, "2014-09-30": 2.056, "2014-06-30": 0.892, "2014-03-31": "3.61400", "2013-12-31": 0.681, "2013-09-30": 0.007, "2013-06-30": 3.618, "2013-03-31": "0.96700", "2012-12-31": 0.211, "2012-09-30": 0.113, "2012-06-30": 1.26, "2012-03-31": "-3.70600", "2011-12-31": 0.012, "2011-09-30": 0.001, "2011-06-30": 0.295, "2011-03-31": "0.57700", "2010-12-31": 0.003, "2010-09-30": 0.204, "2010-06-30": 0.579, "2010-03-31": "0.19100", "2009-12-31": 0.001, "2009-09-30": -0.234, "2009-06-30": -0.432, "2009-03-31": "1.38200", "2008-12-31": -1.583, "2008-09-30": -0.483, "2008-06-30": 0.115, "2008-03-31": "1.59800", "2007-12-31": 0.298, "2007-09-30": 4.555, "2007-06-30": 0.892, "2007-03-31": "1.65500", "2006-12-31": 0.483, "2006-09-30": -0.058, "2006-06-30": 0.614, "2006-03-31": "7.18500", "2005-12-31": 0, "2005-09-30": 0, "2005-06-30": 0, "2005-03-31": ""}, "Cash Flow From Financial Activities": {"2020-09-30": -45.565, "2020-06-30": -103.768, "2020-03-31": "152.27100", "2019-12-31": -52.789, "2019-09-30": -53.482, "2019-06-30": -88.34, "2019-03-31": "-89.51000", "2018-12-31": 140.138, "2018-09-30": -38.896, "2018-06-30": -34.557, "2018-03-31": "-40.59600", "2017-12-31": -52.717, "2017-09-30": -30.578, "2017-06-30": -75.73, "2017-03-31": "-104.25000", "2016-12-31": -50.648, "2016-09-30": -75.147, "2016-06-30": -60.307, "2016-03-31": "-101.71400", "2015-12-31": 87.183, "2015-09-30": 197.357, "2015-06-30": -50.896, "2015-03-31": "-92.64800", "2014-12-31": -91.276, "2014-09-30": -48.367, "2014-06-30": -34.37, "2014-03-31": "-107.65100", "2013-12-31": -27.128, "2013-09-30": 316.757, "2013-06-30": -68.435, "2013-03-31": "6.46200", "2012-12-31": -15.171, "2012-09-30": 74.218, "2012-06-30": -16.656, "2012-03-31": "131.65800", "2011-12-31": -34.933, "2011-09-30": -12.557, "2011-06-30": 196.835, "2011-03-31": "-44.66800", "2010-12-31": -53.027, "2010-09-30": -54.5, "2010-06-30": -49.011, "2010-03-31": "-57.40800", "2009-12-31": -29.669, "2009-09-30": -39.07, "2009-06-30": -33.041, "2009-03-31": "-45.63600", "2008-12-31": -22.124, "2008-09-30": 201.297, "2008-06-30": -1.21, "2008-03-31": "-13.59300", "2007-12-31": -22.454, "2007-09-30": -23.312, "2007-06-30": -31.049, "2007-03-31": "-30.41900", "2006-12-31": -44.329, "2006-09-30": -1.845, "2006-06-30": -9.003, "2006-03-31": "-21.47000", "2005-12-31": -18.753, "2005-09-30": -14.853, "2005-06-30": -30.514, "2005-03-31": "-15.86300"}, "Net Cash Flow": {"2020-09-30": 26.269, "2020-06-30": 46.879, "2020-03-31": "241.63900", "2019-12-31": 4.076, "2019-09-30": -2.801, "2019-06-30": -1.815, "2019-03-31": "-13.72200", "2018-12-31": -24.421, "2018-09-30": 20.173, "2018-06-30": -4.662, "2018-03-31": "29.08700", "2017-12-31": -1.945, "2017-09-30": -0.105, "2017-06-30": 0.666, "2017-03-31": "0.10300", "2016-12-31": -1.125, "2016-09-30": -4.057, "2016-06-30": 0.123, "2016-03-31": "-2.90900", "2015-12-31": 5.598, "2015-09-30": -37.764, "2015-06-30": 38.578, "2015-03-31": "0.44300", "2014-12-31": -0.552, "2014-09-30": -0.457, "2014-06-30": -0.269, "2014-03-31": "0.27100", "2013-12-31": -2.125, "2013-09-30": -1.402, "2013-06-30": -2.189, "2013-03-31": "0.97100", "2012-12-31": -0.862, "2012-09-30": -208.192, "2012-06-30": 36.182, "2012-03-31": "178.36400", "2011-12-31": -0.413, "2011-09-30": -5.545, "2011-06-30": 5.074, "2011-03-31": "1.91200", "2010-12-31": -0.352, "2010-09-30": 0.578, "2010-06-30": -1.892, "2010-03-31": "-10.52700", "2009-12-31": 2.854, "2009-09-30": -4.006, "2009-06-30": 1.583, "2009-03-31": "-1.44700", "2008-12-31": 2.581, "2008-09-30": -2.149, "2008-06-30": -22.946, "2008-03-31": "22.50000", "2007-12-31": -5.214, "2007-09-30": 11.928, "2007-06-30": -1.693, "2007-03-31": "1.04300", "2006-12-31": -15.314, "2006-09-30": 11.584, "2006-06-30": 2.253, "2006-03-31": "4.39000", "2005-12-31": -0.446, "2005-09-30": -3.978, "2005-06-30": -15.018, "2005-03-31": "-17.01500"}, "Stock-Based Compensation": {"2020-09-30": 2.833, "2020-06-30": 2.942, "2020-03-31": "3.89400", "2019-12-31": 1.596, "2019-09-30": 1.523, "2019-06-30": 1.132, "2019-03-31": "3.17900", "2018-12-31": 1.256, "2018-09-30": 1.442, "2018-06-30": 2.075, "2018-03-31": "3.37500", "2017-12-31": 4.385, "2017-09-30": 3.018, "2017-06-30": 2.715, "2017-03-31": "5.97500", "2016-12-31": 3.756, "2016-09-30": 3.699, "2016-06-30": 3.527, "2016-03-31": "7.77900", "2015-12-31": 2.401, "2015-09-30": 2.483, "2015-06-30": 3.519, "2015-03-31": "7.28900", "2014-12-31": 4.476, "2014-09-30": 3.712, "2014-06-30": 4.991, "2014-03-31": "5.48300", "2013-12-31": 3.245, "2013-09-30": 3.008, "2013-06-30": 3.615, "2013-03-31": "6.07500", "2012-12-31": 3.104, "2012-09-30": 2.118, "2012-06-30": 1.83, "2012-03-31": "3.06400", "2011-12-31": 2.435, "2011-09-30": 1.816, "2011-06-30": 3.458, "2011-03-31": "5.92900", "2010-12-31": 3.335, "2010-09-30": 2.861, "2010-06-30": 2.729, "2010-03-31": "4.75300", "2009-12-31": 2.648, "2009-09-30": 3.166, "2009-06-30": 2.514, "2009-03-31": "3.52700", "2008-12-31": 1.323, "2008-09-30": 2.593, "2008-06-30": 3.279, "2008-03-31": "3.39900", "2007-12-31": 2.43, "2007-09-30": 2.243, "2007-06-30": 3.905, "2007-03-31": "6.57300", "2006-12-31": 1.88, "2006-09-30": 1.69, "2006-06-30": 1.855, "2006-03-31": "3.17000", "2005-12-31": 0.698, "2005-09-30": 1.757, "2005-06-30": 2.277, "2005-03-31": "-0.50000"}, "Common Stock Dividends Paid": {"2020-09-30": -42.32, "2020-06-30": -42.342, "2020-03-31": "-40.28600", "2019-12-31": -40.188, "2019-09-30": -40.189, "2019-06-30": -40.314, "2019-03-31": "-39.29600", "2018-12-31": -37.967, "2018-09-30": -37.959, "2018-06-30": -38.045, "2018-03-31": "-36.24300", "2017-12-31": -35.775, "2017-09-30": -35.606, "2017-06-30": -35.716, "2017-03-31": "-33.88500", "2016-12-31": -33.265, "2016-09-30": -33.199, "2016-06-30": -33.372, "2016-03-31": "-31.23700", "2015-12-31": -30.77, "2015-09-30": -30.491, "2015-06-30": -30.496, "2015-03-31": "-28.68500", "2014-12-31": -27.809, "2014-09-30": -25.222, "2014-06-30": -25.315, "2014-03-31": "-23.95600", "2013-12-31": -23.465, "2013-09-30": -23.456, "2013-06-30": -23.416, "2013-03-31": "-22.50300", "2012-12-31": -22.063, "2012-09-30": -22.101, "2012-06-30": -21.755, "2012-03-31": "-20.57000", "2011-12-31": -20.311, "2011-09-30": -20.337, "2011-06-30": -20.355, "2011-03-31": "-18.07800", "2010-12-31": -18.184, "2010-09-30": -18.356, "2010-06-30": -18.322, "2010-03-31": "-16.02000", "2009-12-31": -16.013, "2009-09-30": -16.101, "2009-06-30": -16.096, "2009-03-31": "-13.96000", "2008-12-31": -13.911, "2008-09-30": -13.953, "2008-06-30": -13.824, "2008-03-31": "-11.53400", "2007-12-31": -11.637, "2007-09-30": -11.384, "2007-06-30": -11.537, "2007-03-31": "-7.56200", "2006-12-31": -7.573, "2006-09-30": -7.571, "2006-06-30": -7.668, "2006-03-31": "-6.18200", "2005-12-31": -6.065, "2005-09-30": -6.068, "2005-06-30": -6.172, "2005-03-31": "-5.34700"}}, "financial ratios": {"Current Ratio": {"2019-12-31": "1.04880", "2018-12-31": "1.35820", "2017-12-31": "1.28740", "2016-12-31": "1.39990", "2015-12-31": "1.23920", "2014-12-31": "1.45950", "2013-12-31": "1.48700", "2012-12-31": "1.30850", "2011-12-31": "1.41040", "2010-12-31": "1.29220", "2009-12-31": "1.52840", "2008-12-31": "1.32890", "2007-12-31": "1.26020", "2006-12-31": "1.30700", "2005-12-31": "1.36320"}, "Long-term Debt / Capital": {"2019-12-31": "0.41120", "2018-12-31": "0.44050", "2017-12-31": "0.39600", "2016-12-31": "0.43890", "2015-12-31": "0.42800", "2014-12-31": "0.39360", "2013-12-31": "0.45330", "2012-12-31": "0.38390", "2011-12-31": "0.27190", "2010-12-31": "0.11050", "2009-12-31": "0.23680", "2008-12-31": "0.29060", "2007-12-31": "0.03320", "2006-12-31": "0.12330", "2005-12-31": "0.12680"}, "Debt/Equity Ratio": {"2019-12-31": "0.70770", "2018-12-31": "0.79600", "2017-12-31": "0.66540", "2016-12-31": "0.79180", "2015-12-31": "0.80820", "2014-12-31": "0.67980", "2013-12-31": "0.85840", "2012-12-31": "0.70700", "2011-12-31": "0.42980", "2010-12-31": "0.16000", "2009-12-31": "0.34570", "2008-12-31": "0.44470", "2007-12-31": "0.04480", "2006-12-31": "0.15370", "2005-12-31": "0.15430"}, "Gross Margin": {"2019-12-31": "47.72740", "2018-12-31": "47.69980", "2017-12-31": "48.74750", "2016-12-31": "48.38510", "2015-12-31": "48.04420", "2014-12-31": "47.96890", "2013-12-31": "47.16250", "2012-12-31": "46.62670", "2011-12-31": "46.88020", "2010-12-31": "47.67250", "2009-12-31": "46.54890", "2008-12-31": "47.65970", "2007-12-31": "48.98490", "2006-12-31": "49.72020", "2005-12-31": "49.78740"}, "Operating Margin": {"2019-12-31": "5.46630", "2018-12-31": "5.37330", "2017-12-31": "4.10650", "2016-12-31": "6.74580", "2015-12-31": "7.88350", "2014-12-31": "7.34590", "2013-12-31": "8.98120", "2012-12-31": "7.20890", "2011-12-31": "6.81580", "2010-12-31": "7.99850", "2009-12-31": "7.93330", "2008-12-31": "7.56560", "2007-12-31": "7.10380", "2006-12-31": "6.27390", "2005-12-31": "5.78630"}, "EBIT Margin": {"2019-12-31": "5.46630", "2018-12-31": "5.37330", "2017-12-31": "4.10650", "2016-12-31": "6.74580", "2015-12-31": "7.88350", "2014-12-31": "7.34590", "2013-12-31": "8.98120", "2012-12-31": "7.20890", "2011-12-31": "6.81580", "2010-12-31": "7.99850", "2009-12-31": "7.93330", "2008-12-31": "7.56560", "2007-12-31": "7.10380", "2006-12-31": "6.27390", "2005-12-31": "5.78630"}, "EBITDA Margin": {"2019-12-31": "8.96360", "2018-12-31": "9.02030", "2017-12-31": "7.84860", "2016-12-31": "10.33310", "2015-12-31": "11.38160", "2014-12-31": "10.78580", "2013-12-31": "12.15570", "2012-12-31": "10.59680", "2011-12-31": "10.22820", "2010-12-31": "11.30560", "2009-12-31": "11.04490", "2008-12-31": "10.60150", "2007-12-31": "10.34900", "2006-12-31": "9.67580", "2005-12-31": "9.24490"}, "Pre-Tax Profit Margin": {"2019-12-31": "5.14270", "2018-12-31": "4.98910", "2017-12-31": "3.80780", "2016-12-31": "6.35460", "2015-12-31": "7.75520", "2014-12-31": "7.15010", "2013-12-31": "8.63670", "2012-12-31": "6.88760", "2011-12-31": "6.92180", "2010-12-31": "8.17400", "2009-12-31": "7.98810", "2008-12-31": "7.87000", "2007-12-31": "7.51640", "2006-12-31": "6.53580", "2005-12-31": "6.15570"}, "Net Profit Margin": {"2019-12-31": "3.98980", "2018-12-31": "3.97690", "2017-12-31": "3.82890", "2016-12-31": "4.17060", "2015-12-31": "5.00700", "2014-12-31": "4.68770", "2013-12-31": "6.18580", "2012-12-31": "4.49080", "2011-12-31": "4.45050", "2010-12-31": "5.32480", "2009-12-31": "5.00980", "2008-12-31": "4.93740", "2007-12-31": "4.64560", "2006-12-31": "4.29100", "2005-12-31": "3.56850"}, "Asset Turnover": {"2019-12-31": "1.29780", "2018-12-31": "1.38880", "2017-12-31": "1.47410", "2016-12-31": "1.42220", "2015-12-31": "1.32860", "2014-12-31": "1.55630", "2013-12-31": "1.49070", "2012-12-31": "1.51870", "2011-12-31": "1.78470", "2010-12-31": "1.94180", "2009-12-31": "1.92450", "2008-12-31": "1.78450", "2007-12-31": "2.06240", "2006-12-31": "2.08330", "2005-12-31": "2.01610"}, "Inventory Turnover Ratio": {"2019-12-31": "16.96620", "2018-12-31": "16.85510", "2017-12-31": "18.09600", "2016-12-31": "18.27940", "2015-12-31": "17.65790", "2014-12-31": "20.95200", "2013-12-31": "19.55580", "2012-12-31": "17.77620", "2011-12-31": "19.88230", "2010-12-31": "22.23380", "2009-12-31": "22.79140", "2008-12-31": "23.32980", "2007-12-31": "21.94920", "2006-12-31": "21.71780", "2005-12-31": "20.13000"}, "Receiveable Turnover": {"2019-12-31": "14.43940", "2018-12-31": "13.74640", "2017-12-31": "14.00010", "2016-12-31": "14.44170", "2015-12-31": "14.01090", "2014-12-31": "15.89150", "2013-12-31": "14.69730", "2012-12-31": "11.82950", "2011-12-31": "14.94240", "2010-12-31": "15.47840", "2009-12-31": "14.55360", "2008-12-31": "13.56090", "2007-12-31": "14.79260", "2006-12-31": "14.32110", "2005-12-31": "14.21000"}, "Days Sales In Receivables": {"2019-12-31": "25.27810", "2018-12-31": "26.55230", "2017-12-31": "26.07120", "2016-12-31": "25.27400", "2015-12-31": "26.05110", "2014-12-31": "22.96830", "2013-12-31": "24.83460", "2012-12-31": "30.85510", "2011-12-31": "24.42710", "2010-12-31": "23.58120", "2009-12-31": "25.07970", "2008-12-31": "26.91550", "2007-12-31": "24.67450", "2006-12-31": "25.48690", "2005-12-31": "25.68620"}, "ROE - Return On Equity": {"2019-12-31": "13.02310", "2018-12-31": "12.49020", "2017-12-31": "12.00310", "2016-12-31": "13.53430", "2015-12-31": "15.21950", "2014-12-31": "15.64850", "2013-12-31": "21.45480", "2012-12-31": "15.85350", "2011-12-31": "16.26260", "2010-12-31": "17.22150", "2009-12-31": "18.36640", "2008-12-31": "18.99020", "2007-12-31": "14.95170", "2006-12-31": "13.30340", "2005-12-31": "12.26810"}, "Return On Tangible Equity": {"2019-12-31": "-513.84410", "2018-12-31": "-191.56270", "2017-12-31": "345.43590", "2016-12-31": "-179.06470", "2015-12-31": "-194.42110", "2014-12-31": "90.06940", "2013-12-31": "168.44360", "2012-12-31": "67.94530", "2011-12-31": "31.01150", "2010-12-31": "27.48610", "2009-12-31": "31.59070", "2008-12-31": "36.21490", "2007-12-31": "17.58880", "2006-12-31": "16.16560", "2005-12-31": "14.27950"}, "ROA - Return On Assets": {"2019-12-31": "5.17780", "2018-12-31": "5.52300", "2017-12-31": "5.64420", "2016-12-31": "5.93160", "2015-12-31": "6.65220", "2014-12-31": "7.29520", "2013-12-31": "9.22100", "2012-12-31": "6.82020", "2011-12-31": "7.94260", "2010-12-31": "10.33940", "2009-12-31": "9.89400", "2008-12-31": "9.03810", "2007-12-31": "9.93530", "2006-12-31": "8.25950", "2005-12-31": "7.38580"}, "ROI - Return On Investment": {"2019-12-31": "7.66860", "2018-12-31": "6.98830", "2017-12-31": "7.24930", "2016-12-31": "7.59370", "2015-12-31": "8.70600", "2014-12-31": "9.48920", "2013-12-31": "11.72840", "2012-12-31": "9.76730", "2011-12-31": "11.84110", "2010-12-31": "15.31830", "2009-12-31": "14.01700", "2008-12-31": "13.47090", "2007-12-31": "14.45580", "2006-12-31": "11.66380", "2005-12-31": "10.71250"}, "Book Value Per Share": {"2019-12-31": "5.97330", "2018-12-31": "5.96630", "2017-12-31": "5.94070", "2016-12-31": "5.80590", "2015-12-31": "5.85620", "2014-12-31": "5.36450", "2013-12-31": "5.16000", "2012-12-31": "6.20960", "2011-12-31": "3.72100", "2010-12-31": "5.85260", "2009-12-31": "3.53780", "2008-12-31": "3.08630", "2007-12-31": "3.17340", "2006-12-31": "4.13820", "2005-12-31": "2.51690"}, "Operating Cash Flow Per Share": {"2019-12-31": 0.333, "2018-12-31": -0.0151, "2017-12-31": -0.2819, "2016-12-31": 0.1218, "2015-12-31": 0.0942, "2014-12-31": 0.2028, "2013-12-31": 0.232, "2012-12-31": 0.3903, "2011-12-31": -0.8228, "2010-12-31": 0.3457, "2009-12-31": 0.6785, "2008-12-31": -0.5784, "2007-12-31": 0.3049, "2006-12-31": 0.1949, "2005-12-31": 0.5312}, "Free Cash Flow Per Share": {"2019-12-31": 0.3171, "2018-12-31": -0.3329, "2017-12-31": -0.0251, "2016-12-31": 0.0804, "2015-12-31": -0.0413, "2014-12-31": 0.434, "2013-12-31": 0.0956, "2012-12-31": 0.3993, "2011-12-31": -0.6797, "2010-12-31": 0.1883, "2009-12-31": 0.7572, "2008-12-31": -0.5549, "2007-12-31": 0.187, "2006-12-31": 0.1726, "2005-12-31": 0.2569}}, "financial ratios, quarterly": {"Current Ratio": {"2020-09-30": "1.67860", "2020-06-30": "1.57870", "2020-03-31": "1.64740", "2019-12-31": "1.04880", "2019-09-30": "1.08410", "2019-06-30": "1.15060", "2019-03-31": "1.16610", "2018-12-31": "1.35820", "2018-09-30": "1.41910", "2018-06-30": "1.38810", "2018-03-31": "1.42650", "2017-12-31": "1.28740", "2017-09-30": "1.28270", "2017-06-30": "1.36670", "2017-03-31": "1.38130", "2016-12-31": "1.39990", "2016-09-30": "1.42320", "2016-06-30": "1.08970", "2016-03-31": "1.12390", "2015-12-31": "1.23920", "2015-09-30": "1.34390", "2015-06-30": "1.49960", "2015-03-31": "1.38760", "2014-12-31": "1.45950", "2014-09-30": "1.50280", "2014-06-30": "1.47670", "2014-03-31": "1.46890", "2013-12-31": "1.48700", "2013-09-30": "1.51980", "2013-06-30": "1.55230", "2013-03-31": "1.51830", "2012-12-31": "1.30850", "2012-09-30": "1.23260", "2012-06-30": "2.01890", "2012-03-31": "2.02270", "2011-12-31": "1.41040", "2011-09-30": "1.30620", "2011-06-30": "1.31230", "2011-03-31": "1.26420", "2010-12-31": "1.29220", "2010-09-30": "1.32580", "2010-06-30": "1.35270", "2010-03-31": "1.43410", "2009-12-31": "1.52840", "2009-09-30": "1.44460", "2009-06-30": "1.42560", "2009-03-31": "1.39710", "2008-12-31": "1.32890", "2008-09-30": "1.30530", "2008-06-30": "1.42210", "2008-03-31": "1.39470", "2007-12-31": "1.26020", "2007-09-30": "1.41130", "2007-06-30": "1.27850", "2007-03-31": "1.38030", "2006-12-31": "1.30700", "2006-09-30": "1.44840", "2006-06-30": "1.41430", "2006-03-31": "1.43870", "2005-12-31": "1.36320", "2005-09-30": "1.60880", "2005-06-30": "1.64670", "2005-03-31": "1.62430"}, "Long-term Debt / Capital": {"2020-09-30": "0.43130", "2020-06-30": "0.43440", "2020-03-31": "0.45160", "2019-12-31": "0.41120", "2019-09-30": "0.40910", "2019-06-30": "0.41290", "2019-03-31": "0.43020", "2018-12-31": "0.44050", "2018-09-30": "0.38920", "2018-06-30": "0.38600", "2018-03-31": "0.38780", "2017-12-31": "0.39600", "2017-09-30": "0.41440", "2017-06-30": "0.39770", "2017-03-31": "0.41470", "2016-12-31": "0.43890", "2016-09-30": "0.45430", "2016-06-30": "0.43730", "2016-03-31": "0.45210", "2015-12-31": "0.42800", "2015-09-30": "0.40720", "2015-06-30": "0.35610", "2015-03-31": "0.36700", "2014-12-31": "0.39360", "2014-09-30": "0.40210", "2014-06-30": "0.40860", "2014-03-31": "0.41630", "2013-12-31": "0.45330", "2013-09-30": "0.47310", "2013-06-30": "0.36300", "2013-03-31": "0.38830", "2012-12-31": "0.38390", "2012-09-30": "0.38110", "2012-06-30": "0.34330", "2012-03-31": "0.36170", "2011-12-31": "0.27190", "2011-09-30": "0.27780", "2011-06-30": "0.26460", "2011-03-31": "0.10190", "2010-12-31": "0.11050", "2010-09-30": "0.12750", "2010-06-30": "0.14980", "2010-03-31": "0.18830", "2009-12-31": "0.23680", "2009-09-30": "0.24690", "2009-06-30": "0.26490", "2009-03-31": "0.27510", "2008-12-31": "0.29060", "2008-09-30": "0.28680", "2008-06-30": "0.04090", "2008-03-31": "0.03200", "2007-12-31": "0.03320", "2007-09-30": "0.03470", "2007-06-30": "0.04360", "2007-03-31": "0.08150", "2006-12-31": "0.12330", "2006-09-30": "0.16180", "2006-06-30": "0.13420", "2006-03-31": "0.13200", "2005-12-31": "0.12680", "2005-09-30": "0.13140", "2005-06-30": "0.13260", "2005-03-31": "0.13770"}, "Debt/Equity Ratio": {"2020-09-30": "0.76320", "2020-06-30": "0.77350", "2020-03-31": "0.83030", "2019-12-31": "0.70770", "2019-09-30": "0.70090", "2019-06-30": "0.71160", "2019-03-31": "0.76370", "2018-12-31": "0.79600", "2018-09-30": "0.64610", "2018-06-30": "0.63630", "2018-03-31": "0.64260", "2017-12-31": "0.66540", "2017-09-30": "0.71820", "2017-06-30": "0.66980", "2017-03-31": "0.71680", "2016-12-31": "0.79180", "2016-09-30": "0.84250", "2016-06-30": "0.89020", "2016-03-31": "0.92080", "2015-12-31": "0.80820", "2015-09-30": "0.73030", "2015-06-30": "0.58180", "2015-03-31": "0.60940", "2014-12-31": "0.67980", "2014-09-30": "0.70330", "2014-06-30": "0.72080", "2014-03-31": "0.74010", "2013-12-31": "0.85840", "2013-09-30": "0.92080", "2013-06-30": "0.59030", "2013-03-31": "0.67500", "2012-12-31": "0.70700", "2012-09-30": "0.69930", "2012-06-30": "0.59980", "2012-03-31": "0.63530", "2011-12-31": "0.42980", "2011-09-30": "0.42700", "2011-06-30": "0.39960", "2011-03-31": "0.15000", "2010-12-31": "0.16000", "2010-09-30": "0.17970", "2010-06-30": "0.20880", "2010-03-31": "0.26460", "2009-12-31": "0.34570", "2009-09-30": "0.35430", "2009-06-30": "0.39020", "2009-03-31": "0.41190", "2008-12-31": "0.44470", "2008-09-30": "0.42950", "2008-06-30": "0.04750", "2008-03-31": "0.03940", "2007-12-31": "0.04480", "2007-09-30": "0.04650", "2007-06-30": "0.05680", "2007-03-31": "0.10060", "2006-12-31": "0.15370", "2006-09-30": "0.20170", "2006-06-30": "0.16380", "2006-03-31": "0.16090", "2005-12-31": "0.15430", "2005-09-30": "0.15680", "2005-06-30": "0.16060", "2005-03-31": "0.16840"}, "Gross Margin": {"2020-09-30": "49.71360", "2020-06-30": "50.67240", "2020-03-31": "50.28520", "2019-12-31": "47.04930", "2019-09-30": "47.33330", "2019-06-30": "47.88140", "2019-03-31": "48.40230", "2018-12-31": "46.95440", "2018-09-30": "47.40590", "2018-06-30": "48.06330", "2018-03-31": "48.18510", "2017-12-31": "47.70110", "2017-09-30": "48.94370", "2017-06-30": "49.46840", "2017-03-31": "48.80070", "2016-12-31": "48.08970", "2016-09-30": "48.11010", "2016-06-30": "48.88320", "2016-03-31": "48.42120", "2015-12-31": "46.88270", "2015-09-30": "47.58340", "2015-06-30": "48.55360", "2015-03-31": "48.87500", "2014-12-31": "48.27970", "2014-09-30": "47.57240", "2014-06-30": "47.52250", "2014-03-31": "48.36050", "2013-12-31": "45.76680", "2013-09-30": "46.74990", "2013-06-30": "47.49070", "2013-03-31": "48.24080", "2012-12-31": "46.78120", "2012-09-30": "46.67260", "2012-06-30": "46.34990", "2012-03-31": "46.67390", "2011-12-31": "45.93510", "2011-09-30": "45.85090", "2011-06-30": "46.79600", "2011-03-31": "48.58500", "2010-12-31": "48.12760", "2010-09-30": "47.12420", "2010-06-30": "47.58190", "2010-03-31": "47.82590", "2009-12-31": "47.10050", "2009-09-30": "46.52160", "2009-06-30": "45.74990", "2009-03-31": "46.78340", "2008-12-31": "48.26110", "2008-09-30": "48.12070", "2008-06-30": "45.69670", "2008-03-31": "48.28320", "2007-12-31": "48.74090", "2007-09-30": "48.58840", "2007-06-30": "48.73950", "2007-03-31": "49.67560", "2006-12-31": "48.97760", "2006-09-30": "49.51540", "2006-06-30": "49.74450", "2006-03-31": "50.43850", "2005-12-31": "49.47270", "2005-09-30": "49.52150", "2005-06-30": "50.03430", "2005-03-31": "50.05060"}, "Operating Margin": {"2020-09-30": "5.35440", "2020-06-30": "7.72120", "2020-03-31": "8.29030", "2019-12-31": "0.42070", "2019-09-30": "6.06810", "2019-06-30": "7.41310", "2019-03-31": "7.16680", "2018-12-31": "3.40820", "2018-09-30": "5.78810", "2018-06-30": "5.55240", "2018-03-31": "6.35040", "2017-12-31": "5.28090", "2017-09-30": "-5.58060", "2017-06-30": "7.41640", "2017-03-31": "8.26860", "2016-12-31": "2.55270", "2016-09-30": "7.19760", "2016-06-30": "8.70940", "2016-03-31": "7.90100", "2015-12-31": "6.00550", "2015-09-30": "7.87880", "2015-06-30": "9.00560", "2015-03-31": "8.42360", "2014-12-31": "4.72250", "2014-09-30": "8.32980", "2014-06-30": "7.49100", "2014-03-31": "8.51020", "2013-12-31": "6.91990", "2013-09-30": "6.07040", "2013-06-30": "8.33380", "2013-03-31": "13.26090", "2012-12-31": "8.06270", "2012-09-30": "7.34590", "2012-06-30": "6.95710", "2012-03-31": "6.59280", "2011-12-31": "5.60520", "2011-09-30": "7.07210", "2011-06-30": "6.70890", "2011-03-31": "7.67220", "2010-12-31": "7.99690", "2010-09-30": "7.81960", "2010-06-30": "8.43090", "2010-03-31": "7.80350", "2009-12-31": "8.17350", "2009-09-30": "8.47640", "2009-06-30": "7.95250", "2009-03-31": "7.34150", "2008-12-31": "8.01220", "2008-09-30": "7.36020", "2008-06-30": "6.72520", "2008-03-31": "8.00180", "2007-12-31": "6.55320", "2007-09-30": "7.26770", "2007-06-30": "7.15470", "2007-03-31": "7.36380", "2006-12-31": "5.55260", "2006-09-30": "6.39730", "2006-06-30": "6.86850", "2006-03-31": "6.26790", "2005-12-31": "4.65070", "2005-09-30": "5.23790", "2005-06-30": "6.89090", "2005-03-31": "6.23370"}, "EBIT Margin": {"2020-09-30": "5.35440", "2020-06-30": "7.72120", "2020-03-31": "8.29030", "2019-12-31": "0.42070", "2019-09-30": "6.06810", "2019-06-30": "7.41310", "2019-03-31": "7.16680", "2018-12-31": "3.40820", "2018-09-30": "5.78810", "2018-06-30": "5.55240", "2018-03-31": "6.35040", "2017-12-31": "5.28090", "2017-09-30": "-5.58060", "2017-06-30": "7.41640", "2017-03-31": "8.26860", "2016-12-31": "2.55270", "2016-09-30": "7.19760", "2016-06-30": "8.70940", "2016-03-31": "7.90100", "2015-12-31": "6.00550", "2015-09-30": "7.87880", "2015-06-30": "9.00560", "2015-03-31": "8.42360", "2014-12-31": "4.72250", "2014-09-30": "8.32980", "2014-06-30": "7.49100", "2014-03-31": "8.51020", "2013-12-31": "6.91990", "2013-09-30": "6.07040", "2013-06-30": "8.33380", "2013-03-31": "13.26090", "2012-12-31": "8.06270", "2012-09-30": "7.34590", "2012-06-30": "6.95710", "2012-03-31": "6.59280", "2011-12-31": "5.60520", "2011-09-30": "7.07210", "2011-06-30": "6.70890", "2011-03-31": "7.67220", "2010-12-31": "7.99690", "2010-09-30": "7.81960", "2010-06-30": "8.43090", "2010-03-31": "7.80350", "2009-12-31": "8.17350", "2009-09-30": "8.47640", "2009-06-30": "7.95250", "2009-03-31": "7.34150", "2008-12-31": "8.01220", "2008-09-30": "7.36020", "2008-06-30": "6.72520", "2008-03-31": "8.00180", "2007-12-31": "6.55320", "2007-09-30": "7.26770", "2007-06-30": "7.15470", "2007-03-31": "7.36380", "2006-12-31": "5.55260", "2006-09-30": "6.39730", "2006-06-30": "6.86850", "2006-03-31": "6.26790", "2005-12-31": "4.65070", "2005-09-30": "5.23790", "2005-06-30": "6.89090", "2005-03-31": "6.23370"}, "EBITDA Margin": {"2020-09-30": "", "2020-06-30": "", "2020-03-31": "", "2019-12-31": "", "2019-09-30": "", "2019-06-30": "", "2019-03-31": "", "2018-12-31": "", "2018-09-30": "", "2018-06-30": "", "2018-03-31": "", "2017-12-31": "", "2017-09-30": "", "2017-06-30": "", "2017-03-31": "", "2016-12-31": "", "2016-09-30": "", "2016-06-30": "", "2016-03-31": "", "2015-12-31": "", "2015-09-30": "", "2015-06-30": "", "2015-03-31": "", "2014-12-31": "", "2014-09-30": "", "2014-06-30": "", "2014-03-31": "", "2013-12-31": "", "2013-09-30": "", "2013-06-30": "", "2013-03-31": "", "2012-12-31": "", "2012-09-30": "", "2012-06-30": "", "2012-03-31": "", "2011-12-31": "", "2011-09-30": "", "2011-06-30": "", "2011-03-31": "", "2010-12-31": "", "2010-09-30": "", "2010-06-30": "", "2010-03-31": "", "2009-12-31": "", "2009-09-30": "", "2009-06-30": "", "2009-03-31": "", "2008-12-31": "", "2008-09-30": "", "2008-06-30": "", "2008-03-31": "", "2007-12-31": "", "2007-09-30": "", "2007-06-30": "", "2007-03-31": "", "2006-12-31": "", "2006-09-30": "", "2006-06-30": "", "2006-03-31": "", "2005-12-31": "", "2005-09-30": "", "2005-06-30": "", "2005-03-31": ""}, "Pre-Tax Profit Margin": {"2020-09-30": "5.80610", "2020-06-30": "7.44860", "2020-03-31": "-0.57730", "2019-12-31": "0.12770", "2019-09-30": "5.77300", "2019-06-30": "7.07610", "2019-03-31": "6.80950", "2018-12-31": "3.00620", "2018-09-30": "5.53640", "2018-06-30": "5.28840", "2018-03-31": "5.78400", "2017-12-31": "5.01640", "2017-09-30": "-6.05650", "2017-06-30": "7.21830", "2017-03-31": "8.00550", "2016-12-31": "1.98980", "2016-09-30": "6.68790", "2016-06-30": "8.38750", "2016-03-31": "7.67030", "2015-12-31": "5.82750", "2015-09-30": "7.77960", "2015-06-30": "8.90880", "2015-03-31": "8.28550", "2014-12-31": "4.60570", "2014-09-30": "8.16290", "2014-06-30": "7.29240", "2014-03-31": "8.23530", "2013-12-31": "6.62490", "2013-09-30": "5.70940", "2013-06-30": "8.03320", "2013-03-31": "12.85800", "2012-12-31": "7.62510", "2012-09-30": "6.84850", "2012-06-30": "6.52650", "2012-03-31": "6.59010", "2011-12-31": "5.65380", "2011-09-30": "7.11140", "2011-06-30": "6.80160", "2011-03-31": "7.89200", "2010-12-31": "8.22440", "2010-09-30": "8.00810", "2010-06-30": "8.58820", "2010-03-31": "7.94580", "2009-12-31": "8.29300", "2009-09-30": "8.49260", "2009-06-30": "7.98180", "2009-03-31": "7.39830", "2008-12-31": "8.04180", "2008-09-30": "7.53570", "2008-06-30": "7.21660", "2008-03-31": "8.51860", "2007-12-31": "7.09240", "2007-09-30": "7.68540", "2007-06-30": "7.55900", "2007-03-31": "7.68070", "2006-12-31": "5.80080", "2006-09-30": "6.63560", "2006-06-30": "7.15700", "2006-03-31": "6.53780", "2005-12-31": "4.99390", "2005-09-30": "5.60140", "2005-06-30": "7.23540", "2005-03-31": "6.64810"}, "Net Profit Margin": {"2020-09-30": "4.48110", "2020-06-30": "5.64590", "2020-03-31": "-0.42770", "2019-12-31": "0.24180", "2019-09-30": "4.48580", "2019-06-30": "5.44140", "2019-03-31": "5.21140", "2018-12-31": "2.36650", "2018-09-30": "4.29150", "2018-06-30": "4.82770", "2018-03-31": "4.24770", "2017-12-31": "8.98930", "2017-09-30": "-3.59890", "2017-06-30": "4.82820", "2017-03-31": "5.08720", "2016-12-31": "1.50130", "2016-09-30": "4.37710", "2016-06-30": "5.47100", "2016-03-31": "4.92900", "2015-12-31": "3.75670", "2015-09-30": "4.94700", "2015-06-30": "5.82360", "2015-03-31": "5.35660", "2014-12-31": "3.19260", "2014-09-30": "5.27840", "2014-06-30": "4.81950", "2014-03-31": "5.29210", "2013-12-31": "4.66820", "2013-09-30": "3.85750", "2013-06-30": "5.17280", "2013-03-31": "9.90670", "2012-12-31": "5.25380", "2012-09-30": "4.35410", "2012-06-30": "4.16400", "2012-03-31": "4.22430", "2011-12-31": "3.52500", "2011-09-30": "4.59290", "2011-06-30": "4.39000", "2011-03-31": "5.13340", "2010-12-31": "5.48530", "2010-09-30": "5.21260", "2010-06-30": "5.55460", "2010-03-31": "5.11770", "2009-12-31": "5.31340", "2009-09-30": "5.29830", "2009-06-30": "4.93790", "2009-03-31": "4.63210", "2008-12-31": "5.16190", "2008-09-30": "4.76010", "2008-06-30": "4.42960", "2008-03-31": "5.28780", "2007-12-31": "4.52450", "2007-09-30": "4.73480", "2007-06-30": "4.64380", "2007-03-31": "4.67140", "2006-12-31": "3.61410", "2006-09-30": "5.11660", "2006-06-30": "4.42470", "2006-03-31": "4.06560", "2005-12-31": "2.95870", "2005-09-30": "2.90320", "2005-06-30": "4.35650", "2005-03-31": "3.95170"}, "Asset Turnover": {"2020-09-30": "0.29230", "2020-06-30": "0.30180", "2020-03-31": "0.39540", "2019-12-31": "0.28880", "2019-09-30": "0.30120", "2019-06-30": "0.30310", "2019-03-31": "0.39020", "2018-12-31": "0.30950", "2018-09-30": "0.34290", "2018-06-30": "0.34640", "2018-03-31": "0.45180", "2017-12-31": "0.32850", "2017-09-30": "0.34770", "2017-06-30": "0.34050", "2017-03-31": "0.43400", "2016-12-31": "0.31460", "2016-09-30": "0.32700", "2016-06-30": "0.33180", "2016-03-31": "0.42770", "2015-12-31": "0.30180", "2015-09-30": "0.32170", "2015-06-30": "0.36610", "2015-03-31": "0.47300", "2014-12-31": "0.36420", "2014-09-30": "0.34110", "2014-06-30": "0.35140", "2014-03-31": "0.46580", "2013-12-31": "0.32950", "2013-09-30": "0.35120", "2013-06-30": "0.41670", "2013-03-31": "0.52340", "2012-12-31": "0.36780", "2012-09-30": "0.36780", "2012-06-30": "0.38850", "2012-03-31": "0.51920", "2011-12-31": "0.42060", "2011-09-30": "0.42100", "2011-06-30": "0.40420", "2011-03-31": "0.60030", "2010-12-31": "0.43240", "2010-09-30": "0.44730", "2010-06-30": "0.45580", "2010-03-31": "0.60070", "2009-12-31": "0.42680", "2009-09-30": "0.44480", "2009-06-30": "0.45000", "2009-03-31": "0.59860", "2008-12-31": "0.45930", "2008-09-30": "0.40810", "2008-06-30": "0.52780", "2008-03-31": "0.64250", "2007-12-31": "0.47960", "2007-09-30": "0.49990", "2007-06-30": "0.51000", "2007-03-31": "0.65800", "2006-12-31": "0.48330", "2006-09-30": "0.47620", "2006-06-30": "0.48090", "2006-03-31": "0.62120", "2005-12-31": "0.46590", "2005-09-30": "0.47480", "2005-06-30": "0.48160", "2005-03-31": "0.59710"}, "Inventory Turnover Ratio": {"2020-09-30": "3.87760", "2020-06-30": "4.03820", "2020-03-31": "4.93490", "2019-12-31": "3.82470", "2019-09-30": "3.90400", "2019-06-30": "4.13080", "2019-03-31": "5.24600", "2018-12-31": "3.80970", "2018-09-30": "4.07930", "2018-06-30": "4.23320", "2018-03-31": "5.61670", "2017-12-31": "4.11450", "2017-09-30": "4.30480", "2017-06-30": "4.36760", "2017-03-31": "5.82490", "2016-12-31": "4.06700", "2016-09-30": "4.19610", "2016-06-30": "4.25390", "2016-03-31": "5.37390", "2015-12-31": "4.10100", "2015-09-30": "4.22220", "2015-06-30": "4.61820", "2015-03-31": "5.92890", "2014-12-31": "4.87390", "2014-09-30": "4.52690", "2014-06-30": "4.66670", "2014-03-31": "6.15450", "2013-12-31": "4.43730", "2013-09-30": "4.52250", "2013-06-30": "4.91000", "2013-03-31": "6.16520", "2012-12-31": "4.29260", "2012-09-30": "4.34380", "2012-06-30": "4.64380", "2012-03-31": "6.00820", "2011-12-31": "4.76880", "2011-09-30": "4.38940", "2011-06-30": "4.49620", "2011-03-31": "6.18980", "2010-12-31": "4.90800", "2010-09-30": "4.76880", "2010-06-30": "5.12970", "2010-03-31": "6.51410", "2009-12-31": "5.00260", "2009-09-30": "4.94900", "2009-06-30": "5.28070", "2009-03-31": "6.92210", "2008-12-31": "5.93610", "2008-09-30": "5.08930", "2008-06-30": "5.62770", "2008-03-31": "6.80190", "2007-12-31": "5.12910", "2007-09-30": "5.09660", "2007-06-30": "5.37580", "2007-03-31": "6.98170", "2006-12-31": "5.11310", "2006-09-30": "4.73090", "2006-06-30": "5.02830", "2006-03-31": "6.26540", "2005-12-31": "4.68100", "2005-09-30": "4.67280", "2005-06-30": "5.16060", "2005-03-31": "6.87180"}, "Receiveable Turnover": {"2020-09-30": "3.16550", "2020-06-30": "3.14040", "2020-03-31": "3.95490", "2019-12-31": "3.21340", "2019-09-30": "3.22870", "2019-06-30": "3.13200", "2019-03-31": "4.09430", "2018-12-31": "3.06340", "2018-09-30": "3.09660", "2018-06-30": "3.06470", "2018-03-31": "4.11980", "2017-12-31": "3.11950", "2017-09-30": "3.16810", "2017-06-30": "3.21260", "2017-03-31": "4.18270", "2016-12-31": "3.19480", "2016-09-30": "3.23440", "2016-06-30": "3.18560", "2016-03-31": "4.24290", "2015-12-31": "3.18290", "2015-09-30": "3.30630", "2015-06-30": "3.40710", "2015-03-31": "4.43780", "2014-12-31": "3.71890", "2014-09-30": "3.36160", "2014-06-30": "3.33200", "2014-03-31": "4.29350", "2013-12-31": "3.24910", "2013-09-30": "3.29220", "2013-06-30": "3.37040", "2013-03-31": "4.22780", "2012-12-31": "2.86490", "2012-09-30": "3.23710", "2012-06-30": "3.35450", "2012-03-31": "4.47200", "2011-12-31": "3.52130", "2011-09-30": "3.49250", "2011-06-30": "3.25710", "2011-03-31": "4.53580", "2010-12-31": "3.44680", "2010-09-30": "3.37520", "2010-06-30": "3.28970", "2010-03-31": "4.40690", "2009-12-31": "3.22770", "2009-09-30": "3.41990", "2009-06-30": "3.36650", "2009-03-31": "4.49060", "2008-12-31": "3.49060", "2008-09-30": "3.36320", "2008-06-30": "3.27940", "2008-03-31": "4.45900", "2007-12-31": "3.44030", "2007-09-30": "3.41150", "2007-06-30": "3.40140", "2007-03-31": "4.25800", "2006-12-31": "3.32260", "2006-09-30": "3.20180", "2006-06-30": "3.10300", "2006-03-31": "4.25610", "2005-12-31": "3.28380", "2005-09-30": "3.11380", "2005-06-30": "3.23110", "2005-03-31": "4.29300"}, "Days Sales In Receivables": {"2020-09-30": "28.43150", "2020-06-30": "28.65890", "2020-03-31": "22.75640", "2019-12-31": "28.00790", "2019-09-30": "27.87500", "2019-06-30": "28.73610", "2019-03-31": "21.98190", "2018-12-31": "29.37930", "2018-09-30": "29.06450", "2018-06-30": "29.36650", "2018-03-31": "21.84550", "2017-12-31": "28.85060", "2017-09-30": "28.40780", "2017-06-30": "28.01470", "2017-03-31": "21.51740", "2016-12-31": "28.17050", "2016-09-30": "27.82610", "2016-06-30": "28.25240", "2016-03-31": "21.21170", "2015-12-31": "28.27650", "2015-09-30": "27.22070", "2015-06-30": "26.41530", "2015-03-31": "20.28050", "2014-12-31": "24.20060", "2014-09-30": "26.77310", "2014-06-30": "27.01050", "2014-03-31": "20.96210", "2013-12-31": "27.70010", "2013-09-30": "27.33720", "2013-06-30": "26.70330", "2013-03-31": "21.28780", "2012-12-31": "31.41530", "2012-09-30": "27.80260", "2012-06-30": "26.82980", "2012-03-31": "20.12520", "2011-12-31": "25.55870", "2011-09-30": "25.76930", "2011-06-30": "27.63170", "2011-03-31": "19.84200", "2010-12-31": "26.11140", "2010-09-30": "26.66510", "2010-06-30": "27.35840", "2010-03-31": "20.42270", "2009-12-31": "27.88320", "2009-09-30": "26.31680", "2009-06-30": "26.73420", "2009-03-31": "20.04180", "2008-12-31": "25.78370", "2008-09-30": "26.76030", "2008-06-30": "27.44420", "2008-03-31": "20.18400", "2007-12-31": "26.16070", "2007-09-30": "26.38160", "2007-06-30": "26.45940", "2007-03-31": "21.13660", "2006-12-31": "27.08740", "2006-09-30": "28.10950", "2006-06-30": "29.00430", "2006-03-31": "21.14620", "2005-12-31": "27.40710", "2005-09-30": "28.90330", "2005-06-30": "27.85450", "2005-03-31": "20.96430"}, "ROE - Return On Equity": {"2020-09-30": "3.28140", "2020-06-30": "4.33370", "2020-03-31": "-0.43710", "2019-12-31": "0.17560", "2019-09-30": "3.35240", "2019-06-30": "4.10230", "2019-03-31": "5.19480", "2018-12-31": "1.65630", "2018-09-30": "3.10200", "2018-06-30": "3.50110", "2018-03-31": "3.96790", "2017-12-31": "6.27920", "2017-09-30": "-2.81640", "2017-06-30": "3.53790", "2017-03-31": "4.85370", "2016-12-31": "1.07780", "2016-09-30": "3.41620", "2016-06-30": "4.43750", "2016-03-31": "5.13570", "2015-12-31": "2.59400", "2015-09-30": "3.56520", "2015-06-30": "4.34400", "2015-03-31": "5.30080", "2014-12-31": "2.49410", "2014-09-30": "3.84080", "2014-06-30": "3.67050", "2014-03-31": "5.36960", "2013-12-31": "3.57930", "2013-09-30": "3.36750", "2013-06-30": "4.71170", "2013-03-31": "11.83930", "2012-12-31": "4.49170", "2012-09-30": "3.61610", "2012-06-30": "3.48770", "2012-03-31": "4.85430", "2011-12-31": "3.03540", "2011-09-30": "3.91170", "2011-06-30": "3.53500", "2011-03-31": "5.15670", "2010-12-31": "3.95050", "2010-09-30": "3.90700", "2010-06-30": "4.33490", "2010-03-31": "5.43910", "2009-12-31": "4.36220", "2009-09-30": "4.73880", "2009-06-30": "4.55660", "2009-03-31": "5.72460", "2008-12-31": "5.21010", "2008-09-30": "4.05370", "2008-06-30": "3.64360", "2008-03-31": "5.12510", "2007-12-31": "3.79920", "2007-09-30": "3.49200", "2007-06-30": "3.60590", "2007-03-31": "4.76600", "2006-12-31": "2.81350", "2006-09-30": "3.05700", "2006-06-30": "3.51750", "2006-03-31": "4.02010", "2005-12-31": "2.28970", "2005-09-30": "2.60930", "2005-06-30": "3.47740", "2005-03-31": "3.91620"}, "Return On Tangible Equity": {"2020-09-30": "53.27100", "2020-06-30": "94.76110", "2020-03-31": "-16.63300", "2019-12-31": "-6.92980", "2019-09-30": "-178.53880", "2019-06-30": "-176.31330", "2019-03-31": "-104.17880", "2018-12-31": "-25.40320", "2018-09-30": "43.90310", "2018-06-30": "43.41950", "2018-03-31": "55.53470", "2017-12-31": "180.70950", "2017-09-30": "157.38900", "2017-06-30": "-211.20720", "2017-03-31": "-127.46180", "2016-12-31": "-14.25950", "2016-09-30": "-27.76530", "2016-06-30": "-29.36420", "2016-03-31": "-33.56560", "2015-12-31": "-33.13740", "2015-09-30": "-251.33760", "2015-06-30": "19.54020", "2015-03-31": "26.83580", "2014-12-31": "14.35560", "2014-09-30": "19.34290", "2014-06-30": "19.27420", "2014-03-31": "29.92980", "2013-12-31": "28.10140", "2013-09-30": "50.80810", "2013-06-30": "19.23310", "2013-03-31": "56.00600", "2012-12-31": "19.25090", "2012-09-30": "15.88210", "2012-06-30": "6.21260", "2012-03-31": "8.96610", "2011-12-31": "5.78830", "2011-09-30": "7.23270", "2011-06-30": "6.52280", "2011-03-31": "8.18530", "2010-12-31": "6.30520", "2010-09-30": "6.24420", "2010-06-30": "7.05120", "2010-03-31": "9.10880", "2009-12-31": "7.50310", "2009-09-30": "8.39580", "2009-06-30": "8.25880", "2009-03-31": "10.61920", "2008-12-31": "9.93590", "2008-09-30": "7.29450", "2008-06-30": "4.24490", "2008-03-31": "5.96100", "2007-12-31": "4.46930", "2007-09-30": "4.11820", "2007-06-30": "4.29230", "2007-03-31": "5.71120", "2006-12-31": "3.41880", "2006-09-30": "3.73180", "2006-06-30": "4.29440", "2006-03-31": "4.91570", "2005-12-31": "2.66520", "2005-09-30": "3.03500", "2005-06-30": "4.05830", "2005-03-31": "4.61160"}, "ROA - Return On Assets": {"2020-09-30": "1.30990", "2020-06-30": "1.70410", "2020-03-31": "-0.16910", "2019-12-31": "0.06980", "2019-09-30": "1.35100", "2019-06-30": "1.64900", "2019-03-31": "2.03330", "2018-12-31": "0.73240", "2018-09-30": "1.47150", "2018-06-30": "1.67230", "2018-03-31": "1.91920", "2017-12-31": "2.95270", "2017-09-30": "-1.25140", "2017-06-30": "1.64380", "2017-03-31": "2.20770", "2016-12-31": "0.47240", "2016-09-30": "1.43140", "2016-06-30": "1.81540", "2016-03-31": "2.10830", "2015-12-31": "1.13380", "2015-09-30": "1.59130", "2015-06-30": "2.13210", "2015-03-31": "2.53380", "2014-12-31": "1.16270", "2014-09-30": "1.80040", "2014-06-30": "1.69330", "2014-03-31": "2.46520", "2013-12-31": "1.53830", "2013-09-30": "1.35480", "2013-06-30": "2.15550", "2013-03-31": "5.18500", "2012-12-31": "1.93240", "2012-09-30": "1.60130", "2012-06-30": "1.61750", "2012-03-31": "2.19340", "2011-12-31": "1.48250", "2011-09-30": "1.93360", "2011-06-30": "1.77460", "2011-03-31": "3.08140", "2010-12-31": "2.37180", "2010-09-30": "2.33140", "2010-06-30": "2.53170", "2010-03-31": "3.07430", "2009-12-31": "2.34990", "2009-09-30": "2.43780", "2009-06-30": "2.27740", "2009-03-31": "2.80650", "2008-12-31": "2.47970", "2008-09-30": "1.97550", "2008-06-30": "2.44890", "2008-03-31": "3.39720", "2007-12-31": "2.52460", "2007-09-30": "2.36700", "2007-06-30": "2.36810", "2007-03-31": "3.07360", "2006-12-31": "1.74680", "2006-09-30": "1.84180", "2006-06-30": "2.12770", "2006-03-31": "2.45340", "2005-12-31": "1.37850", "2005-09-30": "1.56770", "2005-06-30": "2.09810", "2005-03-31": "2.35970"}, "ROI - Return On Investment": {"2020-09-30": "1.86620", "2020-06-30": "2.45130", "2020-03-31": "-0.23970", "2019-12-31": "0.10340", "2019-09-30": "1.98100", "2019-06-30": "2.40850", "2019-03-31": "2.95980", "2018-12-31": "0.92670", "2018-09-30": "1.89470", "2018-06-30": "2.14950", "2018-03-31": "2.42910", "2017-12-31": "3.79240", "2017-09-30": "-1.64920", "2017-06-30": "2.13100", "2017-03-31": "2.84110", "2016-12-31": "0.60470", "2016-09-30": "1.86410", "2016-06-30": "2.49710", "2016-03-31": "2.81380", "2015-12-31": "1.48390", "2015-09-30": "2.11360", "2015-06-30": "2.79690", "2015-03-31": "3.35560", "2014-12-31": "1.51240", "2014-09-30": "2.29640", "2014-06-30": "2.17070", "2014-03-31": "3.13440", "2013-12-31": "1.95670", "2013-09-30": "1.77450", "2013-06-30": "3.00150", "2013-03-31": "7.24270", "2012-12-31": "2.76740", "2012-09-30": "2.23790", "2012-06-30": "2.29040", "2012-03-31": "3.09830", "2011-12-31": "2.21010", "2011-09-30": "2.82500", "2011-06-30": "2.59950", "2011-03-31": "4.63100", "2010-12-31": "3.51400", "2010-09-30": "3.40890", "2010-06-30": "3.68540", "2010-03-31": "4.41480", "2009-12-31": "3.32920", "2009-09-30": "3.56890", "2009-06-30": "3.34940", "2009-03-31": "4.15000", "2008-12-31": "3.69590", "2008-09-30": "2.89110", "2008-06-30": "3.49460", "2008-03-31": "4.96090", "2007-12-31": "3.67320", "2007-09-30": "3.37070", "2007-06-30": "3.44890", "2007-03-31": "4.37740", "2006-12-31": "2.46670", "2006-09-30": "2.56240", "2006-06-30": "3.04540", "2006-03-31": "3.48960", "2005-12-31": "1.99940", "2005-09-30": "2.26650", "2005-06-30": "3.01610", "2005-03-31": "3.37700"}, "Book Value Per Share": {"2020-09-30": "6.38690", "2020-06-30": "6.31600", "2020-03-31": "6.24220", "2019-12-31": "5.97330", "2019-09-30": "6.11460", "2019-06-30": "6.11910", "2019-03-31": "5.99610", "2018-12-31": "5.96630", "2018-09-30": "6.05820", "2018-06-30": "6.15480", "2018-03-31": "6.12640", "2017-12-31": "5.94070", "2017-09-30": "5.68680", "2017-06-30": "6.04080", "2017-03-31": "5.94930", "2016-12-31": "5.80590", "2016-09-30": "5.66990", "2016-06-30": "5.57250", "2016-03-31": "5.58840", "2015-12-31": "5.85620", "2015-09-30": "5.80340", "2015-06-30": "5.66900", "2015-03-31": "5.51280", "2014-12-31": "5.36450", "2014-09-30": "5.53140", "2014-06-30": "5.46920", "2014-03-31": "5.43510", "2013-12-31": "5.16000", "2013-09-30": "4.82590", "2013-06-30": "4.73340", "2013-03-31": "4.56340", "2012-12-31": "6.20960", "2012-09-30": "4.16680", "2012-06-30": "3.97370", "2012-03-31": "3.83420", "2011-12-31": "3.72100", "2011-09-30": "3.89670", "2011-06-30": "3.90010", "2011-03-31": "3.93100", "2010-12-31": "5.85260", "2010-09-30": "3.88430", "2010-06-30": "3.76530", "2010-03-31": "3.62440", "2009-12-31": "3.53780", "2009-09-30": "3.36590", "2009-06-30": "3.29760", "2009-03-31": "3.18430", "2008-12-31": "3.08630", "2008-09-30": "3.29600", "2008-06-30": "3.31970", "2008-03-31": "3.36750", "2007-12-31": "3.17340", "2007-09-30": "3.10530", "2007-06-30": "2.99280", "2007-03-31": "2.91150", "2006-12-31": "4.13820", "2006-09-30": "2.72030", "2006-06-30": "2.71180", "2006-03-31": "2.66900", "2005-12-31": "2.51690", "2005-09-30": "2.51600", "2005-06-30": "2.48230", "2005-03-31": "2.48440"}, "Operating Cash Flow Per Share": {"2020-09-30": 0.4161, "2020-06-30": 0.7977, "2020-03-31": "0.50150", "2019-12-31": 0.4194, "2019-09-30": 0.3301, "2019-06-30": 0.5277, "2019-03-31": "0.45390", "2018-12-31": 0.3012, "2018-09-30": 0.3942, "2018-06-30": 0.2431, "2018-03-31": "0.45960", "2017-12-31": 0.3444, "2017-09-30": 0.2462, "2017-06-30": 0.433, "2017-03-31": "0.38960", "2016-12-31": 0.3272, "2016-09-30": 0.4335, "2016-06-30": 0.3765, "2016-03-31": "0.55790", "2015-12-31": 0.2581, "2015-09-30": 0.3008, "2015-06-30": 0.4577, "2015-03-31": "0.55670", "2014-12-31": 0.4458, "2014-09-30": 0.2212, "2014-06-30": 0.2396, "2014-03-31": "0.57250", "2013-12-31": 0.2391, "2013-09-30": 0.2085, "2013-06-30": 0.417, "2013-03-31": "0.41170", "2012-12-31": 0.1748, "2012-09-30": 0.2557, "2012-06-30": 0.3217, "2012-03-31": "0.29210", "2011-12-31": 0.1935, "2011-09-30": 0.139, "2011-06-30": -0.0329, "2011-03-31": "0.35440", "2010-12-31": 0.3748, "2010-09-30": 0.3547, "2010-06-30": 0.3494, "2010-03-31": "0.39790", "2009-12-31": 0.3332, "2009-09-30": 0.2396, "2009-06-30": 0.2802, "2009-03-31": "0.27810", "2008-12-31": 0.2204, "2008-09-30": -0.0365, "2008-06-30": -0.0272, "2008-03-31": "0.29590", "2007-12-31": 0.2854, "2007-09-30": 0.2502, "2007-06-30": 0.2569, "2007-03-31": "0.23850", "2006-12-31": 0.233, "2006-09-30": 0.1401, "2006-06-30": 0.1343, "2006-03-31": "0.21870", "2005-12-31": 0.2027, "2005-09-30": 0.1877, "2005-06-30": 0.1095, "2005-03-31": "0.03130"}, "Free Cash Flow Per Share": {"2020-09-30": 0.3155, "2020-06-30": 0.6835, "2020-03-31": "0.40300", "2019-12-31": 0.2638, "2019-09-30": 0.2302, "2019-06-30": 0.4035, "2019-03-31": "0.35700", "2018-12-31": 0.1885, "2018-09-30": 0.2743, "2018-06-30": 0.1383, "2018-03-31": "0.33630", "2017-12-31": 0.241, "2017-09-30": 0.3523, "2017-06-30": 0.1728, "2017-03-31": "0.50420", "2016-12-31": 0.2359, "2016-09-30": 0.3153, "2016-06-30": 0.2914, "2016-03-31": "0.45280", "2015-12-31": 0.1385, "2015-09-30": 0.2057, "2015-06-30": 0.4037, "2015-03-31": "0.46710", "2014-12-31": 0.4126, "2014-09-30": 0.2093, "2014-06-30": 0.1543, "2014-03-31": "0.48010", "2013-12-31": 0.1125, "2013-09-30": 0.0937, "2013-06-30": 0.3061, "2013-03-31": "0.31000", "2012-12-31": 0.0866, "2012-09-30": 0.163, "2012-06-30": 0.2521, "2012-03-31": "0.22500", "2011-12-31": 0.1728, "2011-09-30": 0.0377, "2011-06-30": -0.1333, "2011-03-31": "0.25020", "2010-12-31": 0.2592, "2010-09-30": 0.261, "2010-06-30": 0.2278, "2010-03-31": "0.25910", "2009-12-31": 0.2333, "2009-09-30": 0.1589, "2009-06-30": 0.2168, "2009-03-31": "0.20980", "2008-12-31": 0.1332, "2008-09-30": -0.1392, "2008-06-30": -0.1162, "2008-03-31": "0.18380", "2007-12-31": 0.0988, "2007-09-30": 0.1831, "2007-06-30": 0.1646, "2007-03-31": "0.17000", "2006-12-31": 0.1562, "2006-09-30": 0.0747, "2006-06-30": 0.0525, "2006-03-31": "0.14610", "2005-12-31": 0.0788, "2005-09-30": 0.1178, "2005-06-30": 0.0659, "2005-03-31": "-0.00560"}}, "revenue": {"Flowers Foods Annual Revenue (Millions of US $)": {"2019": "$4,124", "2018": "$3,952", "2017": "$3,921", "2016": "$3,927", "2015": "$3,779", "2014": "$3,749", "2013": "$3,733", "2012": "$3,031", "2011": "$2,773", "2010": "$2,574", "2009": "$2,601", "2008": "$2,415", "2007": "$2,037", "2006": "$1,889", "2005": "$1,716"}, "Flowers Foods Quarterly Revenue (Millions of US $)": {"2020-09-30": "$990", "2020-06-30": "$1,026", "2020-03-31": "$1,349", "2019-12-31": "$918", "2019-09-30": "$967", "2019-06-30": "$976", "2019-03-31": "$1,264", "2018-12-31": "$881", "2018-09-30": "$923", "2018-06-30": "$941", "2018-03-31": "$1,206", "2017-12-31": "$874", "2017-09-30": "$933", "2017-06-30": "$927", "2017-03-31": "$1,188", "2016-12-31": "$869", "2016-09-30": "$919", "2016-06-30": "$935", "2016-03-31": "$1,204", "2015-12-31": "$858", "2015-09-30": "$885", "2015-06-30": "$889", "2015-03-31": "$1,146", "2014-12-31": "$877", "2014-09-30": "$845", "2014-06-30": "$873", "2014-03-31": "$1,154", "2013-12-31": "$825", "2013-09-30": "$878", "2013-06-30": "$898", "2013-03-31": "$1,131", "2012-12-31": "$734", "2012-09-30": "$717", "2012-06-30": "$682", "2012-03-31": "$898", "2011-12-31": "$654", "2011-09-30": "$675", "2011-06-30": "$643", "2011-03-31": "$802", "2010-12-31": "$573", "2010-09-30": "$598", "2010-06-30": "$608", "2010-03-31": "$795", "2009-12-31": "$577", "2009-09-30": "$603", "2009-06-30": "$614", "2009-03-31": "$807", "2008-12-31": "$622", "2008-09-30": "$576", "2008-06-30": "$541", "2008-03-31": "$677", "2007-12-31": "$474", "2007-09-30": "$475", "2007-06-30": "$478", "2007-03-31": "$610", "2006-12-31": "$438", "2006-09-30": "$441", "2006-06-30": "$446", "2006-03-31": "$564", "2005-12-31": "$397", "2005-09-30": "$408", "2005-06-30": "$405", "2005-03-31": "$506"}}, "gross-profit": {"Flowers Foods Annual Gross Profit (Millions of US $)": {"2019": "$1,968", "2018": "$1,885", "2017": "$1,911", "2016": "$1,900", "2015": "$1,815", "2014": "$1,798", "2013": "$1,760", "2012": "$1,413", "2011": "$1,300", "2010": "$1,227", "2009": "$1,211", "2008": "$1,151", "2007": "$998", "2006": "$939", "2005": "$854"}, "Flowers Foods Quarterly Gross Profit (Millions of US $)": {"2020-09-30": "$492", "2020-06-30": "$520", "2020-03-31": "$679", "2019-12-31": "$432", "2019-09-30": "$458", "2019-06-30": "$467", "2019-03-31": "$612", "2018-12-31": "$414", "2018-09-30": "$438", "2018-06-30": "$452", "2018-03-31": "$581", "2017-12-31": "$417", "2017-09-30": "$457", "2017-06-30": "$458", "2017-03-31": "$580", "2016-12-31": "$418", "2016-09-30": "$442", "2016-06-30": "$457", "2016-03-31": "$583", "2015-12-31": "$402", "2015-09-30": "$421", "2015-06-30": "$432", "2015-03-31": "$560", "2014-12-31": "$424", "2014-09-30": "$402", "2014-06-30": "$415", "2014-03-31": "$558", "2013-12-31": "$378", "2013-09-30": "$411", "2013-06-30": "$427", "2013-03-31": "$546", "2012-12-31": "$343", "2012-09-30": "$335", "2012-06-30": "$316", "2012-03-31": "$419", "2011-12-31": "$300", "2011-09-30": "$310", "2011-06-30": "$301", "2011-03-31": "$390", "2010-12-31": "$276", "2010-09-30": "$282", "2010-06-30": "$289", "2010-03-31": "$380", "2009-12-31": "$272", "2009-09-30": "$280", "2009-06-30": "$281", "2009-03-31": "$378", "2008-12-31": "$300", "2008-09-30": "$277", "2008-06-30": "$247", "2008-03-31": "$327", "2007-12-31": "$231", "2007-09-30": "$231", "2007-06-30": "$233", "2007-03-31": "$303", "2006-12-31": "$215", "2006-09-30": "$218", "2006-06-30": "$222", "2006-03-31": "$284", "2005-12-31": "$196", "2005-09-30": "$202", "2005-06-30": "$203", "2005-03-31": "$253"}}, "operating-income": {"Flowers Foods Annual Operating Income (Millions of US $)": {"2019": "$225", "2018": "$212", "2017": "$161", "2016": "$265", "2015": "$298", "2014": "$275", "2013": "$335", "2012": "$219", "2011": "$189", "2010": "$206", "2009": "$206", "2008": "$183", "2007": "$145", "2006": "$118", "2005": "$99"}, "Flowers Foods Quarterly Operating Income (Millions of US $)": {"2020-09-30": "$53", "2020-06-30": "$79", "2020-03-31": "$112", "2019-12-31": "$4", "2019-09-30": "$59", "2019-06-30": "$72", "2019-03-31": "$91", "2018-12-31": "$30", "2018-09-30": "$53", "2018-06-30": "$52", "2018-03-31": "$77", "2017-12-31": "$46", "2017-09-30": "$-52", "2017-06-30": "$69", "2017-03-31": "$98", "2016-12-31": "$22", "2016-09-30": "$66", "2016-06-30": "$81", "2016-03-31": "$95", "2015-12-31": "$52", "2015-09-30": "$70", "2015-06-30": "$80", "2015-03-31": "$97", "2014-12-31": "$41", "2014-09-30": "$70", "2014-06-30": "$65", "2014-03-31": "$98", "2013-12-31": "$57", "2013-09-30": "$53", "2013-06-30": "$75", "2013-03-31": "$150", "2012-12-31": "$59", "2012-09-30": "$53", "2012-06-30": "$47", "2012-03-31": "$59", "2011-12-31": "$37", "2011-09-30": "$48", "2011-06-30": "$43", "2011-03-31": "$62", "2010-12-31": "$46", "2010-09-30": "$47", "2010-06-30": "$51", "2010-03-31": "$62", "2009-12-31": "$47", "2009-09-30": "$51", "2009-06-30": "$49", "2009-03-31": "$59", "2008-12-31": "$50", "2008-09-30": "$42", "2008-06-30": "$36", "2008-03-31": "$54", "2007-12-31": "$31", "2007-09-30": "$35", "2007-06-30": "$34", "2007-03-31": "$45", "2006-12-31": "$24", "2006-09-30": "$28", "2006-06-30": "$31", "2006-03-31": "$35", "2005-12-31": "$18", "2005-09-30": "$21", "2005-06-30": "$28", "2005-03-31": "$32"}}, "ebitda": {"Flowers Foods Annual EBITDA (Millions of US $)": {"2019": "$370", "2018": "$356", "2017": "$308", "2016": "$406", "2015": "$430", "2014": "$404", "2013": "$454", "2012": "$321", "2011": "$284", "2010": "$291", "2009": "$287", "2008": "$256", "2007": "$211", "2006": "$183", "2005": "$159"}, "Flowers Foods Quarterly EBITDA (Millions of US $)": {"2020-09-30": "$85", "2020-06-30": "$112", "2020-03-31": "$157", "2019-12-31": "$37", "2019-09-30": "$92", "2019-06-30": "$106", "2019-03-31": "$135", "2018-12-31": "$62", "2018-09-30": "$86", "2018-06-30": "$87", "2018-03-31": "$121", "2017-12-31": "$79", "2017-09-30": "$-19", "2017-06-30": "$103", "2017-03-31": "$145", "2016-12-31": "$54", "2016-09-30": "$99", "2016-06-30": "$114", "2016-03-31": "$139", "2015-12-31": "$84", "2015-09-30": "$99", "2015-06-30": "$111", "2015-03-31": "$136", "2014-12-31": "$72", "2014-09-30": "$100", "2014-06-30": "$95", "2014-03-31": "$137", "2013-12-31": "$86", "2013-09-30": "$83", "2013-06-30": "$101", "2013-03-31": "$184", "2012-12-31": "$85", "2012-09-30": "$77", "2012-06-30": "$70", "2012-03-31": "$89", "2011-12-31": "$60", "2011-09-30": "$71", "2011-06-30": "$64", "2011-03-31": "$90", "2010-12-31": "$66", "2010-09-30": "$67", "2010-06-30": "$71", "2010-03-31": "$88", "2009-12-31": "$66", "2009-09-30": "$70", "2009-06-30": "$68", "2009-03-31": "$84", "2008-12-31": "$69", "2008-09-30": "$60", "2008-06-30": "$52", "2008-03-31": "$75", "2007-12-31": "$47", "2007-09-30": "$50", "2007-06-30": "$49", "2007-03-31": "$65", "2006-12-31": "$40", "2006-09-30": "$43", "2006-06-30": "$46", "2006-03-31": "$54", "2005-12-31": "$33", "2005-09-30": "$35", "2005-06-30": "$41", "2005-03-31": "$49"}}, "net-income": {"Flowers Foods Annual Net Income (Millions of US $)": {"2019": "$165", "2018": "$157", "2017": "$150", "2016": "$164", "2015": "$189", "2014": "$176", "2013": "$231", "2012": "$136", "2011": "$123", "2010": "$137", "2009": "$130", "2008": "$119", "2007": "$95", "2006": "$81", "2005": "$61"}, "Flowers Foods Quarterly Net Income (Millions of US $)": {"2020-09-30": "$44", "2020-06-30": "$58", "2020-03-31": "$-6", "2019-12-31": "$2", "2019-09-30": "$43", "2019-06-30": "$53", "2019-03-31": "$66", "2018-12-31": "$21", "2018-09-30": "$40", "2018-06-30": "$45", "2018-03-31": "$51", "2017-12-31": "$79", "2017-09-30": "$-34", "2017-06-30": "$45", "2017-03-31": "$60", "2016-12-31": "$13", "2016-09-30": "$40", "2016-06-30": "$51", "2016-03-31": "$59", "2015-12-31": "$32", "2015-09-30": "$44", "2015-06-30": "$52", "2015-03-31": "$61", "2014-12-31": "$28", "2014-09-30": "$45", "2014-06-30": "$42", "2014-03-31": "$61", "2013-12-31": "$39", "2013-09-30": "$34", "2013-06-30": "$46", "2013-03-31": "$112", "2012-12-31": "$39", "2012-09-30": "$31", "2012-06-30": "$28", "2012-03-31": "$38", "2011-12-31": "$23", "2011-09-30": "$31", "2011-06-30": "$28", "2011-03-31": "$41", "2010-12-31": "$31", "2010-09-30": "$31", "2010-06-30": "$34", "2010-03-31": "$41", "2009-12-31": "$31", "2009-09-30": "$32", "2009-06-30": "$30", "2009-03-31": "$37", "2008-12-31": "$32", "2008-09-30": "$27", "2008-06-30": "$24", "2008-03-31": "$36", "2007-12-31": "$21", "2007-09-30": "$23", "2007-06-30": "$22", "2007-03-31": "$28", "2006-12-31": "$16", "2006-09-30": "$23", "2006-06-30": "$20", "2006-03-31": "$23", "2005-12-31": "$12", "2005-09-30": "$12", "2005-06-30": "$18", "2005-03-31": "$20"}}, "eps-earnings-per-share-diluted": {"Flowers Foods Annual EPS": {"2019": "$0.78", "2018": "$0.74", "2017": "$0.71", "2016": "$0.78", "2015": "$0.89", "2014": "$0.82", "2013": "$1.09", "2012": "$0.66", "2011": "$0.60", "2010": "$0.66", "2009": "$0.63", "2008": "$0.57", "2007": "$0.45", "2006": "$0.39", "2005": "$0.28"}, "Flowers Foods Quarterly EPS": {"2020-09-30": "$0.21", "2020-06-30": "$0.27", "2020-03-31": "$-0.03", "2019-12-31": "$0.02", "2019-09-30": "$0.20", "2019-06-30": "$0.25", "2019-03-31": "$0.31", "2018-12-31": "$0.10", "2018-09-30": "$0.19", "2018-06-30": "$0.21", "2018-03-31": "$0.24", "2017-12-31": "$0.37", "2017-09-30": "$-0.16", "2017-06-30": "$0.21", "2017-03-31": "$0.29", "2016-12-31": "$0.07", "2016-09-30": "$0.19", "2016-06-30": "$0.24", "2016-03-31": "$0.28", "2015-12-31": "$0.15", "2015-09-30": "$0.21", "2015-06-30": "$0.24", "2015-03-31": "$0.29", "2014-12-31": "$0.12", "2014-09-30": "$0.21", "2014-06-30": "$0.20", "2014-03-31": "$0.29", "2013-12-31": "$0.18", "2013-09-30": "$0.16", "2013-06-30": "$0.22", "2013-03-31": "$0.53", "2012-12-31": "$0.18", "2012-09-30": "$0.15", "2012-06-30": "$0.14", "2012-03-31": "$0.19", "2011-12-31": "$0.11", "2011-09-30": "$0.15", "2011-06-30": "$0.14", "2011-03-31": "$0.20", "2010-12-31": "$0.15", "2010-09-30": "$0.15", "2010-06-30": "$0.16", "2010-03-31": "$0.20", "2009-12-31": "$0.15", "2009-09-30": "$0.15", "2009-06-30": "$0.15", "2009-03-31": "$0.18", "2008-12-31": "$0.15", "2008-09-30": "$0.13", "2008-06-30": "$0.12", "2008-03-31": "$0.17", "2007-12-31": "$0.10", "2007-09-30": "$0.11", "2007-06-30": "$0.11", "2007-03-31": "$0.14", "2006-12-31": "$0.08", "2006-09-30": "$0.11", "2006-06-30": "$0.09", "2006-03-31": "$0.11", "2005-12-31": "$0.05", "2005-09-30": "$0.06", "2005-06-30": "$0.08", "2005-03-31": "$0.09"}}, "shares-outstanding": {"Flowers Foods Annual Shares Outstanding (Millions of Shares)": {"2019": "212", "2018": "212", "2017": "210", "2016": "210", "2015": "213", "2014": "213", "2013": "212", "2012": "208", "2011": "205", "2010": "207", "2009": "209", "2008": "210", "2007": "208", "2006": "208", "2005": "215"}, "Flowers Foods Quarterly Shares Outstanding (Millions of Shares)": {"2020-09-30": "212", "2020-06-30": "212", "2020-03-31": "212", "2019-12-31": "212", "2019-09-30": "212", "2019-06-30": "212", "2019-03-31": "212", "2018-12-31": "212", "2018-09-30": "212", "2018-06-30": "212", "2018-03-31": "211", "2017-12-31": "210", "2017-09-30": "210", "2017-06-30": "210", "2017-03-31": "210", "2016-12-31": "210", "2016-09-30": "209", "2016-06-30": "209", "2016-03-31": "213", "2015-12-31": "213", "2015-09-30": "213", "2015-06-30": "213", "2015-03-31": "213", "2014-12-31": "213", "2014-09-30": "213", "2014-06-30": "213", "2014-03-31": "213", "2013-12-31": "212", "2013-09-30": "212", "2013-06-30": "212", "2013-03-31": "211", "2012-12-31": "208", "2012-09-30": "210", "2012-06-30": "207", "2012-03-31": "206", "2011-12-31": "205", "2011-09-30": "206", "2011-06-30": "206", "2011-03-31": "205", "2010-12-31": "207", "2010-09-30": "208", "2010-06-30": "208", "2010-03-31": "207", "2009-12-31": "209", "2009-09-30": "208", "2009-06-30": "208", "2009-03-31": "210", "2008-12-31": "210", "2008-09-30": "210", "2008-06-30": "209", "2008-03-31": "208", "2007-12-31": "208", "2007-09-30": "208", "2007-06-30": "208", "2007-03-31": "207", "2006-12-31": "208", "2006-09-30": "208", "2006-06-30": "209", "2006-03-31": "209", "2005-12-31": "215", "2005-09-30": "211", "2005-06-30": "212", "2005-03-31": "221"}}, "total-assets": {"Flowers Foods Annual Total Assets (Millions of US $)": {"2019": "$3,178", "2018": "$2,846", "2017": "$2,660", "2016": "$2,761", "2015": "$2,844", "2014": "$2,409", "2013": "$2,504", "2012": "$1,996", "2011": "$1,554", "2010": "$1,325", "2009": "$1,351", "2008": "$1,353", "2007": "$988", "2006": "$907", "2005": "$851"}, "Flowers Foods Quarterly Total Assets (Millions of US $)": {"2020-09-30": "$3,385", "2020-06-30": "$3,399", "2020-03-31": "$3,413", "2019-12-31": "$3,178", "2019-09-30": "$3,209", "2019-06-30": "$3,220", "2019-03-31": "$3,239", "2018-12-31": "$2,846", "2018-09-30": "$2,693", "2018-06-30": "$2,717", "2018-03-31": "$2,670", "2017-12-31": "$2,660", "2017-09-30": "$2,683", "2017-06-30": "$2,722", "2017-03-31": "$2,737", "2016-12-31": "$2,761", "2016-09-30": "$2,810", "2016-06-30": "$2,818", "2016-03-31": "$2,816", "2015-12-31": "$2,844", "2015-09-30": "$2,752", "2015-06-30": "$2,428", "2015-03-31": "$2,423", "2014-12-31": "$2,409", "2014-09-30": "$2,477", "2014-06-30": "$2,484", "2014-03-31": "$2,477", "2013-12-31": "$2,504", "2013-09-30": "$2,501", "2013-06-30": "$2,155", "2013-03-31": "$2,161", "2012-12-31": "$1,996", "2012-09-30": "$1,950", "2012-06-30": "$1,755", "2012-03-31": "$1,730", "2011-12-31": "$1,554", "2011-09-30": "$1,604", "2011-06-30": "$1,590", "2011-03-31": "$1,336", "2010-12-31": "$1,325", "2010-09-30": "$1,337", "2010-06-30": "$1,333", "2010-03-31": "$1,323", "2009-12-31": "$1,351", "2009-09-30": "$1,355", "2009-06-30": "$1,365", "2009-03-31": "$1,348", "2008-12-31": "$1,353", "2008-09-30": "$1,411", "2008-06-30": "$1,024", "2008-03-31": "$1,053", "2007-12-31": "$988", "2007-09-30": "$951", "2007-06-30": "$937", "2007-03-31": "$927", "2006-12-31": "$907", "2006-09-30": "$926", "2006-06-30": "$927", "2006-03-31": "$907", "2005-12-31": "$851", "2005-09-30": "$859", "2005-06-30": "$842", "2005-03-31": "$847"}}, "cash-on-hand": {"Flowers Foods Annual Cash on Hand (Millions of US $)": {"2019": "$11", "2018": "$25", "2017": "$5", "2016": "$6", "2015": "$14", "2014": "$8", "2013": "$9", "2012": "$13", "2011": "$8", "2010": "$7", "2009": "$19", "2008": "$20", "2007": "$20", "2006": "$14", "2005": "$11"}, "Flowers Foods Quarterly Cash on Hand (Millions of US $)": {"2020-09-30": "$326", "2020-06-30": "$300", "2020-03-31": "$253", "2019-12-31": "$11", "2019-09-30": "$7", "2019-06-30": "$10", "2019-03-31": "$12", "2018-12-31": "$25", "2018-09-30": "$50", "2018-06-30": "$30", "2018-03-31": "$34", "2017-12-31": "$5", "2017-09-30": "$7", "2017-06-30": "$7", "2017-03-31": "$7", "2016-12-31": "$6", "2016-09-30": "$8", "2016-06-30": "$12", "2016-03-31": "$11", "2015-12-31": "$14", "2015-09-30": "$9", "2015-06-30": "$47", "2015-03-31": "$8", "2014-12-31": "$8", "2014-09-30": "$8", "2014-06-30": "$9", "2014-03-31": "$9", "2013-12-31": "$9", "2013-09-30": "$11", "2013-06-30": "$12", "2013-03-31": "$14", "2012-12-31": "$13", "2012-09-30": "$14", "2012-06-30": "$222", "2012-03-31": "$186", "2011-12-31": "$8", "2011-09-30": "$8", "2011-06-30": "$14", "2011-03-31": "$9", "2010-12-31": "$7", "2010-09-30": "$7", "2010-06-30": "$7", "2010-03-31": "$8", "2009-12-31": "$19", "2009-09-30": "$16", "2009-06-30": "$20", "2009-03-31": "$19", "2008-12-31": "$20", "2008-09-30": "$17", "2008-06-30": "$20", "2008-03-31": "$42", "2007-12-31": "$20", "2007-09-30": "$25", "2007-06-30": "$13", "2007-03-31": "$15", "2006-12-31": "$14", "2006-09-30": "$29", "2006-06-30": "$18", "2006-03-31": "$15", "2005-12-31": "$11", "2005-09-30": "$11", "2005-06-30": "$15", "2005-03-31": "$30"}}, "long-term-debt": {"Flowers Foods Annual Long Term Debt (Millions of US $)": {"2019": "$882", "2018": "$991", "2017": "$820", "2016": "$947", "2015": "$930", "2014": "$729", "2013": "$892", "2012": "$535", "2011": "$283", "2010": "$99", "2009": "$226", "2008": "$264", "2007": "$23", "2006": "$79", "2005": "$74"}, "Flowers Foods Quarterly Long Term Debt (Millions of US $)": {"2020-09-30": "$1,025", "2020-06-30": "$1,026", "2020-03-31": "$1,087", "2019-12-31": "$882", "2019-09-30": "$895", "2019-06-30": "$910", "2019-03-31": "$957", "2018-12-31": "$991", "2018-09-30": "$814", "2018-06-30": "$816", "2018-03-31": "$818", "2017-12-31": "$820", "2017-09-30": "$844", "2017-06-30": "$835", "2017-03-31": "$882", "2016-12-31": "$947", "2016-09-30": "$980", "2016-06-30": "$896", "2016-03-31": "$954", "2015-12-31": "$930", "2015-09-30": "$844", "2015-06-30": "$659", "2015-03-31": "$671", "2014-12-31": "$729", "2014-09-30": "$781", "2014-06-30": "$792", "2014-03-31": "$811", "2013-12-31": "$892", "2013-09-30": "$903", "2013-06-30": "$562", "2013-03-31": "$601", "2012-12-31": "$535", "2012-09-30": "$532", "2012-06-30": "$425", "2012-03-31": "$443", "2011-12-31": "$283", "2011-09-30": "$305", "2011-06-30": "$287", "2011-03-31": "$91", "2010-12-31": "$99", "2010-09-30": "$117", "2010-06-30": "$137", "2010-03-31": "$174", "2009-12-31": "$226", "2009-09-30": "$228", "2009-06-30": "$246", "2009-03-31": "$251", "2008-12-31": "$264", "2008-09-30": "$277", "2008-06-30": "$29", "2008-03-31": "$23", "2007-12-31": "$23", "2007-09-30": "$23", "2007-06-30": "$28", "2007-03-31": "$53", "2006-12-31": "$79", "2006-09-30": "$108", "2006-06-30": "$87", "2006-03-31": "$84", "2005-12-31": "$74", "2005-09-30": "$78", "2005-06-30": "$78", "2005-03-31": "$82"}}, "total-liabilities": {"Flowers Foods Annual Total Liabilities (Millions of US $)": {"2019": "$1,914", "2018": "$1,587", "2017": "$1,409", "2016": "$1,551", "2015": "$1,601", "2014": "$1,286", "2013": "$1,428", "2012": "$1,137", "2011": "$795", "2010": "$530", "2009": "$623", "2008": "$709", "2007": "$331", "2006": "$344", "2005": "$339"}, "Flowers Foods Quarterly Total Liabilities (Millions of US $)": {"2020-09-30": "$2,034", "2020-06-30": "$2,062", "2020-03-31": "$2,092", "2019-12-31": "$1,914", "2019-09-30": "$1,916", "2019-06-30": "$1,926", "2019-03-31": "$1,971", "2018-12-31": "$1,587", "2018-09-30": "$1,416", "2018-06-30": "$1,419", "2018-03-31": "$1,379", "2017-12-31": "$1,409", "2017-09-30": "$1,491", "2017-06-30": "$1,457", "2017-03-31": "$1,492", "2016-12-31": "$1,551", "2016-09-30": "$1,632", "2016-06-30": "$1,665", "2016-03-31": "$1,660", "2015-12-31": "$1,601", "2015-09-30": "$1,524", "2015-06-30": "$1,236", "2015-03-31": "$1,265", "2014-12-31": "$1,286", "2014-09-30": "$1,316", "2014-06-30": "$1,338", "2014-03-31": "$1,340", "2013-12-31": "$1,428", "2013-09-30": "$1,495", "2013-06-30": "$1,169", "2013-03-31": "$1,214", "2012-12-31": "$1,137", "2012-09-30": "$1,087", "2012-06-30": "$941", "2012-03-31": "$948", "2011-12-31": "$795", "2011-09-30": "$811", "2011-06-30": "$792", "2011-03-31": "$538", "2010-12-31": "$530", "2010-09-30": "$539", "2010-06-30": "$555", "2010-03-31": "$575", "2009-12-31": "$623", "2009-09-30": "$658", "2009-06-30": "$683", "2009-03-31": "$687", "2008-12-31": "$709", "2008-09-30": "$724", "2008-06-30": "$336", "2008-03-31": "$355", "2007-12-31": "$331", "2007-09-30": "$306", "2007-06-30": "$322", "2007-03-31": "$329", "2006-12-31": "$344", "2006-09-30": "$368", "2006-06-30": "$366", "2006-03-31": "$354", "2005-12-31": "$339", "2005-09-30": "$343", "2005-06-30": "$334", "2005-03-31": "$337"}}, "total-share-holder-equity": {"Flowers Foods Annual Share Holder Equity (Millions of US $)": {"2019": "$1,263", "2018": "$1,258", "2017": "$1,251", "2016": "$1,210", "2015": "$1,243", "2014": "$1,123", "2013": "$1,076", "2012": "$859", "2011": "$759", "2010": "$796", "2009": "$728", "2008": "$644", "2007": "$656", "2006": "$563", "2005": "$512"}, "Flowers Foods Quarterly Share Holder Equity (Millions of US $)": {"2020-09-30": "$1,351", "2020-06-30": "$1,336", "2020-03-31": "$1,321", "2019-12-31": "$1,263", "2019-09-30": "$1,293", "2019-06-30": "$1,294", "2019-03-31": "$1,268", "2018-12-31": "$1,258", "2018-09-30": "$1,278", "2018-06-30": "$1,298", "2018-03-31": "$1,292", "2017-12-31": "$1,251", "2017-09-30": "$1,192", "2017-06-30": "$1,265", "2017-03-31": "$1,245", "2016-12-31": "$1,210", "2016-09-30": "$1,177", "2016-06-30": "$1,153", "2016-03-31": "$1,156", "2015-12-31": "$1,243", "2015-09-30": "$1,228", "2015-06-30": "$1,192", "2015-03-31": "$1,158", "2014-12-31": "$1,123", "2014-09-30": "$1,161", "2014-06-30": "$1,146", "2014-03-31": "$1,137", "2013-12-31": "$1,076", "2013-09-30": "$1,006", "2013-06-30": "$986", "2013-03-31": "$946", "2012-12-31": "$859", "2012-09-30": "$864", "2012-06-30": "$814", "2012-03-31": "$782", "2011-12-31": "$759", "2011-09-30": "$793", "2011-06-30": "$798", "2011-03-31": "$798", "2010-12-31": "$796", "2010-09-30": "$798", "2010-06-30": "$779", "2010-03-31": "$748", "2009-12-31": "$728", "2009-09-30": "$697", "2009-06-30": "$682", "2009-03-31": "$661", "2008-12-31": "$644", "2008-09-30": "$688", "2008-06-30": "$688", "2008-03-31": "$698", "2007-12-31": "$656", "2007-09-30": "$644", "2007-06-30": "$615", "2007-03-31": "$598", "2006-12-31": "$563", "2006-09-30": "$558", "2006-06-30": "$561", "2006-03-31": "$554", "2005-12-31": "$512", "2005-09-30": "$516", "2005-06-30": "$508", "2005-03-31": "$511"}}, "profit-margins": {"current": "2.3%"}, "gross margin": {"2020-09-30": "49.57%", "2020-06-30": "49.04%", "2020-03-31": "48.36%", "2019-12-31": "47.73%", "2019-09-30": "47.73%", "2019-06-30": "47.75%", "2019-03-31": "47.79%", "2018-12-31": "47.71%", "2018-09-30": "47.87%", "2018-06-30": "48.23%", "2018-03-31": "48.55%", "2017-12-31": "48.75%", "2017-09-30": "48.84%", "2017-06-30": "48.63%", "2017-03-31": "48.50%", "2016-12-31": "48.38%", "2016-09-30": "48.11%", "2016-06-30": "47.99%", "2016-03-31": "47.91%", "2015-12-31": "48.04%", "2015-09-30": "48.38%", "2015-06-30": "48.39%", "2015-03-31": "48.14%", "2014-12-31": "47.99%", "2014-09-30": "47.42%", "2014-06-30": "47.24%", "2014-03-31": "47.24%", "2013-12-31": "47.21%", "2013-09-30": "47.43%", "2013-06-30": "47.44%", "2013-03-31": "47.18%", "2012-12-31": "46.62%", "2012-09-30": "46.42%", "2012-06-30": "46.24%", "2012-03-31": "46.34%", "2011-12-31": "46.90%", "2011-09-30": "47.42%", "2011-06-30": "47.74%", "2011-03-31": "47.93%", "2010-12-31": "47.67%", "2010-09-30": "47.44%", "2010-06-30": "47.27%", "2010-03-31": "46.85%", "2009-12-31": "46.56%", "2009-09-30": "46.83%", "2009-06-30": "47.19%", "2009-03-31": "47.21%", "2008-12-31": "47.64%", "2008-09-30": "47.71%", "2008-06-30": "47.81%", "2008-03-31": "48.57%", "2007-12-31": "48.99%", "2007-09-30": "49.08%", "2007-06-30": "49.26%", "2007-03-31": "49.51%", "2006-12-31": "49.71%", "2006-09-30": "49.78%", "2006-06-30": "49.81%", "2006-03-31": "49.89%", "2005-12-31": "49.77%"}, "operating margin": {"2020-09-30": "5.79%", "2020-06-30": "5.96%", "2020-03-31": "5.87%", "2019-12-31": "5.48%", "2019-09-30": "6.16%", "2019-06-30": "6.08%", "2019-03-31": "5.64%", "2018-12-31": "5.37%", "2018-09-30": "5.78%", "2018-06-30": "3.11%", "2018-03-31": "3.55%", "2017-12-31": "4.11%", "2017-09-30": "3.50%", "2017-06-30": "6.53%", "2017-03-31": "6.83%", "2016-12-31": "6.72%", "2016-09-30": "7.51%", "2016-06-30": "7.68%", "2016-03-31": "7.74%", "2015-12-31": "7.91%", "2015-09-30": "7.58%", "2015-06-30": "7.67%", "2015-03-31": "7.30%", "2014-12-31": "7.31%", "2014-09-30": "7.84%", "2014-06-30": "7.32%", "2014-03-31": "7.54%", "2013-12-31": "8.98%", "2013-09-30": "9.26%", "2013-06-30": "9.68%", "2013-03-31": "9.47%", "2012-12-31": "7.19%", "2012-09-30": "6.64%", "2012-06-30": "6.57%", "2012-03-31": "6.52%", "2011-12-31": "6.85%", "2011-09-30": "7.39%", "2011-06-30": "7.57%", "2011-03-31": "7.98%", "2010-12-31": "8.00%", "2010-09-30": "8.03%", "2010-06-30": "8.17%", "2010-03-31": "8.07%", "2009-12-31": "7.92%", "2009-09-30": "7.90%", "2009-06-30": "7.64%", "2009-03-31": "7.34%", "2008-12-31": "7.53%", "2008-09-30": "7.19%", "2008-06-30": "7.20%", "2008-03-31": "7.32%", "2007-12-31": "7.12%", "2007-09-30": "6.90%", "2007-06-30": "6.66%", "2007-03-31": "6.61%", "2006-12-31": "6.25%", "2006-09-30": "6.06%", "2006-06-30": "5.79%", "2006-03-31": "5.75%", "2005-12-31": "5.77%"}, "ebitda margin": {"2020-09-30": "9.13%", "2020-06-30": "9.34%", "2020-03-31": "9.31%", "2019-12-31": "8.97%", "2019-09-30": "9.66%", "2019-06-30": "9.62%", "2019-03-31": "9.23%", "2018-12-31": "9.01%", "2018-09-30": "9.46%", "2018-06-30": "6.78%", "2018-03-31": "7.21%", "2017-12-31": "7.85%", "2017-09-30": "7.22%", "2017-06-30": "10.27%", "2017-03-31": "10.53%", "2016-12-31": "10.34%", "2016-09-30": "11.13%", "2016-06-30": "11.23%", "2016-03-31": "11.29%", "2015-12-31": "11.38%", "2015-09-30": "11.01%", "2015-06-30": "11.15%", "2015-03-31": "10.77%", "2014-12-31": "10.78%", "2014-09-30": "11.31%", "2014-06-30": "10.75%", "2014-03-31": "10.84%", "2013-12-31": "12.17%", "2013-09-30": "12.44%", "2013-06-30": "12.84%", "2013-03-31": "12.75%", "2012-12-31": "10.59%", "2012-09-30": "10.03%", "2012-06-30": "9.97%", "2012-03-31": "9.90%", "2011-12-31": "10.27%", "2011-09-30": "10.81%", "2011-06-30": "10.97%", "2011-03-31": "11.39%", "2010-12-31": "11.34%", "2010-09-30": "11.33%", "2010-06-30": "11.42%", "2010-03-31": "11.28%", "2009-12-31": "11.07%", "2009-09-30": "11.00%", "2009-06-30": "10.73%", "2009-03-31": "10.41%", "2008-12-31": "10.60%", "2008-09-30": "10.32%", "2008-06-30": "10.34%", "2008-03-31": "10.50%", "2007-12-31": "10.36%", "2007-09-30": "10.19%", "2007-06-30": "10.02%", "2007-03-31": "10.03%", "2006-12-31": "9.69%", "2006-09-30": "9.52%", "2006-06-30": "9.26%", "2006-03-31": "9.19%", "2005-12-31": "9.21%"}, "pre tax profit margin": {"2020-09-30": "2.94%", "2020-06-30": "2.93%", "2020-03-31": "2.80%", "2019-12-31": "5.14%", "2019-09-30": "5.80%", "2019-06-30": "5.74%", "2019-03-31": "5.31%", "2018-12-31": "4.99%", "2018-09-30": "5.45%", "2018-06-30": "2.73%", "2018-03-31": "3.17%", "2017-12-31": "3.82%", "2017-09-30": "3.14%", "2017-06-30": "6.15%", "2017-03-31": "6.42%", "2016-12-31": "6.32%", "2016-09-30": "7.18%", "2016-06-30": "7.44%", "2016-03-31": "7.56%", "2015-12-31": "7.76%", "2015-09-30": "7.45%", "2015-06-30": "7.53%", "2015-03-31": "7.16%", "2014-12-31": "7.15%", "2014-09-30": "7.65%", "2014-06-30": "7.08%", "2014-03-31": "7.24%", "2013-12-31": "8.63%", "2013-09-30": "8.87%", "2013-06-30": "9.25%", "2013-03-31": "9.01%", "2012-12-31": "6.86%", "2012-09-30": "6.40%", "2012-06-30": "6.46%", "2012-03-31": "6.55%", "2011-12-31": "6.92%", "2011-09-30": "7.50%", "2011-06-30": "7.72%", "2011-03-31": "8.14%", "2010-12-31": "8.16%", "2010-09-30": "8.18%", "2010-06-30": "8.28%", "2010-03-31": "8.15%", "2009-12-31": "8.00%", "2009-09-30": "7.94%", "2009-06-30": "7.71%", "2009-03-31": "7.54%", "2008-12-31": "7.86%", "2008-09-30": "7.67%", "2008-06-30": "7.75%", "2008-03-31": "7.84%", "2007-12-31": "7.56%", "2007-09-30": "7.25%", "2007-06-30": "6.96%", "2007-03-31": "6.87%", "2006-12-31": "6.51%", "2006-09-30": "6.39%", "2006-06-30": "6.17%", "2006-03-31": "6.14%", "2005-12-31": "6.18%"}, "net profit margin": {"2020-09-30": "2.29%", "2020-06-30": "2.28%", "2020-03-31": "2.19%", "2019-12-31": "3.98%", "2019-09-30": "4.48%", "2019-06-30": "4.45%", "2019-03-31": "4.29%", "2018-12-31": "3.97%", "2018-09-30": "5.45%", "2018-06-30": "3.57%", "2018-03-31": "3.58%", "2017-12-31": "3.82%", "2017-09-30": "2.14%", "2017-06-30": "4.05%", "2017-03-31": "4.19%", "2016-12-31": "4.15%", "2016-09-30": "4.65%", "2016-06-30": "4.79%", "2016-03-31": "4.87%", "2015-12-31": "5.00%", "2015-09-30": "4.87%", "2015-06-30": "4.95%", "2015-03-31": "4.70%", "2014-12-31": "4.69%", "2014-09-30": "5.06%", "2014-06-30": "4.72%", "2014-03-31": "4.79%", "2013-12-31": "6.19%", "2013-09-30": "6.34%", "2013-06-30": "6.55%", "2013-03-31": "6.43%", "2012-12-31": "4.49%", "2012-09-30": "4.07%", "2012-06-30": "4.13%", "2012-03-31": "4.18%", "2011-12-31": "4.43%", "2011-09-30": "4.86%", "2011-06-30": "5.01%", "2011-03-31": "5.31%", "2010-12-31": "5.32%", "2010-09-30": "5.31%", "2010-06-30": "5.34%", "2010-03-31": "5.18%", "2009-12-31": "5.00%", "2009-09-30": "4.95%", "2009-06-30": "4.81%", "2009-03-31": "4.71%", "2008-12-31": "4.93%", "2008-09-30": "4.76%", "2008-06-30": "4.80%", "2008-03-31": "4.85%", "2007-12-31": "4.61%", "2007-09-30": "4.45%", "2007-06-30": "4.52%", "2007-03-31": "4.50%", "2006-12-31": "4.34%", "2006-09-30": "4.22%", "2006-06-30": "3.69%", "2006-03-31": "3.66%", "2005-12-31": "3.61%"}, "pe ratio": {"current": "18.50", "2021-02-05": "48.67", "2020-09-30": "52.42", "2020-06-30": "48.85", "2020-03-31": "46.50", "2019-12-31": "27.28", "2019-09-30": "25.76", "2019-06-30": "26.01", "2019-03-31": "24.80", "2018-12-31": "23.31", "2018-09-30": "17.25", "2018-06-30": "29.21", "2018-03-31": "30.38", "2017-12-31": "24.74", "2017-09-30": "42.42", "2017-06-30": "20.62", "2017-03-31": "22.03", "2016-12-31": "22.77", "2016-09-30": "15.28", "2016-06-30": "18.32", "2016-03-31": "17.88", "2015-12-31": "20.41", "2015-09-30": "23.88", "2015-06-30": "20.29", "2015-03-31": "22.71", "2014-12-31": "19.05", "2014-09-30": "17.07", "2014-06-30": "20.65", "2014-03-31": "20.40", "2013-12-31": "15.70", "2013-09-30": "15.50", "2013-06-30": "16.05", "2013-03-31": "17.15", "2012-12-31": "18.50", "2012-09-30": "17.93", "2012-06-30": "20.25", "2012-03-31": "17.64", "2011-12-31": "15.95", "2011-09-30": "15.28", "2011-06-30": "17.23", "2011-03-31": "13.57", "2010-12-31": "13.40", "2010-09-30": "12.36", "2010-06-30": "12.06", "2010-03-31": "12.45", "2009-12-31": "12.22", "2009-09-30": "13.32", "2009-06-30": "11.39", "2009-03-31": "12.80", "2008-12-31": "13.30", "2008-09-30": "17.44", "2008-06-30": "17.49", "2008-03-31": "15.47", "2007-12-31": "15.75", "2007-09-30": "15.44", "2007-06-30": "15.56", "2007-03-31": "14.39", "2006-12-31": "13.69"}, "price sales": {"2021-02-05": "1.11", "2020-09-30": "1.19", "2020-06-30": "1.09", "2020-03-31": "1.01", "2019-12-31": "1.08", "2019-09-30": "1.15", "2019-06-30": "1.16", "2019-03-31": "1.06", "2018-12-31": "0.92", "2018-09-30": "0.93", "2018-06-30": "1.03", "2018-03-31": "1.07", "2017-12-31": "0.94", "2017-09-30": "0.91", "2017-06-30": "0.83", "2017-03-31": "0.92", "2016-12-31": "0.94", "2016-09-30": "0.71", "2016-06-30": "0.88", "2016-03-31": "0.87", "2015-12-31": "1.02", "2015-09-30": "1.17", "2015-06-30": "1.00", "2015-03-31": "1.07", "2014-12-31": "0.90", "2014-09-30": "0.86", "2014-06-30": "0.98", "2014-03-31": "0.98", "2013-12-31": "0.98", "2013-09-30": "0.99", "2013-06-30": "1.06", "2013-03-31": "1.11", "2012-12-31": "0.84", "2012-09-30": "0.74", "2012-06-30": "0.85", "2012-03-31": "0.75", "2011-12-31": "0.72", "2011-09-30": "0.75", "2011-06-30": "0.87", "2011-03-31": "0.72", "2010-12-31": "0.72", "2010-09-30": "0.66", "2010-06-30": "0.64", "2010-03-31": "0.64", "2009-12-31": "0.61", "2009-09-30": "0.66", "2009-06-30": "0.55", "2009-03-31": "0.60", "2008-12-31": "0.66", "2008-09-30": "0.84", "2008-06-30": "0.84", "2008-03-31": "0.75", "2007-12-31": "0.73", "2007-09-30": "0.68", "2007-06-30": "0.71", "2007-03-31": "0.65", "2006-12-31": "0.59"}, "price book": {"current": "3.51", "2021-02-05": "3.51", "2020-09-30": "3.78", "2020-06-30": "3.48", "2020-03-31": "3.20", "2019-12-31": "3.52", "2019-09-30": "3.62", "2019-06-30": "3.61", "2019-03-31": "3.35", "2018-12-31": "2.89", "2018-09-30": "2.88", "2018-06-30": "3.13", "2018-03-31": "3.27", "2017-12-31": "2.96", "2017-09-30": "2.98", "2017-06-30": "2.56", "2017-03-31": "2.89", "2016-12-31": "3.02", "2016-09-30": "2.32", "2016-06-30": "2.89", "2016-03-31": "2.82", "2015-12-31": "3.10", "2015-09-30": "3.58", "2015-06-30": "3.11", "2015-03-31": "3.42", "2014-12-31": "2.95", "2014-09-30": "2.72", "2014-06-30": "3.13", "2014-03-31": "3.19", "2013-12-31": "3.35", "2013-09-30": "3.55", "2013-06-30": "3.71", "2013-03-31": "3.81", "2012-12-31": "1.97", "2012-09-30": "2.52", "2012-06-30": "3.02", "2012-03-31": "2.73", "2011-12-31": "2.60", "2011-09-30": "2.53", "2011-06-30": "2.84", "2011-03-31": "2.30", "2010-12-31": "1.52", "2010-09-30": "2.09", "2010-06-30": "2.11", "2010-03-31": "2.20", "2009-12-31": "2.15", "2009-09-30": "2.48", "2009-06-30": "2.09", "2009-03-31": "2.31", "2008-12-31": "2.45", "2008-09-30": "2.75", "2008-06-30": "2.62", "2008-03-31": "2.25", "2007-12-31": "2.24", "2007-09-30": "2.12", "2007-06-30": "2.23", "2007-03-31": "2.06", "2006-12-31": "1.29", "2006-09-30": "1.95", "2006-06-30": "2.08", "2006-03-31": "2.18"}, "price fcf": {"2021-02-05": "", "2020-09-30": "$1.67", "2020-06-30": "$1.58", "2020-03-31": "$1.30", "2019-12-31": "$1.25", "2019-09-30": "$1.18", "2019-06-30": "$1.22", "2019-03-31": "$0.96", "2018-12-31": "$0.94", "2018-09-30": "$0.99", "2018-06-30": "$1.07", "2018-03-31": "$1.10", "2017-12-31": "$1.27", "2017-09-30": "$1.27", "2017-06-30": "$1.23", "2017-03-31": "$1.35", "2016-12-31": "$1.30", "2016-09-30": "$1.20", "2016-06-30": "$1.09", "2016-03-31": "$1.20", "2015-12-31": "$1.22", "2015-09-30": "$1.49", "2015-06-30": "$1.49", "2015-03-31": "$1.24", "2014-12-31": "$1.26", "2014-09-30": "$0.96", "2014-06-30": "$0.84", "2014-03-31": "$0.99", "2013-12-31": "$0.82", "2013-09-30": "$0.80", "2013-06-30": "$0.87", "2013-03-31": "$0.81", "2012-12-31": "$0.73", "2012-09-30": "$0.81", "2012-06-30": "$0.69", "2012-03-31": "$0.30", "2011-12-31": "$0.33", "2011-09-30": "$0.41", "2011-06-30": "$0.64", "2011-03-31": "$1.00", "2010-12-31": "$1.01", "2010-09-30": "$0.98", "2010-06-30": "$0.88", "2010-03-31": "$0.87", "2009-12-31": "$0.82", "2009-09-30": "$0.72", "2009-06-30": "$0.42", "2009-03-31": "$0.09", "2008-12-31": "$0.06", "2008-09-30": "$0.03", "2008-06-30": "$0.35", "2008-03-31": "$0.63", "2007-12-31": "$0.62", "2007-09-30": "$0.67", "2007-06-30": "$0.57", "2007-03-31": "$0.45", "2006-12-31": "$0.43"}, "net worth": {"value": "$4.74B"}, "current ratio": {"2020-09-30": "1.68", "2020-06-30": "1.58", "2020-03-31": "1.65", "2019-12-31": "1.05", "2019-09-30": "1.08", "2019-06-30": "1.15", "2019-03-31": "1.17", "2018-12-31": "1.36", "2018-09-30": "1.42", "2018-06-30": "1.39", "2018-03-31": "1.43", "2017-12-31": "1.29", "2017-09-30": "1.28", "2017-06-30": "1.37", "2017-03-31": "1.38", "2016-12-31": "1.40", "2016-09-30": "1.42", "2016-06-30": "1.09", "2016-03-31": "1.12", "2015-12-31": "1.24", "2015-09-30": "1.34", "2015-06-30": "1.50", "2015-03-31": "1.39", "2014-12-31": "1.46", "2014-09-30": "1.50", "2014-06-30": "1.48", "2014-03-31": "1.47", "2013-12-31": "1.49", "2013-09-30": "1.52", "2013-06-30": "1.55", "2013-03-31": "1.52", "2012-12-31": "1.31", "2012-09-30": "1.23", "2012-06-30": "2.02", "2012-03-31": "2.02", "2011-12-31": "1.41", "2011-09-30": "1.31", "2011-06-30": "1.31", "2011-03-31": "1.26", "2010-12-31": "1.29", "2010-09-30": "1.33", "2010-06-30": "1.35", "2010-03-31": "1.43", "2009-12-31": "1.53", "2009-09-30": "1.45", "2009-06-30": "1.43", "2009-03-31": "1.40", "2008-12-31": "1.33", "2008-09-30": "1.31", "2008-06-30": "1.42", "2008-03-31": "1.40", "2007-12-31": "1.26", "2007-09-30": "1.41", "2007-06-30": "1.28", "2007-03-31": "1.38", "2006-12-31": "1.31", "2006-09-30": "1.45", "2006-06-30": "1.41", "2006-03-31": "1.44", "2005-12-31": "1.36", "2005-09-30": "1.61", "2005-06-30": "1.65", "2005-03-31": "1.62"}, "quick ratio": {"2020-09-30": "1.43", "2020-06-30": "1.35", "2020-03-31": "1.38", "2019-12-31": "0.81", "2019-09-30": "0.83", "2019-06-30": "0.90", "2019-03-31": "0.92", "2018-12-31": "1.05", "2018-09-30": "1.12", "2018-06-30": "1.11", "2018-03-31": "1.13", "2017-12-31": "1.01", "2017-09-30": "1.01", "2017-06-30": "1.07", "2017-03-31": "1.09", "2016-12-31": "1.07", "2016-09-30": "1.10", "2016-06-30": "0.85", "2016-03-31": "0.86", "2015-12-31": "0.96", "2015-09-30": "1.06", "2015-06-30": "1.21", "2015-03-31": "1.11", "2014-12-31": "1.17", "2014-09-30": "1.21", "2014-06-30": "1.19", "2014-03-31": "1.17", "2013-12-31": "1.18", "2013-09-30": "1.20", "2013-06-30": "1.26", "2013-03-31": "1.23", "2012-12-31": "1.05", "2012-09-30": "0.97", "2012-06-30": "1.75", "2012-03-31": "1.74", "2011-12-31": "1.13", "2011-09-30": "1.04", "2011-06-30": "1.06", "2011-03-31": "1.01", "2010-12-31": "1.04", "2010-09-30": "1.06", "2010-06-30": "1.10", "2010-03-31": "1.15", "2009-12-31": "1.25", "2009-09-30": "1.19", "2009-06-30": "1.18", "2009-03-31": "1.16", "2008-12-31": "1.12", "2008-09-30": "1.11", "2008-06-30": "1.17", "2008-03-31": "1.18", "2007-12-31": "1.04", "2007-09-30": "1.16", "2007-06-30": "1.06", "2007-03-31": "1.15", "2006-12-31": "1.07", "2006-09-30": "1.19", "2006-06-30": "1.17", "2006-03-31": "1.18", "2005-12-31": "1.12", "2005-09-30": "1.34", "2005-06-30": "1.39", "2005-03-31": "1.39"}, "debt equity ratio": {"current": "0.76", "2020-09-30": "1.51", "2020-06-30": "1.54", "2020-03-31": "1.58", "2019-12-31": "1.52", "2019-09-30": "1.48", "2019-06-30": "1.49", "2019-03-31": "1.56", "2018-12-31": "1.26", "2018-09-30": "1.11", "2018-06-30": "1.09", "2018-03-31": "1.07", "2017-12-31": "1.13", "2017-09-30": "1.25", "2017-06-30": "1.15", "2017-03-31": "1.20", "2016-12-31": "1.28", "2016-09-30": "1.39", "2016-06-30": "1.44", "2016-03-31": "1.44", "2015-12-31": "1.29", "2015-09-30": "1.24", "2015-06-30": "1.04", "2015-03-31": "1.09", "2014-12-31": "1.15", "2014-09-30": "1.13", "2014-06-30": "1.17", "2014-03-31": "1.18", "2013-12-31": "1.33", "2013-09-30": "1.49", "2013-06-30": "1.19", "2013-03-31": "1.28", "2012-12-31": "1.32", "2012-09-30": "1.26", "2012-06-30": "1.16", "2012-03-31": "1.21", "2011-12-31": "1.05", "2011-09-30": "1.02", "2011-06-30": "0.99", "2011-03-31": "0.67", "2010-12-31": "0.67", "2010-09-30": "0.68", "2010-06-30": "0.71", "2010-03-31": "0.77", "2009-12-31": "0.86", "2009-09-30": "0.94", "2009-06-30": "1.00", "2009-03-31": "1.04", "2008-12-31": "1.10", "2008-09-30": "1.05", "2008-06-30": "0.49", "2008-03-31": "0.51", "2007-12-31": "0.51", "2007-09-30": "0.48", "2007-06-30": "0.52", "2007-03-31": "0.55", "2006-12-31": "0.61", "2006-09-30": "0.66", "2006-06-30": "0.65", "2006-03-31": "0.64", "2005-12-31": "0.66", "2005-09-30": "0.66", "2005-06-30": "0.66", "2005-03-31": "0.66"}, "return on equity": {"2020-09-30": "7.44%", "2020-06-30": "7.44%", "2020-03-31": "7.12%", "2019-12-31": "12.82%", "2019-09-30": "14.32%", "2019-06-30": "14.12%", "2019-03-31": "13.48%", "2018-12-31": "12.25%", "2018-09-30": "16.80%", "2018-06-30": "11.21%", "2018-03-31": "11.28%", "2017-12-31": "12.11%", "2017-09-30": "6.84%", "2017-06-30": "12.91%", "2017-03-31": "13.71%", "2016-12-31": "13.88%", "2016-09-30": "15.39%", "2016-06-30": "15.56%", "2016-03-31": "15.52%", "2015-12-31": "15.68%", "2015-09-30": "15.74%", "2015-06-30": "16.06%", "2015-03-31": "15.34%", "2014-12-31": "15.41%", "2014-09-30": "16.55%", "2014-06-30": "16.13%", "2014-03-31": "17.12%", "2013-12-31": "23.02%", "2013-09-30": "24.34%", "2013-06-30": "24.95%", "2013-03-31": "24.12%", "2012-12-31": "16.39%", "2012-09-30": "14.91%", "2012-06-30": "15.25%", "2012-03-31": "15.33%", "2011-12-31": "15.63%", "2011-09-30": "16.45%", "2011-06-30": "16.43%", "2011-03-31": "17.28%", "2010-12-31": "17.56%", "2010-09-30": "17.95%", "2010-06-30": "18.70%", "2010-03-31": "18.77%", "2009-12-31": "18.79%", "2009-09-30": "19.52%", "2009-06-30": "18.84%", "2009-03-31": "17.90%", "2008-12-31": "17.51%", "2008-09-30": "15.82%", "2008-06-30": "15.49%", "2008-03-31": "15.61%", "2007-12-31": "14.96%", "2007-09-30": "14.71%", "2007-06-30": "15.25%", "2007-03-31": "15.26%", "2006-12-31": "14.67%", "2006-09-30": "14.28%", "2006-06-30": "12.51%", "2006-03-31": "12.44%", "2005-12-31": "12.12%"}, "return on assets": {"2020-09-30": "2.93%", "2020-06-30": "2.94%", "2020-03-31": "2.83%", "2019-12-31": "5.11%", "2019-09-30": "5.85%", "2019-06-30": "6.00%", "2019-03-31": "5.99%", "2018-12-31": "5.75%", "2018-09-30": "8.01%", "2018-06-30": "5.26%", "2018-03-31": "5.25%", "2017-12-31": "5.55%", "2017-09-30": "3.08%", "2017-06-30": "5.73%", "2017-03-31": "5.90%", "2016-12-31": "5.82%", "2016-09-30": "6.45%", "2016-06-30": "6.63%", "2016-03-31": "6.90%", "2015-12-31": "7.24%", "2015-09-30": "7.39%", "2015-06-30": "7.64%", "2015-03-31": "7.19%", "2014-12-31": "7.15%", "2014-09-30": "7.52%", "2014-06-30": "7.06%", "2014-03-31": "7.47%", "2013-12-31": "9.91%", "2013-09-30": "10.48%", "2013-06-30": "11.04%", "2013-03-31": "10.68%", "2012-12-31": "7.32%", "2012-09-30": "6.87%", "2012-06-30": "7.23%", "2012-03-31": "7.41%", "2011-12-31": "8.09%", "2011-09-30": "8.95%", "2011-06-30": "9.38%", "2011-03-31": "10.28%", "2010-12-31": "10.30%", "2010-09-30": "10.25%", "2010-06-30": "10.29%", "2010-03-31": "9.94%", "2009-12-31": "9.60%", "2009-09-30": "9.67%", "2009-06-30": "9.20%", "2009-03-31": "9.35%", "2008-12-31": "9.83%", "2008-09-30": "9.65%", "2008-06-30": "10.36%", "2008-03-31": "10.38%", "2007-12-31": "9.89%", "2007-09-30": "9.56%", "2007-06-30": "9.63%", "2007-03-31": "9.44%", "2006-12-31": "8.94%", "2006-09-30": "8.64%", "2006-06-30": "7.56%", "2006-03-31": "7.52%", "2005-12-31": "7.30%"}, "return on investments": {"2020-09-30": "10.67%", "2020-06-30": "11.16%", "2020-03-31": "11.04%", "2019-12-31": "10.31%", "2019-09-30": "11.37%", "2019-06-30": "11.22%", "2019-03-31": "10.41%", "2018-12-31": "9.90%", "2018-09-30": "10.87%", "2018-06-30": "5.91%", "2018-03-31": "6.73%", "2017-12-31": "7.73%", "2017-09-30": "6.51%", "2017-06-30": "11.94%", "2017-03-31": "12.58%", "2016-12-31": "12.46%", "2016-09-30": "13.85%", "2016-06-30": "14.18%", "2016-03-31": "14.48%", "2015-12-31": "15.09%", "2015-09-30": "15.15%", "2015-06-30": "15.41%", "2015-03-31": "14.44%", "2014-12-31": "14.27%", "2014-09-30": "14.88%", "2014-06-30": "14.06%", "2014-03-31": "15.35%", "2013-12-31": "19.21%", "2013-09-30": "21.07%", "2013-06-30": "22.91%", "2013-03-31": "22.17%", "2012-12-31": "16.60%", "2012-09-30": "15.99%", "2012-06-30": "16.59%", "2012-03-31": "16.81%", "2011-12-31": "18.47%", "2011-09-30": "20.07%", "2011-06-30": "20.94%", "2011-03-31": "22.80%", "2010-12-31": "22.59%", "2010-09-30": "22.34%", "2010-06-30": "22.71%", "2010-03-31": "22.42%", "2009-12-31": "22.16%", "2009-09-30": "22.76%", "2009-06-30": "21.55%", "2009-03-31": "21.36%", "2008-12-31": "21.99%", "2008-09-30": "21.16%", "2008-06-30": "22.40%", "2008-03-31": "22.72%", "2007-12-31": "21.96%", "2007-09-30": "21.20%", "2007-06-30": "20.14%", "2007-03-31": "19.64%", "2006-12-31": "18.20%", "2006-09-30": "17.64%", "2006-06-30": "17.02%", "2006-03-31": "16.97%", "2005-12-31": "16.79%"}, "return on tangible equity": {"2020-09-30": "266.67%", "2020-06-30": "970.00%", "2020-03-31": "-721.57%", "2019-12-31": "-440.27%", "2019-09-30": "-367.84%", "2019-06-30": "-847.06%", "2019-03-31": "1376.00%", "2018-12-31": "306.34%", "2018-09-30": "260.61%", "2018-06-30": "257.53%", "2018-03-31": "606.45%", "2017-12-31": "-1304.35%", "2017-09-30": "-186.67%", "2017-06-30": "-207.89%", "2017-03-31": "-143.54%", "2016-12-31": "-111.07%", "2016-09-30": "-122.77%", "2016-06-30": "-160.00%", "2016-03-31": "-2876.92%", "2015-12-31": "198.95%", "2015-09-30": "110.12%", "2015-06-30": "80.87%", "2015-03-31": "80.64%", "2014-12-31": "83.02%", "2014-09-30": "94.68%", "2014-06-30": "112.46%", "2014-03-31": "110.77%", "2013-12-31": "143.03%", "2013-09-30": "130.32%", "2013-06-30": "108.70%", "2013-03-31": "79.70%", "2012-12-31": "42.60%", "2012-09-30": "32.54%", "2012-06-30": "28.12%", "2012-03-31": "28.54%", "2011-12-31": "27.92%", "2011-09-30": "28.13%", "2011-06-30": "27.11%", "2011-03-31": "27.68%", "2010-12-31": "28.48%", "2010-09-30": "29.65%", "2010-06-30": "31.69%", "2010-03-31": "32.68%", "2009-12-31": "33.57%", "2009-09-30": "35.79%", "2009-06-30": "34.69%", "2009-03-31": "28.79%", "2008-12-31": "24.91%", "2008-09-30": "20.27%", "2008-06-30": "18.13%", "2008-03-31": "18.37%", "2007-12-31": "17.74%", "2007-09-30": "17.58%", "2007-06-30": "18.39%", "2007-03-31": "18.53%", "2006-12-31": "17.90%", "2006-09-30": "17.25%", "2006-06-30": "14.92%", "2006-03-31": "14.67%", "2005-12-31": "14.15%"}, "dividend yield history": {"last payout": "$0.80", "last yield": "3.57%"}}