{"ticker": "FLS", "price": {"title": "Flowserve Historical Annual Stock Price Data", "value": 38.95, "historical": {"2021": {"Average Stock Price": "37.4182", "Year Open": "34.7700", "Year High": "38.9500", "Year Low": "34.7700", "Year Close": "38.9500", "Annual % Change": "5.70%"}, "2020": {"Average Stock Price": "32.1827", "Year Open": "50.6800", "Year High": "50.6800", "Year Low": "19.2400", "Year Close": "36.8500", "Annual % Change": "-25.96%"}, "2019": {"Average Stock Price": "46.9842", "Year Open": "38.1900", "Year High": "53.4600", "Year Low": "36.4300", "Year Close": "49.7700", "Annual % Change": "30.90%"}, "2018": {"Average Stock Price": "45.5946", "Year Open": "42.5000", "Year High": "56.0400", "Year Low": "35.8900", "Year Close": "38.0200", "Annual % Change": "-9.76%"}, "2017": {"Average Stock Price": "45.1377", "Year Open": "49.0100", "Year High": "51.8500", "Year Low": "37.5800", "Year Close": "42.1300", "Annual % Change": "-12.32%"}, "2016": {"Average Stock Price": "45.5111", "Year Open": "42.0100", "Year High": "52.3200", "Year Low": "35.4000", "Year Close": "48.0500", "Annual % Change": "14.19%"}, "2015": {"Average Stock Price": "50.8209", "Year Open": "59.6500", "Year High": "62.8600", "Year Low": "39.8500", "Year Close": "42.0800", "Annual % Change": "-29.67%"}, "2014": {"Average Stock Price": "72.5046", "Year Open": "77.3000", "Year High": "81.5500", "Year Low": "54.8000", "Year Close": "59.8300", "Annual % Change": "-24.10%"}, "2013": {"Average Stock Price": "58.6717", "Year Open": "50.6700", "Year High": "78.8300", "Year Low": "50.4400", "Year Close": "78.8300", "Annual % Change": "61.10%"}, "2012": {"Average Stock Price": "40.2293", "Year Open": "33.9767", "Year High": "48.9333", "Year Low": "33.3867", "Year Close": "48.9333", "Annual % Change": "47.80%"}, "2011": {"Average Stock Price": "35.7622", "Year Open": "40.0967", "Year High": "44.9967", "Year Low": "23.3333", "Year Close": "33.1067", "Annual % Change": "-16.69%"}, "2010": {"Average Stock Price": "34.4036", "Year Open": "32.3367", "Year High": "39.7733", "Year Low": "27.6700", "Year Close": "39.7400", "Annual % Change": "26.12%"}, "2009": {"Average Stock Price": "25.6582", "Year Open": "18.3233", "Year High": "35.6767", "Year Low": "14.8367", "Year Close": "31.5100", "Annual % Change": "83.55%"}, "2008": {"Average Stock Price": "32.8043", "Year Open": "31.5667", "Year High": "47.1167", "Year Low": "12.6400", "Year Close": "17.1667", "Annual % Change": "-46.47%"}, "2007": {"Average Stock Price": "23.3664", "Year Open": "17.0500", "Year High": "33.6667", "Year Low": "16.3267", "Year Close": "32.0667", "Annual % Change": "90.61%"}, "2006": {"Average Stock Price": "17.3306", "Year Open": "13.6367", "Year High": "20.2500", "Year Low": "13.6367", "Year Close": "16.8233", "Annual % Change": "27.58%"}, "2005": {"Average Stock Price": "10.4389", "Year Open": "8.9533", "Year High": "13.1867", "Year Low": "7.9000", "Year Close": "13.1867", "Annual % Change": "43.65%"}, "2004": {"Average Stock Price": "7.5634", "Year Open": "6.9400", "Year High": "9.2633", "Year Low": "6.2967", "Year Close": "9.1800", "Annual % Change": "31.90%"}, "2003": {"Average Stock Price": "5.8569", "Year Open": "5.0833", "Year High": "7.5400", "Year Low": "3.5667", "Year Close": "6.9600", "Annual % Change": "41.18%"}, "2002": {"Average Stock Price": "7.5458", "Year Open": "8.8033", "Year High": "11.6333", "Year Low": "2.6333", "Year Close": "4.9300", "Annual % Change": "-44.42%"}, "2001": {"Average Stock Price": "8.2602", "Year Open": "6.8767", "Year High": "10.9667", "Year Low": "6.4433", "Year Close": "8.8700", "Annual % Change": "24.46%"}, "2000": {"Average Stock Price": "5.3885", "Year Open": "5.4800", "Year High": "7.6667", "Year Low": "3.5200", "Year Close": "7.1267", "Annual % Change": "25.76%"}, "1999": {"Average Stock Price": "5.7821", "Year Open": "5.6267", "Year High": "7.1667", "Year Low": "5.0433", "Year Close": "5.6667", "Annual % Change": "2.66%"}, "1998": {"Average Stock Price": "8.1280", "Year Open": "9.1667", "Year High": "11.1033", "Year Low": "5.2100", "Year Close": "5.5200", "Annual % Change": "-40.73%"}, "1997": {"Average Stock Price": "9.4053", "Year Open": "8.7933", "Year High": "12.1667", "Year Low": "7.2067", "Year Close": "9.3133", "Annual % Change": "2.99%"}, "1996": {"Average Stock Price": "8.6011", "Year Open": "8.3733", "Year High": "9.6667", "Year Low": "6.4167", "Year Close": "9.0433", "Annual % Change": "16.04%"}, "1995": {"Average Stock Price": "7.7389", "Year Open": "5.7500", "Year High": "9.9567", "Year Low": "5.7500", "Year Close": "7.7933", "Annual % Change": "31.72%"}, "1994": {"Average Stock Price": "5.6879", "Year Open": "5.2222", "Year High": "6.6111", "Year Low": "4.8333", "Year Close": "5.9167", "Annual % Change": "13.30%"}, "1993": {"Average Stock Price": "5.1810", "Year Open": "5.3333", "Year High": "6.0556", "Year Low": "4.6667", "Year Close": "5.2222", "Annual % Change": "-5.05%"}, "1992": {"Average Stock Price": "5.4703", "Year Open": "5.3333", "Year High": "6.3333", "Year Low": "4.7778", "Year Close": "5.5000", "Annual % Change": "6.45%"}, "1991": {"Average Stock Price": "5.1314", "Year Open": "4.0822", "Year High": "6.1111", "Year Low": "3.9444", "Year Close": "5.1667", "Annual % Change": "24.80%"}}}, "market cap": {"value": "$5.01B"}, "income statement": {"Revenue": {"2019-12-31": "3944.85000", "2018-12-31": "3832.66600", "2017-12-31": "3660.83100", "2016-12-31": "3990.48700", "2015-12-31": "4557.79100", "2014-12-31": "4877.88500", "2013-12-31": "4954.61900", "2012-12-31": "4751.33900", "2011-12-31": "4510.20100", "2010-12-31": "4032.03600", "2009-12-31": "4365.26200", "2008-12-31": "4473.47300", "2007-12-31": "3762.69400", "2006-12-31": "3061.06300", "2005-12-31": "2695.27700"}, "Cost Of Goods Sold": {"2019-12-31": "2649.48000", "2018-12-31": "2644.83000", "2017-12-31": "2571.87800", "2016-12-31": "2753.68900", "2015-12-31": "3080.25400", "2014-12-31": "3167.71400", "2013-12-31": "3266.52400", "2012-12-31": "3170.38800", "2011-12-31": "2996.55500", "2010-12-31": "2622.34300", "2009-12-31": "2817.13000", "2008-12-31": "2893.16100", "2007-12-31": "2514.97200", "2006-12-31": "2053.76100", "2005-12-31": "1824.71600"}, "Gross Profit": {"2019-12-31": "1295.37000", "2018-12-31": "1187.83600", "2017-12-31": "1088.95300", "2016-12-31": "1236.79800", "2015-12-31": "1477.53700", "2014-12-31": "1710.17100", "2013-12-31": "1688.09500", "2012-12-31": "1580.95100", "2011-12-31": "1513.64600", "2010-12-31": "1409.69300", "2009-12-31": "1548.13200", "2008-12-31": "1580.31200", "2007-12-31": "1247.72200", "2006-12-31": "1007.30200", "2005-12-31": "870.56120"}, "Research And Development Expenses": {"2019-12-31": "", "2018-12-31": "", "2017-12-31": "", "2016-12-31": "", "2015-12-31": "", "2014-12-31": "", "2013-12-31": "", "2012-12-31": "", "2011-12-31": "", "2010-12-31": "", "2009-12-31": "", "2008-12-31": "", "2007-12-31": "", "2006-12-31": "", "2005-12-31": ""}, "SG&A Expenses": {"2019-12-31": "899.81300", "2018-12-31": "943.71400", "2017-12-31": "901.72700", "2016-12-31": "965.37600", "2015-12-31": "972.73300", "2014-12-31": "936.90000", "2013-12-31": "966.82900", "2012-12-31": "922.12500", "2011-12-31": "914.08000", "2010-12-31": "844.99000", "2009-12-31": "934.45100", "2008-12-31": "981.59700", "2007-12-31": "854.52700", "2006-12-31": "782.50300", "2005-12-31": "684.27100"}, "Other Operating Income Or Expenses": {"2019-12-31": "", "2018-12-31": "-7.72700", "2017-12-31": "141.31700", "2016-12-31": "-7.66400", "2015-12-31": "", "2014-12-31": "", "2013-12-31": "", "2012-12-31": "", "2011-12-31": "", "2010-12-31": "", "2009-12-31": "", "2008-12-31": "", "2007-12-31": "", "2006-12-31": "", "2005-12-31": ""}, "Operating Expenses": {"2019-12-31": "3538.81000", "2018-12-31": "3585.12800", "2017-12-31": "3319.69600", "2016-12-31": "3713.80300", "2015-12-31": "4043.12600", "2014-12-31": "4092.49900", "2013-12-31": "4194.33600", "2012-12-31": "4075.56100", "2011-12-31": "3891.52400", "2010-12-31": "3450.68400", "2009-12-31": "3735.74500", "2008-12-31": "3857.79500", "2007-12-31": "3350.80400", "2006-12-31": "2821.44400", "2005-12-31": "2496.45400"}, "Operating Income": {"2019-12-31": "406.04000", "2018-12-31": "247.53810", "2017-12-31": "341.13500", "2016-12-31": "276.68410", "2015-12-31": "514.66530", "2014-12-31": "785.38570", "2013-12-31": "760.28320", "2012-12-31": "675.77780", "2011-12-31": "618.67720", "2010-12-31": "581.35180", "2009-12-31": "629.51730", "2008-12-31": "615.67820", "2007-12-31": "411.89040", "2006-12-31": "239.61890", "2005-12-31": "198.82300"}, "Total Non-Operating Income/Expense": {"2019-12-31": "-64.19000", "2018-12-31": "-71.26400", "2017-12-31": "-78.12800", "2016-12-31": "-63.77200", "2015-12-31": "-102.29800", "2014-12-31": "-56.64200", "2013-12-31": "-67.26200", "2012-12-31": "-64.21300", "2011-12-31": "-30.92200", "2010-12-31": "-51.07500", "2009-12-31": "-44.72600", "2008-12-31": "-22.73800", "2007-12-31": "-49.84800", "2006-12-31": "-52.34300", "2005-12-31": "-106.82100"}, "Pre-Tax Income": {"2019-12-31": "341.85000", "2018-12-31": "176.27400", "2017-12-31": "263.00700", "2016-12-31": "212.91200", "2015-12-31": "412.36700", "2014-12-31": "728.74400", "2013-12-31": "693.02100", "2012-12-31": "611.56500", "2011-12-31": "587.75500", "2010-12-31": "530.27700", "2009-12-31": "584.79100", "2008-12-31": "592.94000", "2007-12-31": "362.04200", "2006-12-31": "187.27600", "2005-12-31": "92.00200"}, "Income Taxes": {"2019-12-31": "80.07000", "2018-12-31": "51.22400", "2017-12-31": "258.67900", "2016-12-31": "77.38000", "2015-12-31": "148.35100", "2014-12-31": "209.31100", "2013-12-31": "204.70100", "2012-12-31": "160.76600", "2011-12-31": "158.52400", "2010-12-31": "141.59600", "2009-12-31": "156.46000", "2008-12-31": "147.72100", "2007-12-31": "104.29400", "2006-12-31": "73.23800", "2005-12-31": "40.58300"}, "Income After Taxes": {"2019-12-31": "261.78000", "2018-12-31": "125.05000", "2017-12-31": "4.32800", "2016-12-31": "135.53200", "2015-12-31": "264.01600", "2014-12-31": "519.43300", "2013-12-31": "488.32000", "2012-12-31": "450.79900", "2011-12-31": "429.23100", "2010-12-31": "388.68100", "2009-12-31": "428.33100", "2008-12-31": "445.21900", "2007-12-31": "257.74800", "2006-12-31": "114.03800", "2005-12-31": "51.41900"}, "Other Income": {"2019-12-31": "", "2018-12-31": "", "2017-12-31": "", "2016-12-31": "", "2015-12-31": "", "2014-12-31": "", "2013-12-31": "", "2012-12-31": "", "2011-12-31": "", "2010-12-31": "", "2009-12-31": "", "2008-12-31": "", "2007-12-31": "", "2006-12-31": "", "2005-12-31": ""}, "Income From Continuous Operations": {"2019-12-31": "261.78000", "2018-12-31": "125.05000", "2017-12-31": "4.32800", "2016-12-31": "135.53200", "2015-12-31": "264.01600", "2014-12-31": "519.43300", "2013-12-31": "488.32000", "2012-12-31": "450.79900", "2011-12-31": "429.23100", "2010-12-31": "388.68100", "2009-12-31": "428.33100", "2008-12-31": "445.21900", "2007-12-31": "257.74800", "2006-12-31": "114.03800", "2005-12-31": "51.41900"}, "Income From Discontinued Operations": {"2019-12-31": "", "2018-12-31": "", "2017-12-31": "", "2016-12-31": "", "2015-12-31": "", "2014-12-31": "", "2013-12-31": "", "2012-12-31": "", "2011-12-31": "", "2010-12-31": "", "2009-12-31": "", "2008-12-31": "", "2007-12-31": "", "2006-12-31": "0.99400", "2005-12-31": "-34.34500"}, "Net Income": {"2019-12-31": "253.66800", "2018-12-31": "119.67100", "2017-12-31": "2.65200", "2016-12-31": "132.45500", "2015-12-31": "258.41100", "2014-12-31": "513.37200", "2013-12-31": "485.53000", "2012-12-31": "448.33900", "2011-12-31": "428.58200", "2010-12-31": "388.29000", "2009-12-31": "427.88700", "2008-12-31": "442.41300", "2007-12-31": "255.77400", "2006-12-31": "115.03200", "2005-12-31": "17.07400"}, "EBITDA": {"2019-12-31": "521.00400", "2018-12-31": "371.15410", "2017-12-31": "472.18100", "2016-12-31": "406.36210", "2015-12-31": "651.61330", "2014-12-31": "907.77770", "2013-12-31": "905.69210", "2012-12-31": "799.95590", "2011-12-31": "745.34920", "2010-12-31": "702.54180", "2009-12-31": "743.00630", "2008-12-31": "715.90520", "2007-12-31": "510.04840", "2006-12-31": "327.15290", "2005-12-31": "284.83800"}, "EBIT": {"2019-12-31": "416.52300", "2018-12-31": "258.68110", "2017-12-31": "353.72700", "2016-12-31": "289.61010", "2015-12-31": "524.52630", "2014-12-31": "797.50070", "2013-12-31": "799.30020", "2012-12-31": "692.72990", "2011-12-31": "637.78830", "2010-12-31": "598.00080", "2009-12-31": "645.35330", "2008-12-31": "632.64120", "2007-12-31": "430.58540", "2006-12-31": "254.43890", "2005-12-31": "211.35600"}, "Basic Shares Outstanding": {"2019-12-31": "131.03400", "2018-12-31": "130.82300", "2017-12-31": "130.70300", "2016-12-31": "130.43200", "2015-12-31": "133.07400", "2014-12-31": "136.91200", "2013-12-31": "141.59900", "2012-12-31": "156.84900", "2011-12-31": "166.62800", "2010-12-31": "167.29200", "2009-12-31": "167.52000", "2008-12-31": "169.80300", "2007-12-31": "169.34700", "2006-12-31": "167.88900", "2005-12-31": "166.41900"}, "Shares Outstanding": {"2019-12-31": "131.71900", "2018-12-31": "131.27100", "2017-12-31": "131.35800", "2016-12-31": "130.97500", "2015-12-31": "133.81100", "2014-12-31": "137.84300", "2013-12-31": "142.42900", "2012-12-31": "157.97000", "2011-12-31": "168.30700", "2010-12-31": "169.24500", "2009-12-31": "169.08600", "2008-12-31": "172.18800", "2007-12-31": "172.79700", "2006-12-31": "170.71500", "2005-12-31": "170.07000"}, "Basic EPS": {"2019-12-31": "1.94000", "2018-12-31": "0.91000", "2017-12-31": "0.02000", "2016-12-31": "1.02000", "2015-12-31": "1.94000", "2014-12-31": "3.75000", "2013-12-31": "3.43000", "2012-12-31": "2.86000", "2011-12-31": "2.57000", "2010-12-31": "2.32000", "2009-12-31": "2.55330", "2008-12-31": "2.58330", "2007-12-31": "1.49330", "2006-12-31": "0.68670", "2005-12-31": "0.10330"}, "EPS - Earnings Per Share": {"2019-12-31": "1.93000", "2018-12-31": "0.91000", "2017-12-31": "0.02000", "2016-12-31": "1.01000", "2015-12-31": "1.93000", "2014-12-31": "3.72000", "2013-12-31": "3.41000", "2012-12-31": "2.84000", "2011-12-31": "2.55000", "2010-12-31": "2.29330", "2009-12-31": "2.53000", "2008-12-31": "2.57000", "2007-12-31": "1.48000", "2006-12-31": "0.67330", "2005-12-31": "0.10000"}}, "income statement, quarterly": {"Revenue": {"2020-09-30": "924.30100", "2020-06-30": "924.96500", "2020-03-31": "894.45700", "2019-12-31": "1069.00600", "2019-09-30": "995.70900", "2019-06-30": "990.08400", "2019-03-31": "890.05100", "2018-12-31": "986.86690", "2018-09-30": "952.71600", "2018-06-30": "973.12900", "2018-03-31": "919.95400", "2017-12-31": "1034.07000", "2017-09-30": "883.38000", "2017-06-30": "877.06300", "2017-03-31": "866.31800", "2016-12-31": "1070.93400", "2016-09-30": "945.93900", "2016-06-30": "1027.39300", "2016-03-31": "946.22100", "2015-12-31": "1284.44800", "2015-09-30": "1096.47600", "2015-06-30": "1162.24700", "2015-03-31": "1014.62000", "2014-12-31": "1381.35900", "2014-09-30": "1204.01200", "2014-06-30": "1224.37800", "2014-03-31": "1068.13600", "2013-12-31": "1389.44000", "2013-09-30": "1229.05700", "2013-06-30": "1239.52600", "2013-03-31": "1096.59600", "2012-12-31": "1328.21100", "2012-09-30": "1165.92300", "2012-06-30": "1182.22500", "2012-03-31": "1074.98000", "2011-12-31": "1265.42900", "2011-09-30": "1121.81300", "2011-06-30": "1125.75200", "2011-03-31": "997.20700", "2010-12-31": "1140.35300", "2010-09-30": "971.68100", "2010-06-30": "961.09600", "2010-03-31": "958.90600", "2009-12-31": "1199.07300", "2009-09-30": "1051.06400", "2009-06-30": "1090.39900", "2009-03-31": "1024.72600", "2008-12-31": "1168.95700", "2008-09-30": "1153.59200", "2008-06-30": "1157.60500", "2008-03-31": "993.31900", "2007-12-31": "1109.37000", "2007-09-30": "919.24700", "2007-06-30": "930.67700", "2007-03-31": "803.40000", "2006-12-31": "883.58990", "2006-09-30": "770.75700", "2006-06-30": "752.85900", "2006-03-31": "653.85700", "2005-12-31": "738.50920", "2005-09-30": "649.48500", "2005-06-30": "691.16500", "2005-03-31": "616.11800"}, "Cost Of Goods Sold": {"2020-09-30": "639.09200", "2020-06-30": "657.80500", "2020-03-31": "628.48000", "2019-12-31": "718.59800", "2019-09-30": "662.85600", "2019-06-30": "672.05100", "2019-03-31": "595.97500", "2018-12-31": "665.02200", "2018-09-30": "644.21500", "2018-06-30": "687.07200", "2018-03-31": "648.52100", "2017-12-31": "727.57500", "2017-09-30": "615.36800", "2017-06-30": "631.60300", "2017-03-31": "597.33200", "2016-12-31": "737.93400", "2016-09-30": "667.96000", "2016-06-30": "706.72800", "2016-03-31": "641.06700", "2015-12-31": "896.48280", "2015-09-30": "707.72600", "2015-06-30": "793.15500", "2015-03-31": "682.89000", "2014-12-31": "900.10610", "2014-09-30": "782.52200", "2014-06-30": "794.07200", "2014-03-31": "691.01400", "2013-12-31": "918.96810", "2013-09-30": "806.31800", "2013-06-30": "817.95000", "2013-03-31": "723.28800", "2012-12-31": "880.64880", "2012-09-30": "776.31900", "2012-06-30": "797.62300", "2012-03-31": "715.79700", "2011-12-31": "845.40180", "2011-09-30": "745.22700", "2011-06-30": "756.41400", "2011-03-31": "649.51200", "2010-12-31": "755.83290", "2010-09-30": "638.18300", "2010-06-30": "617.73100", "2010-03-31": "610.59600", "2009-12-31": "790.24000", "2009-09-30": "665.85900", "2009-06-30": "704.07800", "2009-03-31": "656.95300", "2008-12-31": "757.38490", "2008-09-30": "748.66800", "2008-06-30": "739.63500", "2008-03-31": "647.47300", "2007-12-31": "743.11990", "2007-09-30": "605.66400", "2007-06-30": "628.26200", "2007-03-31": "537.92600", "2006-12-31": "596.68400", "2006-09-30": "520.95400", "2006-06-30": "500.26000", "2006-03-31": "435.86300", "2005-12-31": "493.00890", "2005-09-30": "438.26900", "2005-06-30": "468.46300", "2005-03-31": "424.97500"}, "Gross Profit": {"2020-09-30": "285.20900", "2020-06-30": "267.16000", "2020-03-31": "265.97700", "2019-12-31": "350.40810", "2019-09-30": "332.85300", "2019-06-30": "318.03300", "2019-03-31": "294.07600", "2018-12-31": "321.84500", "2018-09-30": "308.50100", "2018-06-30": "286.05700", "2018-03-31": "271.43300", "2017-12-31": "306.49520", "2017-09-30": "268.01200", "2017-06-30": "245.46000", "2017-03-31": "268.98600", "2016-12-31": "333.00010", "2016-09-30": "277.97900", "2016-06-30": "320.66490", "2016-03-31": "305.15400", "2015-12-31": "387.96510", "2015-09-30": "388.74990", "2015-06-30": "369.09190", "2015-03-31": "331.73000", "2014-12-31": "481.25250", "2014-09-30": "421.49000", "2014-06-30": "430.30600", "2014-03-31": "377.12200", "2013-12-31": "470.47210", "2013-09-30": "422.73900", "2013-06-30": "421.57600", "2013-03-31": "373.30790", "2012-12-31": "447.56210", "2012-09-30": "389.60400", "2012-06-30": "384.60200", "2012-03-31": "359.18300", "2011-12-31": "420.02740", "2011-09-30": "376.58600", "2011-06-30": "369.33800", "2011-03-31": "347.69490", "2010-12-31": "384.52010", "2010-09-30": "333.49800", "2010-06-30": "343.36500", "2010-03-31": "348.31000", "2009-12-31": "408.83340", "2009-09-30": "385.20500", "2009-06-30": "386.32100", "2009-03-31": "367.77290", "2008-12-31": "411.57230", "2008-09-30": "404.92400", "2008-06-30": "417.97000", "2008-03-31": "345.84590", "2007-12-31": "366.25010", "2007-09-30": "313.58300", "2007-06-30": "302.41500", "2007-03-31": "265.47400", "2006-12-31": "286.90590", "2006-09-30": "249.80300", "2006-06-30": "252.59900", "2006-03-31": "217.99400", "2005-12-31": "245.50030", "2005-09-30": "211.21600", "2005-06-30": "222.70200", "2005-03-31": "191.14300"}, "Research And Development Expenses": {"2020-09-30": "", "2020-06-30": "", "2020-03-31": "", "2019-12-31": "", "2019-09-30": "", "2019-06-30": "", "2019-03-31": "", "2018-12-31": "", "2018-09-30": "", "2018-06-30": "", "2018-03-31": "", "2017-12-31": "", "2017-09-30": "", "2017-06-30": "", "2017-03-31": "", "2016-12-31": "", "2016-09-30": "", "2016-06-30": "", "2016-03-31": "", "2015-12-31": "", "2015-09-30": "", "2015-06-30": "", "2015-03-31": "", "2014-12-31": "", "2014-09-30": "", "2014-06-30": "", "2014-03-31": "", "2013-12-31": "", "2013-09-30": "", "2013-06-30": "", "2013-03-31": "", "2012-12-31": "", "2012-09-30": "", "2012-06-30": "", "2012-03-31": "", "2011-12-31": "", "2011-09-30": "", "2011-06-30": "", "2011-03-31": "", "2010-12-31": "", "2010-09-30": "", "2010-06-30": "", "2010-03-31": "", "2009-12-31": "", "2009-09-30": "", "2009-06-30": "", "2009-03-31": "", "2008-12-31": "", "2008-09-30": "", "2008-06-30": "", "2008-03-31": "", "2007-12-31": "", "2007-09-30": "", "2007-06-30": "", "2007-03-31": "", "2006-12-31": "", "2006-09-30": "", "2006-06-30": "", "2006-03-31": "", "2005-12-31": "", "2005-09-30": "", "2005-06-30": "", "2005-03-31": ""}, "SG&A Expenses": {"2020-09-30": "200.72900", "2020-06-30": "227.35800", "2020-03-31": "243.62100", "2019-12-31": "240.62100", "2019-09-30": "230.36200", "2019-06-30": "223.67600", "2019-03-31": "205.15400", "2018-12-31": "231.86900", "2018-09-30": "241.87800", "2018-06-30": "240.79100", "2018-03-31": "229.17600", "2017-12-31": "221.42400", "2017-09-30": "206.00100", "2017-06-30": "252.53000", "2017-03-31": "221.77200", "2016-12-31": "217.86200", "2016-09-30": "281.26100", "2016-06-30": "228.70400", "2016-03-31": "237.54900", "2015-12-31": "265.69600", "2015-09-30": "223.51600", "2015-06-30": "243.59400", "2015-03-31": "239.92700", "2014-12-31": "251.62300", "2014-09-30": "230.87200", "2014-06-30": "238.17800", "2014-03-31": "216.22700", "2013-12-31": "260.55100", "2013-09-30": "231.56900", "2013-06-30": "240.20000", "2013-03-31": "234.50900", "2012-12-31": "248.54700", "2012-09-30": "227.79700", "2012-06-30": "223.89200", "2012-03-31": "221.88900", "2011-12-31": "232.46200", "2011-09-30": "225.99600", "2011-06-30": "232.98300", "2011-03-31": "222.63900", "2010-12-31": "224.67900", "2010-09-30": "207.74100", "2010-06-30": "201.33000", "2010-03-31": "211.24000", "2009-12-31": "250.53000", "2009-09-30": "227.26500", "2009-06-30": "231.34500", "2009-03-31": "225.31100", "2008-12-31": "255.14500", "2008-09-30": "243.79900", "2008-06-30": "250.15200", "2008-03-31": "232.50100", "2007-12-31": "231.27300", "2007-09-30": "210.13500", "2007-06-30": "209.53700", "2007-03-31": "203.58200", "2006-12-31": "227.33900", "2006-09-30": "191.25200", "2006-06-30": "183.25500", "2006-03-31": "180.65700", "2005-12-31": "196.15100", "2005-09-30": "156.40500", "2005-06-30": "166.39900", "2005-03-31": "165.31600"}, "Other Operating Income Or Expenses": {"2020-09-30": "", "2020-06-30": "", "2020-03-31": "", "2019-12-31": "", "2019-09-30": "", "2019-06-30": "", "2019-03-31": "", "2018-12-31": "", "2018-09-30": "-7.72700", "2018-06-30": "", "2018-03-31": "", "2017-12-31": "0.15900", "2017-09-30": "9.86400", "2017-06-30": "131.29400", "2017-03-31": "", "2016-12-31": "", "2016-09-30": "", "2016-06-30": "", "2016-03-31": "", "2015-12-31": "", "2015-09-30": "", "2015-06-30": "", "2015-03-31": "", "2014-12-31": "", "2014-09-30": "", "2014-06-30": "", "2014-03-31": "", "2013-12-31": "", "2013-09-30": "", "2013-06-30": "", "2013-03-31": "", "2012-12-31": "", "2012-09-30": "", "2012-06-30": "", "2012-03-31": "", "2011-12-31": "", "2011-09-30": "", "2011-06-30": "", "2011-03-31": "", "2010-12-31": "", "2010-09-30": "", "2010-06-30": "", "2010-03-31": "", "2009-12-31": "", "2009-09-30": "", "2009-06-30": "", "2009-03-31": "", "2008-12-31": "", "2008-09-30": "", "2008-06-30": "", "2008-03-31": "", "2007-12-31": "", "2007-09-30": "", "2007-06-30": "", "2007-03-31": "", "2006-12-31": "", "2006-09-30": "", "2006-06-30": "", "2006-03-31": "", "2005-12-31": "", "2005-09-30": "", "2005-06-30": "", "2005-03-31": ""}, "Operating Expenses": {"2020-09-30": "836.97900", "2020-06-30": "882.07700", "2020-03-31": "868.90500", "2019-12-31": "956.79300", "2019-09-30": "891.13100", "2019-06-30": "892.06600", "2019-03-31": "798.81990", "2018-12-31": "893.65610", "2018-09-30": "890.52500", "2018-06-30": "926.41800", "2018-03-31": "874.52890", "2017-12-31": "945.27510", "2017-09-30": "808.58690", "2017-06-30": "750.18500", "2017-03-31": "815.64890", "2016-12-31": "959.05600", "2016-09-30": "945.82700", "2016-06-30": "933.62300", "2016-03-31": "875.29710", "2015-12-31": "1158.58500", "2015-09-30": "928.62700", "2015-06-30": "1034.67000", "2015-03-31": "921.24400", "2014-12-31": "1147.05700", "2014-09-30": "1011.56900", "2014-06-30": "1030.06300", "2014-03-31": "903.80990", "2013-12-31": "1176.54500", "2013-09-30": "1035.66900", "2013-06-30": "1056.00500", "2013-03-31": "926.11710", "2012-12-31": "1125.45800", "2012-09-30": "1000.21700", "2012-06-30": "1017.42900", "2012-03-31": "932.45700", "2011-12-31": "1072.06800", "2011-09-30": "966.85600", "2011-06-30": "985.64600", "2011-03-31": "866.95400", "2010-12-31": "976.40020", "2010-09-30": "842.48500", "2010-06-30": "815.06700", "2010-03-31": "816.73200", "2009-12-31": "1036.65100", "2009-09-30": "889.85900", "2009-06-30": "931.64600", "2009-03-31": "877.58900", "2008-12-31": "1009.44000", "2008-09-30": "989.07810", "2008-06-30": "985.27500", "2008-03-31": "874.00210", "2007-12-31": "970.03860", "2007-09-30": "811.01800", "2007-06-30": "833.76900", "2007-03-31": "735.97800", "2006-12-31": "820.32900", "2006-09-30": "708.88000", "2006-06-30": "679.50100", "2006-03-31": "612.73400", "2005-12-31": "676.62700", "2005-09-30": "594.67400", "2005-06-30": "634.86200", "2005-03-31": "590.29100"}, "Operating Income": {"2020-09-30": "87.32200", "2020-06-30": "42.88800", "2020-03-31": "25.55190", "2019-12-31": "112.21310", "2019-09-30": "104.57790", "2019-06-30": "98.01790", "2019-03-31": "91.23110", "2018-12-31": "93.21080", "2018-09-30": "62.19100", "2018-06-30": "46.71100", "2018-03-31": "45.42510", "2017-12-31": "88.79500", "2017-09-30": "74.79310", "2017-06-30": "126.87800", "2017-03-31": "50.66910", "2016-12-31": "111.87810", "2016-09-30": "0.11200", "2016-06-30": "93.77000", "2016-03-31": "70.92400", "2015-12-31": "125.86330", "2015-09-30": "167.84890", "2015-06-30": "127.57690", "2015-03-31": "93.37600", "2014-12-31": "234.30140", "2014-09-30": "192.44300", "2014-06-30": "194.31510", "2014-03-31": "164.32600", "2013-12-31": "212.89510", "2013-09-30": "193.38810", "2013-06-30": "183.52100", "2013-03-31": "170.47890", "2012-12-31": "202.75290", "2012-09-30": "165.70600", "2012-06-30": "164.79600", "2012-03-31": "142.52290", "2011-12-31": "193.36120", "2011-09-30": "154.95700", "2011-06-30": "140.10600", "2011-03-31": "130.25300", "2010-12-31": "163.95280", "2010-09-30": "129.19600", "2010-06-30": "146.02900", "2010-03-31": "142.17400", "2009-12-31": "162.42260", "2009-09-30": "161.20500", "2009-06-30": "158.75310", "2009-03-31": "147.13700", "2008-12-31": "159.51730", "2008-09-30": "164.51400", "2008-06-30": "172.33000", "2008-03-31": "119.31690", "2007-12-31": "139.33140", "2007-09-30": "108.22900", "2007-06-30": "96.90800", "2007-03-31": "67.42200", "2006-12-31": "63.26090", "2006-09-30": "61.87700", "2006-06-30": "73.35800", "2006-03-31": "41.12300", "2005-12-31": "61.88230", "2005-09-30": "54.81100", "2005-06-30": "56.30300", "2005-03-31": "25.82700"}, "Total Non-Operating Income/Expense": {"2020-09-30": "-15.00000", "2020-06-30": "-26.69200", "2020-03-31": "12.24800", "2019-12-31": "-13.70600", "2019-09-30": "-20.20500", "2019-06-30": "-15.13100", "2019-03-31": "-15.14800", "2018-12-31": "-14.65000", "2018-09-30": "-17.84000", "2018-06-30": "-18.37900", "2018-03-31": "-20.39500", "2017-12-31": "-21.83800", "2017-09-30": "-6.42400", "2017-06-30": "-23.80600", "2017-03-31": "-26.06000", "2016-12-31": "-22.10400", "2016-09-30": "-12.31800", "2016-06-30": "-9.89400", "2016-03-31": "-19.45600", "2015-12-31": "-25.83400", "2015-09-30": "-21.21400", "2015-06-30": "-20.02500", "2015-03-31": "-35.22500", "2014-12-31": "-11.44500", "2014-09-30": "-9.11800", "2014-06-30": "-18.35600", "2014-03-31": "-17.72300", "2013-12-31": "-21.19600", "2013-09-30": "-10.98800", "2013-06-30": "-12.23200", "2013-03-31": "-22.84600", "2012-12-31": "-12.91300", "2012-09-30": "-21.10300", "2012-06-30": "-16.73100", "2012-03-31": "-13.46600", "2011-12-31": "-13.19000", "2011-09-30": "-14.94900", "2011-06-30": "-3.15500", "2011-03-31": "0.37200", "2010-12-31": "-11.04300", "2010-09-30": "10.74200", "2010-06-30": "-20.58000", "2010-03-31": "-30.19400", "2009-12-31": "-14.29200", "2009-09-30": "-2.56000", "2009-06-30": "-9.54500", "2009-03-31": "-18.32900", "2008-12-31": "0.98300", "2008-09-30": "-19.64300", "2008-06-30": "-10.55200", "2008-03-31": "6.47400", "2007-12-31": "-9.33400", "2007-09-30": "-13.18900", "2007-06-30": "-12.93700", "2007-03-31": "-14.38800", "2006-12-31": "-11.49300", "2006-09-30": "-16.58600", "2006-06-30": "-10.79800", "2006-03-31": "-13.46600", "2005-12-31": "-14.68000", "2005-09-30": "-45.12800", "2005-06-30": "-25.10900", "2005-03-31": "-21.90400"}, "Pre-Tax Income": {"2020-09-30": "72.32200", "2020-06-30": "16.19600", "2020-03-31": "37.80000", "2019-12-31": "98.50700", "2019-09-30": "84.37300", "2019-06-30": "82.88700", "2019-03-31": "76.08300", "2018-12-31": "78.56100", "2018-09-30": "44.35100", "2018-06-30": "28.33200", "2018-03-31": "25.03000", "2017-12-31": "66.95700", "2017-09-30": "68.36900", "2017-06-30": "103.07200", "2017-03-31": "24.60900", "2016-12-31": "89.77400", "2016-09-30": "-12.20600", "2016-06-30": "83.87600", "2016-03-31": "51.46800", "2015-12-31": "100.02900", "2015-09-30": "146.63500", "2015-06-30": "107.55200", "2015-03-31": "58.15100", "2014-12-31": "222.85700", "2014-09-30": "183.32500", "2014-06-30": "175.95900", "2014-03-31": "146.60300", "2013-12-31": "191.69900", "2013-09-30": "182.40000", "2013-06-30": "171.28900", "2013-03-31": "147.63300", "2012-12-31": "189.84000", "2012-09-30": "144.60300", "2012-06-30": "148.06500", "2012-03-31": "129.05700", "2011-12-31": "180.17100", "2011-09-30": "140.00800", "2011-06-30": "136.95100", "2011-03-31": "130.62500", "2010-12-31": "152.91000", "2010-09-30": "139.93800", "2010-06-30": "125.44900", "2010-03-31": "111.98000", "2009-12-31": "148.13000", "2009-09-30": "158.64500", "2009-06-30": "149.20800", "2009-03-31": "128.80800", "2008-12-31": "160.50000", "2008-09-30": "144.87100", "2008-06-30": "161.77800", "2008-03-31": "125.79100", "2007-12-31": "129.99700", "2007-09-30": "95.04000", "2007-06-30": "83.97100", "2007-03-31": "53.03400", "2006-12-31": "51.76800", "2006-09-30": "45.29100", "2006-06-30": "62.56000", "2006-03-31": "27.65700", "2005-12-31": "47.20200", "2005-09-30": "9.68300", "2005-06-30": "31.19400", "2005-03-31": "3.92300"}, "Income Taxes": {"2020-09-30": "18.67200", "2020-06-30": "5.40900", "2020-03-31": "36.31000", "2019-12-31": "18.66000", "2019-09-30": "22.41000", "2019-06-30": "22.41300", "2019-03-31": "16.58700", "2018-12-31": "14.19600", "2018-09-30": "14.91200", "2018-06-30": "13.54500", "2018-03-31": "8.57100", "2017-12-31": "172.84400", "2017-09-30": "19.62800", "2017-06-30": "60.88700", "2017-03-31": "5.32000", "2016-12-31": "27.86400", "2016-09-30": "2.82700", "2016-06-30": "29.51200", "2016-03-31": "17.17700", "2015-12-31": "36.82600", "2015-09-30": "52.09900", "2015-06-30": "30.92000", "2015-03-31": "28.50600", "2014-12-31": "67.77700", "2014-09-30": "52.72500", "2014-06-30": "50.79400", "2014-03-31": "38.01500", "2013-12-31": "49.70300", "2013-09-30": "55.87000", "2013-06-30": "50.39500", "2013-03-31": "48.73300", "2012-12-31": "47.90200", "2012-09-30": "37.76900", "2012-06-30": "39.58000", "2012-03-31": "35.51500", "2011-12-31": "54.61600", "2011-09-30": "32.05200", "2011-06-30": "38.22700", "2011-03-31": "33.62900", "2010-12-31": "40.46300", "2010-09-30": "35.71300", "2010-06-30": "33.64500", "2010-03-31": "31.77500", "2009-12-31": "37.86700", "2009-09-30": "42.00600", "2009-06-30": "40.60400", "2009-03-31": "35.98300", "2008-12-31": "45.50900", "2008-09-30": "26.94800", "2008-06-30": "38.16500", "2008-03-31": "37.09900", "2007-12-31": "32.12300", "2007-09-30": "31.98500", "2007-06-30": "20.76600", "2007-03-31": "19.42000", "2006-12-31": "18.41300", "2006-09-30": "16.81700", "2006-06-30": "28.95100", "2006-03-31": "9.05700", "2005-12-31": "22.42600", "2005-09-30": "4.50000", "2005-06-30": "12.63300", "2005-03-31": "1.02400"}, "Income After Taxes": {"2020-09-30": "53.65000", "2020-06-30": "10.78700", "2020-03-31": "1.49000", "2019-12-31": "79.84700", "2019-09-30": "61.96300", "2019-06-30": "60.47400", "2019-03-31": "59.49600", "2018-12-31": "64.36500", "2018-09-30": "29.43900", "2018-06-30": "14.78700", "2018-03-31": "16.45900", "2017-12-31": "-105.88700", "2017-09-30": "48.74100", "2017-06-30": "42.18500", "2017-03-31": "19.28900", "2016-12-31": "61.91000", "2016-09-30": "-15.03300", "2016-06-30": "54.36400", "2016-03-31": "34.29100", "2015-12-31": "63.20300", "2015-09-30": "94.53600", "2015-06-30": "76.63200", "2015-03-31": "29.64500", "2014-12-31": "155.08000", "2014-09-30": "130.60000", "2014-06-30": "125.16500", "2014-03-31": "108.58800", "2013-12-31": "141.99600", "2013-09-30": "126.53000", "2013-06-30": "120.89400", "2013-03-31": "98.90000", "2012-12-31": "141.93800", "2012-09-30": "106.83400", "2012-06-30": "108.48500", "2012-03-31": "93.54200", "2011-12-31": "125.55500", "2011-09-30": "107.95600", "2011-06-30": "98.72400", "2011-03-31": "96.99600", "2010-12-31": "112.44700", "2010-09-30": "104.22500", "2010-06-30": "91.80400", "2010-03-31": "80.20500", "2009-12-31": "110.26300", "2009-09-30": "116.63900", "2009-06-30": "108.60400", "2009-03-31": "92.82500", "2008-12-31": "114.99100", "2008-09-30": "117.92300", "2008-06-30": "123.61300", "2008-03-31": "88.69200", "2007-12-31": "97.87400", "2007-09-30": "63.05500", "2007-06-30": "63.20500", "2007-03-31": "33.61400", "2006-12-31": "33.35500", "2006-09-30": "28.47400", "2006-06-30": "33.60900", "2006-03-31": "18.60000", "2005-12-31": "24.77600", "2005-09-30": "5.18300", "2005-06-30": "18.56100", "2005-03-31": "2.89900"}, "Other Income": {"2020-09-30": "", "2020-06-30": "", "2020-03-31": "", "2019-12-31": "", "2019-09-30": "", "2019-06-30": "", "2019-03-31": "", "2018-12-31": "", "2018-09-30": "", "2018-06-30": "", "2018-03-31": "", "2017-12-31": "", "2017-09-30": "", "2017-06-30": "", "2017-03-31": "", "2016-12-31": "", "2016-09-30": "", "2016-06-30": "", "2016-03-31": "", "2015-12-31": "", "2015-09-30": "", "2015-06-30": "", "2015-03-31": "", "2014-12-31": "", "2014-09-30": "", "2014-06-30": "", "2014-03-31": "", "2013-12-31": "", "2013-09-30": "", "2013-06-30": "", "2013-03-31": "", "2012-12-31": "", "2012-09-30": "", "2012-06-30": "", "2012-03-31": "", "2011-12-31": "", "2011-09-30": "", "2011-06-30": "", "2011-03-31": "", "2010-12-31": "", "2010-09-30": "", "2010-06-30": "", "2010-03-31": "", "2009-12-31": "", "2009-09-30": "", "2009-06-30": "", "2009-03-31": "", "2008-12-31": "", "2008-09-30": "", "2008-06-30": "", "2008-03-31": "", "2007-12-31": "", "2007-09-30": "", "2007-06-30": "", "2007-03-31": "", "2006-12-31": "", "2006-09-30": "", "2006-06-30": "", "2006-03-31": "", "2005-12-31": "", "2005-09-30": "", "2005-06-30": "", "2005-03-31": ""}, "Income From Continuous Operations": {"2020-09-30": "53.65000", "2020-06-30": "10.78700", "2020-03-31": "1.49000", "2019-12-31": "79.84700", "2019-09-30": "61.96300", "2019-06-30": "60.47400", "2019-03-31": "59.49600", "2018-12-31": "64.36500", "2018-09-30": "29.43900", "2018-06-30": "14.78700", "2018-03-31": "16.45900", "2017-12-31": "-105.88700", "2017-09-30": "48.74100", "2017-06-30": "42.18500", "2017-03-31": "19.28900", "2016-12-31": "61.91000", "2016-09-30": "-15.03300", "2016-06-30": "54.36400", "2016-03-31": "34.29100", "2015-12-31": "63.20300", "2015-09-30": "94.53600", "2015-06-30": "76.63200", "2015-03-31": "29.64500", "2014-12-31": "155.08000", "2014-09-30": "130.60000", "2014-06-30": "125.16500", "2014-03-31": "108.58800", "2013-12-31": "141.99600", "2013-09-30": "126.53000", "2013-06-30": "120.89400", "2013-03-31": "98.90000", "2012-12-31": "141.93800", "2012-09-30": "106.83400", "2012-06-30": "108.48500", "2012-03-31": "93.54200", "2011-12-31": "125.55500", "2011-09-30": "107.95600", "2011-06-30": "98.72400", "2011-03-31": "96.99600", "2010-12-31": "112.44700", "2010-09-30": "104.22500", "2010-06-30": "91.80400", "2010-03-31": "80.20500", "2009-12-31": "110.26300", "2009-09-30": "116.63900", "2009-06-30": "108.60400", "2009-03-31": "92.82500", "2008-12-31": "114.99100", "2008-09-30": "117.92300", "2008-06-30": "123.61300", "2008-03-31": "88.69200", "2007-12-31": "97.87400", "2007-09-30": "63.05500", "2007-06-30": "63.20500", "2007-03-31": "33.61400", "2006-12-31": "33.35500", "2006-09-30": "28.47400", "2006-06-30": "33.60900", "2006-03-31": "18.60000", "2005-12-31": "24.77600", "2005-09-30": "5.18300", "2005-06-30": "18.56100", "2005-03-31": "2.89900"}, "Income From Discontinued Operations": {"2020-09-30": "", "2020-06-30": "", "2020-03-31": "", "2019-12-31": "", "2019-09-30": "", "2019-06-30": "", "2019-03-31": "", "2018-12-31": "", "2018-09-30": "", "2018-06-30": "", "2018-03-31": "", "2017-12-31": "", "2017-09-30": "", "2017-06-30": "", "2017-03-31": "", "2016-12-31": "", "2016-09-30": "", "2016-06-30": "", "2016-03-31": "", "2015-12-31": "", "2015-09-30": "", "2015-06-30": "", "2015-03-31": "", "2014-12-31": "", "2014-09-30": "", "2014-06-30": "", "2014-03-31": "", "2013-12-31": "", "2013-09-30": "", "2013-06-30": "", "2013-03-31": "", "2012-12-31": "", "2012-09-30": "", "2012-06-30": "", "2012-03-31": "", "2011-12-31": "", "2011-09-30": "", "2011-06-30": "", "2011-03-31": "", "2010-12-31": "", "2010-09-30": "", "2010-06-30": "", "2010-03-31": "", "2009-12-31": "", "2009-09-30": "", "2009-06-30": "", "2009-03-31": "", "2008-12-31": "", "2008-09-30": "", "2008-06-30": "", "2008-03-31": "", "2007-12-31": "", "2007-09-30": "", "2007-06-30": "", "2007-03-31": "", "2006-12-31": "0.18900", "2006-09-30": "0.80500", "2006-06-30": "", "2006-03-31": "", "2005-12-31": "-11.68800", "2005-09-30": "-15.13300", "2005-06-30": "-0.61100", "2005-03-31": "-6.91300"}, "Net Income": {"2020-09-30": "51.00300", "2020-06-30": "8.64500", "2020-03-31": "-0.61000", "2019-12-31": "78.39300", "2019-09-30": "59.84200", "2019-06-30": "58.17200", "2019-03-31": "57.26100", "2018-12-31": "63.10300", "2018-09-30": "28.20500", "2018-06-30": "13.22000", "2018-03-31": "15.14300", "2017-12-31": "-105.88100", "2017-09-30": "47.60500", "2017-06-30": "41.87800", "2017-03-31": "19.05000", "2016-12-31": "60.05700", "2016-09-30": "-15.84100", "2016-06-30": "54.37300", "2016-03-31": "33.86600", "2015-12-31": "62.11100", "2015-09-30": "93.62300", "2015-06-30": "75.00800", "2015-03-31": "27.66900", "2014-12-31": "153.56000", "2014-09-30": "128.56500", "2014-06-30": "123.51300", "2014-03-31": "107.73400", "2013-12-31": "141.08400", "2013-09-30": "126.27100", "2013-06-30": "120.38600", "2013-03-31": "97.78900", "2012-12-31": "141.60200", "2012-09-30": "106.29600", "2012-06-30": "107.31600", "2012-03-31": "93.12500", "2011-12-31": "125.09700", "2011-09-30": "107.77100", "2011-06-30": "98.73200", "2011-03-31": "96.98200", "2010-12-31": "112.50400", "2010-09-30": "103.91900", "2010-06-30": "91.64700", "2010-03-31": "80.22000", "2009-12-31": "110.42000", "2009-09-30": "116.94400", "2009-06-30": "108.21800", "2009-03-31": "92.30500", "2008-12-31": "114.43500", "2008-09-30": "117.04900", "2008-06-30": "122.86400", "2008-03-31": "88.06500", "2007-12-31": "95.90000", "2007-09-30": "63.05500", "2007-06-30": "63.20500", "2007-03-31": "33.61400", "2006-12-31": "33.54400", "2006-09-30": "29.27900", "2006-06-30": "33.60900", "2006-03-31": "18.60000", "2005-12-31": "13.08800", "2005-09-30": "-9.95000", "2005-06-30": "17.95000", "2005-03-31": "-4.01400"}, "EBITDA": {"2020-09-30": "113.35300", "2020-06-30": "70.17300", "2020-03-31": "54.03490", "2019-12-31": "139.66610", "2019-09-30": "131.45000", "2019-06-30": "128.88190", "2019-03-31": "121.00610", "2018-12-31": "123.70280", "2018-09-30": "93.06600", "2018-06-30": "76.87900", "2018-03-31": "77.50610", "2017-12-31": "122.87000", "2017-09-30": "108.26010", "2017-06-30": "158.30200", "2017-03-31": "82.74910", "2016-12-31": "145.73510", "2016-09-30": "32.39300", "2016-06-30": "125.36300", "2016-03-31": "102.87090", "2015-12-31": "156.97430", "2015-09-30": "202.93090", "2015-06-30": "162.91490", "2015-03-31": "128.79300", "2014-12-31": "265.94740", "2014-09-30": "221.92800", "2014-06-30": "224.78210", "2014-03-31": "195.12010", "2013-12-31": "243.67710", "2013-09-30": "222.56710", "2013-06-30": "212.07900", "2013-03-31": "227.36890", "2012-12-31": "232.93890", "2012-09-30": "195.87100", "2012-06-30": "195.66600", "2012-03-31": "175.47990", "2011-12-31": "227.16720", "2011-09-30": "186.20300", "2011-06-30": "170.67900", "2011-03-31": "161.30000", "2010-12-31": "197.98780", "2010-09-30": "157.90200", "2010-06-30": "174.74800", "2010-03-31": "171.90400", "2009-12-31": "192.06760", "2009-09-30": "188.64900", "2009-06-30": "189.50600", "2009-03-31": "172.78400", "2008-12-31": "182.67330", "2008-09-30": "188.67100", "2008-06-30": "198.18100", "2008-03-31": "146.37990", "2007-12-31": "165.01740", "2007-09-30": "132.56100", "2007-06-30": "120.39300", "2007-03-31": "92.07700", "2006-12-31": "85.58490", "2006-09-30": "83.86500", "2006-06-30": "95.10100", "2006-03-31": "62.60200", "2005-12-31": "79.01330", "2005-09-30": "72.09800", "2005-06-30": "75.08000", "2005-03-31": "46.11400"}, "EBIT": {"2020-09-30": "90.16400", "2020-06-30": "45.97400", "2020-03-31": "28.74790", "2019-12-31": "114.63910", "2019-09-30": "106.66490", "2019-06-30": "101.67890", "2019-03-31": "93.54010", "2018-12-31": "96.44610", "2018-09-30": "65.48600", "2018-06-30": "48.15600", "2018-03-31": "48.59310", "2017-12-31": "92.35990", "2017-09-30": "77.71110", "2017-06-30": "129.53200", "2017-03-31": "54.12410", "2016-12-31": "116.28220", "2016-09-30": "3.50600", "2016-06-30": "95.57900", "2016-03-31": "74.24300", "2015-12-31": "129.45750", "2015-09-30": "170.46390", "2015-06-30": "129.65590", "2015-03-31": "94.94900", "2014-12-31": "238.97360", "2014-09-30": "194.26800", "2014-06-30": "196.50210", "2014-03-31": "167.75700", "2013-12-31": "215.86920", "2013-09-30": "195.60610", "2013-06-30": "185.66600", "2013-03-31": "202.15890", "2012-12-31": "206.49090", "2012-09-30": "169.60500", "2012-06-30": "168.88200", "2012-03-31": "147.75200", "2011-12-31": "199.15730", "2011-09-30": "159.32400", "2011-06-30": "143.85700", "2011-03-31": "135.45000", "2010-12-31": "168.06480", "2010-09-30": "132.63500", "2010-06-30": "150.02300", "2010-03-31": "147.27800", "2009-12-31": "166.54140", "2009-09-30": "164.47000", "2009-06-30": "162.53000", "2009-03-31": "151.81200", "2008-12-31": "162.60730", "2008-09-30": "167.90300", "2008-06-30": "176.84200", "2008-03-31": "125.28890", "2007-12-31": "143.68540", "2007-09-30": "113.01000", "2007-06-30": "100.93800", "2007-03-31": "72.95200", "2006-12-31": "66.95490", "2006-09-30": "65.20300", "2006-06-30": "77.37200", "2006-03-31": "44.90900", "2005-12-31": "74.41510", "2005-09-30": "54.81100", "2005-06-30": "56.30300", "2005-03-31": "25.82700"}, "Basic Shares Outstanding": {"2020-09-30": "130.31300", "2020-06-30": "130.17000", "2020-03-31": "130.73100", "2019-12-31": "131.03400", "2019-09-30": "131.14500", "2019-06-30": "131.14700", "2019-03-31": "130.98200", "2018-12-31": "130.82300", "2018-09-30": "130.84300", "2018-06-30": "130.84400", "2018-03-31": "130.76100", "2017-12-31": "130.70300", "2017-09-30": "130.76000", "2017-06-30": "130.73200", "2017-03-31": "130.56200", "2016-12-31": "130.43200", "2016-09-30": "130.29900", "2016-06-30": "130.45400", "2016-03-31": "130.14200", "2015-12-31": "133.07400", "2015-09-30": "132.55000", "2015-06-30": "134.23700", "2015-03-31": "134.91800", "2014-12-31": "136.91200", "2014-09-30": "136.66700", "2014-06-30": "137.18600", "2014-03-31": "137.12300", "2013-12-31": "141.59900", "2013-09-30": "140.36500", "2013-06-30": "142.21200", "2013-03-31": "143.71000", "2012-12-31": "156.84900", "2012-09-30": "152.91100", "2012-06-30": "161.98600", "2012-03-31": "163.41000", "2011-12-31": "166.62800", "2011-09-30": "166.92900", "2011-06-30": "167.24100", "2011-03-31": "166.96200", "2010-12-31": "167.29200", "2010-09-30": "167.43000", "2010-06-30": "167.73900", "2010-03-31": "166.90800", "2009-12-31": "167.52000", "2009-09-30": "167.37600", "2009-06-30": "167.70600", "2009-03-31": "167.89200", "2008-12-31": "169.80300", "2008-09-30": "171.50400", "2008-06-30": "172.53900", "2008-03-31": "172.27500", "2007-12-31": "169.34700", "2007-09-30": "169.26300", "2007-06-30": "168.74400", "2007-03-31": "168.61800", "2006-12-31": "167.88900", "2006-09-30": "167.10300", "2006-06-30": "167.09700", "2006-03-31": "166.41600", "2005-12-31": "166.41900", "2005-09-30": "165.41700", "2005-06-30": "166.83000", "2005-03-31": "166.01400"}, "Shares Outstanding": {"2020-09-30": "130.90000", "2020-06-30": "130.73000", "2020-03-31": "130.73100", "2019-12-31": "131.71900", "2019-09-30": "131.84600", "2019-06-30": "131.75400", "2019-03-31": "131.53200", "2018-12-31": "131.27100", "2018-09-30": "131.35000", "2018-06-30": "131.22600", "2018-03-31": "131.09500", "2017-12-31": "131.35800", "2017-09-30": "131.39600", "2017-06-30": "131.34100", "2017-03-31": "131.27500", "2016-12-31": "130.97500", "2016-09-30": "130.29900", "2016-06-30": "130.91000", "2016-03-31": "130.81200", "2015-12-31": "133.81100", "2015-09-30": "133.16000", "2015-06-30": "134.83100", "2015-03-31": "135.95400", "2014-12-31": "137.84300", "2014-09-30": "137.52900", "2014-06-30": "137.99500", "2014-03-31": "138.87000", "2013-12-31": "142.42900", "2013-09-30": "141.08500", "2013-06-30": "142.88200", "2013-03-31": "145.63100", "2012-12-31": "157.97000", "2012-09-30": "153.85500", "2012-06-30": "162.79700", "2012-03-31": "165.09300", "2011-12-31": "168.30700", "2011-09-30": "168.48300", "2011-06-30": "168.72600", "2011-03-31": "169.01700", "2010-12-31": "169.24500", "2010-09-30": "169.15800", "2010-06-30": "169.41600", "2010-03-31": "169.50000", "2009-12-31": "169.08600", "2009-09-30": "169.13400", "2009-06-30": "169.19400", "2009-03-31": "168.97500", "2008-12-31": "172.18800", "2008-09-30": "172.40700", "2008-06-30": "173.52600", "2008-03-31": "173.45100", "2007-12-31": "172.79700", "2007-09-30": "171.66000", "2007-06-30": "171.39600", "2007-03-31": "171.21300", "2006-12-31": "170.71500", "2006-09-30": "171.33600", "2006-06-30": "173.66100", "2006-03-31": "172.80300", "2005-12-31": "170.07000", "2005-09-30": "169.45500", "2005-06-30": "169.91100", "2005-03-31": "168.67800"}, "Basic EPS": {"2020-09-30": "0.39000", "2020-06-30": "0.07000", "2020-03-31": "0.00000", "2019-12-31": "0.60000", "2019-09-30": "0.46000", "2019-06-30": "0.44000", "2019-03-31": "0.44000", "2018-12-31": "0.47000", "2018-09-30": "0.22000", "2018-06-30": "0.10000", "2018-03-31": "0.12000", "2017-12-31": "-0.81000", "2017-09-30": "0.36000", "2017-06-30": "0.32000", "2017-03-31": "0.15000", "2016-12-31": "0.46000", "2016-09-30": "-0.12000", "2016-06-30": "0.42000", "2016-03-31": "0.26000", "2015-12-31": "0.46000", "2015-09-30": "0.71000", "2015-06-30": "0.56000", "2015-03-31": "0.21000", "2014-12-31": "1.13000", "2014-09-30": "0.94000", "2014-06-30": "0.90000", "2014-03-31": "0.78000", "2013-12-31": "1.00000", "2013-09-30": "0.90000", "2013-06-30": "0.85000", "2013-03-31": "0.68000", "2012-12-31": "0.93000", "2012-09-30": "0.70000", "2012-06-30": "0.66000", "2012-03-31": "0.57000", "2011-12-31": "0.75330", "2011-09-30": "0.64670", "2011-06-30": "0.59000", "2011-03-31": "0.58000", "2010-12-31": "0.67330", "2010-09-30": "0.62000", "2010-06-30": "0.54670", "2010-03-31": "0.48000", "2009-12-31": "0.65670", "2009-09-30": "0.70000", "2009-06-30": "0.64670", "2009-03-31": "0.55000", "2008-12-31": "0.67670", "2008-09-30": "0.68330", "2008-06-30": "0.71330", "2008-03-31": "0.51000", "2007-12-31": "0.54670", "2007-09-30": "0.37330", "2007-06-30": "0.37330", "2007-03-31": "0.20000", "2006-12-31": "0.19670", "2006-09-30": "0.17670", "2006-06-30": "0.20000", "2006-03-31": "0.11330", "2005-12-31": "0.08000", "2005-09-30": "-0.06000", "2005-06-30": "0.10670", "2005-03-31": "-0.02330"}, "EPS - Earnings Per Share": {"2020-09-30": "0.39000", "2020-06-30": "0.07000", "2020-03-31": "0.00000", "2019-12-31": "0.60000", "2019-09-30": "0.45000", "2019-06-30": "0.44000", "2019-03-31": "0.44000", "2018-12-31": "0.48000", "2018-09-30": "0.21000", "2018-06-30": "0.10000", "2018-03-31": "0.12000", "2017-12-31": "-0.81000", "2017-09-30": "0.36000", "2017-06-30": "0.32000", "2017-03-31": "0.15000", "2016-12-31": "0.45000", "2016-09-30": "-0.12000", "2016-06-30": "0.42000", "2016-03-31": "0.26000", "2015-12-31": "0.47000", "2015-09-30": "0.70000", "2015-06-30": "0.56000", "2015-03-31": "0.20000", "2014-12-31": "1.11000", "2014-09-30": "0.93000", "2014-06-30": "0.90000", "2014-03-31": "0.78000", "2013-12-31": "1.00000", "2013-09-30": "0.90000", "2013-06-30": "0.84000", "2013-03-31": "0.67000", "2012-12-31": "0.92670", "2012-09-30": "0.69000", "2012-06-30": "0.66000", "2012-03-31": "0.56330", "2011-12-31": "0.75000", "2011-09-30": "0.64000", "2011-06-30": "0.58670", "2011-03-31": "0.57330", "2010-12-31": "0.66670", "2010-09-30": "0.61330", "2010-06-30": "0.54000", "2010-03-31": "0.47330", "2009-12-31": "0.65330", "2009-09-30": "0.69000", "2009-06-30": "0.64000", "2009-03-31": "0.54670", "2008-12-31": "0.67670", "2008-09-30": "0.68000", "2008-06-30": "0.70670", "2008-03-31": "0.50670", "2007-12-31": "0.54670", "2007-09-30": "0.36670", "2007-06-30": "0.37000", "2007-03-31": "0.19670", "2006-12-31": "0.20330", "2006-09-30": "0.17000", "2006-06-30": "0.19330", "2006-03-31": "0.10670", "2005-12-31": "0.08000", "2005-09-30": "-0.06330", "2005-06-30": "0.10670", "2005-03-31": "-0.02330"}}, "balance sheet": {"Cash On Hand": {"2019-12-31": "670.98000", "2018-12-31": "619.68300", "2017-12-31": "703.44500", "2016-12-31": "367.16200", "2015-12-31": "366.44400", "2014-12-31": "450.35000", "2013-12-31": "363.80400", "2012-12-31": "304.25200", "2011-12-31": "337.35600", "2010-12-31": "557.57900", "2009-12-31": "654.32000", "2008-12-31": "472.05600", "2007-12-31": "373.23800", "2006-12-31": "70.45700", "2005-12-31": "96.49200"}, "Receivables": {"2019-12-31": "795.53800", "2018-12-31": "792.43400", "2017-12-31": "856.71100", "2016-12-31": "882.63800", "2015-12-31": "985.77200", "2014-12-31": "1082.44700", "2013-12-31": "1155.32700", "2012-12-31": "1103.72400", "2011-12-31": "1060.24900", "2010-12-31": "839.56600", "2009-12-31": "791.72200", "2008-12-31": "808.52200", "2007-12-31": "666.73300", "2006-12-31": "551.81500", "2005-12-31": "472.94600"}, "Inventory": {"2019-12-31": "660.83700", "2018-12-31": "633.87100", "2017-12-31": "884.27300", "2016-12-31": "897.69000", "2015-12-31": "978.64100", "2014-12-31": "995.56400", "2013-12-31": "1060.67000", "2012-12-31": "1086.66300", "2011-12-31": "1008.37900", "2010-12-31": "886.73100", "2009-12-31": "795.23300", "2008-12-31": "834.61200", "2007-12-31": "680.19900", "2006-12-31": "547.37300", "2005-12-31": "416.41300"}, "Pre-Paid Expenses": {"2019-12-31": "105.10100", "2018-12-31": "108.57800", "2017-12-31": "114.31600", "2016-12-31": "150.19900", "2015-12-31": "126.46500", "2014-12-31": "106.89000", "2013-12-31": "110.13300", "2012-12-31": "94.48400", "2011-12-31": "100.46500", "2010-12-31": "107.87200", "2009-12-31": "112.18300", "2008-12-31": "90.34500", "2007-12-31": "71.38000", "2006-12-31": "38.20900", "2005-12-31": "26.03400"}, "Other Current Assets": {"2019-12-31": "", "2018-12-31": "", "2017-12-31": "", "2016-12-31": "", "2015-12-31": "", "2014-12-31": "", "2013-12-31": "", "2012-12-31": "", "2011-12-31": "", "2010-12-31": "", "2009-12-31": "", "2008-12-31": "", "2007-12-31": "", "2006-12-31": "", "2005-12-31": ""}, "Total Current Assets": {"2019-12-31": "2505.37000", "2018-12-31": "2383.14500", "2017-12-31": "2558.74500", "2016-12-31": "2297.68900", "2015-12-31": "2457.32200", "2014-12-31": "2794.16300", "2013-12-31": "2847.38200", "2012-12-31": "2740.21600", "2011-12-31": "2628.35400", "2010-12-31": "2523.74400", "2009-12-31": "2499.32200", "2008-12-31": "2332.42500", "2007-12-31": "1896.77100", "2006-12-31": "1302.88100", "2005-12-31": "1109.83200"}, "Property, Plant, And Equipment": {"2019-12-31": "572.17500", "2018-12-31": "610.09600", "2017-12-31": "671.79600", "2016-12-31": "724.80500", "2015-12-31": "758.42700", "2014-12-31": "693.88100", "2013-12-31": "716.28900", "2012-12-31": "654.17900", "2011-12-31": "598.74600", "2010-12-31": "581.24500", "2009-12-31": "560.47200", "2008-12-31": "547.23500", "2007-12-31": "488.89200", "2006-12-31": "442.89200", "2005-12-31": "397.62200"}, "Long-Term Investments": {"2019-12-31": "", "2018-12-31": "", "2017-12-31": "", "2016-12-31": "", "2015-12-31": "", "2014-12-31": "", "2013-12-31": "", "2012-12-31": "", "2011-12-31": "", "2010-12-31": "", "2009-12-31": "", "2008-12-31": "", "2007-12-31": "", "2006-12-31": "", "2005-12-31": ""}, "Goodwill And Intangible Assets": {"2019-12-31": "1373.81500", "2018-12-31": "1388.19000", "2017-12-31": "1428.23700", "2016-12-31": "1419.58100", "2015-12-31": "1452.76300", "2014-12-31": "1213.59200", "2013-12-31": "1268.09900", "2012-12-31": "1203.92700", "2011-12-31": "1208.55900", "2010-12-31": "1159.64200", "2009-12-31": "989.60500", "2008-12-31": "950.31400", "2007-12-31": "987.99900", "2006-12-31": "994.48100", "2005-12-31": "981.11400"}, "Other Long-Term Assets": {"2019-12-31": "227.18500", "2018-12-31": "190.16400", "2017-12-31": "199.72200", "2016-12-31": "183.12600", "2015-12-31": "224.33000", "2014-12-31": "234.96500", "2013-12-31": "185.43000", "2012-12-31": "185.93000", "2011-12-31": "169.11200", "2010-12-31": "170.93600", "2009-12-31": "168.17100", "2008-12-31": "161.15900", "2007-12-31": "132.94300", "2006-12-31": "103.25000", "2005-12-31": "91.34200"}, "Total Long-Term Assets": {"2019-12-31": "2414.27200", "2018-12-31": "2233.13200", "2017-12-31": "2351.72900", "2016-12-31": "2411.23400", "2015-12-31": "2505.78400", "2014-12-31": "2173.85700", "2013-12-31": "2189.35100", "2012-12-31": "2070.74200", "2011-12-31": "1994.26000", "2010-12-31": "1936.16600", "2009-12-31": "1749.57200", "2008-12-31": "1691.26900", "2007-12-31": "1623.65000", "2006-12-31": "1566.35400", "2005-12-31": "1503.83200"}, "Total Assets": {"2019-12-31": "4919.64200", "2018-12-31": "4616.27700", "2017-12-31": "4910.47400", "2016-12-31": "4708.92300", "2015-12-31": "4963.10600", "2014-12-31": "4968.02000", "2013-12-31": "5036.73300", "2012-12-31": "4810.95800", "2011-12-31": "4622.61400", "2010-12-31": "4459.91000", "2009-12-31": "4248.89400", "2008-12-31": "4023.69400", "2007-12-31": "3520.42100", "2006-12-31": "2869.23500", "2005-12-31": "2613.66400"}, "Total Current Liabilities": {"2019-12-31": "1112.88800", "2018-12-31": "1080.97500", "2017-12-31": "1242.90800", "2016-12-31": "1178.43800", "2015-12-31": "1350.37600", "2014-12-31": "1471.87500", "2013-12-31": "1558.09900", "2012-12-31": "1590.62500", "2011-12-31": "1470.32100", "2010-12-31": "1456.37500", "2009-12-31": "1458.08300", "2008-12-31": "1607.99600", "2007-12-31": "1250.18000", "2006-12-31": "884.03600", "2005-12-31": "711.47600"}, "Long Term Debt": {"2019-12-31": "1365.97700", "2018-12-31": "1414.82900", "2017-12-31": "1499.65800", "2016-12-31": "1485.25800", "2015-12-31": "1560.56200", "2014-12-31": "1101.79100", "2013-12-31": "1127.61900", "2012-12-31": "869.11600", "2011-12-31": "451.59300", "2010-12-31": "476.23000", "2009-12-31": "539.37300", "2008-12-31": "545.61700", "2007-12-31": "550.79500", "2006-12-31": "556.51900", "2005-12-31": "652.76900"}, "Other Non-Current Liabilities": {"2019-12-31": "", "2018-12-31": "", "2017-12-31": "", "2016-12-31": "", "2015-12-31": "", "2014-12-31": "", "2013-12-31": "", "2012-12-31": "", "2011-12-31": "", "2010-12-31": "", "2009-12-31": "", "2008-12-31": "", "2007-12-31": "", "2006-12-31": "", "2005-12-31": ""}, "Total Long Term Liabilities": {"2019-12-31": "1990.79500", "2018-12-31": "1874.52200", "2017-12-31": "1996.61200", "2016-12-31": "1893.09700", "2015-12-31": "1948.34800", "2014-12-31": "1554.30200", "2013-12-31": "1601.51300", "2012-12-31": "1325.85800", "2011-12-31": "874.06300", "2010-12-31": "890.50200", "2009-12-31": "989.06400", "2008-12-31": "1041.50000", "2007-12-31": "977.26400", "2006-12-31": "964.61300", "2005-12-31": "1048.78200"}, "Total Liabilities": {"2019-12-31": "3103.68300", "2018-12-31": "2955.49700", "2017-12-31": "3239.52000", "2016-12-31": "3071.53500", "2015-12-31": "3298.72400", "2014-12-31": "3026.17700", "2013-12-31": "3159.61200", "2012-12-31": "2916.48300", "2011-12-31": "2344.38400", "2010-12-31": "2346.87700", "2009-12-31": "2447.14700", "2008-12-31": "2649.49600", "2007-12-31": "2227.44400", "2006-12-31": "1848.64900", "2005-12-31": "1760.25800"}, "Common Stock Net": {"2019-12-31": "220.99100", "2018-12-31": "220.99100", "2017-12-31": "220.99100", "2016-12-31": "220.99100", "2015-12-31": "220.99100", "2014-12-31": "220.99100", "2013-12-31": "220.99100", "2012-12-31": "220.99100", "2011-12-31": "73.66400", "2010-12-31": "73.66400", "2009-12-31": "73.59400", "2008-12-31": "73.47700", "2007-12-31": "73.39400", "2006-12-31": "73.28900", "2005-12-31": "72.01800"}, "Retained Earnings (Accumulated Deficit)": {"2019-12-31": "3695.86200", "2018-12-31": "3543.00700", "2017-12-31": "3503.94700", "2016-12-31": "3598.39600", "2015-12-31": "3565.95800", "2014-12-31": "3415.73800", "2013-12-31": "2985.39100", "2012-12-31": "2579.30800", "2011-12-31": "2205.52400", "2010-12-31": "1848.68000", "2009-12-31": "1526.77400", "2008-12-31": "1159.63400", "2007-12-31": "774.36600", "2006-12-31": "582.76700", "2005-12-31": "467.73500"}, "Comprehensive Income": {"2019-12-31": "-584.29200", "2018-12-31": "-573.94700", "2017-12-31": "-505.47300", "2016-12-31": "-624.78800", "2015-12-31": "-538.23200", "2014-12-31": "-380.40600", "2013-12-31": "-221.47700", "2012-12-31": "-224.31000", "2011-12-31": "-216.09700", "2010-12-31": "-150.50600", "2009-12-31": "-149.02800", "2008-12-31": "-211.32000", "2007-12-31": "-21.38400", "2006-12-31": "-90.34000", "2005-12-31": "-130.65700"}, "Other Share Holders Equity": {"2019-12-31": "", "2018-12-31": "", "2017-12-31": "", "2016-12-31": "", "2015-12-31": "", "2014-12-31": "", "2013-12-31": "", "2012-12-31": "", "2011-12-31": "", "2010-12-31": "", "2009-12-31": "", "2008-12-31": "", "2007-12-31": "", "2006-12-31": "", "2005-12-31": ""}, "Share Holder Equity": {"2019-12-31": "1815.95900", "2018-12-31": "1660.78000", "2017-12-31": "1670.95400", "2016-12-31": "1637.38800", "2015-12-31": "1664.38200", "2014-12-31": "1941.84300", "2013-12-31": "1877.12100", "2012-12-31": "1894.47500", "2011-12-31": "2278.23000", "2010-12-31": "2113.03300", "2009-12-31": "1801.74700", "2008-12-31": "1374.19800", "2007-12-31": "1292.97700", "2006-12-31": "1020.58600", "2005-12-31": "853.40600"}, "Total Liabilities And Share Holders Equity": {"2019-12-31": "4919.64200", "2018-12-31": "4616.27700", "2017-12-31": "4910.47400", "2016-12-31": "4708.92300", "2015-12-31": "4963.10600", "2014-12-31": "4968.02000", "2013-12-31": "5036.73300", "2012-12-31": "4810.95800", "2011-12-31": "4622.61400", "2010-12-31": "4459.91000", "2009-12-31": "4248.89400", "2008-12-31": "4023.69400", "2007-12-31": "3520.42100", "2006-12-31": "2869.23500", "2005-12-31": "2613.66400"}}, "balance sheet, quarterly": {"Cash On Hand": {"2020-09-30": "921.17800", "2020-06-30": "561.70500", "2020-03-31": "622.29900", "2019-12-31": "670.98000", "2019-09-30": "547.27000", "2019-06-30": "596.47000", "2019-03-31": "637.71000", "2018-12-31": "619.68300", "2018-09-30": "529.94200", "2018-06-30": "517.44200", "2018-03-31": "535.65700", "2017-12-31": "703.44500", "2017-09-30": "502.14300", "2017-06-30": "505.16100", "2017-03-31": "325.78300", "2016-12-31": "367.16200", "2016-09-30": "260.87000", "2016-06-30": "266.01300", "2016-03-31": "310.31800", "2015-12-31": "366.44400", "2015-09-30": "237.84200", "2015-06-30": "315.30400", "2015-03-31": "333.77600", "2014-12-31": "450.35000", "2014-09-30": "162.86900", "2014-06-30": "143.56900", "2014-03-31": "164.41600", "2013-12-31": "363.80400", "2013-09-30": "113.75100", "2013-06-30": "104.71200", "2013-03-31": "169.43700", "2012-12-31": "304.25200", "2012-09-30": "217.42000", "2012-06-30": "175.21300", "2012-03-31": "172.69400", "2011-12-31": "337.35600", "2011-09-30": "227.88500", "2011-06-30": "221.31200", "2011-03-31": "288.85800", "2010-12-31": "557.57900", "2010-09-30": "310.61300", "2010-06-30": "503.50200", "2010-03-31": "468.35600", "2009-12-31": "654.32000", "2009-09-30": "291.22500", "2009-06-30": "251.53800", "2009-03-31": "201.53900", "2008-12-31": "472.05600", "2008-09-30": "153.95000", "2008-06-30": "137.10200", "2008-03-31": "199.39400", "2007-12-31": "373.23800", "2007-09-30": "74.83700", "2007-06-30": "50.97900", "2007-03-31": "40.46300", "2006-12-31": "70.45700", "2006-09-30": "52.41700", "2006-06-30": "60.68300", "2006-03-31": "48.70400", "2005-12-31": "96.49200", "2005-09-30": "37.39300", "2005-06-30": "42.92700", "2005-03-31": "27.72100"}, "Receivables": {"2020-09-30": "750.89700", "2020-06-30": "759.38100", "2020-03-31": "732.87900", "2019-12-31": "795.53800", "2019-09-30": "789.44800", "2019-06-30": "806.72400", "2019-03-31": "781.38200", "2018-12-31": "792.43400", "2018-09-30": "780.40800", "2018-06-30": "815.70800", "2018-03-31": "775.24400", "2017-12-31": "856.71100", "2017-09-30": "851.24600", "2017-06-30": "832.03600", "2017-03-31": "831.36200", "2016-12-31": "882.63800", "2016-09-30": "896.75500", "2016-06-30": "945.96600", "2016-03-31": "914.68400", "2015-12-31": "985.77200", "2015-09-30": "999.70000", "2015-06-30": "1042.40400", "2015-03-31": "1015.54400", "2014-12-31": "1082.44700", "2014-09-30": "1131.07500", "2014-06-30": "1157.75800", "2014-03-31": "1064.21600", "2013-12-31": "1155.32700", "2013-09-30": "1089.74800", "2013-06-30": "1080.24000", "2013-03-31": "1056.32100", "2012-12-31": "1103.72400", "2012-09-30": "1105.64100", "2012-06-30": "1057.64200", "2012-03-31": "1049.12500", "2011-12-31": "1060.24900", "2011-09-30": "1022.89700", "2011-06-30": "1000.70200", "2011-03-31": "909.34200", "2010-12-31": "839.56600", "2010-09-30": "839.71000", "2010-06-30": "762.85900", "2010-03-31": "815.87100", "2009-12-31": "791.72200", "2009-09-30": "841.25100", "2009-06-30": "853.13900", "2009-03-31": "828.44500", "2008-12-31": "808.52200", "2008-09-30": "912.04200", "2008-06-30": "919.85600", "2008-03-31": "788.45900", "2007-12-31": "666.73300", "2007-09-30": "704.73400", "2007-06-30": "664.40800", "2007-03-31": "579.50600", "2006-12-31": "551.81500", "2006-09-30": "519.06300", "2006-06-30": "506.10700", "2006-03-31": "481.28000", "2005-12-31": "472.94600", "2005-09-30": "424.00600", "2005-06-30": "434.04500", "2005-03-31": "432.92100"}, "Inventory": {"2020-09-30": "714.48900", "2020-06-30": "684.43100", "2020-03-31": "684.11300", "2019-12-31": "660.83700", "2019-09-30": "687.23900", "2019-06-30": "680.89800", "2019-03-31": "680.19100", "2018-12-31": "633.87100", "2018-09-30": "655.65200", "2018-06-30": "675.32500", "2018-03-31": "701.84700", "2017-12-31": "884.27300", "2017-09-30": "951.59800", "2017-06-30": "941.81600", "2017-03-31": "940.00000", "2016-12-31": "897.69000", "2016-09-30": "1038.94400", "2016-06-30": "1057.96700", "2016-03-31": "1088.15500", "2015-12-31": "978.64100", "2015-09-30": "1116.44500", "2015-06-30": "1129.69500", "2015-03-31": "1118.94000", "2014-12-31": "995.56400", "2014-09-30": "1118.28300", "2014-06-30": "1160.18100", "2014-03-31": "1121.24800", "2013-12-31": "1060.67000", "2013-09-30": "1184.18800", "2013-06-30": "1184.24200", "2013-03-31": "1155.77300", "2012-12-31": "1086.66300", "2012-09-30": "1155.72500", "2012-06-30": "1149.17800", "2012-03-31": "1141.34100", "2011-12-31": "1008.37900", "2011-09-30": "1076.70400", "2011-06-30": "1090.57500", "2011-03-31": "1021.44300", "2010-12-31": "886.73100", "2010-09-30": "947.81800", "2010-06-30": "798.03500", "2010-03-31": "797.06900", "2009-12-31": "795.23300", "2009-09-30": "884.42200", "2009-06-30": "891.61000", "2009-03-31": "884.03300", "2008-12-31": "834.61200", "2008-09-30": "859.28900", "2008-06-30": "892.81000", "2008-03-31": "853.88100", "2007-12-31": "680.19900", "2007-09-30": "729.87100", "2007-06-30": "680.95500", "2007-03-31": "627.42700", "2006-12-31": "547.37300", "2006-09-30": "489.73500", "2006-06-30": "429.40700", "2006-03-31": "391.67500", "2005-12-31": "416.41300", "2005-09-30": "405.29800", "2005-06-30": "403.15200", "2005-03-31": "409.56400"}, "Pre-Paid Expenses": {"2020-09-30": "109.45100", "2020-06-30": "115.88900", "2020-03-31": "110.29600", "2019-12-31": "106.47800", "2019-09-30": "113.40400", "2019-06-30": "109.79200", "2019-03-31": "112.49000", "2018-12-31": "108.57800", "2018-09-30": "97.24800", "2018-06-30": "107.29200", "2018-03-31": "112.37500", "2017-12-31": "114.31600", "2017-09-30": "134.02300", "2017-06-30": "136.54200", "2017-03-31": "154.63300", "2016-12-31": "150.19900", "2016-09-30": "186.31100", "2016-06-30": "153.41600", "2016-03-31": "116.03200", "2015-12-31": "126.46500", "2015-09-30": "157.96900", "2015-06-30": "138.14200", "2015-03-31": "133.27500", "2014-12-31": "106.89000", "2014-09-30": "103.03700", "2014-06-30": "109.20600", "2014-03-31": "100.90100", "2013-12-31": "110.13300", "2013-09-30": "88.20400", "2013-06-30": "94.39900", "2013-03-31": "99.90500", "2012-12-31": "94.48400", "2012-09-30": "113.67300", "2012-06-30": "109.00900", "2012-03-31": "117.66900", "2011-12-31": "100.46500", "2011-09-30": "121.07100", "2011-06-30": "143.17800", "2011-03-31": "137.58900", "2010-12-31": "107.87200", "2010-09-30": "115.94100", "2010-06-30": "96.62100", "2010-03-31": "135.97400", "2009-12-31": "112.18300", "2009-09-30": "114.34200", "2009-06-30": "100.25400", "2009-03-31": "92.13700", "2008-12-31": "90.34500", "2008-09-30": "92.66500", "2008-06-30": "87.31700", "2008-03-31": "93.60000", "2007-12-31": "71.38000", "2007-09-30": "82.87400", "2007-06-30": "65.05900", "2007-03-31": "57.44900", "2006-12-31": "38.20900", "2006-09-30": "36.27400", "2006-06-30": "37.16000", "2006-03-31": "31.93900", "2005-12-31": "26.03400", "2005-09-30": "67.80500", "2005-06-30": "66.62500", "2005-03-31": "64.99900"}, "Other Current Assets": {"2020-09-30": "", "2020-06-30": "", "2020-03-31": "", "2019-12-31": "", "2019-09-30": "", "2019-06-30": "", "2019-03-31": "", "2018-12-31": "", "2018-09-30": "", "2018-06-30": "", "2018-03-31": "", "2017-12-31": "", "2017-09-30": "", "2017-06-30": "", "2017-03-31": "", "2016-12-31": "", "2016-09-30": "", "2016-06-30": "", "2016-03-31": "", "2015-12-31": "", "2015-09-30": "", "2015-06-30": "", "2015-03-31": "", "2014-12-31": "", "2014-09-30": "", "2014-06-30": "", "2014-03-31": "", "2013-12-31": "", "2013-09-30": "", "2013-06-30": "", "2013-03-31": "", "2012-12-31": "", "2012-09-30": "", "2012-06-30": "", "2012-03-31": "", "2011-12-31": "", "2011-09-30": "", "2011-06-30": "", "2011-03-31": "", "2010-12-31": "", "2010-09-30": "", "2010-06-30": "", "2010-03-31": "", "2009-12-31": "", "2009-09-30": "", "2009-06-30": "", "2009-03-31": "", "2008-12-31": "", "2008-09-30": "", "2008-06-30": "", "2008-03-31": "", "2007-12-31": "", "2007-09-30": "", "2007-06-30": "", "2007-03-31": "", "2006-12-31": "", "2006-09-30": "", "2006-06-30": "", "2006-03-31": "", "2005-12-31": "", "2005-09-30": "", "2005-06-30": "", "2005-03-31": ""}, "Total Current Assets": {"2020-09-30": "2806.14500", "2020-06-30": "2430.55500", "2020-03-31": "2425.51400", "2019-12-31": "2506.74700", "2019-09-30": "2395.66000", "2019-06-30": "2409.32400", "2019-03-31": "2436.62300", "2018-12-31": "2383.14500", "2018-09-30": "2324.66700", "2018-06-30": "2372.99100", "2018-03-31": "2411.31300", "2017-12-31": "2558.74500", "2017-09-30": "2439.01000", "2017-06-30": "2415.55500", "2017-03-31": "2251.77800", "2016-12-31": "2297.68900", "2016-09-30": "2382.88000", "2016-06-30": "2423.36200", "2016-03-31": "2429.18900", "2015-12-31": "2457.32200", "2015-09-30": "2649.72900", "2015-06-30": "2778.94000", "2015-03-31": "2760.33800", "2014-12-31": "2794.16300", "2014-09-30": "2673.21000", "2014-06-30": "2728.99000", "2014-03-31": "2607.26700", "2013-12-31": "2847.38200", "2013-09-30": "2626.65100", "2013-06-30": "2611.86600", "2013-03-31": "2633.83800", "2012-12-31": "2740.21600", "2012-09-30": "2721.07000", "2012-06-30": "2617.64700", "2012-03-31": "2606.22300", "2011-12-31": "2628.35400", "2011-09-30": "2577.46600", "2011-06-30": "2589.62200", "2011-03-31": "2493.22000", "2010-12-31": "2523.74400", "2010-09-30": "2334.22500", "2010-06-30": "2293.90700", "2010-03-31": "2358.39000", "2009-12-31": "2499.32200", "2009-09-30": "2267.79300", "2009-06-30": "2221.05000", "2009-03-31": "2125.28000", "2008-12-31": "2332.42500", "2008-09-30": "2104.61200", "2008-06-30": "2146.40400", "2008-03-31": "2045.08500", "2007-12-31": "1896.77100", "2007-09-30": "1691.39600", "2007-06-30": "1558.28100", "2007-03-31": "1400.76300", "2006-12-31": "1302.88100", "2006-09-30": "1210.57700", "2006-06-30": "1154.95300", "2006-03-31": "1074.39100", "2005-12-31": "1109.83200", "2005-09-30": "1047.54600", "2005-06-30": "1055.03700", "2005-03-31": "1020.64100"}, "Property, Plant, And Equipment": {"2020-09-30": "551.01100", "2020-06-30": "541.76800", "2020-03-31": "550.85300", "2019-12-31": "563.56400", "2019-09-30": "575.84500", "2019-06-30": "590.21300", "2019-03-31": "587.91500", "2018-12-31": "610.09600", "2018-09-30": "608.73900", "2018-06-30": "625.97900", "2018-03-31": "668.45600", "2017-12-31": "671.79600", "2017-09-30": "673.55500", "2017-06-30": "678.90700", "2017-03-31": "715.56300", "2016-12-31": "724.80500", "2016-09-30": "750.12800", "2016-06-30": "755.10500", "2016-03-31": "767.63300", "2015-12-31": "758.42700", "2015-09-30": "756.17900", "2015-06-30": "767.90400", "2015-03-31": "752.01500", "2014-12-31": "693.88100", "2014-09-30": "678.30700", "2014-06-30": "696.75100", "2014-03-31": "694.92100", "2013-12-31": "716.28900", "2013-09-30": "678.93400", "2013-06-30": "660.11900", "2013-03-31": "666.42200", "2012-12-31": "654.17900", "2012-09-30": "605.36000", "2012-06-30": "591.80500", "2012-03-31": "602.85400", "2011-12-31": "598.74600", "2011-09-30": "564.75900", "2011-06-30": "593.23300", "2011-03-31": "586.34800", "2010-12-31": "581.24500", "2010-09-30": "544.44900", "2010-06-30": "503.33400", "2010-03-31": "534.13300", "2009-12-31": "560.47200", "2009-09-30": "561.67900", "2009-06-30": "550.51100", "2009-03-31": "533.78400", "2008-12-31": "547.23500", "2008-09-30": "493.71100", "2008-06-30": "508.74300", "2008-03-31": "501.64000", "2007-12-31": "488.89200", "2007-09-30": "472.70400", "2007-06-30": "462.92900", "2007-03-31": "450.81500", "2006-12-31": "442.89200", "2006-09-30": "418.96900", "2006-06-30": "421.89300", "2006-03-31": "400.68600", "2005-12-31": "397.62200", "2005-09-30": "397.32200", "2005-06-30": "401.55800", "2005-03-31": "418.95900"}, "Long-Term Investments": {"2020-09-30": "", "2020-06-30": "", "2020-03-31": "", "2019-12-31": "", "2019-09-30": "", "2019-06-30": "", "2019-03-31": "", "2018-12-31": "", "2018-09-30": "", "2018-06-30": "", "2018-03-31": "", "2017-12-31": "", "2017-09-30": "", "2017-06-30": "", "2017-03-31": "", "2016-12-31": "", "2016-09-30": "", "2016-06-30": "", "2016-03-31": "", "2015-12-31": "", "2015-09-30": "", "2015-06-30": "", "2015-03-31": "", "2014-12-31": "", "2014-09-30": "", "2014-06-30": "", "2014-03-31": "", "2013-12-31": "", "2013-09-30": "", "2013-06-30": "", "2013-03-31": "", "2012-12-31": "", "2012-09-30": "", "2012-06-30": "", "2012-03-31": "", "2011-12-31": "", "2011-09-30": "", "2011-06-30": "", "2011-03-31": "", "2010-12-31": "", "2010-09-30": "", "2010-06-30": "", "2010-03-31": "", "2009-12-31": "", "2009-09-30": "", "2009-06-30": "", "2009-03-31": "", "2008-12-31": "", "2008-09-30": "", "2008-06-30": "", "2008-03-31": "", "2007-12-31": "", "2007-09-30": "", "2007-06-30": "", "2007-03-31": "", "2006-12-31": "", "2006-09-30": "", "2006-06-30": "", "2006-03-31": "", "2005-12-31": "", "2005-09-30": "", "2005-06-30": "", "2005-03-31": ""}, "Goodwill And Intangible Assets": {"2020-09-30": "1375.85500", "2020-06-30": "1360.44400", "2020-03-31": "1354.80200", "2019-12-31": "1373.81500", "2019-09-30": "1360.41000", "2019-06-30": "1378.22900", "2019-03-31": "1377.99600", "2018-12-31": "1388.19000", "2018-09-30": "1399.63200", "2018-06-30": "1407.13000", "2018-03-31": "1440.45100", "2017-12-31": "1428.23700", "2017-09-30": "1423.96900", "2017-06-30": "1417.08500", "2017-03-31": "1427.87700", "2016-12-31": "1419.58100", "2016-09-30": "1449.09700", "2016-06-30": "1449.63000", "2016-03-31": "1468.48100", "2015-12-31": "1452.76300", "2015-09-30": "1470.72900", "2015-06-30": "1479.04500", "2015-03-31": "1462.46900", "2014-12-31": "1213.59200", "2014-09-30": "1225.28300", "2014-06-30": "1253.82800", "2014-03-31": "1256.92900", "2013-12-31": "1268.09900", "2013-09-30": "1201.86900", "2013-06-30": "1190.12300", "2013-03-31": "1189.41600", "2012-12-31": "1203.92700", "2012-09-30": "1199.62000", "2012-06-30": "1197.24900", "2012-03-31": "1218.71500", "2011-12-31": "1208.55900", "2011-09-30": "1153.33700", "2011-06-30": "1182.42900", "2011-03-31": "1174.71300", "2010-12-31": "1159.64200", "2010-09-30": "1156.44300", "2010-06-30": "967.05300", "2010-03-31": "978.26100", "2009-12-31": "989.60500", "2009-09-30": "993.27100", "2009-06-30": "992.37810", "2009-03-31": "943.13100", "2008-12-31": "950.31400", "2008-09-30": "968.62700", "2008-06-30": "989.29600", "2008-03-31": "991.67000", "2007-12-31": "987.99900", "2007-09-30": "992.71100", "2007-06-30": "991.38300", "2007-03-31": "991.27700", "2006-12-31": "994.48100", "2006-09-30": "989.76500", "2006-06-30": "991.44600", "2006-03-31": "981.17400", "2005-12-31": "981.11400", "2005-09-30": "986.34100", "2005-06-30": "997.14700", "2005-03-31": "1009.57900"}, "Other Long-Term Assets": {"2020-09-30": "241.50900", "2020-06-30": "218.60400", "2020-03-31": "216.92400", "2019-12-31": "253.05400", "2019-09-30": "206.19100", "2019-06-30": "198.90100", "2019-03-31": "197.56200", "2018-12-31": "190.16400", "2018-09-30": "210.87300", "2018-06-30": "189.94600", "2018-03-31": "202.35100", "2017-12-31": "199.72200", "2017-09-30": "203.96800", "2017-06-30": "189.72200", "2017-03-31": "186.66800", "2016-12-31": "183.12600", "2016-09-30": "195.40200", "2016-06-30": "232.13600", "2016-03-31": "232.77800", "2015-12-31": "224.33000", "2015-09-30": "256.70000", "2015-06-30": "259.18600", "2015-03-31": "249.01900", "2014-12-31": "234.96500", "2014-09-30": "195.71300", "2014-06-30": "185.83000", "2014-03-31": "180.84700", "2013-12-31": "185.43000", "2013-09-30": "162.49900", "2013-06-30": "150.65000", "2013-03-31": "151.79400", "2012-12-31": "185.93000", "2012-09-30": "198.03900", "2012-06-30": "179.89100", "2012-03-31": "176.06800", "2011-12-31": "169.11200", "2011-09-30": "163.56000", "2011-06-30": "174.48400", "2011-03-31": "174.64300", "2010-12-31": "170.93600", "2010-09-30": "165.33100", "2010-06-30": "165.17600", "2010-03-31": "166.92800", "2009-12-31": "168.17100", "2009-09-30": "162.17900", "2009-06-30": "158.21100", "2009-03-31": "160.04000", "2008-12-31": "161.15900", "2008-09-30": "123.76300", "2008-06-30": "134.28400", "2008-03-31": "136.73700", "2007-12-31": "132.94300", "2007-09-30": "116.70600", "2007-06-30": "114.91500", "2007-03-31": "114.07600", "2006-12-31": "103.25000", "2006-09-30": "93.94000", "2006-06-30": "93.39200", "2006-03-31": "95.55500", "2005-12-31": "91.34200", "2005-09-30": "110.04100", "2005-06-30": "118.21100", "2005-03-31": "118.96300"}, "Total Long-Term Assets": {"2020-09-30": "2367.43100", "2020-06-30": "2325.14700", "2020-03-31": "2336.56000", "2019-12-31": "2431.53000", "2019-09-30": "2368.83200", "2019-06-30": "2411.88500", "2019-03-31": "2409.87400", "2018-12-31": "2233.13200", "2018-09-30": "2280.39700", "2018-06-30": "2277.63100", "2018-03-31": "2359.00300", "2017-12-31": "2351.72900", "2017-09-30": "2395.13000", "2017-06-30": "2379.56000", "2017-03-31": "2412.39800", "2016-12-31": "2411.23400", "2016-09-30": "2470.72200", "2016-06-30": "2508.31000", "2016-03-31": "2551.86100", "2015-12-31": "2505.78400", "2015-09-30": "2508.52600", "2015-06-30": "2533.18200", "2015-03-31": "2491.34300", "2014-12-31": "2173.85700", "2014-09-30": "2120.56400", "2014-06-30": "2157.12000", "2014-03-31": "2152.14100", "2013-12-31": "2189.35100", "2013-09-30": "2069.54300", "2013-06-30": "2026.27700", "2013-03-31": "2034.45600", "2012-12-31": "2070.74200", "2012-09-30": "2022.67800", "2012-06-30": "1988.23600", "2012-03-31": "2012.18700", "2011-12-31": "1994.26000", "2011-09-30": "1903.03900", "2011-06-30": "1973.65400", "2011-03-31": "1956.31400", "2010-12-31": "1936.16600", "2010-09-30": "1895.59900", "2010-06-30": "1664.65800", "2010-03-31": "1710.65100", "2009-12-31": "1749.57200", "2009-09-30": "1749.23400", "2009-06-30": "1732.28500", "2009-03-31": "1668.38200", "2008-12-31": "1691.26900", "2008-09-30": "1640.69500", "2008-06-30": "1646.86400", "2008-03-31": "1650.53100", "2007-12-31": "1623.65000", "2007-09-30": "1583.26000", "2007-06-30": "1570.06300", "2007-03-31": "1559.36500", "2006-12-31": "1566.35400", "2006-09-30": "1536.74300", "2006-06-30": "1524.19300", "2006-03-31": "1507.73100", "2005-12-31": "1503.83200", "2005-09-30": "1522.48200", "2005-06-30": "1534.66400", "2005-03-31": "1576.47300"}, "Total Assets": {"2020-09-30": "5173.57600", "2020-06-30": "4755.70200", "2020-03-31": "4762.07400", "2019-12-31": "4938.27700", "2019-09-30": "4764.49200", "2019-06-30": "4821.20900", "2019-03-31": "4846.49700", "2018-12-31": "4616.27700", "2018-09-30": "4605.06400", "2018-06-30": "4650.62200", "2018-03-31": "4770.31600", "2017-12-31": "4910.47400", "2017-09-30": "4834.14000", "2017-06-30": "4795.11500", "2017-03-31": "4664.17600", "2016-12-31": "4708.92300", "2016-09-30": "4853.60200", "2016-06-30": "4931.67200", "2016-03-31": "4981.05000", "2015-12-31": "4963.10600", "2015-09-30": "5158.25500", "2015-06-30": "5312.12200", "2015-03-31": "5251.68100", "2014-12-31": "4968.02000", "2014-09-30": "4793.77400", "2014-06-30": "4886.11000", "2014-03-31": "4759.40800", "2013-12-31": "5036.73300", "2013-09-30": "4696.19400", "2013-06-30": "4638.14300", "2013-03-31": "4668.29400", "2012-12-31": "4810.95800", "2012-09-30": "4743.74800", "2012-06-30": "4605.88300", "2012-03-31": "4618.41000", "2011-12-31": "4622.61400", "2011-09-30": "4480.50500", "2011-06-30": "4563.27600", "2011-03-31": "4449.53400", "2010-12-31": "4459.91000", "2010-09-30": "4229.82400", "2010-06-30": "3958.56500", "2010-03-31": "4069.04100", "2009-12-31": "4248.89400", "2009-09-30": "4017.02700", "2009-06-30": "3953.33500", "2009-03-31": "3793.66200", "2008-12-31": "4023.69400", "2008-09-30": "3745.30700", "2008-06-30": "3793.26800", "2008-03-31": "3695.61600", "2007-12-31": "3520.42100", "2007-09-30": "3274.65600", "2007-06-30": "3128.34400", "2007-03-31": "2960.12800", "2006-12-31": "2869.23500", "2006-09-30": "2747.32000", "2006-06-30": "2679.14600", "2006-03-31": "2582.12200", "2005-12-31": "2613.66400", "2005-09-30": "2570.02800", "2005-06-30": "2589.70100", "2005-03-31": "2597.11400"}, "Total Current Liabilities": {"2020-09-30": "1093.58200", "2020-06-30": "1088.73800", "2020-03-31": "1106.03100", "2019-12-31": "1117.44200", "2019-09-30": "1048.19600", "2019-06-30": "1058.87100", "2019-03-31": "1121.43100", "2018-12-31": "1080.97500", "2018-09-30": "1040.08000", "2018-06-30": "1052.85500", "2018-03-31": "1052.96100", "2017-12-31": "1242.90800", "2017-09-30": "1148.31700", "2017-06-30": "1146.32300", "2017-03-31": "1098.88400", "2016-12-31": "1178.43800", "2016-09-30": "1201.73900", "2016-06-30": "1238.60200", "2016-03-31": "1279.80200", "2015-12-31": "1350.37600", "2015-09-30": "1314.27900", "2015-06-30": "1365.41800", "2015-03-31": "1340.76600", "2014-12-31": "1471.87500", "2014-09-30": "1314.60500", "2014-06-30": "1350.71600", "2014-03-31": "1314.01000", "2013-12-31": "1558.09900", "2013-09-30": "1594.24900", "2013-06-30": "1620.09000", "2013-03-31": "1563.12600", "2012-12-31": "1590.62500", "2012-09-30": "1410.43900", "2012-06-30": "1752.59000", "2012-03-31": "1379.82000", "2011-12-31": "1470.32100", "2011-09-30": "1298.06600", "2011-06-30": "1334.28900", "2011-03-31": "1323.89500", "2010-12-31": "1456.37500", "2010-09-30": "1268.24900", "2010-06-30": "1157.49500", "2010-03-31": "1262.98500", "2009-12-31": "1458.08300", "2009-09-30": "1316.34200", "2009-06-30": "1342.96400", "2009-03-31": "1340.86400", "2008-12-31": "1607.99600", "2008-09-30": "1436.78200", "2008-06-30": "1341.79100", "2008-03-31": "1289.10700", "2007-12-31": "1250.18000", "2007-09-30": "1121.45900", "2007-06-30": "1059.40200", "2007-03-31": "962.40000", "2006-12-31": "884.03600", "2006-09-30": "749.15100", "2006-06-30": "692.06100", "2006-03-31": "667.69300", "2005-12-31": "711.47600", "2005-09-30": "659.11600", "2005-06-30": "739.23200", "2005-03-31": "698.61300"}, "Long Term Debt": {"2020-09-30": "1701.08200", "2020-06-30": "1367.47800", "2020-03-31": "1357.10800", "2019-12-31": "1365.97700", "2019-09-30": "1350.26500", "2019-06-30": "1386.47500", "2019-03-31": "1392.23800", "2018-12-31": "1414.82900", "2018-09-30": "1436.74600", "2018-06-30": "1454.94700", "2018-03-31": "1501.42300", "2017-12-31": "1499.65800", "2017-09-30": "1506.05700", "2017-06-30": "1500.98800", "2017-03-31": "1477.54900", "2016-12-31": "1485.25800", "2016-09-30": "1535.67800", "2016-06-30": "1543.55700", "2016-03-31": "1573.45000", "2015-12-31": "1560.56200", "2015-09-30": "1610.05900", "2015-06-30": "1626.15000", "2015-03-31": "1620.78200", "2014-12-31": "1101.79100", "2014-09-30": "1112.63600", "2014-06-30": "1123.86100", "2014-03-31": "1117.24400", "2013-12-31": "1127.61900", "2013-09-30": "839.22400", "2013-06-30": "849.21100", "2013-03-31": "859.28900", "2012-12-31": "869.11600", "2012-09-30": "879.13500", "2012-06-30": "426.14000", "2012-03-31": "438.64800", "2011-12-31": "451.59300", "2011-09-30": "457.85500", "2011-06-30": "464.46300", "2011-03-31": "470.85700", "2010-12-31": "476.23000", "2010-09-30": "535.82500", "2010-06-30": "536.38100", "2010-03-31": "537.84700", "2009-12-31": "539.37300", "2009-09-30": "541.15100", "2009-06-30": "542.63400", "2009-03-31": "544.10100", "2008-12-31": "545.61700", "2008-09-30": "547.19100", "2008-06-30": "548.30300", "2008-03-31": "549.88400", "2007-12-31": "550.79500", "2007-09-30": "552.10900", "2007-06-30": "553.57800", "2007-03-31": "555.07400", "2006-12-31": "556.51900", "2006-09-30": "643.52500", "2006-06-30": "644.87500", "2006-03-31": "651.52000", "2005-12-31": "652.76900", "2005-09-30": "680.34700", "2005-06-30": "584.45500", "2005-03-31": "630.93400"}, "Other Non-Current Liabilities": {"2020-09-30": "", "2020-06-30": "", "2020-03-31": "", "2019-12-31": "", "2019-09-30": "", "2019-06-30": "", "2019-03-31": "", "2018-12-31": "", "2018-09-30": "", "2018-06-30": "", "2018-03-31": "", "2017-12-31": "", "2017-09-30": "", "2017-06-30": "", "2017-03-31": "", "2016-12-31": "", "2016-09-30": "", "2016-06-30": "", "2016-03-31": "", "2015-12-31": "", "2015-09-30": "", "2015-06-30": "", "2015-03-31": "", "2014-12-31": "", "2014-09-30": "", "2014-06-30": "", "2014-03-31": "", "2013-12-31": "", "2013-09-30": "", "2013-06-30": "", "2013-03-31": "", "2012-12-31": "", "2012-09-30": "", "2012-06-30": "", "2012-03-31": "", "2011-12-31": "", "2011-09-30": "", "2011-06-30": "", "2011-03-31": "", "2010-12-31": "", "2010-09-30": "", "2010-06-30": "", "2010-03-31": "", "2009-12-31": "", "2009-09-30": "", "2009-06-30": "", "2009-03-31": "", "2008-12-31": "", "2008-09-30": "", "2008-06-30": "", "2008-03-31": "", "2007-12-31": "", "2007-09-30": "", "2007-06-30": "", "2007-03-31": "", "2006-12-31": "", "2006-09-30": "", "2006-06-30": "", "2006-03-31": "", "2005-12-31": "", "2005-09-30": "", "2005-06-30": "", "2005-03-31": ""}, "Total Long Term Liabilities": {"2020-09-30": "2376.15100", "2020-06-30": "1976.61300", "2020-03-31": "1970.61800", "2019-12-31": "2048.49400", "2019-09-30": "1946.49200", "2019-06-30": "2012.55000", "2019-03-31": "2017.08000", "2018-12-31": "1874.52200", "2018-09-30": "1934.25700", "2018-06-30": "1956.21600", "2018-03-31": "2013.80800", "2017-12-31": "1996.61200", "2017-09-30": "1918.19400", "2017-06-30": "1923.00400", "2017-03-31": "1893.39300", "2016-12-31": "1893.09700", "2016-09-30": "1938.32300", "2016-06-30": "1930.78300", "2016-03-31": "1960.26200", "2015-12-31": "1948.34800", "2015-09-30": "2139.43000", "2015-06-30": "2162.79100", "2015-03-31": "2146.77300", "2014-12-31": "1554.30200", "2014-09-30": "1555.47000", "2014-06-30": "1596.65100", "2014-03-31": "1582.52500", "2013-12-31": "1601.51300", "2013-09-30": "1291.47800", "2013-06-30": "1296.10400", "2013-03-31": "1317.40800", "2012-12-31": "1325.85800", "2012-09-30": "1306.08400", "2012-06-30": "855.68900", "2012-03-31": "871.93800", "2011-12-31": "874.06300", "2011-09-30": "875.57000", "2011-06-30": "897.52700", "2011-03-31": "897.78500", "2010-12-31": "890.50200", "2010-09-30": "938.48700", "2010-06-30": "961.05300", "2010-03-31": "979.86100", "2009-12-31": "989.06400", "2009-09-30": "980.11000", "2009-06-30": "1028.81700", "2009-03-31": "1039.31100", "2008-12-31": "1041.50000", "2008-09-30": "898.55900", "2008-06-30": "948.17300", "2008-03-31": "992.77890", "2007-12-31": "977.26400", "2007-09-30": "986.52400", "2007-06-30": "989.61800", "2007-03-31": "984.51400", "2006-12-31": "964.61300", "2006-09-30": "1050.01400", "2006-06-30": "1074.43000", "2006-03-31": "1058.81400", "2005-12-31": "1048.78200", "2005-09-30": "1048.17900", "2005-06-30": "980.21500", "2005-03-31": "1038.27900"}, "Total Liabilities": {"2020-09-30": "3469.73300", "2020-06-30": "3065.35100", "2020-03-31": "3076.64900", "2019-12-31": "3165.93600", "2019-09-30": "2994.68800", "2019-06-30": "3071.42100", "2019-03-31": "3138.51100", "2018-12-31": "2955.49700", "2018-09-30": "2974.33700", "2018-06-30": "3009.07100", "2018-03-31": "3066.76900", "2017-12-31": "3239.52000", "2017-09-30": "3066.51100", "2017-06-30": "3069.32700", "2017-03-31": "2992.27700", "2016-12-31": "3071.53500", "2016-09-30": "3140.06200", "2016-06-30": "3169.38500", "2016-03-31": "3240.06400", "2015-12-31": "3298.72400", "2015-09-30": "3453.70900", "2015-06-30": "3528.20900", "2015-03-31": "3487.53900", "2014-12-31": "3026.17700", "2014-09-30": "2870.07500", "2014-06-30": "2947.36700", "2014-03-31": "2896.53500", "2013-12-31": "3159.61200", "2013-09-30": "2885.72700", "2013-06-30": "2916.19400", "2013-03-31": "2880.53400", "2012-12-31": "2916.48300", "2012-09-30": "2716.52300", "2012-06-30": "2608.27900", "2012-03-31": "2251.75800", "2011-12-31": "2344.38400", "2011-09-30": "2173.63600", "2011-06-30": "2231.81600", "2011-03-31": "2221.68000", "2010-12-31": "2346.87700", "2010-09-30": "2206.73600", "2010-06-30": "2118.54800", "2010-03-31": "2242.84600", "2009-12-31": "2447.14700", "2009-09-30": "2296.45200", "2009-06-30": "2371.78100", "2009-03-31": "2380.17500", "2008-12-31": "2649.49600", "2008-09-30": "2335.34100", "2008-06-30": "2289.96400", "2008-03-31": "2281.88600", "2007-12-31": "2227.44400", "2007-09-30": "2107.98300", "2007-06-30": "2049.02000", "2007-03-31": "1946.91400", "2006-12-31": "1848.64900", "2006-09-30": "1799.16500", "2006-06-30": "1766.49100", "2006-03-31": "1726.50700", "2005-12-31": "1760.25800", "2005-09-30": "1707.29500", "2005-06-30": "1719.44700", "2005-03-31": "1736.89200"}, "Common Stock Net": {"2020-09-30": "220.99100", "2020-06-30": "220.99100", "2020-03-31": "220.99100", "2019-12-31": "220.99100", "2019-09-30": "220.99100", "2019-06-30": "220.99100", "2019-03-31": "220.99100", "2018-12-31": "220.99100", "2018-09-30": "220.99100", "2018-06-30": "220.99100", "2018-03-31": "220.99100", "2017-12-31": "220.99100", "2017-09-30": "220.99100", "2017-06-30": "220.99100", "2017-03-31": "220.99100", "2016-12-31": "220.99100", "2016-09-30": "220.99100", "2016-06-30": "220.99100", "2016-03-31": "220.99100", "2015-12-31": "220.99100", "2015-09-30": "220.99100", "2015-06-30": "220.99100", "2015-03-31": "220.99100", "2014-12-31": "220.99100", "2014-09-30": "220.99100", "2014-06-30": "220.99100", "2014-03-31": "220.99100", "2013-12-31": "220.99100", "2013-09-30": "220.99100", "2013-06-30": "220.99100", "2013-03-31": "73.66400", "2012-12-31": "220.99100", "2012-09-30": "73.66400", "2012-06-30": "73.66400", "2012-03-31": "73.66400", "2011-12-31": "73.66400", "2011-09-30": "73.66400", "2011-06-30": "73.66400", "2011-03-31": "73.66400", "2010-12-31": "73.66400", "2010-09-30": "73.66400", "2010-06-30": "73.66400", "2010-03-31": "73.66400", "2009-12-31": "73.59400", "2009-09-30": "73.54700", "2009-06-30": "73.54700", "2009-03-31": "73.54700", "2008-12-31": "73.47700", "2008-09-30": "73.47400", "2008-06-30": "73.47400", "2008-03-31": "73.48100", "2007-12-31": "73.39400", "2007-09-30": "73.39000", "2007-06-30": "73.39000", "2007-03-31": "73.39000", "2006-12-31": "73.28900", "2006-09-30": "72.01800", "2006-06-30": "72.01800", "2006-03-31": "72.01800", "2005-12-31": "72.01800", "2005-09-30": "72.01800", "2005-06-30": "72.01800", "2005-03-31": "72.01800"}, "Retained Earnings (Accumulated Deficit)": {"2020-09-30": "3625.29100", "2020-06-30": "3643.86800", "2020-03-31": "3661.57900", "2019-12-31": "3652.24400", "2019-09-30": "3651.12600", "2019-06-30": "3607.92800", "2019-03-31": "3575.01400", "2018-12-31": "3543.00700", "2018-09-30": "3505.05100", "2018-06-30": "3502.00600", "2018-03-31": "3514.29600", "2017-12-31": "3503.94700", "2017-09-30": "3634.75000", "2017-06-30": "3612.17300", "2017-03-31": "3595.36800", "2016-12-31": "3598.39600", "2016-09-30": "3591.86700", "2016-06-30": "3637.83700", "2016-03-31": "3599.86900", "2015-12-31": "3565.95800", "2015-09-30": "3539.46800", "2015-06-30": "3469.68700", "2015-03-31": "3418.92000", "2014-12-31": "3415.73800", "2014-09-30": "3278.77100", "2014-06-30": "3172.20900", "2014-03-31": "3070.77500", "2013-12-31": "2985.39100", "2013-09-30": "2863.86300", "2013-06-30": "2757.26200", "2013-03-31": "2656.81400", "2012-12-31": "2579.30800", "2012-09-30": "2455.40100", "2012-06-30": "2367.46900", "2012-03-31": "2278.80600", "2011-12-31": "2205.52400", "2011-09-30": "2098.05400", "2011-06-30": "2008.27200", "2011-03-31": "1927.58400", "2010-12-31": "1848.68000", "2010-09-30": "1752.54300", "2010-06-30": "1665.15100", "2010-03-31": "1590.28100", "2009-12-31": "1526.77400", "2009-09-30": "1431.50700", "2009-06-30": "1329.73900", "2009-03-31": "1236.72300", "2008-12-31": "1159.63400", "2008-09-30": "1059.25800", "2008-06-30": "956.40900", "2008-03-31": "847.96100", "2007-12-31": "774.36600", "2007-09-30": "687.07900", "2007-06-30": "632.61300", "2007-03-31": "577.97400", "2006-12-31": "582.76700", "2006-09-30": "521.30900", "2006-06-30": "493.12600", "2006-03-31": "460.05500", "2005-12-31": "467.73500", "2005-09-30": "438.31400", "2005-06-30": "448.26400", "2005-03-31": "430.31400"}, "Comprehensive Income": {"2020-09-30": "-618.85600", "2020-06-30": "-643.17300", "2020-03-31": "-660.12200", "2019-12-31": "-584.29200", "2019-09-30": "-593.84900", "2019-06-30": "-567.00700", "2019-03-31": "-566.40000", "2018-12-31": "-573.94700", "2018-09-30": "-559.55900", "2018-06-30": "-542.19800", "2018-03-31": "-487.11100", "2017-12-31": "-505.47300", "2017-09-30": "-540.50400", "2017-06-30": "-557.79200", "2017-03-31": "-590.94800", "2016-12-31": "-624.78800", "2016-09-30": "-540.00600", "2016-06-30": "-528.55000", "2016-03-31": "-503.63700", "2015-12-31": "-538.23200", "2015-09-30": "-515.89000", "2015-06-30": "-466.67600", "2015-03-31": "-484.11400", "2014-12-31": "-380.40600", "2014-09-30": "-302.18400", "2014-06-30": "-206.57400", "2014-03-31": "-215.75500", "2013-12-31": "-221.47700", "2013-09-30": "-242.77800", "2013-06-30": "-281.36900", "2013-03-31": "-255.23100", "2012-12-31": "-224.31000", "2012-09-30": "-205.42700", "2012-06-30": "-237.30200", "2012-03-31": "-181.33900", "2011-12-31": "-216.09700", "2011-09-30": "-179.95100", "2011-06-30": "-74.78700", "2011-03-31": "-102.28600", "2010-12-31": "-150.50600", "2010-09-30": "-145.56900", "2010-06-30": "-241.44000", "2010-03-31": "-183.14000", "2009-12-31": "-149.02800", "2009-09-30": "-141.39200", "2009-06-30": "-177.88700", "2009-03-31": "-249.57000", "2008-12-31": "-211.32000", "2008-09-30": "-89.43600", "2008-06-30": "12.05700", "2008-03-31": "8.48100", "2007-12-31": "-21.38400", "2007-09-30": "-48.02400", "2007-06-30": "-69.85500", "2007-03-31": "-85.98400", "2006-12-31": "-90.34000", "2006-09-30": "-108.76000", "2006-06-30": "-105.33500", "2006-03-31": "-123.84700", "2005-12-31": "-130.65700", "2005-09-30": "-89.37500", "2005-06-30": "-91.24200", "2005-03-31": "-74.66200"}, "Other Share Holders Equity": {"2020-09-30": "", "2020-06-30": "", "2020-03-31": "", "2019-12-31": "", "2019-09-30": "", "2019-06-30": "", "2019-03-31": "", "2018-12-31": "", "2018-09-30": "", "2018-06-30": "", "2018-03-31": "", "2017-12-31": "", "2017-09-30": "", "2017-06-30": "", "2017-03-31": "", "2016-12-31": "", "2016-09-30": "", "2016-06-30": "", "2016-03-31": "", "2015-12-31": "", "2015-09-30": "", "2015-06-30": "", "2015-03-31": "", "2014-12-31": "", "2014-09-30": "", "2014-06-30": "", "2014-03-31": "", "2013-12-31": "", "2013-09-30": "", "2013-06-30": "", "2013-03-31": "", "2012-12-31": "", "2012-09-30": "", "2012-06-30": "", "2012-03-31": "", "2011-12-31": "", "2011-09-30": "", "2011-06-30": "", "2011-03-31": "", "2010-12-31": "", "2010-09-30": "", "2010-06-30": "", "2010-03-31": "", "2009-12-31": "", "2009-09-30": "", "2009-06-30": "", "2009-03-31": "", "2008-12-31": "", "2008-09-30": "", "2008-06-30": "", "2008-03-31": "", "2007-12-31": "", "2007-09-30": "", "2007-06-30": "", "2007-03-31": "", "2006-12-31": "", "2006-09-30": "", "2006-06-30": "", "2006-03-31": "", "2005-12-31": "", "2005-09-30": "", "2005-06-30": "", "2005-03-31": ""}, "Share Holder Equity": {"2020-09-30": "1703.84300", "2020-06-30": "1690.35100", "2020-03-31": "1685.42500", "2019-12-31": "1772.34100", "2019-09-30": "1769.80400", "2019-06-30": "1749.78800", "2019-03-31": "1707.98600", "2018-12-31": "1660.78000", "2018-09-30": "1630.72700", "2018-06-30": "1641.55100", "2018-03-31": "1703.54700", "2017-12-31": "1670.95400", "2017-09-30": "1767.62900", "2017-06-30": "1725.78800", "2017-03-31": "1671.89900", "2016-12-31": "1637.38800", "2016-09-30": "1713.54000", "2016-06-30": "1762.28700", "2016-03-31": "1740.98600", "2015-12-31": "1664.38200", "2015-09-30": "1704.54600", "2015-06-30": "1783.91300", "2015-03-31": "1764.14200", "2014-12-31": "1941.84300", "2014-09-30": "1923.69900", "2014-06-30": "1938.74300", "2014-03-31": "1862.87300", "2013-12-31": "1877.12100", "2013-09-30": "1810.46700", "2013-06-30": "1721.94900", "2013-03-31": "1787.76000", "2012-12-31": "1894.47500", "2012-09-30": "2027.22500", "2012-06-30": "1997.60400", "2012-03-31": "2366.65200", "2011-12-31": "2278.23000", "2011-09-30": "2306.86900", "2011-06-30": "2331.46000", "2011-03-31": "2227.85400", "2010-12-31": "2113.03300", "2010-09-30": "2023.08800", "2010-06-30": "1840.01700", "2010-03-31": "1826.19500", "2009-12-31": "1801.74700", "2009-09-30": "1720.57500", "2009-06-30": "1581.55400", "2009-03-31": "1413.48700", "2008-12-31": "1374.19800", "2008-09-30": "1409.96600", "2008-06-30": "1503.30400", "2008-03-31": "1413.73000", "2007-12-31": "1292.97700", "2007-09-30": "1166.67300", "2007-06-30": "1079.32400", "2007-03-31": "1013.21400", "2006-12-31": "1020.58600", "2006-09-30": "948.15500", "2006-06-30": "912.65500", "2006-03-31": "855.61500", "2005-12-31": "853.40600", "2005-09-30": "862.73300", "2005-06-30": "870.25400", "2005-03-31": "860.22200"}, "Total Liabilities And Share Holders Equity": {"2020-09-30": "5173.57600", "2020-06-30": "4755.70200", "2020-03-31": "4762.07400", "2019-12-31": "4938.27700", "2019-09-30": "4764.49200", "2019-06-30": "4821.20900", "2019-03-31": "4846.49700", "2018-12-31": "4616.27700", "2018-09-30": "4605.06400", "2018-06-30": "4650.62200", "2018-03-31": "4770.31600", "2017-12-31": "4910.47400", "2017-09-30": "4834.14000", "2017-06-30": "4795.11500", "2017-03-31": "4664.17600", "2016-12-31": "4708.92300", "2016-09-30": "4853.60200", "2016-06-30": "4931.67200", "2016-03-31": "4981.05000", "2015-12-31": "4963.10600", "2015-09-30": "5158.25500", "2015-06-30": "5312.12200", "2015-03-31": "5251.68100", "2014-12-31": "4968.02000", "2014-09-30": "4793.77400", "2014-06-30": "4886.11000", "2014-03-31": "4759.40800", "2013-12-31": "5036.73300", "2013-09-30": "4696.19400", "2013-06-30": "4638.14300", "2013-03-31": "4668.29400", "2012-12-31": "4810.95800", "2012-09-30": "4743.74800", "2012-06-30": "4605.88300", "2012-03-31": "4618.41000", "2011-12-31": "4622.61400", "2011-09-30": "4480.50500", "2011-06-30": "4563.27600", "2011-03-31": "4449.53400", "2010-12-31": "4459.91000", "2010-09-30": "4229.82400", "2010-06-30": "3958.56500", "2010-03-31": "4069.04100", "2009-12-31": "4248.89400", "2009-09-30": "4017.02700", "2009-06-30": "3953.33500", "2009-03-31": "3793.66200", "2008-12-31": "4023.69400", "2008-09-30": "3745.30700", "2008-06-30": "3793.26800", "2008-03-31": "3695.61600", "2007-12-31": "3520.42100", "2007-09-30": "3274.65600", "2007-06-30": "3128.34400", "2007-03-31": "2960.12800", "2006-12-31": "2869.23500", "2006-09-30": "2747.32000", "2006-06-30": "2679.14600", "2006-03-31": "2582.12200", "2005-12-31": "2613.66400", "2005-09-30": "2570.02800", "2005-06-30": "2589.70100", "2005-03-31": "2597.11400"}}, "cash flow statement": {"Net Income/Loss": {"2019-12-31": "261.78000", "2018-12-31": "125.05000", "2017-12-31": "4.32800", "2016-12-31": "135.53200", "2015-12-31": "264.01600", "2014-12-31": "519.43300", "2013-12-31": "488.32000", "2012-12-31": "450.79900", "2011-12-31": "429.23100", "2010-12-31": "388.68100", "2009-12-31": "428.33100", "2008-12-31": "445.21900", "2007-12-31": "257.74800", "2006-12-31": "115.03200", "2005-12-31": "17.07400"}, "Total Depreciation And Amortization - Cash Flow": {"2019-12-31": "104.48100", "2018-12-31": "112.47300", "2017-12-31": "118.45400", "2016-12-31": "116.75200", "2015-12-31": "127.08700", "2014-12-31": "110.27700", "2013-12-31": "106.39200", "2012-12-31": "107.22600", "2011-12-31": "107.56100", "2010-12-31": "104.54100", "2009-12-31": "97.65300", "2008-12-31": "83.26400", "2007-12-31": "79.46300", "2006-12-31": "72.71400", "2005-12-31": "73.48200"}, "Other Non-Cash Items": {"2019-12-31": "5.74200", "2018-12-31": "73.30700", "2017-12-31": "80.90200", "2016-12-31": "87.25400", "2015-12-31": "109.11400", "2014-12-31": "74.60000", "2013-12-31": "27.56900", "2012-12-31": "-24.40700", "2011-12-31": "34.52300", "2010-12-31": "38.17800", "2009-12-31": "40.60200", "2008-12-31": "-49.43700", "2007-12-31": "-22.07400", "2006-12-31": "6.02200", "2005-12-31": "42.11600"}, "Total Non-Cash Items": {"2019-12-31": "110.22300", "2018-12-31": "185.78000", "2017-12-31": "199.35600", "2016-12-31": "204.00600", "2015-12-31": "236.20100", "2014-12-31": "184.87700", "2013-12-31": "133.96100", "2012-12-31": "82.81900", "2011-12-31": "142.08400", "2010-12-31": "142.71900", "2009-12-31": "138.25500", "2008-12-31": "33.82700", "2007-12-31": "57.38900", "2006-12-31": "78.73600", "2005-12-31": "115.59800"}, "Change In Accounts Receivable": {"2019-12-31": "2.88300", "2018-12-31": "-25.44800", "2017-12-31": "60.21600", "2016-12-31": "36.92700", "2015-12-31": "53.06000", "2014-12-31": "-79.65500", "2013-12-31": "-53.82300", "2012-12-31": "-35.07400", "2011-12-31": "-243.11800", "2010-12-31": "-51.97400", "2009-12-31": "50.73000", "2008-12-31": "-195.09700", "2007-12-31": "-82.37200", "2006-12-31": "-40.82600", "2005-12-31": "-37.19200"}, "Change In Inventories": {"2019-12-31": "-31.05800", "2018-12-31": "-29.31400", "2017-12-31": "48.64200", "2016-12-31": "52.89200", "2015-12-31": "-21.26000", "2014-12-31": "-31.40400", "2013-12-31": "28.61600", "2012-12-31": "-72.70600", "2011-12-31": "-139.75400", "2010-12-31": "-52.90500", "2009-12-31": "74.67400", "2008-12-31": "-195.52900", "2007-12-31": "-101.78300", "2006-12-31": "-98.36400", "2005-12-31": "-20.60300"}, "Change In Accounts Payable": {"2019-12-31": "22.87000", "2018-12-31": "-4.82300", "2017-12-31": "12.40300", "2016-12-31": "-71.00800", "2015-12-31": "-113.63900", "2014-12-31": "50.75200", "2013-12-31": "-15.64200", "2012-12-31": "24.54200", "2011-12-31": "45.84500", "2010-12-31": "70.74100", "2009-12-31": "-104.67900", "2008-12-31": "99.76800", "2007-12-31": "75.20000", "2006-12-31": "58.73600", "2005-12-31": "28.83100"}, "Change In Assets/Liabilities": {"2019-12-31": "-58.14100", "2018-12-31": "-42.16600", "2017-12-31": "-10.49600", "2016-12-31": "-29.10300", "2015-12-31": "-28.69200", "2014-12-31": "-37.69500", "2013-12-31": "-27.97100", "2012-12-31": "-24.02300", "2011-12-31": "-9.17400", "2010-12-31": "-15.89600", "2009-12-31": "-49.22400", "2008-12-31": "-8.34200", "2007-12-31": "-19.07300", "2006-12-31": "-26.81800", "2005-12-31": "-23.90700"}, "Total Change In Assets/Liabilities": {"2019-12-31": "-59.26200", "2018-12-31": "-119.99900", "2017-12-31": "107.38200", "2016-12-31": "-99.06200", "2015-12-31": "-59.45800", "2014-12-31": "-109.82900", "2013-12-31": "-134.52200", "2012-12-31": "-16.48800", "2011-12-31": "-353.10200", "2010-12-31": "-175.62500", "2009-12-31": "-135.30900", "2008-12-31": "-70.25600", "2007-12-31": "102.53100", "2006-12-31": "-30.58200", "2005-12-31": "-5.22700"}, "Cash Flow From Operating Activities": {"2019-12-31": "312.74100", "2018-12-31": "190.83100", "2017-12-31": "311.06600", "2016-12-31": "240.47600", "2015-12-31": "440.75900", "2014-12-31": "594.48100", "2013-12-31": "487.75900", "2012-12-31": "517.13000", "2011-12-31": "218.21300", "2010-12-31": "355.77500", "2009-12-31": "431.27700", "2008-12-31": "408.79000", "2007-12-31": "417.66800", "2006-12-31": "163.18600", "2005-12-31": "127.44500"}, "Net Change In Property, Plant, And Equipment": {"2019-12-31": "-23.83700", "2018-12-31": "-77.80300", "2017-12-31": "-56.16700", "2016-12-31": "-86.40500", "2015-12-31": "-171.64100", "2014-12-31": "-130.88800", "2013-12-31": "-137.43700", "2012-12-31": "-118.60600", "2011-12-31": "-103.69800", "2010-12-31": "-90.97200", "2009-12-31": "-107.89200", "2008-12-31": "-119.62100", "2007-12-31": "-75.57100", "2006-12-31": "-73.52800", "2005-12-31": "-49.27100"}, "Net Change In Intangible Assets": {"2019-12-31": "", "2018-12-31": "", "2017-12-31": "", "2016-12-31": "", "2015-12-31": "", "2014-12-31": "", "2013-12-31": "", "2012-12-31": "", "2011-12-31": "", "2010-12-31": "", "2009-12-31": "", "2008-12-31": "", "2007-12-31": "", "2006-12-31": "", "2005-12-31": ""}, "Net Acquisitions/Divestitures": {"2019-12-31": "", "2018-12-31": "-3.66300", "2017-12-31": "232.76700", "2016-12-31": "-5.06400", "2015-12-31": "-353.65400", "2014-12-31": "46.80500", "2013-12-31": "-76.80100", "2012-12-31": "-3.99600", "2011-12-31": "-90.50500", "2010-12-31": "-199.39600", "2009-12-31": "-30.75000", "2008-12-31": "", "2007-12-31": "-2.31200", "2006-12-31": "-4.32200", "2005-12-31": "13.59000"}, "Net Change In Short-term Investments": {"2019-12-31": "", "2018-12-31": "", "2017-12-31": "", "2016-12-31": "", "2015-12-31": "", "2014-12-31": "", "2013-12-31": "", "2012-12-31": "", "2011-12-31": "", "2010-12-31": "", "2009-12-31": "", "2008-12-31": "", "2007-12-31": "", "2006-12-31": "", "2005-12-31": ""}, "Net Change In Long-Term Investments": {"2019-12-31": "", "2018-12-31": "", "2017-12-31": "", "2016-12-31": "", "2015-12-31": "", "2014-12-31": "", "2013-12-31": "46.24000", "2012-12-31": "", "2011-12-31": "", "2010-12-31": "", "2009-12-31": "", "2008-12-31": "", "2007-12-31": "", "2006-12-31": "", "2005-12-31": ""}, "Net Change In Investments - Total": {"2019-12-31": "", "2018-12-31": "", "2017-12-31": "", "2016-12-31": "", "2015-12-31": "", "2014-12-31": "", "2013-12-31": "46.24000", "2012-12-31": "", "2011-12-31": "", "2010-12-31": "", "2009-12-31": "", "2008-12-31": "", "2007-12-31": "", "2006-12-31": "", "2005-12-31": ""}, "Investing Activities - Other": {"2019-12-31": "", "2018-12-31": "", "2017-12-31": "", "2016-12-31": "", "2015-12-31": "", "2014-12-31": "", "2013-12-31": "", "2012-12-31": "-3.82500", "2011-12-31": "", "2010-12-31": "3.65100", "2009-12-31": "", "2008-12-31": "", "2007-12-31": "", "2006-12-31": "0.17100", "2005-12-31": "-3.62800"}, "Cash Flow From Investing Activities": {"2019-12-31": "-23.83700", "2018-12-31": "-81.46600", "2017-12-31": "176.60000", "2016-12-31": "-91.46900", "2015-12-31": "-525.29500", "2014-12-31": "-84.08300", "2013-12-31": "-167.99800", "2012-12-31": "-126.42700", "2011-12-31": "-194.20300", "2010-12-31": "-286.71700", "2009-12-31": "-138.64200", "2008-12-31": "-119.62100", "2007-12-31": "-77.88300", "2006-12-31": "-77.67900", "2005-12-31": "-39.30900"}, "Net Long-Term Debt": {"2019-12-31": "-109.64200", "2018-12-31": "-66.47600", "2017-12-31": "-71.67100", "2016-12-31": "-36.95600", "2015-12-31": "455.80900", "2014-12-31": "-41.21700", "2013-12-31": "273.19500", "2012-12-31": "423.88200", "2011-12-31": "-23.41900", "2010-12-31": "-44.01600", "2009-12-31": "-5.68200", "2008-12-31": "-5.68200", "2007-12-31": "-2.84100", "2006-12-31": "-105.28100", "2005-12-31": "-45.06200"}, "Net Current Debt": {"2019-12-31": "", "2018-12-31": "", "2017-12-31": "", "2016-12-31": "", "2015-12-31": "", "2014-12-31": "", "2013-12-31": "", "2012-12-31": "", "2011-12-31": "", "2010-12-31": "2.42100", "2009-12-31": "-0.68400", "2008-12-31": "14.93800", "2007-12-31": "-3.75100", "2006-12-31": "-3.41200", "2005-12-31": ""}, "Debt Issuance/Retirement Net - Total": {"2019-12-31": "-109.64200", "2018-12-31": "-66.47600", "2017-12-31": "-71.67100", "2016-12-31": "-36.95600", "2015-12-31": "455.80900", "2014-12-31": "-41.21700", "2013-12-31": "273.19500", "2012-12-31": "423.88200", "2011-12-31": "-23.41900", "2010-12-31": "-41.59500", "2009-12-31": "-6.36600", "2008-12-31": "9.25600", "2007-12-31": "-6.59200", "2006-12-31": "-108.69300", "2005-12-31": "-45.06200"}, "Net Common Equity Issued/Repurchased": {"2019-12-31": "-15.00000", "2018-12-31": "", "2017-12-31": "", "2016-12-31": "", "2015-12-31": "-303.65100", "2014-12-31": "-246.50400", "2013-12-31": "-458.31000", "2012-12-31": "-771.94200", "2011-12-31": "-150.00000", "2010-12-31": "-46.01500", "2009-12-31": "-38.01600", "2008-12-31": "-153.01000", "2007-12-31": "-28.10500", "2006-12-31": "-23.25000", "2005-12-31": "1.11100"}, "Net Total Equity Issued/Repurchased": {"2019-12-31": "-15.00000", "2018-12-31": "", "2017-12-31": "", "2016-12-31": "", "2015-12-31": "-303.65100", "2014-12-31": "-246.50400", "2013-12-31": "-458.31000", "2012-12-31": "-771.94200", "2011-12-31": "-150.00000", "2010-12-31": "-46.01500", "2009-12-31": "-38.01600", "2008-12-31": "-153.01000", "2007-12-31": "-28.10500", "2006-12-31": "-23.25000", "2005-12-31": "1.11100"}, "Total Common And Preferred Stock Dividends Paid": {"2019-12-31": "-99.55700", "2018-12-31": "-99.41600", "2017-12-31": "-99.23300", "2016-12-31": "-97.74600", "2015-12-31": "-93.65000", "2014-12-31": "-85.11800", "2013-12-31": "-76.89700", "2012-12-31": "-73.76500", "2011-12-31": "-69.55700", "2010-12-31": "-63.58200", "2009-12-31": "-61.43300", "2008-12-31": "-53.37200", "2007-12-31": "-27.56100", "2006-12-31": "", "2005-12-31": ""}, "Financial Activities - Other": {"2019-12-31": "-5.45500", "2018-12-31": "-7.39200", "2017-12-31": "-14.44900", "2016-12-31": "-9.01900", "2015-12-31": "-20.85300", "2014-12-31": "-18.33800", "2013-12-31": "6.18800", "2012-12-31": "-7.09700", "2011-12-31": "4.02000", "2010-12-31": "8.27900", "2009-12-31": "-1.26300", "2008-12-31": "11.65700", "2007-12-31": "12.11400", "2006-12-31": "17.40600", "2005-12-31": "-9.32200"}, "Cash Flow From Financial Activities": {"2019-12-31": "-229.65400", "2018-12-31": "-173.28400", "2017-12-31": "-185.35300", "2016-12-31": "-143.72100", "2015-12-31": "37.65500", "2014-12-31": "-391.17700", "2013-12-31": "-255.82400", "2012-12-31": "-428.92200", "2011-12-31": "-238.95600", "2010-12-31": "-142.91300", "2009-12-31": "-107.07800", "2008-12-31": "-185.46900", "2007-12-31": "-50.14400", "2006-12-31": "-114.53700", "2005-12-31": "-53.27300"}, "Net Cash Flow": {"2019-12-31": "51.29700", "2018-12-31": "-83.76200", "2017-12-31": "336.28300", "2016-12-31": "0.71800", "2015-12-31": "-83.90600", "2014-12-31": "86.54600", "2013-12-31": "59.55200", "2012-12-31": "-33.10400", "2011-12-31": "-220.22300", "2010-12-31": "-96.74100", "2009-12-31": "182.26400", "2008-12-31": "98.81800", "2007-12-31": "302.78100", "2006-12-31": "-25.86400", "2005-12-31": "29.10500"}, "Stock-Based Compensation": {"2019-12-31": "23.88200", "2018-12-31": "19.91200", "2017-12-31": "22.82000", "2016-12-31": "30.21300", "2015-12-31": "34.81600", "2014-12-31": "42.67500", "2013-12-31": "35.75700", "2012-12-31": "35.40300", "2011-12-31": "32.09000", "2010-12-31": "32.42800", "2009-12-31": "40.75100", "2008-12-31": "32.70300", "2007-12-31": "25.34500", "2006-12-31": "25.08900", "2005-12-31": "13.79600"}, "Common Stock Dividends Paid": {"2019-12-31": "-99.55700", "2018-12-31": "-99.41600", "2017-12-31": "-99.23300", "2016-12-31": "-97.74600", "2015-12-31": "-93.65000", "2014-12-31": "-85.11800", "2013-12-31": "-76.89700", "2012-12-31": "-73.76500", "2011-12-31": "-69.55700", "2010-12-31": "-63.58200", "2009-12-31": "-61.43300", "2008-12-31": "-53.37200", "2007-12-31": "-27.56100", "2006-12-31": "", "2005-12-31": ""}}, "cash flow statement, quarterly": {"Net Income/Loss": {"2020-09-30": 54.046, "2020-06-30": 10.787, "2020-03-31": "1.49000", "2019-12-31": 88.878, "2019-09-30": 52.931, "2019-06-30": 60.475, "2019-03-31": "59.49600", "2018-12-31": 64.365, "2018-09-30": 29.439, "2018-06-30": 14.787, "2018-03-31": "16.45900", "2017-12-31": -105.888, "2017-09-30": 48.742, "2017-06-30": 42.185, "2017-03-31": "19.28900", "2016-12-31": 61.912, "2016-09-30": -15.034, "2016-06-30": 54.363, "2016-03-31": "34.29100", "2015-12-31": 63.204, "2015-09-30": 94.536, "2015-06-30": 76.631, "2015-03-31": "29.64500", "2014-12-31": 155.081, "2014-09-30": 130.6, "2014-06-30": 125.164, "2014-03-31": "108.58800", "2013-12-31": 141.993, "2013-09-30": 126.532, "2013-06-30": 120.895, "2013-03-31": "98.90000", "2012-12-31": 141.938, "2012-09-30": 106.834, "2012-06-30": 108.485, "2012-03-31": "93.54200", "2011-12-31": 125.556, "2011-09-30": 107.955, "2011-06-30": 98.724, "2011-03-31": "96.99600", "2010-12-31": 112.446, "2010-09-30": 104.225, "2010-06-30": 91.805, "2010-03-31": "80.20500", "2009-12-31": 110.261, "2009-09-30": 116.64, "2009-06-30": 108.605, "2009-03-31": "92.82500", "2008-12-31": 114.989, "2008-09-30": 117.925, "2008-06-30": 124.24, "2008-03-31": "88.06500", "2007-12-31": 97.874, "2007-09-30": 63.055, "2007-06-30": 63.205, "2007-03-31": "33.61400", "2006-12-31": 33.545, "2006-09-30": 29.279, "2006-06-30": 33.608, "2006-03-31": "18.60000", "2005-12-31": 13.088, "2005-09-30": -9.95, "2005-06-30": 17.95, "2005-03-31": "-4.01400"}, "Total Depreciation And Amortization - Cash Flow": {"2020-09-30": 23.189, "2020-06-30": 24.199, "2020-03-31": "25.28700", "2019-12-31": 25.027, "2019-09-30": 24.785, "2019-06-30": 27.203, "2019-03-31": "27.46600", "2018-12-31": 27.257, "2018-09-30": 27.58, "2018-06-30": 28.723, "2018-03-31": "28.91300", "2017-12-31": 30.51, "2017-09-30": 30.549, "2017-06-30": 28.77, "2017-03-31": "28.62500", "2016-12-31": 29.453, "2016-09-30": 28.887, "2016-06-30": 29.784, "2016-03-31": "28.62800", "2015-12-31": 27.517, "2015-09-30": 32.467, "2015-06-30": 33.259, "2015-03-31": "33.84400", "2014-12-31": 26.974, "2014-09-30": 27.66, "2014-06-30": 28.28, "2014-03-31": "27.36300", "2013-12-31": 27.808, "2013-09-30": 26.961, "2013-06-30": 26.413, "2013-03-31": "25.21000", "2012-12-31": 26.448, "2012-09-30": 26.266, "2012-06-30": 26.784, "2012-03-31": "27.72800", "2011-12-31": 28.01, "2011-09-30": 26.879, "2011-06-30": 26.822, "2011-03-31": "25.85000", "2010-12-31": 29.923, "2010-09-30": 25.267, "2010-06-30": 24.725, "2010-03-31": "24.62600", "2009-12-31": 25.526, "2009-09-30": 24.179, "2009-06-30": 26.976, "2009-03-31": "20.97200", "2008-12-31": 20.066, "2008-09-30": 20.768, "2008-06-30": 21.339, "2008-03-31": "21.09100", "2007-12-31": 21.332, "2007-09-30": 19.551, "2007-06-30": 19.455, "2007-03-31": "19.12500", "2006-12-31": 18.63, "2006-09-30": 18.662, "2006-06-30": 17.729, "2006-03-31": "17.69300", "2005-12-31": 17.131, "2005-09-30": 17.287, "2005-06-30": 18.777, "2005-03-31": "20.28700"}, "Other Non-Cash Items": {"2020-09-30": -2.225, "2020-06-30": 3.226, "2020-03-31": "31.79500", "2019-12-31": -7.755, "2019-09-30": 17.438, "2019-06-30": 0.679, "2019-03-31": "-4.62000", "2018-12-31": 23.805, "2018-09-30": 7.706, "2018-06-30": 38.825, "2018-03-31": "2.97100", "2017-12-31": 179.204, "2017-09-30": -17.455, "2017-06-30": -98.511, "2017-03-31": "17.66400", "2016-12-31": -35.945, "2016-09-30": 80.827, "2016-06-30": 26.674, "2016-03-31": "15.69800", "2015-12-31": -1.987, "2015-09-30": 32.866, "2015-06-30": 37.284, "2015-03-31": "40.95100", "2014-12-31": 46.429, "2014-09-30": 17.636, "2014-06-30": 14.061, "2014-03-31": "-3.52600", "2013-12-31": 45.233, "2013-09-30": 3.516, "2013-06-30": 8.768, "2013-03-31": "-29.94800", "2012-12-31": -28.578, "2012-09-30": 15.728, "2012-06-30": 5.776, "2012-03-31": "-17.33300", "2011-12-31": 4.81, "2011-09-30": 15.216, "2011-06-30": 8.806, "2011-03-31": "5.69100", "2010-12-31": 2.005, "2010-09-30": 20.174, "2010-06-30": 14.675, "2010-03-31": "1.32400", "2009-12-31": 7.454, "2009-09-30": -0.478, "2009-06-30": 11.056, "2009-03-31": "22.57000", "2008-12-31": -9.579, "2008-09-30": -49.066, "2008-06-30": 19.995, "2008-03-31": "-10.78700", "2007-12-31": -14.13, "2007-09-30": -9.015, "2007-06-30": 2.603, "2007-03-31": "-1.53200", "2006-12-31": -9.767, "2006-09-30": -1.654, "2006-06-30": 18.851, "2006-03-31": "-1.40800", "2005-12-31": 17.487, "2005-09-30": 29.919, "2005-06-30": -4.708, "2005-03-31": "-0.58200"}, "Total Non-Cash Items": {"2020-09-30": 20.964, "2020-06-30": 27.425, "2020-03-31": "57.08200", "2019-12-31": 17.272, "2019-09-30": 42.223, "2019-06-30": 27.882, "2019-03-31": "22.84600", "2018-12-31": 51.062, "2018-09-30": 35.286, "2018-06-30": 67.548, "2018-03-31": "31.88400", "2017-12-31": 209.714, "2017-09-30": 13.094, "2017-06-30": -69.741, "2017-03-31": "46.28900", "2016-12-31": -6.492, "2016-09-30": 109.714, "2016-06-30": 56.458, "2016-03-31": "44.32600", "2015-12-31": 25.53, "2015-09-30": 65.333, "2015-06-30": 70.543, "2015-03-31": "74.79500", "2014-12-31": 73.403, "2014-09-30": 45.296, "2014-06-30": 42.341, "2014-03-31": "23.83700", "2013-12-31": 73.041, "2013-09-30": 30.477, "2013-06-30": 35.181, "2013-03-31": "-4.73800", "2012-12-31": -2.13, "2012-09-30": 41.994, "2012-06-30": 32.56, "2012-03-31": "10.39500", "2011-12-31": 32.82, "2011-09-30": 42.095, "2011-06-30": 35.628, "2011-03-31": "31.54100", "2010-12-31": 31.928, "2010-09-30": 45.441, "2010-06-30": 39.4, "2010-03-31": "25.95000", "2009-12-31": 32.98, "2009-09-30": 23.701, "2009-06-30": 38.032, "2009-03-31": "43.54200", "2008-12-31": 10.487, "2008-09-30": -28.298, "2008-06-30": 41.334, "2008-03-31": "10.30400", "2007-12-31": 7.202, "2007-09-30": 10.536, "2007-06-30": 22.058, "2007-03-31": "17.59300", "2006-12-31": 8.863, "2006-09-30": 17.008, "2006-06-30": 36.58, "2006-03-31": "16.28500", "2005-12-31": 34.618, "2005-09-30": 47.206, "2005-06-30": 14.069, "2005-03-31": "19.70500"}, "Change In Accounts Receivable": {"2020-09-30": 23.466, "2020-06-30": -18.279, "2020-03-31": "19.13700", "2019-12-31": 14.877, "2019-09-30": 1.451, "2019-06-30": -21.619, "2019-03-31": "8.17400", "2018-12-31": -15.967, "2018-09-30": 22.754, "2018-06-30": -74.085, "2018-03-31": "41.85000", "2017-12-31": -3.619, "2017-09-30": -7.243, "2017-06-30": 3.612, "2017-03-31": "67.46600", "2016-12-31": -32.891, "2016-09-30": 27.433, "2016-06-30": -49.014, "2016-03-31": "91.39900", "2015-12-31": -13.6, "2015-09-30": 21.284, "2015-06-30": -14.02, "2015-03-31": "59.39600", "2014-12-31": -40.857, "2014-09-30": -24.103, "2014-06-30": -91.959, "2014-03-31": "77.26400", "2013-12-31": -64.651, "2013-09-30": 4.936, "2013-06-30": -34.331, "2013-03-31": "40.22300", "2012-12-31": 10.492, "2012-09-30": -32.249, "2012-06-30": -51.009, "2012-03-31": "37.69200", "2011-12-31": -41.482, "2011-09-30": -80.099, "2011-06-30": -77.784, "2011-03-31": "-43.75300", "2010-12-31": -4.091, "2010-09-30": -11.709, "2010-06-30": 10.368, "2010-03-31": "-46.54200", "2009-12-31": 42.589, "2009-09-30": 36.567, "2009-06-30": 15.553, "2009-03-31": "-43.97900", "2008-12-31": 85.246, "2008-09-30": -69.296, "2008-06-30": -130.11, "2008-03-31": "-80.93700", "2007-12-31": 36.65, "2007-09-30": -18.774, "2007-06-30": -75.978, "2007-03-31": "-24.27000", "2006-12-31": -12.337, "2006-09-30": -13.648, "2006-06-30": -11.017, "2006-03-31": "-3.82400", "2005-12-31": -50.036, "2005-09-30": 11.201, "2005-06-30": -15.892, "2005-03-31": "17.53500"}, "Change In Inventories": {"2020-09-30": -15.399, "2020-06-30": 6.651, "2020-03-31": "-43.22600", "2019-12-31": 33.222, "2019-09-30": -16.67, "2019-06-30": 1.868, "2019-03-31": "-49.47800", "2018-12-31": 17.385, "2018-09-30": 10.715, "2018-06-30": -8.815, "2018-03-31": "-48.59900", "2017-12-31": 68.997, "2017-09-30": -3.078, "2017-06-30": 9.833, "2017-03-31": "-27.11000", "2016-12-31": 84.354, "2016-09-30": 12.688, "2016-06-30": 23.768, "2016-03-31": "-67.91800", "2015-12-31": 98.27, "2015-09-30": -6.525, "2015-06-30": 4.843, "2015-03-31": "-117.84800", "2014-12-31": 93.135, "2014-09-30": -9.43, "2014-06-30": -38.119, "2014-03-31": "-76.99000", "2013-12-31": 130.361, "2013-09-30": 18.926, "2013-06-30": -37.169, "2013-03-31": "-83.50200", "2012-12-31": 76.548, "2012-09-30": 6.485, "2012-06-30": -43.226, "2012-03-31": "-112.51300", "2011-12-31": 66.325, "2011-09-30": -44.783, "2011-06-30": -54.61, "2011-03-31": "-106.68600", "2010-12-31": 59.623, "2010-09-30": -48.728, "2010-06-30": -40.546, "2010-03-31": "-23.25400", "2009-12-31": 82.758, "2009-09-30": 31.868, "2009-06-30": 35.748, "2009-03-31": "-75.70000", "2008-12-31": -5.237, "2008-09-30": -25.05, "2008-06-30": -56.36, "2008-03-31": "-108.88200", "2007-12-31": 45.946, "2007-09-30": -27.099, "2007-06-30": -44.638, "2007-03-31": "-75.99200", "2006-12-31": 2.728, "2006-09-30": -61.003, "2006-06-30": -26.837, "2006-03-31": "-13.25200", "2005-12-31": 18.212, "2005-09-30": -3.703, "2005-06-30": -5.171, "2005-03-31": "-29.94100"}, "Change In Accounts Payable": {"2020-09-30": -12.617, "2020-06-30": -1.266, "2020-03-31": "-7.87300", "2019-12-31": 34.864, "2019-09-30": 8.666, "2019-06-30": -5.261, "2019-03-31": "-15.39900", "2018-12-31": 25.14, "2018-09-30": -19.413, "2018-06-30": 49.095, "2018-03-31": "-59.64500", "2017-12-31": 80.415, "2017-09-30": -12.084, "2017-06-30": 4.812, "2017-03-31": "-60.74000", "2016-12-31": 27.774, "2016-09-30": -21.693, "2016-06-30": 12.751, "2016-03-31": "-89.84000", "2015-12-31": 44.291, "2015-09-30": -33.929, "2015-06-30": 7.207, "2015-03-31": "-131.20800", "2014-12-31": 139.007, "2014-09-30": -2.656, "2014-06-30": 46.904, "2014-03-31": "-132.50300", "2013-12-31": 111.334, "2013-09-30": -32.65, "2013-06-30": 9.555, "2013-03-31": "-103.88100", "2012-12-31": 99.711, "2012-09-30": -28.406, "2012-06-30": 61.839, "2012-03-31": "-108.60200", "2011-12-31": 147.516, "2011-09-30": 13.14, "2011-06-30": 10.469, "2011-03-31": "-125.28000", "2010-12-31": 132.701, "2010-09-30": 5.641, "2010-06-30": 16.704, "2010-03-31": "-84.30500", "2009-12-31": 104.568, "2009-09-30": -49.628, "2009-06-30": -51.694, "2009-03-31": "-107.92500", "2008-12-31": 132.367, "2008-09-30": 13.091, "2008-06-30": 12.63, "2008-03-31": "-58.32000", "2007-12-31": 99.311, "2007-09-30": -7.639, "2007-06-30": 23.579, "2007-03-31": "-40.05100", "2006-12-31": 52.337, "2006-09-30": 21.732, "2006-06-30": -3.365, "2006-03-31": "-11.96800", "2005-12-31": 25.855, "2005-09-30": 7.365, "2005-06-30": 11.554, "2005-03-31": "-15.94300"}, "Change In Assets/Liabilities": {"2020-09-30": 5.468, "2020-06-30": -44.972, "2020-03-31": "8.48800", "2019-12-31": -32.238, "2019-09-30": -43.204, "2019-06-30": 15.883, "2019-03-31": "1.41800", "2018-12-31": 27.066, "2018-09-30": -26.772, "2018-06-30": 27.633, "2018-03-31": "-70.09300", "2017-12-31": -14.232, "2017-09-30": -16.746, "2017-06-30": 25.739, "2017-03-31": "-5.25700", "2016-12-31": 41.331, "2016-09-30": -40.45, "2016-06-30": -25.693, "2016-03-31": "-4.29100", "2015-12-31": 37.961, "2015-09-30": -30.206, "2015-06-30": -25.768, "2015-03-31": "-10.67900", "2014-12-31": 6.382, "2014-09-30": -34.342, "2014-06-30": -2.426, "2014-03-31": "-7.30900", "2013-12-31": -8.644, "2013-09-30": -15.152, "2013-06-30": -4.516, "2013-03-31": "0.34100", "2012-12-31": 3.291, "2012-09-30": -8.618, "2012-06-30": -5.885, "2012-03-31": "-12.81100", "2011-12-31": 0.816, "2011-09-30": 17.771, "2011-06-30": 4.754, "2011-03-31": "-32.51500", "2010-12-31": 26.958, "2010-09-30": -44.162, "2010-06-30": 13.855, "2010-03-31": "-12.54700", "2009-12-31": 43.239, "2009-09-30": -69.348, "2009-06-30": -28.458, "2009-03-31": "5.34300", "2008-12-31": 59.133, "2008-09-30": -4.343, "2008-06-30": -56.028, "2008-03-31": "-7.10400", "2007-12-31": 7.892, "2007-09-30": -11.469, "2007-06-30": -6.386, "2007-03-31": "-9.11000", "2006-12-31": -10.459, "2006-09-30": -24.516, "2006-06-30": 7.198, "2006-03-31": "0.95900", "2005-12-31": 21.8, "2005-09-30": -30.23, "2005-06-30": -6.595, "2005-03-31": "-8.88200"}, "Total Change In Assets/Liabilities": {"2020-09-30": 19.388, "2020-06-30": -64.283, "2020-03-31": "-11.27000", "2019-12-31": 63.368, "2019-09-30": -1.281, "2019-06-30": -77.526, "2019-03-31": "-43.82300", "2018-12-31": 49.066, "2018-09-30": 18.35, "2018-06-30": -18.345, "2018-03-31": "-169.07000", "2017-12-31": 134.88, "2017-09-30": -36.076, "2017-06-30": 70.229, "2017-03-31": "-61.65100", "2016-12-31": 114.116, "2016-09-30": -34.436, "2016-06-30": -91.5, "2016-03-31": "-87.24200", "2015-12-31": 220.984, "2015-09-30": -46.892, "2015-06-30": -35.909, "2015-03-31": "-197.64100", "2014-12-31": 236.145, "2014-09-30": -34.777, "2014-06-30": -94.107, "2014-03-31": "-217.09000", "2013-12-31": 163.837, "2013-09-30": -15.295, "2013-06-30": -80.832, "2013-03-31": "-202.23200", "2012-12-31": 254.758, "2012-09-30": -86.639, "2012-06-30": 27.221, "2012-03-31": "-211.82800", "2011-12-31": 209.922, "2011-09-30": -62.34, "2011-06-30": -143.96, "2011-03-31": "-356.72400", "2010-12-31": 228.02, "2010-09-30": -113.589, "2010-06-30": -34.942, "2010-03-31": "-255.11400", "2009-12-31": 283.23, "2009-09-30": -58.609, "2009-06-30": -43.534, "2009-03-31": "-316.39600", "2008-12-31": 288.117, "2008-09-30": 83.824, "2008-06-30": -171.397, "2008-03-31": "-270.80000", "2007-12-31": 267.492, "2007-09-30": 33.175, "2007-06-30": -73.116, "2007-03-31": "-125.02000", "2006-12-31": 106.358, "2006-09-30": -39.809, "2006-06-30": -16.565, "2006-03-31": "-80.56600", "2005-12-31": 59.817, "2005-09-30": -14.734, "2005-06-30": 12.121, "2005-03-31": "-62.43100"}, "Cash Flow From Operating Activities": {"2020-09-30": 94.398, "2020-06-30": -26.071, "2020-03-31": "47.30200", "2019-12-31": 169.518, "2019-09-30": 93.873, "2019-06-30": 10.831, "2019-03-31": "38.51900", "2018-12-31": 164.493, "2018-09-30": 83.075, "2018-06-30": 63.99, "2018-03-31": "-120.72700", "2017-12-31": 238.706, "2017-09-30": 25.76, "2017-06-30": 42.673, "2017-03-31": "3.92700", "2016-12-31": 169.536, "2016-09-30": 60.244, "2016-06-30": 19.321, "2016-03-31": "-8.62500", "2015-12-31": 309.718, "2015-09-30": 112.977, "2015-06-30": 111.265, "2015-03-31": "-93.20100", "2014-12-31": 464.629, "2014-09-30": 141.119, "2014-06-30": 73.398, "2014-03-31": "-84.66500", "2013-12-31": 378.871, "2013-09-30": 141.714, "2013-06-30": 75.244, "2013-03-31": "-108.07000", "2012-12-31": 394.566, "2012-09-30": 62.189, "2012-06-30": 168.266, "2012-03-31": "-107.89100", "2011-12-31": 368.298, "2011-09-30": 87.71, "2011-06-30": -9.608, "2011-03-31": "-228.18700", "2010-12-31": 372.394, "2010-09-30": 36.077, "2010-06-30": 96.263, "2010-03-31": "-148.95900", "2009-12-31": 426.471, "2009-09-30": 81.732, "2009-06-30": 103.103, "2009-03-31": "-180.02900", "2008-12-31": 413.593, "2008-09-30": 173.451, "2008-06-30": -5.823, "2008-03-31": "-172.43100", "2007-12-31": 372.568, "2007-09-30": 106.766, "2007-06-30": 12.147, "2007-03-31": "-73.81300", "2006-12-31": 148.766, "2006-09-30": 6.478, "2006-06-30": 53.623, "2006-03-31": "-45.68100", "2005-12-31": 107.523, "2005-09-30": 22.522, "2005-06-30": 44.14, "2005-03-31": "-46.74000"}, "Net Change In Property, Plant, And Equipment": {"2020-09-30": -12.999, "2020-06-30": -14.588, "2020-03-31": "-6.57300", "2019-12-31": -19.334, "2019-09-30": -19.538, "2019-06-30": -13.538, "2019-03-31": "28.57300", "2018-12-31": -31.889, "2018-09-30": -15.075, "2018-06-30": -17.949, "2018-03-31": "-12.89000", "2017-12-31": -18.524, "2017-09-30": -10.579, "2017-06-30": -11.569, "2017-03-31": "-15.49500", "2016-12-31": -22.562, "2016-09-30": -28.358, "2016-06-30": -15.374, "2016-03-31": "-20.11100", "2015-12-31": -37.212, "2015-09-30": -22.507, "2015-06-30": -29.604, "2015-03-31": "-82.31800", "2014-12-31": -48.899, "2014-09-30": -29.112, "2014-06-30": -21.515, "2014-03-31": "-31.36200", "2013-12-31": -43.704, "2013-09-30": -32.91, "2013-06-30": -26.777, "2013-03-31": "-34.04600", "2012-12-31": -45.899, "2012-09-30": -23.724, "2012-06-30": -28.085, "2012-03-31": "-20.89800", "2011-12-31": -36.064, "2011-09-30": -22.871, "2011-06-30": -24.035, "2011-03-31": "-20.72800", "2010-12-31": -51.291, "2010-09-30": -17.339, "2010-06-30": -10.299, "2010-03-31": "-12.04300", "2009-12-31": -20.825, "2009-09-30": -22.806, "2009-06-30": -20.01, "2009-03-31": "-44.25100", "2008-12-31": -54.671, "2008-09-30": -29.422, "2008-06-30": -21.272, "2008-03-31": "-14.25600", "2007-12-31": -18.536, "2007-09-30": -12.8, "2007-06-30": -21.789, "2007-03-31": "-22.44600", "2006-12-31": -30.008, "2006-09-30": -14.062, "2006-06-30": -16.976, "2006-03-31": "-12.48200", "2005-12-31": -23.749, "2005-09-30": -7.637, "2005-06-30": -8.92, "2005-03-31": "-8.96500"}, "Net Change In Intangible Assets": {"2020-09-30": 0, "2020-06-30": 0, "2020-03-31": "", "2019-12-31": 0, "2019-09-30": 0, "2019-06-30": 0, "2019-03-31": "", "2018-12-31": 0, "2018-09-30": 0, "2018-06-30": 0, "2018-03-31": "", "2017-12-31": 0, "2017-09-30": 0, "2017-06-30": 0, "2017-03-31": "", "2016-12-31": 0, "2016-09-30": 0, "2016-06-30": 0, "2016-03-31": "", "2015-12-31": 0, "2015-09-30": 0, "2015-06-30": 0, "2015-03-31": "", "2014-12-31": 0, "2014-09-30": 0, "2014-06-30": 0, "2014-03-31": "", "2013-12-31": 0, "2013-09-30": 0, "2013-06-30": 0, "2013-03-31": "", "2012-12-31": 0, "2012-09-30": 0, "2012-06-30": 0, "2012-03-31": "", "2011-12-31": 0, "2011-09-30": 0, "2011-06-30": 0, "2011-03-31": "", "2010-12-31": 0, "2010-09-30": 0, "2010-06-30": 0, "2010-03-31": "", "2009-12-31": 0, "2009-09-30": 0, "2009-06-30": 0, "2009-03-31": "", "2008-12-31": 0, "2008-09-30": 0, "2008-06-30": 0, "2008-03-31": "", "2007-12-31": 0, "2007-09-30": 0, "2007-06-30": 0, "2007-03-31": "", "2006-12-31": 0, "2006-09-30": 0, "2006-06-30": 0, "2006-03-31": "", "2005-12-31": 0, "2005-09-30": 0, "2005-06-30": 0, "2005-03-31": ""}, "Net Acquisitions/Divestitures": {"2020-09-30": 0, "2020-06-30": 0, "2020-03-31": "", "2019-12-31": 0, "2019-09-30": 0, "2019-06-30": 0, "2019-03-31": "", "2018-12-31": 0, "2018-09-30": -3.663, "2018-06-30": 0, "2018-03-31": "", "2017-12-31": 23.992, "2017-09-30": 26.937, "2017-06-30": 181.838, "2017-03-31": "", "2016-12-31": 0, "2016-09-30": 0, "2016-06-30": -5.064, "2016-03-31": "", "2015-12-31": 0, "2015-09-30": -12.109, "2015-06-30": 0, "2015-03-31": "-341.54500", "2014-12-31": 0, "2014-09-30": 0, "2014-06-30": 0, "2014-03-31": "46.80500", "2013-12-31": -66.658, "2013-09-30": 0, "2013-06-30": 0, "2013-03-31": "-10.14300", "2012-12-31": 0, "2012-09-30": 0, "2012-06-30": 0, "2012-03-31": "-3.99600", "2011-12-31": -89.615, "2011-09-30": 0, "2011-06-30": -0.89, "2011-03-31": "", "2010-12-31": 0, "2010-09-30": -199.396, "2010-06-30": 0, "2010-03-31": "", "2009-12-31": 0, "2009-09-30": -2.381, "2009-06-30": -28.369, "2009-03-31": "", "2008-12-31": 0, "2008-09-30": 0, "2008-06-30": 0, "2008-03-31": "", "2007-12-31": -2.312, "2007-09-30": 0, "2007-06-30": 0, "2007-03-31": "", "2006-12-31": -4.322, "2006-09-30": 0, "2006-06-30": 0, "2006-03-31": "", "2005-12-31": 13.59, "2005-09-30": 0, "2005-06-30": 0, "2005-03-31": ""}, "Net Change In Short-term Investments": {"2020-09-30": 0, "2020-06-30": 0, "2020-03-31": "", "2019-12-31": 0, "2019-09-30": 0, "2019-06-30": 0, "2019-03-31": "", "2018-12-31": 0, "2018-09-30": 0, "2018-06-30": 0, "2018-03-31": "", "2017-12-31": 0, "2017-09-30": 0, "2017-06-30": 0, "2017-03-31": "", "2016-12-31": 0, "2016-09-30": 0, "2016-06-30": 0, "2016-03-31": "", "2015-12-31": 0, "2015-09-30": 0, "2015-06-30": 0, "2015-03-31": "", "2014-12-31": 0, "2014-09-30": 0, "2014-06-30": 0, "2014-03-31": "", "2013-12-31": 0, "2013-09-30": 0, "2013-06-30": 0, "2013-03-31": "", "2012-12-31": 0, "2012-09-30": 0, "2012-06-30": 0, "2012-03-31": "", "2011-12-31": 0, "2011-09-30": 0, "2011-06-30": 0, "2011-03-31": "", "2010-12-31": 0, "2010-09-30": 0, "2010-06-30": 0, "2010-03-31": "", "2009-12-31": 0, "2009-09-30": 0, "2009-06-30": 0, "2009-03-31": "", "2008-12-31": 0, "2008-09-30": 0, "2008-06-30": 0, "2008-03-31": "", "2007-12-31": 0, "2007-09-30": 0, "2007-06-30": 0, "2007-03-31": "", "2006-12-31": 0, "2006-09-30": 0, "2006-06-30": 0, "2006-03-31": "", "2005-12-31": 0, "2005-09-30": 0, "2005-06-30": 0, "2005-03-31": ""}, "Net Change In Long-Term Investments": {"2020-09-30": 0, "2020-06-30": 0, "2020-03-31": "", "2019-12-31": 0, "2019-09-30": 0, "2019-06-30": 0, "2019-03-31": "", "2018-12-31": 0, "2018-09-30": 0, "2018-06-30": 0, "2018-03-31": "", "2017-12-31": 0, "2017-09-30": 0, "2017-06-30": 0, "2017-03-31": "", "2016-12-31": 0, "2016-09-30": 0, "2016-06-30": 0, "2016-03-31": "", "2015-12-31": 0, "2015-09-30": 0, "2015-06-30": 0, "2015-03-31": "", "2014-12-31": 0, "2014-09-30": 0, "2014-06-30": 0, "2014-03-31": "", "2013-12-31": 0, "2013-09-30": 0, "2013-06-30": 46.24, "2013-03-31": "", "2012-12-31": 0, "2012-09-30": 0, "2012-06-30": 0, "2012-03-31": "", "2011-12-31": 0, "2011-09-30": 0, "2011-06-30": 0, "2011-03-31": "", "2010-12-31": 0, "2010-09-30": 0, "2010-06-30": 0, "2010-03-31": "", "2009-12-31": 0, "2009-09-30": 0, "2009-06-30": 0, "2009-03-31": "", "2008-12-31": 0, "2008-09-30": 0, "2008-06-30": 0, "2008-03-31": "", "2007-12-31": 0, "2007-09-30": 0, "2007-06-30": 0, "2007-03-31": "", "2006-12-31": 0, "2006-09-30": 0, "2006-06-30": 0, "2006-03-31": "", "2005-12-31": 0, "2005-09-30": 0, "2005-06-30": 0, "2005-03-31": ""}, "Net Change In Investments - Total": {"2020-09-30": 0, "2020-06-30": 0, "2020-03-31": "", "2019-12-31": 0, "2019-09-30": 0, "2019-06-30": 0, "2019-03-31": "", "2018-12-31": 0, "2018-09-30": 0, "2018-06-30": 0, "2018-03-31": "", "2017-12-31": 0, "2017-09-30": 0, "2017-06-30": 0, "2017-03-31": "", "2016-12-31": 0, "2016-09-30": 0, "2016-06-30": 0, "2016-03-31": "", "2015-12-31": 0, "2015-09-30": 0, "2015-06-30": 0, "2015-03-31": "", "2014-12-31": 0, "2014-09-30": 0, "2014-06-30": 0, "2014-03-31": "", "2013-12-31": 0, "2013-09-30": 0, "2013-06-30": 46.24, "2013-03-31": "", "2012-12-31": 0, "2012-09-30": 0, "2012-06-30": 0, "2012-03-31": "", "2011-12-31": 0, "2011-09-30": 0, "2011-06-30": 0, "2011-03-31": "", "2010-12-31": 0, "2010-09-30": 0, "2010-06-30": 0, "2010-03-31": "", "2009-12-31": 0, "2009-09-30": 0, "2009-06-30": 0, "2009-03-31": "", "2008-12-31": 0, "2008-09-30": 0, "2008-06-30": 0, "2008-03-31": "", "2007-12-31": 0, "2007-09-30": 0, "2007-06-30": 0, "2007-03-31": "", "2006-12-31": 0, "2006-09-30": 0, "2006-06-30": 0, "2006-03-31": "", "2005-12-31": 0, "2005-09-30": 0, "2005-06-30": 0, "2005-03-31": ""}, "Investing Activities - Other": {"2020-09-30": 0, "2020-06-30": 0, "2020-03-31": "", "2019-12-31": 0, "2019-09-30": 0, "2019-06-30": 0, "2019-03-31": "", "2018-12-31": 0, "2018-09-30": 0, "2018-06-30": 0, "2018-03-31": "", "2017-12-31": 0, "2017-09-30": 0, "2017-06-30": 0, "2017-03-31": "", "2016-12-31": 0, "2016-09-30": 0, "2016-06-30": 0, "2016-03-31": "", "2015-12-31": 0, "2015-09-30": 0, "2015-06-30": 0, "2015-03-31": "", "2014-12-31": 0, "2014-09-30": 0, "2014-06-30": 0, "2014-03-31": "", "2013-12-31": 0, "2013-09-30": 0, "2013-06-30": -46.24, "2013-03-31": "46.24000", "2012-12-31": 0, "2012-09-30": -2.205, "2012-06-30": 0, "2012-03-31": "-1.62000", "2011-12-31": 0, "2011-09-30": 0, "2011-06-30": 0, "2011-03-31": "", "2010-12-31": -0.675, "2010-09-30": -0.747, "2010-06-30": 0, "2010-03-31": "5.07300", "2009-12-31": 0, "2009-09-30": 0, "2009-06-30": 0, "2009-03-31": "", "2008-12-31": 0, "2008-09-30": 0, "2008-06-30": 0, "2008-03-31": "", "2007-12-31": 0.274, "2007-09-30": -0.707, "2007-06-30": -0.555, "2007-03-31": "0.98800", "2006-12-31": 0.223, "2006-09-30": -1.244, "2006-06-30": 0.484, "2006-03-31": "0.70800", "2005-12-31": -1.469, "2005-09-30": -0.423, "2005-06-30": -1.736, "2005-03-31": ""}, "Cash Flow From Investing Activities": {"2020-09-30": -12.999, "2020-06-30": -14.588, "2020-03-31": "-6.57300", "2019-12-31": -19.334, "2019-09-30": -19.538, "2019-06-30": -13.538, "2019-03-31": "28.57300", "2018-12-31": -31.889, "2018-09-30": -18.738, "2018-06-30": -17.949, "2018-03-31": "-12.89000", "2017-12-31": 5.468, "2017-09-30": 16.358, "2017-06-30": 170.269, "2017-03-31": "-15.49500", "2016-12-31": -22.562, "2016-09-30": -28.358, "2016-06-30": -20.438, "2016-03-31": "-20.11100", "2015-12-31": -37.212, "2015-09-30": -34.616, "2015-06-30": -29.604, "2015-03-31": "-423.86300", "2014-12-31": -48.899, "2014-09-30": -29.112, "2014-06-30": -21.515, "2014-03-31": "15.44300", "2013-12-31": -110.362, "2013-09-30": -32.91, "2013-06-30": -26.777, "2013-03-31": "2.05100", "2012-12-31": -45.899, "2012-09-30": -25.929, "2012-06-30": -28.085, "2012-03-31": "-26.51400", "2011-12-31": -125.679, "2011-09-30": -22.871, "2011-06-30": -24.925, "2011-03-31": "-20.72800", "2010-12-31": -51.966, "2010-09-30": -217.482, "2010-06-30": -10.299, "2010-03-31": "-6.97000", "2009-12-31": -20.825, "2009-09-30": -25.187, "2009-06-30": -48.379, "2009-03-31": "-44.25100", "2008-12-31": -54.671, "2008-09-30": -29.422, "2008-06-30": -21.272, "2008-03-31": "-14.25600", "2007-12-31": -20.574, "2007-09-30": -13.507, "2007-06-30": -22.344, "2007-03-31": "-21.45800", "2006-12-31": -34.107, "2006-09-30": -15.306, "2006-06-30": -16.492, "2006-03-31": "-11.77400", "2005-12-31": -11.628, "2005-09-30": -8.06, "2005-06-30": -10.656, "2005-03-31": "-8.96500"}, "Net Long-Term Debt": {"2020-09-30": 302.423, "2020-06-30": -0.914, "2020-03-31": "-0.10600", "2019-12-31": 1.689, "2019-09-30": -77.906, "2019-06-30": -17.601, "2019-03-31": "-15.82400", "2018-12-31": -15.103, "2018-09-30": -17.344, "2018-06-30": -14.907, "2018-03-31": "-19.12200", "2017-12-31": -20.345, "2017-09-30": -25.28, "2017-06-30": -15.447, "2017-03-31": "-10.59900", "2016-12-31": -4.597, "2016-09-30": -10.412, "2016-06-30": -9.939, "2016-03-31": "-12.00800", "2015-12-31": -33.156, "2015-09-30": -12.638, "2015-06-30": -13.7981, "2015-03-31": "515.40110", "2014-12-31": -9.228, "2014-09-30": -20.433, "2014-06-30": -3.365, "2014-03-31": "-8.19100", "2013-12-31": 288.766, "2013-09-30": -6.2, "2013-06-30": -0.358, "2013-03-31": "-9.01300", "2012-12-31": 0.513, "2012-09-30": 431.043, "2012-06-30": -1.864, "2012-03-31": "-5.81000", "2011-12-31": -2.922, "2011-09-30": -12.345, "2011-06-30": -5.362, "2011-03-31": "-2.79000", "2010-12-31": -40.193, "2010-09-30": -2.914, "2010-06-30": -0.264, "2010-03-31": "-0.64500", "2009-12-31": -1.509, "2009-09-30": -2.1, "2009-06-30": 1.611, "2009-03-31": "-3.68400", "2008-12-31": -11.065, "2008-09-30": -2.592, "2008-06-30": 8.783, "2008-03-31": "-0.80800", "2007-12-31": 3.065, "2007-09-30": -10.495, "2007-06-30": 3.376, "2007-03-31": "1.21300", "2006-12-31": -88.384, "2006-09-30": -1.041, "2006-06-30": -5, "2006-03-31": "-10.85600", "2005-12-31": -641.073, "2005-09-30": 596.011, "2005-06-30": 0, "2005-03-31": ""}, "Net Current Debt": {"2020-09-30": 0, "2020-06-30": 0, "2020-03-31": "", "2019-12-31": 0, "2019-09-30": 0, "2019-06-30": 0, "2019-03-31": "", "2018-12-31": 0, "2018-09-30": 0, "2018-06-30": 0, "2018-03-31": "", "2017-12-31": 0, "2017-09-30": 0, "2017-06-30": 0, "2017-03-31": "", "2016-12-31": 0, "2016-09-30": 0, "2016-06-30": 0, "2016-03-31": "", "2015-12-31": 0, "2015-09-30": 0, "2015-06-30": 0, "2015-03-31": "", "2014-12-31": 0, "2014-09-30": 0, "2014-06-30": 0, "2014-03-31": "", "2013-12-31": -196, "2013-09-30": -13, "2013-06-30": 59, "2013-03-31": "150.00000", "2012-12-31": 0, "2012-09-30": -300, "2012-06-30": 300, "2012-03-31": "", "2011-12-31": 0, "2011-09-30": 0, "2011-06-30": 0, "2011-03-31": "", "2010-12-31": 2.421, "2010-09-30": 0, "2010-06-30": 0, "2010-03-31": "", "2009-12-31": -0.684, "2009-09-30": 0, "2009-06-30": 0, "2009-03-31": "", "2008-12-31": 14.938, "2008-09-30": 0, "2008-06-30": 0, "2008-03-31": "", "2007-12-31": -61.751, "2007-09-30": -57, "2007-06-30": 30, "2007-03-31": "85.00000", "2006-12-31": -3.412, "2006-09-30": 0, "2006-06-30": -20.072, "2006-03-31": "20.07200", "2005-12-31": 0, "2005-09-30": -1.07, "2005-06-30": -19.298, "2005-03-31": "20.36800"}, "Debt Issuance/Retirement Net - Total": {"2020-09-30": 302.423, "2020-06-30": -0.914, "2020-03-31": "-0.10600", "2019-12-31": 1.689, "2019-09-30": -77.906, "2019-06-30": -17.601, "2019-03-31": "-15.82400", "2018-12-31": -15.103, "2018-09-30": -17.344, "2018-06-30": -14.907, "2018-03-31": "-19.12200", "2017-12-31": -20.345, "2017-09-30": -25.28, "2017-06-30": -15.447, "2017-03-31": "-10.59900", "2016-12-31": -4.597, "2016-09-30": -10.412, "2016-06-30": -9.939, "2016-03-31": "-12.00800", "2015-12-31": -33.156, "2015-09-30": -12.638, "2015-06-30": -13.7981, "2015-03-31": "515.40110", "2014-12-31": -9.228, "2014-09-30": -20.433, "2014-06-30": -3.365, "2014-03-31": "-8.19100", "2013-12-31": 92.766, "2013-09-30": -19.2, "2013-06-30": 58.642, "2013-03-31": "140.98700", "2012-12-31": 0.513, "2012-09-30": 131.043, "2012-06-30": 298.136, "2012-03-31": "-5.81000", "2011-12-31": -2.922, "2011-09-30": -12.345, "2011-06-30": -5.362, "2011-03-31": "-2.79000", "2010-12-31": -37.772, "2010-09-30": -2.914, "2010-06-30": -0.264, "2010-03-31": "-0.64500", "2009-12-31": -2.193, "2009-09-30": -2.1, "2009-06-30": 1.611, "2009-03-31": "-3.68400", "2008-12-31": 3.873, "2008-09-30": -2.592, "2008-06-30": 8.783, "2008-03-31": "-0.80800", "2007-12-31": -58.686, "2007-09-30": -67.495, "2007-06-30": 33.376, "2007-03-31": "86.21300", "2006-12-31": -91.796, "2006-09-30": -1.041, "2006-06-30": -25.072, "2006-03-31": "9.21600", "2005-12-31": -641.073, "2005-09-30": 594.941, "2005-06-30": -19.298, "2005-03-31": "20.36800"}, "Net Common Equity Issued/Repurchased": {"2020-09-30": 0, "2020-06-30": 0, "2020-03-31": "-32.11200", "2019-12-31": -9.568, "2019-09-30": -5.432, "2019-06-30": 0, "2019-03-31": "", "2018-12-31": 0, "2018-09-30": 0, "2018-06-30": 0, "2018-03-31": "", "2017-12-31": 0, "2017-09-30": 0, "2017-06-30": 0, "2017-03-31": "", "2016-12-31": 0, "2016-09-30": 0, "2016-06-30": 0, "2016-03-31": "", "2015-12-31": -53.969, "2015-09-30": -110.038, "2015-06-30": -59.745, "2015-03-31": "-79.89900", "2014-12-31": -58.18, "2014-09-30": -35.256, "2014-06-30": -43.463, "2014-03-31": "-109.60500", "2013-12-31": -88.183, "2013-09-30": -63.81, "2013-06-30": -150.765, "2013-03-31": "-155.55200", "2012-12-31": -238.078, "2012-09-30": -100.966, "2012-06-30": -410.848, "2012-03-31": "-22.05000", "2011-12-31": -108.912, "2011-09-30": -15.063, "2011-06-30": -12.429, "2011-03-31": "-13.59600", "2010-12-31": -17.517, "2010-09-30": -10.869, "2010-06-30": -10.252, "2010-03-31": "-7.37700", "2009-12-31": -12.985, "2009-09-30": -9.504, "2009-06-30": -8.658, "2009-03-31": "-6.86900", "2008-12-31": -29.227, "2008-09-30": -98.732, "2008-06-30": -33.283, "2008-03-31": "8.23200", "2007-12-31": 3.352, "2007-09-30": 0.773, "2007-06-30": -8.793, "2007-03-31": "-23.43700", "2006-12-31": -23.25, "2006-09-30": 0, "2006-06-30": 0, "2006-03-31": "", "2005-12-31": 0, "2005-09-30": 0, "2005-06-30": 0.597, "2005-03-31": "0.51400"}, "Net Total Equity Issued/Repurchased": {"2020-09-30": 0, "2020-06-30": 0, "2020-03-31": "-32.11200", "2019-12-31": -9.568, "2019-09-30": -5.432, "2019-06-30": 0, "2019-03-31": "", "2018-12-31": 0, "2018-09-30": 0, "2018-06-30": 0, "2018-03-31": "", "2017-12-31": 0, "2017-09-30": 0, "2017-06-30": 0, "2017-03-31": "", "2016-12-31": 0, "2016-09-30": 0, "2016-06-30": 0, "2016-03-31": "", "2015-12-31": -53.969, "2015-09-30": -110.038, "2015-06-30": -59.745, "2015-03-31": "-79.89900", "2014-12-31": -58.18, "2014-09-30": -35.256, "2014-06-30": -43.463, "2014-03-31": "-109.60500", "2013-12-31": -88.183, "2013-09-30": -63.81, "2013-06-30": -150.765, "2013-03-31": "-155.55200", "2012-12-31": -238.078, "2012-09-30": -100.966, "2012-06-30": -410.848, "2012-03-31": "-22.05000", "2011-12-31": -108.912, "2011-09-30": -15.063, "2011-06-30": -12.429, "2011-03-31": "-13.59600", "2010-12-31": -17.517, "2010-09-30": -10.869, "2010-06-30": -10.252, "2010-03-31": "-7.37700", "2009-12-31": -12.985, "2009-09-30": -9.504, "2009-06-30": -8.658, "2009-03-31": "-6.86900", "2008-12-31": -29.227, "2008-09-30": -98.732, "2008-06-30": -33.283, "2008-03-31": "8.23200", "2007-12-31": 3.352, "2007-09-30": 0.773, "2007-06-30": -8.793, "2007-03-31": "-23.43700", "2006-12-31": -23.25, "2006-09-30": 0, "2006-06-30": 0, "2006-03-31": "", "2005-12-31": 0, "2005-09-30": 0, "2005-06-30": 0.597, "2005-03-31": "0.51400"}, "Total Common And Preferred Stock Dividends Paid": {"2020-09-30": -26.052, "2020-06-30": -26.031, "2020-03-31": "-26.02300", "2019-12-31": -24.862, "2019-09-30": -24.923, "2019-06-30": -24.863, "2019-03-31": "-24.90900", "2018-12-31": -24.868, "2018-09-30": -24.867, "2018-06-30": -24.855, "2018-03-31": "-24.82600", "2017-12-31": -24.821, "2017-09-30": -24.833, "2017-06-30": -24.794, "2017-03-31": "-24.78500", "2016-12-31": -24.786, "2016-09-30": -24.779, "2016-06-30": -24.766, "2016-03-31": "-23.41500", "2015-12-31": -23.65, "2015-09-30": -24.072, "2015-06-30": -24.242, "2015-03-31": "-21.68600", "2014-12-31": -21.831, "2014-09-30": -21.905, "2014-06-30": -21.995, "2014-03-31": "-19.38700", "2013-12-31": -19.56, "2013-09-30": -19.716, "2013-06-30": -20.107, "2013-03-31": "-17.51400", "2012-12-31": -18.196, "2012-09-30": -18.487, "2012-06-30": -19.672, "2012-03-31": "-17.41000", "2011-12-31": -17.763, "2011-09-30": -17.817, "2011-06-30": -17.845, "2011-03-31": "-16.13200", "2010-12-31": -15.904, "2010-09-30": -16.247, "2010-06-30": -16.414, "2010-03-31": "-15.01700", "2009-12-31": -17.017, "2009-09-30": -15.218, "2009-06-30": -15.15, "2009-03-31": "-14.04800", "2008-12-31": -16.024, "2008-09-30": -14.351, "2008-06-30": -14.405, "2008-03-31": "-8.59200", "2007-12-31": -10.385, "2007-09-30": -8.588, "2007-06-30": -8.588, "2007-03-31": "", "2006-12-31": 0, "2006-09-30": 0, "2006-06-30": 0, "2006-03-31": "", "2005-12-31": 0, "2005-09-30": 0, "2005-06-30": 0, "2005-03-31": ""}, "Financial Activities - Other": {"2020-09-30": -5.518, "2020-06-30": -1.011, "2020-03-31": "-5.68400", "2019-12-31": -1.368, "2019-09-30": -0.456, "2019-06-30": -0.578, "2019-03-31": "-3.05300", "2018-12-31": -0.087, "2018-09-30": -3.767, "2018-06-30": -0.631, "2018-03-31": "-2.90700", "2017-12-31": -3.973, "2017-09-30": -3.639, "2017-06-30": -3.395, "2017-03-31": "-3.44200", "2016-12-31": -0.077, "2016-09-30": -0.288, "2016-06-30": -6.156, "2016-03-31": "-2.49800", "2015-12-31": -22.759, "2015-09-30": 0.996, "2015-06-30": -4.149, "2015-03-31": "5.05900", "2014-12-31": -24.329, "2014-09-30": 0, "2014-06-30": -1.977, "2014-03-31": "7.96800", "2013-12-31": -3.838, "2013-09-30": 1.7, "2013-06-30": 1.629, "2013-03-31": "6.69700", "2012-12-31": -8.248, "2012-09-30": -9.335, "2012-06-30": -0.218, "2012-03-31": "10.70400", "2011-12-31": 0.677, "2011-09-30": -1.902, "2011-06-30": 0.258, "2011-03-31": "4.98700", "2010-12-31": -3.346, "2010-09-30": 0.854, "2010-06-30": 0.911, "2010-03-31": "9.86000", "2009-12-31": -2.303, "2009-09-30": 0.625, "2009-06-30": 0.125, "2009-03-31": "0.29000", "2008-12-31": -4.757, "2008-09-30": 6.348, "2008-06-30": 1.788, "2008-03-31": "8.27800", "2007-12-31": 3.937, "2007-09-30": 2.771, "2007-06-30": 2.389, "2007-03-31": "3.01700", "2006-12-31": 16.229, "2006-09-30": 1.177, "2006-06-30": 0, "2006-03-31": "", "2005-12-31": 607.043, "2005-09-30": -616.365, "2005-06-30": 0, "2005-03-31": ""}, "Cash Flow From Financial Activities": {"2020-09-30": 270.853, "2020-06-30": -27.956, "2020-03-31": "-63.92500", "2019-12-31": -34.109, "2019-09-30": -108.717, "2019-06-30": -43.042, "2019-03-31": "-43.78600", "2018-12-31": -40.058, "2018-09-30": -45.978, "2018-06-30": -40.393, "2018-03-31": "-46.85500", "2017-12-31": -49.139, "2017-09-30": -53.752, "2017-06-30": -43.636, "2017-03-31": "-38.82600", "2016-12-31": -29.46, "2016-09-30": -35.479, "2016-06-30": -40.861, "2016-03-31": "-37.92100", "2015-12-31": -133.534, "2015-09-30": -145.752, "2015-06-30": -101.934, "2015-03-31": "418.87500", "2014-12-31": -113.568, "2014-09-30": -77.594, "2014-06-30": -70.8, "2014-03-31": "-129.21500", "2013-12-31": -18.815, "2013-09-30": -101.026, "2013-06-30": -110.601, "2013-03-31": "-25.38200", "2012-12-31": -264.009, "2012-09-30": 2.255, "2012-06-30": -132.602, "2012-03-31": "-34.56600", "2011-12-31": -128.92, "2011-09-30": -47.127, "2011-06-30": -35.378, "2011-03-31": "-27.53100", "2010-12-31": -74.539, "2010-09-30": -29.176, "2010-06-30": -26.019, "2010-03-31": "-13.17900", "2009-12-31": -34.498, "2009-09-30": -26.197, "2009-06-30": -22.072, "2009-03-31": "-24.31100", "2008-12-31": -46.135, "2008-09-30": -109.327, "2008-06-30": -37.117, "2008-03-31": "7.11000", "2007-12-31": -61.782, "2007-09-30": -72.539, "2007-06-30": 18.384, "2007-03-31": "65.79300", "2006-12-31": -98.817, "2006-09-30": 0.136, "2006-06-30": -25.072, "2006-03-31": "9.21600", "2005-12-31": -34.03, "2005-09-30": -21.424, "2005-06-30": -18.701, "2005-03-31": "20.88200"}, "Net Cash Flow": {"2020-09-30": 359.473, "2020-06-30": -60.594, "2020-03-31": "-48.68100", "2019-12-31": 125.131, "2019-09-30": -50.621, "2019-06-30": -41.24, "2019-03-31": "18.02700", "2018-12-31": 89.741, "2018-09-30": 12.5, "2018-06-30": -18.215, "2018-03-31": "-167.78800", "2017-12-31": 201.302, "2017-09-30": -3.018, "2017-06-30": 179.378, "2017-03-31": "-41.37900", "2016-12-31": 106.292, "2016-09-30": -2.204, "2016-06-30": -44.304, "2016-03-31": "-59.06600", "2015-12-31": 128.602, "2015-09-30": -77.462, "2015-06-30": -18.472, "2015-03-31": "-116.57400", "2014-12-31": 287.481, "2014-09-30": 19.3, "2014-06-30": -20.847, "2014-03-31": "-199.38800", "2013-12-31": 250.053, "2013-09-30": 9.039, "2013-06-30": -64.725, "2013-03-31": "-134.81500", "2012-12-31": 86.832, "2012-09-30": 42.207, "2012-06-30": 2.519, "2012-03-31": "-164.66200", "2011-12-31": 109.471, "2011-09-30": 6.573, "2011-06-30": -67.546, "2011-03-31": "-268.72100", "2010-12-31": 246.966, "2010-09-30": -192.889, "2010-06-30": 35.146, "2010-03-31": "-185.96400", "2009-12-31": 363.095, "2009-09-30": 39.687, "2009-06-30": 49.999, "2009-03-31": "-270.51700", "2008-12-31": 318.106, "2008-09-30": 16.848, "2008-06-30": -62.292, "2008-03-31": "-173.84400", "2007-12-31": 298.674, "2007-09-30": 23.152, "2007-06-30": 9.961, "2007-03-31": "-29.00600", "2006-12-31": 18.263, "2006-09-30": -9.51, "2006-06-30": 12.463, "2006-03-31": "-47.08000", "2005-12-31": 57.63, "2005-09-30": -5.957, "2005-06-30": 13.47, "2005-03-31": "-36.03800"}, "Stock-Based Compensation": {"2020-09-30": 5.629, "2020-06-30": 4.164, "2020-03-31": "14.31100", "2019-12-31": 1.375, "2019-09-30": 7.153, "2019-06-30": 7.745, "2019-03-31": "7.60900", "2018-12-31": 5.782, "2018-09-30": 5.735, "2018-06-30": 4.433, "2018-03-31": "3.96200", "2017-12-31": 2.529, "2017-09-30": 4.548, "2017-06-30": 4.436, "2017-03-31": "11.30700", "2016-12-31": 0.247, "2016-09-30": 6.001, "2016-06-30": 8.008, "2016-03-31": "15.95700", "2015-12-31": 8.789, "2015-09-30": 8.631, "2015-06-30": 8.301, "2015-03-31": "9.09500", "2014-12-31": 15.99, "2014-09-30": 8.413, "2014-06-30": 8.356, "2014-03-31": "9.91600", "2013-12-31": 11.362, "2013-09-30": 8.11, "2013-06-30": 8.25, "2013-03-31": "8.03500", "2012-12-31": 9.461, "2012-09-30": 10.517, "2012-06-30": 7.629, "2012-03-31": "7.79600", "2011-12-31": 8.435, "2011-09-30": 7.384, "2011-06-30": 7.661, "2011-03-31": "8.61000", "2010-12-31": 8.133, "2010-09-30": 9.208, "2010-06-30": 6.789, "2010-03-31": "8.29800", "2009-12-31": 9.358, "2009-09-30": 9.898, "2009-06-30": 11.425, "2009-03-31": "10.07000", "2008-12-31": 8.722, "2008-09-30": 7.589, "2008-06-30": 9.42, "2008-03-31": "6.97200", "2007-12-31": 6.132, "2007-09-30": 7.377, "2007-06-30": 6.554, "2007-03-31": "5.28200", "2006-12-31": 5.148, "2006-09-30": 10.62, "2006-06-30": 5.439, "2006-03-31": "3.88200", "2005-12-31": 2.391, "2005-09-30": 1.837, "2005-06-30": 8.32, "2005-03-31": "1.24800"}, "Common Stock Dividends Paid": {"2020-09-30": -26.052, "2020-06-30": -26.031, "2020-03-31": "-26.02300", "2019-12-31": -24.862, "2019-09-30": -24.923, "2019-06-30": -24.863, "2019-03-31": "-24.90900", "2018-12-31": -24.868, "2018-09-30": -24.867, "2018-06-30": -24.855, "2018-03-31": "-24.82600", "2017-12-31": -24.821, "2017-09-30": -24.833, "2017-06-30": -24.794, "2017-03-31": "-24.78500", "2016-12-31": -24.786, "2016-09-30": -24.779, "2016-06-30": -24.766, "2016-03-31": "-23.41500", "2015-12-31": -23.65, "2015-09-30": -24.072, "2015-06-30": -24.242, "2015-03-31": "-21.68600", "2014-12-31": -21.831, "2014-09-30": -21.905, "2014-06-30": -21.995, "2014-03-31": "-19.38700", "2013-12-31": -19.56, "2013-09-30": -19.716, "2013-06-30": -20.107, "2013-03-31": "-17.51400", "2012-12-31": -18.196, "2012-09-30": -18.487, "2012-06-30": -19.672, "2012-03-31": "-17.41000", "2011-12-31": -17.763, "2011-09-30": -17.817, "2011-06-30": -17.845, "2011-03-31": "-16.13200", "2010-12-31": -15.904, "2010-09-30": -16.247, "2010-06-30": -16.414, "2010-03-31": "-15.01700", "2009-12-31": -17.017, "2009-09-30": -15.218, "2009-06-30": -15.15, "2009-03-31": "-14.04800", "2008-12-31": -16.024, "2008-09-30": -14.351, "2008-06-30": -14.405, "2008-03-31": "-8.59200", "2007-12-31": -10.385, "2007-09-30": -8.588, "2007-06-30": -8.588, "2007-03-31": "", "2006-12-31": 0, "2006-09-30": 0, "2006-06-30": 0, "2006-03-31": "", "2005-12-31": 0, "2005-09-30": 0, "2005-06-30": 0, "2005-03-31": ""}}, "financial ratios": {"Current Ratio": {"2019-12-31": "2.25120", "2018-12-31": "2.20460", "2017-12-31": "2.05870", "2016-12-31": "1.94980", "2015-12-31": "1.81970", "2014-12-31": "1.89840", "2013-12-31": "1.82750", "2012-12-31": "1.72270", "2011-12-31": "1.78760", "2010-12-31": "1.73290", "2009-12-31": "1.71410", "2008-12-31": "1.45050", "2007-12-31": "1.51720", "2006-12-31": "1.47380", "2005-12-31": "1.55990"}, "Long-term Debt / Capital": {"2019-12-31": "0.42930", "2018-12-31": "0.46000", "2017-12-31": "0.47300", "2016-12-31": "0.47560", "2015-12-31": "0.48390", "2014-12-31": "0.36200", "2013-12-31": "0.37530", "2012-12-31": "0.31450", "2011-12-31": "0.16540", "2010-12-31": "0.18390", "2009-12-31": "0.23040", "2008-12-31": "0.28420", "2007-12-31": "0.29870", "2006-12-31": "0.35290", "2005-12-31": "0.43340"}, "Debt/Equity Ratio": {"2019-12-31": "0.75840", "2018-12-31": "0.89300", "2017-12-31": "0.94270", "2016-12-31": "0.95920", "2015-12-31": "0.97390", "2014-12-31": "0.59480", "2013-12-31": "0.63940", "2012-12-31": "0.49020", "2011-12-31": "0.22180", "2010-12-31": "0.24970", "2009-12-31": "0.31450", "2008-12-31": "0.41720", "2007-12-31": "0.43150", "2006-12-31": "0.55320", "2005-12-31": "0.77940"}, "Gross Margin": {"2019-12-31": "32.83700", "2018-12-31": "30.99240", "2017-12-31": "29.74610", "2016-12-31": "30.99370", "2015-12-31": "32.41780", "2014-12-31": "35.05970", "2013-12-31": "34.07110", "2012-12-31": "33.27380", "2011-12-31": "33.56050", "2010-12-31": "34.96230", "2009-12-31": "35.46480", "2008-12-31": "35.32630", "2007-12-31": "33.16030", "2006-12-31": "32.90690", "2005-12-31": "32.29950"}, "Operating Margin": {"2019-12-31": "10.29290", "2018-12-31": "6.45860", "2017-12-31": "9.31850", "2016-12-31": "6.93360", "2015-12-31": "11.29200", "2014-12-31": "16.10100", "2013-12-31": "15.34490", "2012-12-31": "14.22290", "2011-12-31": "13.71730", "2010-12-31": "14.41830", "2009-12-31": "14.42110", "2008-12-31": "13.76290", "2007-12-31": "10.94670", "2006-12-31": "7.82800", "2005-12-31": "7.37670"}, "EBIT Margin": {"2019-12-31": "10.55870", "2018-12-31": "6.74940", "2017-12-31": "9.66250", "2016-12-31": "7.25750", "2015-12-31": "11.50830", "2014-12-31": "16.34930", "2013-12-31": "16.13240", "2012-12-31": "14.57970", "2011-12-31": "14.14100", "2010-12-31": "14.83120", "2009-12-31": "14.78380", "2008-12-31": "14.14210", "2007-12-31": "11.44350", "2006-12-31": "8.31210", "2005-12-31": "7.84170"}, "EBITDA Margin": {"2019-12-31": "13.20720", "2018-12-31": "9.68400", "2017-12-31": "12.89820", "2016-12-31": "10.18330", "2015-12-31": "14.29670", "2014-12-31": "18.61010", "2013-12-31": "18.27980", "2012-12-31": "16.83640", "2011-12-31": "16.52590", "2010-12-31": "17.42400", "2009-12-31": "17.02090", "2008-12-31": "16.00330", "2007-12-31": "13.55540", "2006-12-31": "10.68760", "2005-12-31": "10.56800"}, "Pre-Tax Profit Margin": {"2019-12-31": "8.66570", "2018-12-31": "4.59930", "2017-12-31": "7.18440", "2016-12-31": "5.33550", "2015-12-31": "9.04750", "2014-12-31": "14.93980", "2013-12-31": "13.98740", "2012-12-31": "12.87140", "2011-12-31": "13.03170", "2010-12-31": "13.15160", "2009-12-31": "13.39650", "2008-12-31": "13.25460", "2007-12-31": "9.62190", "2006-12-31": "6.11800", "2005-12-31": "3.41350"}, "Net Profit Margin": {"2019-12-31": "6.43040", "2018-12-31": "3.12240", "2017-12-31": "0.07240", "2016-12-31": "3.31930", "2015-12-31": "5.66970", "2014-12-31": "10.52450", "2013-12-31": "9.79950", "2012-12-31": "9.43610", "2011-12-31": "9.50250", "2010-12-31": "9.63010", "2009-12-31": "9.80210", "2008-12-31": "9.88970", "2007-12-31": "6.79760", "2006-12-31": "3.75790", "2005-12-31": "0.63350"}, "Asset Turnover": {"2019-12-31": "0.80190", "2018-12-31": "0.83030", "2017-12-31": "0.74550", "2016-12-31": "0.84740", "2015-12-31": "0.91830", "2014-12-31": "0.98190", "2013-12-31": "0.98370", "2012-12-31": "0.98760", "2011-12-31": "0.97570", "2010-12-31": "0.90410", "2009-12-31": "1.02740", "2008-12-31": "1.11180", "2007-12-31": "1.06880", "2006-12-31": "1.06690", "2005-12-31": "1.03120"}, "Inventory Turnover Ratio": {"2019-12-31": "4.00930", "2018-12-31": "4.17250", "2017-12-31": "2.90850", "2016-12-31": "3.06750", "2015-12-31": "3.14750", "2014-12-31": "3.18180", "2013-12-31": "3.07970", "2012-12-31": "2.91750", "2011-12-31": "2.97170", "2010-12-31": "2.95730", "2009-12-31": "3.54250", "2008-12-31": "3.46650", "2007-12-31": "3.69740", "2006-12-31": "3.75200", "2005-12-31": "4.38200"}, "Receiveable Turnover": {"2019-12-31": "4.95870", "2018-12-31": "4.83660", "2017-12-31": "4.27310", "2016-12-31": "4.52110", "2015-12-31": "4.62360", "2014-12-31": "4.50640", "2013-12-31": "4.28850", "2012-12-31": "4.30480", "2011-12-31": "4.25390", "2010-12-31": "4.80250", "2009-12-31": "5.51360", "2008-12-31": "5.53290", "2007-12-31": "5.64350", "2006-12-31": "5.54730", "2005-12-31": "5.69890"}, "Days Sales In Receivables": {"2019-12-31": "73.60770", "2018-12-31": "75.46660", "2017-12-31": "85.41760", "2016-12-31": "80.73270", "2015-12-31": "78.94320", "2014-12-31": "80.99680", "2013-12-31": "85.11140", "2012-12-31": "84.78860", "2011-12-31": "85.80350", "2010-12-31": "76.00170", "2009-12-31": "66.19960", "2008-12-31": "65.96900", "2007-12-31": "64.67640", "2006-12-31": "65.79820", "2005-12-31": "64.04730"}, "ROE - Return On Equity": {"2019-12-31": "14.41550", "2018-12-31": "7.52960", "2017-12-31": "0.25900", "2016-12-31": "8.27730", "2015-12-31": "15.86270", "2014-12-31": "26.74950", "2013-12-31": "26.01430", "2012-12-31": "23.79550", "2011-12-31": "18.84060", "2010-12-31": "18.39450", "2009-12-31": "23.77310", "2008-12-31": "32.39850", "2007-12-31": "19.93450", "2006-12-31": "11.17380", "2005-12-31": "6.02520"}, "Return On Tangible Equity": {"2019-12-31": "59.20700", "2018-12-31": "45.87480", "2017-12-31": "1.78310", "2016-12-31": "62.22570", "2015-12-31": "124.76010", "2014-12-31": "71.32610", "2013-12-31": "80.18100", "2012-12-31": "65.28130", "2011-12-31": "40.12740", "2010-12-31": "40.76830", "2009-12-31": "52.74090", "2008-12-31": "105.03320", "2007-12-31": "84.51370", "2006-12-31": "436.84180", "2005-12-31": "-40.26290"}, "ROA - Return On Assets": {"2019-12-31": "5.32110", "2018-12-31": "2.70890", "2017-12-31": "0.08810", "2016-12-31": "2.87820", "2015-12-31": "5.31960", "2014-12-31": "10.45550", "2013-12-31": "9.69520", "2012-12-31": "9.37030", "2011-12-31": "9.28550", "2010-12-31": "8.71500", "2009-12-31": "10.08100", "2008-12-31": "11.06490", "2007-12-31": "7.32150", "2006-12-31": "3.97450", "2005-12-31": "1.96730"}, "ROI - Return On Investment": {"2019-12-31": "8.22710", "2018-12-31": "4.06590", "2017-12-31": "0.13650", "2016-12-31": "4.34030", "2015-12-31": "8.18670", "2014-12-31": "17.06620", "2013-12-31": "16.25170", "2012-12-31": "16.31210", "2011-12-31": "15.72380", "2010-12-31": "15.01130", "2009-12-31": "18.29600", "2008-12-31": "23.19070", "2007-12-31": "13.97940", "2006-12-31": "7.23080", "2005-12-31": "3.41390"}, "Book Value Per Share": {"2019-12-31": "13.91210", "2018-12-31": "12.72080", "2017-12-31": "12.82170", "2016-12-31": "12.61340", "2015-12-31": "12.89320", "2014-12-31": "14.45370", "2013-12-31": "13.68530", "2012-12-31": "13.11930", "2011-12-31": "14.08770", "2010-12-31": "12.79250", "2009-12-31": "10.92840", "2008-12-31": "8.29600", "2007-12-31": "7.65410", "2006-12-31": "6.07250", "2005-12-31": "5.08220"}, "Operating Cash Flow Per Share": {"2019-12-31": 0.9206, "2018-12-31": -0.9144, "2017-12-31": 0.5321, "2016-12-31": -1.4579, "2015-12-31": -1.0188, "2014-12-31": 0.8881, "2013-12-31": 0.151, "2012-12-31": 1.9771, "2011-12-31": -0.8056, "2010-12-31": -0.4485, "2009-12-31": 0.1765, "2008-12-31": -0.043, "2007-12-31": 1.4612, "2006-12-31": 0.2065, "2005-12-31": 0.7494}, "Free Cash Flow Per Share": {"2019-12-31": 1.3323, "2018-12-31": -1.0795, "2017-12-31": 0.7642, "2016-12-31": -0.8349, "2015-12-31": -1.352, "2014-12-31": 0.9036, "2013-12-31": -0.0632, "2012-12-31": 1.8424, "2011-12-31": -0.8842, "2010-12-31": -0.3479, "2009-12-31": 0.2331, "2008-12-31": -0.3004, "2007-12-31": 1.4546, "2006-12-31": 0.0655, "2005-12-31": 0.4597}}, "financial ratios, quarterly": {"Current Ratio": {"2020-09-30": "2.56600", "2020-06-30": "2.23250", "2020-03-31": "2.19300", "2019-12-31": "2.24330", "2019-09-30": "2.28550", "2019-06-30": "2.27540", "2019-03-31": "2.17280", "2018-12-31": "2.20460", "2018-09-30": "2.23510", "2018-06-30": "2.25390", "2018-03-31": "2.29000", "2017-12-31": "2.05870", "2017-09-30": "2.12400", "2017-06-30": "2.10720", "2017-03-31": "2.04920", "2016-12-31": "1.94980", "2016-09-30": "1.98290", "2016-06-30": "1.95650", "2016-03-31": "1.89810", "2015-12-31": "1.81970", "2015-09-30": "2.01610", "2015-06-30": "2.03520", "2015-03-31": "2.05880", "2014-12-31": "1.89840", "2014-09-30": "2.03350", "2014-06-30": "2.02040", "2014-03-31": "1.98420", "2013-12-31": "1.82750", "2013-09-30": "1.64760", "2013-06-30": "1.61220", "2013-03-31": "1.68500", "2012-12-31": "1.72270", "2012-09-30": "1.92920", "2012-06-30": "1.49360", "2012-03-31": "1.88880", "2011-12-31": "1.78760", "2011-09-30": "1.98560", "2011-06-30": "1.94080", "2011-03-31": "1.88320", "2010-12-31": "1.73290", "2010-09-30": "1.84050", "2010-06-30": "1.98180", "2010-03-31": "1.86730", "2009-12-31": "1.71410", "2009-09-30": "1.72280", "2009-06-30": "1.65380", "2009-03-31": "1.58500", "2008-12-31": "1.45050", "2008-09-30": "1.46480", "2008-06-30": "1.59970", "2008-03-31": "1.58640", "2007-12-31": "1.51720", "2007-09-30": "1.50820", "2007-06-30": "1.47090", "2007-03-31": "1.45550", "2006-12-31": "1.47380", "2006-09-30": "1.61590", "2006-06-30": "1.66890", "2006-03-31": "1.60910", "2005-12-31": "1.55990", "2005-09-30": "1.58930", "2005-06-30": "1.42720", "2005-03-31": "1.46100"}, "Long-term Debt / Capital": {"2020-09-30": "0.49960", "2020-06-30": "0.44720", "2020-03-31": "0.44600", "2019-12-31": "0.43530", "2019-09-30": "0.43280", "2019-06-30": "0.44210", "2019-03-31": "0.44910", "2018-12-31": "0.46000", "2018-09-30": "0.46840", "2018-06-30": "0.46990", "2018-03-31": "0.46850", "2017-12-31": "0.47300", "2017-09-30": "0.46000", "2017-06-30": "0.46520", "2017-03-31": "0.46910", "2016-12-31": "0.47560", "2016-09-30": "0.47260", "2016-06-30": "0.46690", "2016-03-31": "0.47470", "2015-12-31": "0.48390", "2015-09-30": "0.48570", "2015-06-30": "0.47690", "2015-03-31": "0.47880", "2014-12-31": "0.36200", "2014-09-30": "0.36640", "2014-06-30": "0.36700", "2014-03-31": "0.37490", "2013-12-31": "0.37530", "2013-09-30": "0.31670", "2013-06-30": "0.33030", "2013-03-31": "0.32460", "2012-12-31": "0.31450", "2012-09-30": "0.30250", "2012-06-30": "0.17580", "2012-03-31": "0.15640", "2011-12-31": "0.16540", "2011-09-30": "0.16560", "2011-06-30": "0.16610", "2011-03-31": "0.17450", "2010-12-31": "0.18390", "2010-09-30": "0.20940", "2010-06-30": "0.22570", "2010-03-31": "0.22750", "2009-12-31": "0.23040", "2009-09-30": "0.23930", "2009-06-30": "0.25550", "2009-03-31": "0.27790", "2008-12-31": "0.28420", "2008-09-30": "0.27960", "2008-06-30": "0.26730", "2008-03-31": "0.28000", "2007-12-31": "0.29870", "2007-09-30": "0.32120", "2007-06-30": "0.33900", "2007-03-31": "0.35390", "2006-12-31": "0.35290", "2006-09-30": "0.40430", "2006-06-30": "0.41400", "2006-03-31": "0.43230", "2005-12-31": "0.43340", "2005-09-30": "0.44090", "2005-06-30": "0.40180", "2005-03-31": "0.42310"}, "Debt/Equity Ratio": {"2020-09-30": "1.00340", "2020-06-30": "0.81430", "2020-03-31": "0.81050", "2019-12-31": "0.77710", "2019-09-30": "0.76840", "2019-06-30": "0.83320", "2019-03-31": "0.85740", "2018-12-31": "0.89300", "2018-09-30": "0.92230", "2018-06-30": "0.92890", "2018-03-31": "0.92330", "2017-12-31": "0.94270", "2017-09-30": "0.89760", "2017-06-30": "0.92180", "2017-03-31": "0.93800", "2016-12-31": "0.95920", "2016-09-30": "0.94010", "2016-06-30": "0.91600", "2016-03-31": "0.93970", "2015-12-31": "0.97390", "2015-09-30": "0.98500", "2015-06-30": "0.94930", "2015-03-31": "0.95200", "2014-12-31": "0.59480", "2014-09-30": "0.60650", "2014-06-30": "0.61360", "2014-03-31": "0.64010", "2013-12-31": "0.63940", "2013-09-30": "0.61210", "2013-06-30": "0.65450", "2013-03-31": "0.59830", "2012-12-31": "0.49020", "2012-09-30": "0.45780", "2012-06-30": "0.39890", "2012-03-31": "0.21100", "2011-12-31": "0.22180", "2011-09-30": "0.22020", "2011-06-30": "0.22310", "2011-03-31": "0.23570", "2010-12-31": "0.24970", "2010-09-30": "0.27900", "2010-06-30": "0.30760", "2010-03-31": "0.31000", "2009-12-31": "0.31450", "2009-09-30": "0.33070", "2009-06-30": "0.36100", "2009-03-31": "0.40270", "2008-12-31": "0.41720", "2008-09-30": "0.40350", "2008-06-30": "0.38020", "2008-03-31": "0.39810", "2007-12-31": "0.43150", "2007-09-30": "0.52860", "2007-06-30": "0.63390", "2007-03-31": "0.64230", "2006-12-31": "0.55320", "2006-09-30": "0.69040", "2006-06-30": "0.71840", "2006-03-31": "0.78820", "2005-12-31": "0.77940", "2005-09-30": "0.81040", "2005-06-30": "0.79450", "2005-03-31": "0.83410"}, "Gross Margin": {"2020-09-30": "30.85670", "2020-06-30": "28.88330", "2020-03-31": "29.73610", "2019-12-31": "32.77890", "2019-09-30": "33.42880", "2019-06-30": "32.12180", "2019-03-31": "33.04040", "2018-12-31": "32.61280", "2018-09-30": "32.38120", "2018-06-30": "29.39560", "2018-03-31": "29.50510", "2017-12-31": "29.63970", "2017-09-30": "30.33940", "2017-06-30": "27.98660", "2017-03-31": "31.04930", "2016-12-31": "31.09440", "2016-09-30": "29.38660", "2016-06-30": "31.21150", "2016-03-31": "32.24980", "2015-12-31": "30.20480", "2015-09-30": "35.45450", "2015-06-30": "31.75680", "2015-03-31": "32.69500", "2014-12-31": "34.83910", "2014-09-30": "35.00710", "2014-06-30": "35.14490", "2014-03-31": "35.30660", "2013-12-31": "33.86050", "2013-09-30": "34.39540", "2013-06-30": "34.01110", "2013-03-31": "34.04240", "2012-12-31": "33.69660", "2012-09-30": "33.41590", "2012-06-30": "32.53210", "2012-03-31": "33.41300", "2011-12-31": "33.19250", "2011-09-30": "33.56940", "2011-06-30": "32.80810", "2011-03-31": "34.86690", "2010-12-31": "33.71940", "2010-09-30": "34.32180", "2010-06-30": "35.72640", "2010-03-31": "36.32370", "2009-12-31": "34.09570", "2009-09-30": "36.64910", "2009-06-30": "35.42930", "2009-03-31": "35.88990", "2008-12-31": "35.20850", "2008-09-30": "35.10120", "2008-06-30": "36.10650", "2008-03-31": "34.81720", "2007-12-31": "33.01420", "2007-09-30": "34.11300", "2007-06-30": "32.49410", "2007-03-31": "33.04380", "2006-12-31": "32.47050", "2006-09-30": "32.41010", "2006-06-30": "33.55200", "2006-03-31": "33.33970", "2005-12-31": "33.24270", "2005-09-30": "32.52050", "2005-06-30": "32.22120", "2005-03-31": "31.02380"}, "Operating Margin": {"2020-09-30": "9.44740", "2020-06-30": "4.63670", "2020-03-31": "2.85670", "2019-12-31": "10.49700", "2019-09-30": "10.50290", "2019-06-30": "9.90000", "2019-03-31": "10.25010", "2018-12-31": "9.44510", "2018-09-30": "6.52780", "2018-06-30": "4.80010", "2018-03-31": "4.93780", "2017-12-31": "8.58690", "2017-09-30": "8.46670", "2017-06-30": "14.46620", "2017-03-31": "5.84880", "2016-12-31": "10.44680", "2016-09-30": "0.01180", "2016-06-30": "9.12700", "2016-03-31": "7.49550", "2015-12-31": "9.79900", "2015-09-30": "15.30800", "2015-06-30": "10.97680", "2015-03-31": "9.20300", "2014-12-31": "16.96170", "2014-09-30": "15.98350", "2014-06-30": "15.87050", "2014-03-31": "15.38440", "2013-12-31": "15.32240", "2013-09-30": "15.73470", "2013-06-30": "14.80570", "2013-03-31": "15.54620", "2012-12-31": "15.26510", "2012-09-30": "14.21240", "2012-06-30": "13.93950", "2012-03-31": "13.25820", "2011-12-31": "15.28030", "2011-09-30": "13.81310", "2011-06-30": "12.44550", "2011-03-31": "13.06180", "2010-12-31": "14.37740", "2010-09-30": "13.29610", "2010-06-30": "15.19400", "2010-03-31": "14.82670", "2009-12-31": "13.54570", "2009-09-30": "15.33730", "2009-06-30": "14.55920", "2009-03-31": "14.35870", "2008-12-31": "13.64610", "2008-09-30": "14.26100", "2008-06-30": "14.88680", "2008-03-31": "12.01190", "2007-12-31": "12.55950", "2007-09-30": "11.77370", "2007-06-30": "10.41260", "2007-03-31": "8.39210", "2006-12-31": "7.15950", "2006-09-30": "8.02810", "2006-06-30": "9.74390", "2006-03-31": "6.28930", "2005-12-31": "8.37930", "2005-09-30": "8.43910", "2005-06-30": "8.14610", "2005-03-31": "4.19190"}, "EBIT Margin": {"2020-09-30": "9.75480", "2020-06-30": "4.97040", "2020-03-31": "3.21400", "2019-12-31": "10.72390", "2019-09-30": "10.71250", "2019-06-30": "10.26970", "2019-03-31": "10.50950", "2018-12-31": "9.77300", "2018-09-30": "6.87360", "2018-06-30": "4.94860", "2018-03-31": "5.28210", "2017-12-31": "8.93170", "2017-09-30": "8.79700", "2017-06-30": "14.76880", "2017-03-31": "6.24760", "2016-12-31": "10.85800", "2016-09-30": "0.37060", "2016-06-30": "9.30310", "2016-03-31": "7.84630", "2015-12-31": "10.07880", "2015-09-30": "15.54650", "2015-06-30": "11.15560", "2015-03-31": "9.35810", "2014-12-31": "17.29990", "2014-09-30": "16.13510", "2014-06-30": "16.04910", "2014-03-31": "15.70560", "2013-12-31": "15.53640", "2013-09-30": "15.91510", "2013-06-30": "14.97880", "2013-03-31": "18.43510", "2012-12-31": "15.54650", "2012-09-30": "14.54680", "2012-06-30": "14.28510", "2012-03-31": "13.74460", "2011-12-31": "15.73830", "2011-09-30": "14.20240", "2011-06-30": "12.77870", "2011-03-31": "13.58290", "2010-12-31": "14.73800", "2010-09-30": "13.65010", "2010-06-30": "15.60960", "2010-03-31": "15.35900", "2009-12-31": "13.88920", "2009-09-30": "15.64800", "2009-06-30": "14.90560", "2009-03-31": "14.81490", "2008-12-31": "13.91050", "2008-09-30": "14.55480", "2008-06-30": "15.27650", "2008-03-31": "12.61320", "2007-12-31": "12.95200", "2007-09-30": "12.29380", "2007-06-30": "10.84570", "2007-03-31": "9.08040", "2006-12-31": "7.57760", "2006-09-30": "8.45960", "2006-06-30": "10.27710", "2006-03-31": "6.86830", "2005-12-31": "10.07640", "2005-09-30": "8.43910", "2005-06-30": "8.14610", "2005-03-31": "4.19190"}, "EBITDA Margin": {"2020-09-30": "", "2020-06-30": "", "2020-03-31": "", "2019-12-31": "", "2019-09-30": "", "2019-06-30": "", "2019-03-31": "", "2018-12-31": "", "2018-09-30": "", "2018-06-30": "", "2018-03-31": "", "2017-12-31": "", "2017-09-30": "", "2017-06-30": "", "2017-03-31": "", "2016-12-31": "", "2016-09-30": "", "2016-06-30": "", "2016-03-31": "", "2015-12-31": "", "2015-09-30": "", "2015-06-30": "", "2015-03-31": "", "2014-12-31": "", "2014-09-30": "", "2014-06-30": "", "2014-03-31": "", "2013-12-31": "", "2013-09-30": "", "2013-06-30": "", "2013-03-31": "", "2012-12-31": "", "2012-09-30": "", "2012-06-30": "", "2012-03-31": "", "2011-12-31": "", "2011-09-30": "", "2011-06-30": "", "2011-03-31": "", "2010-12-31": "", "2010-09-30": "", "2010-06-30": "", "2010-03-31": "", "2009-12-31": "", "2009-09-30": "", "2009-06-30": "", "2009-03-31": "", "2008-12-31": "", "2008-09-30": "", "2008-06-30": "", "2008-03-31": "", "2007-12-31": "", "2007-09-30": "", "2007-06-30": "", "2007-03-31": "", "2006-12-31": "", "2006-09-30": "", "2006-06-30": "", "2006-03-31": "", "2005-12-31": "", "2005-09-30": "", "2005-06-30": "", "2005-03-31": ""}, "Pre-Tax Profit Margin": {"2020-09-30": "7.82450", "2020-06-30": "1.75100", "2020-03-31": "4.22600", "2019-12-31": "9.21480", "2019-09-30": "8.47370", "2019-06-30": "8.37170", "2019-03-31": "8.54820", "2018-12-31": "7.96060", "2018-09-30": "4.65520", "2018-06-30": "2.91140", "2018-03-31": "2.72080", "2017-12-31": "6.47510", "2017-09-30": "7.73950", "2017-06-30": "11.75200", "2017-03-31": "2.84060", "2016-12-31": "8.38280", "2016-09-30": "-1.29040", "2016-06-30": "8.16400", "2016-03-31": "5.43930", "2015-12-31": "7.78770", "2015-09-30": "13.37330", "2015-06-30": "9.25380", "2015-03-31": "5.73130", "2014-12-31": "16.13320", "2014-09-30": "15.22620", "2014-06-30": "14.37130", "2014-03-31": "13.72510", "2013-12-31": "13.79690", "2013-09-30": "14.84070", "2013-06-30": "13.81890", "2013-03-31": "13.46280", "2012-12-31": "14.29290", "2012-09-30": "12.40250", "2012-06-30": "12.52430", "2012-03-31": "12.00550", "2011-12-31": "14.23790", "2011-09-30": "12.48050", "2011-06-30": "12.16530", "2011-03-31": "13.09910", "2010-12-31": "13.40900", "2010-09-30": "14.40160", "2010-06-30": "13.05270", "2010-03-31": "11.67790", "2009-12-31": "12.35370", "2009-09-30": "15.09380", "2009-06-30": "13.68380", "2009-03-31": "12.57000", "2008-12-31": "13.73020", "2008-09-30": "12.55830", "2008-06-30": "13.97520", "2008-03-31": "12.66370", "2007-12-31": "11.71810", "2007-09-30": "10.33890", "2007-06-30": "9.02260", "2007-03-31": "6.60120", "2006-12-31": "5.85880", "2006-09-30": "5.87620", "2006-06-30": "8.30970", "2006-03-31": "4.22980", "2005-12-31": "6.39150", "2005-09-30": "1.49090", "2005-06-30": "4.51320", "2005-03-31": "0.63670"}, "Net Profit Margin": {"2020-09-30": "5.51800", "2020-06-30": "0.93460", "2020-03-31": "-0.06820", "2019-12-31": "7.33330", "2019-09-30": "6.01000", "2019-06-30": "5.87550", "2019-03-31": "6.43350", "2018-12-31": "6.39430", "2018-09-30": "2.96050", "2018-06-30": "1.35850", "2018-03-31": "1.64610", "2017-12-31": "-10.23930", "2017-09-30": "5.38900", "2017-06-30": "4.77480", "2017-03-31": "2.19900", "2016-12-31": "5.60790", "2016-09-30": "-1.67460", "2016-06-30": "5.29230", "2016-03-31": "3.57910", "2015-12-31": "4.83560", "2015-09-30": "8.53850", "2015-06-30": "6.45370", "2015-03-31": "2.72700", "2014-12-31": "11.11660", "2014-09-30": "10.67810", "2014-06-30": "10.08780", "2014-03-31": "10.08620", "2013-12-31": "10.15400", "2013-09-30": "10.27380", "2013-06-30": "9.71230", "2013-03-31": "8.91750", "2012-12-31": "10.66110", "2012-09-30": "9.11690", "2012-06-30": "9.07750", "2012-03-31": "8.66300", "2011-12-31": "9.88570", "2011-09-30": "9.60690", "2011-06-30": "8.77030", "2011-03-31": "9.72540", "2010-12-31": "9.86570", "2010-09-30": "10.69480", "2010-06-30": "9.53570", "2010-03-31": "8.36580", "2009-12-31": "9.20880", "2009-09-30": "11.12630", "2009-06-30": "9.92460", "2009-03-31": "9.00780", "2008-12-31": "9.78950", "2008-09-30": "10.14650", "2008-06-30": "10.61360", "2008-03-31": "8.86570", "2007-12-31": "8.64450", "2007-09-30": "6.85940", "2007-06-30": "6.79130", "2007-03-31": "4.18400", "2006-12-31": "3.79630", "2006-09-30": "3.79870", "2006-06-30": "4.46420", "2006-03-31": "2.84470", "2005-12-31": "1.77220", "2005-09-30": "-1.53200", "2005-06-30": "2.59710", "2005-03-31": "-0.65150"}, "Asset Turnover": {"2020-09-30": "0.17870", "2020-06-30": "0.19450", "2020-03-31": "0.18780", "2019-12-31": "0.21650", "2019-09-30": "0.20900", "2019-06-30": "0.20540", "2019-03-31": "0.18360", "2018-12-31": "0.21380", "2018-09-30": "0.20690", "2018-06-30": "0.20920", "2018-03-31": "0.19280", "2017-12-31": "0.21060", "2017-09-30": "0.18270", "2017-06-30": "0.18290", "2017-03-31": "0.18570", "2016-12-31": "0.22740", "2016-09-30": "0.19490", "2016-06-30": "0.20830", "2016-03-31": "0.19000", "2015-12-31": "0.25880", "2015-09-30": "0.21260", "2015-06-30": "0.21880", "2015-03-31": "0.19320", "2014-12-31": "0.27810", "2014-09-30": "0.25120", "2014-06-30": "0.25060", "2014-03-31": "0.22440", "2013-12-31": "0.27590", "2013-09-30": "0.26170", "2013-06-30": "0.26720", "2013-03-31": "0.23490", "2012-12-31": "0.27610", "2012-09-30": "0.24580", "2012-06-30": "0.25670", "2012-03-31": "0.23280", "2011-12-31": "0.27370", "2011-09-30": "0.25040", "2011-06-30": "0.24670", "2011-03-31": "0.22410", "2010-12-31": "0.25570", "2010-09-30": "0.22970", "2010-06-30": "0.24280", "2010-03-31": "0.23570", "2009-12-31": "0.28220", "2009-09-30": "0.26170", "2009-06-30": "0.27580", "2009-03-31": "0.27010", "2008-12-31": "0.29050", "2008-09-30": "0.30800", "2008-06-30": "0.30520", "2008-03-31": "0.26880", "2007-12-31": "0.31510", "2007-09-30": "0.28070", "2007-06-30": "0.29750", "2007-03-31": "0.27140", "2006-12-31": "0.30800", "2006-09-30": "0.28050", "2006-06-30": "0.28100", "2006-03-31": "0.25320", "2005-12-31": "0.28260", "2005-09-30": "0.25270", "2005-06-30": "0.26690", "2005-03-31": "0.23720"}, "Inventory Turnover Ratio": {"2020-09-30": "0.89450", "2020-06-30": "0.96110", "2020-03-31": "0.91870", "2019-12-31": "1.08740", "2019-09-30": "0.96450", "2019-06-30": "0.98700", "2019-03-31": "0.87620", "2018-12-31": "1.04910", "2018-09-30": "0.98260", "2018-06-30": "1.01740", "2018-03-31": "0.92400", "2017-12-31": "0.82280", "2017-09-30": "0.64670", "2017-06-30": "0.67060", "2017-03-31": "0.63550", "2016-12-31": "0.82200", "2016-09-30": "0.64290", "2016-06-30": "0.66800", "2016-03-31": "0.58910", "2015-12-31": "0.91600", "2015-09-30": "0.63390", "2015-06-30": "0.70210", "2015-03-31": "0.61030", "2014-12-31": "0.90410", "2014-09-30": "0.69980", "2014-06-30": "0.68440", "2014-03-31": "0.61630", "2013-12-31": "0.86640", "2013-09-30": "0.68090", "2013-06-30": "0.69070", "2013-03-31": "0.62580", "2012-12-31": "0.81040", "2012-09-30": "0.67170", "2012-06-30": "0.69410", "2012-03-31": "0.62720", "2011-12-31": "0.83840", "2011-09-30": "0.69210", "2011-06-30": "0.69360", "2011-03-31": "0.63590", "2010-12-31": "0.85240", "2010-09-30": "0.67330", "2010-06-30": "0.77410", "2010-03-31": "0.76610", "2009-12-31": "0.99370", "2009-09-30": "0.75290", "2009-06-30": "0.78970", "2009-03-31": "0.74310", "2008-12-31": "0.90750", "2008-09-30": "0.87130", "2008-06-30": "0.82840", "2008-03-31": "0.75830", "2007-12-31": "1.09250", "2007-09-30": "0.82980", "2007-06-30": "0.92260", "2007-03-31": "0.85740", "2006-12-31": "1.09010", "2006-09-30": "1.06370", "2006-06-30": "1.16500", "2006-03-31": "1.11280", "2005-12-31": "1.18390", "2005-09-30": "1.08140", "2005-06-30": "1.16200", "2005-03-31": "1.03760"}, "Receiveable Turnover": {"2020-09-30": "1.23090", "2020-06-30": "1.21810", "2020-03-31": "1.22050", "2019-12-31": "1.34380", "2019-09-30": "1.26130", "2019-06-30": "1.22730", "2019-03-31": "1.13910", "2018-12-31": "1.24540", "2018-09-30": "1.22080", "2018-06-30": "1.19300", "2018-03-31": "1.18670", "2017-12-31": "1.20700", "2017-09-30": "1.03770", "2017-06-30": "1.05410", "2017-03-31": "1.04200", "2016-12-31": "1.21330", "2016-09-30": "1.05480", "2016-06-30": "1.08610", "2016-03-31": "1.03450", "2015-12-31": "1.30300", "2015-09-30": "1.09680", "2015-06-30": "1.11500", "2015-03-31": "0.99910", "2014-12-31": "1.27610", "2014-09-30": "1.06450", "2014-06-30": "1.05750", "2014-03-31": "1.00370", "2013-12-31": "1.20260", "2013-09-30": "1.12780", "2013-06-30": "1.14750", "2013-03-31": "1.03810", "2012-12-31": "1.20340", "2012-09-30": "1.05450", "2012-06-30": "1.11780", "2012-03-31": "1.02460", "2011-12-31": "1.19350", "2011-09-30": "1.09670", "2011-06-30": "1.12500", "2011-03-31": "1.09660", "2010-12-31": "1.35830", "2010-09-30": "1.15720", "2010-06-30": "1.25990", "2010-03-31": "1.17530", "2009-12-31": "1.51450", "2009-09-30": "1.24940", "2009-06-30": "1.27810", "2009-03-31": "1.23690", "2008-12-31": "1.44580", "2008-09-30": "1.26480", "2008-06-30": "1.25850", "2008-03-31": "1.25980", "2007-12-31": "1.66390", "2007-09-30": "1.30440", "2007-06-30": "1.40080", "2007-03-31": "1.38640", "2006-12-31": "1.60120", "2006-09-30": "1.48490", "2006-06-30": "1.48750", "2006-03-31": "1.35860", "2005-12-31": "1.56150", "2005-09-30": "1.53180", "2005-06-30": "1.59240", "2005-03-31": "1.42320"}, "Days Sales In Receivables": {"2020-09-30": "73.11550", "2020-06-30": "73.88850", "2020-03-31": "73.74210", "2019-12-31": "66.97660", "2019-09-30": "71.35650", "2019-06-30": "73.33230", "2019-03-31": "79.01160", "2018-12-31": "72.26820", "2018-09-30": "73.72260", "2018-06-30": "75.44090", "2018-03-31": "75.84290", "2017-12-31": "74.56360", "2017-09-30": "86.72610", "2017-06-30": "85.37960", "2017-03-31": "86.36850", "2016-12-31": "74.17580", "2016-09-30": "85.32050", "2016-06-30": "82.86700", "2016-03-31": "87.00040", "2015-12-31": "69.07210", "2015-09-30": "82.05650", "2015-06-30": "80.71980", "2015-03-31": "90.08200", "2014-12-31": "70.52490", "2014-09-30": "84.54800", "2014-06-30": "85.10300", "2014-03-31": "89.66970", "2013-12-31": "74.83550", "2013-09-30": "79.79880", "2013-06-30": "78.43450", "2013-03-31": "86.69460", "2012-12-31": "74.78870", "2012-09-30": "85.34670", "2012-06-30": "80.51580", "2012-03-31": "87.83540", "2011-12-31": "75.40720", "2011-09-30": "82.06420", "2011-06-30": "80.00270", "2011-03-31": "82.07000", "2010-12-31": "66.26100", "2010-09-30": "77.77650", "2010-06-30": "71.43650", "2010-03-31": "76.57520", "2009-12-31": "59.42500", "2009-09-30": "72.03420", "2009-06-30": "70.41690", "2009-03-31": "72.76100", "2008-12-31": "62.24950", "2008-09-30": "71.15500", "2008-06-30": "71.51580", "2008-03-31": "71.43860", "2007-12-31": "54.09010", "2007-09-30": "68.99780", "2007-06-30": "64.25080", "2007-03-31": "64.91850", "2006-12-31": "56.20630", "2006-09-30": "60.61010", "2006-06-30": "60.50220", "2006-03-31": "66.24570", "2005-12-31": "57.63660", "2005-09-30": "58.75510", "2005-06-30": "56.51910", "2005-03-31": "63.23930"}, "ROE - Return On Equity": {"2020-09-30": "3.14880", "2020-06-30": "0.63820", "2020-03-31": "0.08840", "2019-12-31": "4.50520", "2019-09-30": "3.50110", "2019-06-30": "3.45610", "2019-03-31": "3.48340", "2018-12-31": "3.87560", "2018-09-30": "1.80530", "2018-06-30": "0.90080", "2018-03-31": "0.96620", "2017-12-31": "-6.33690", "2017-09-30": "2.75740", "2017-06-30": "2.44440", "2017-03-31": "1.15370", "2016-12-31": "3.78100", "2016-09-30": "-0.87730", "2016-06-30": "3.08490", "2016-03-31": "1.96960", "2015-12-31": "3.79740", "2015-09-30": "5.54610", "2015-06-30": "4.29570", "2015-03-31": "1.68040", "2014-12-31": "7.98620", "2014-09-30": "6.78900", "2014-06-30": "6.45600", "2014-03-31": "5.82910", "2013-12-31": "7.56460", "2013-09-30": "6.98880", "2013-06-30": "7.02080", "2013-03-31": "5.53210", "2012-12-31": "7.49220", "2012-09-30": "5.27000", "2012-06-30": "5.43080", "2012-03-31": "3.95250", "2011-12-31": "5.51110", "2011-09-30": "4.67980", "2011-06-30": "4.23440", "2011-03-31": "4.35380", "2010-12-31": "5.32160", "2010-09-30": "5.15180", "2010-06-30": "4.98930", "2010-03-31": "4.39190", "2009-12-31": "6.11980", "2009-09-30": "6.77910", "2009-06-30": "6.86690", "2009-03-31": "6.56710", "2008-12-31": "8.36790", "2008-09-30": "8.36350", "2008-06-30": "8.22280", "2008-03-31": "6.27360", "2007-12-31": "7.56970", "2007-09-30": "5.40470", "2007-06-30": "5.85600", "2007-03-31": "3.31760", "2006-12-31": "3.26820", "2006-09-30": "3.00310", "2006-06-30": "3.68260", "2006-03-31": "2.17390", "2005-12-31": "2.90320", "2005-09-30": "0.60080", "2005-06-30": "2.13280", "2005-03-31": "0.33700"}, "Return On Tangible Equity": {"2020-09-30": "16.35730", "2020-06-30": "3.26970", "2020-03-31": "0.45070", "2019-12-31": "20.03560", "2019-09-30": "15.13530", "2019-06-30": "16.27570", "2019-03-31": "18.02960", "2018-12-31": "23.61240", "2018-09-30": "12.73890", "2018-06-30": "6.30790", "2018-03-31": "6.25590", "2017-12-31": "-43.62570", "2017-09-30": "14.18290", "2017-06-30": "13.66520", "2017-03-31": "7.90460", "2016-12-31": "28.42430", "2016-09-30": "-5.68480", "2016-06-30": "17.38780", "2016-03-31": "12.58360", "2015-12-31": "29.86640", "2015-09-30": "40.43160", "2015-06-30": "25.13610", "2015-03-31": "9.82690", "2014-12-31": "21.29490", "2014-09-30": "18.69950", "2014-06-30": "18.27450", "2014-03-31": "17.92050", "2013-12-31": "23.31540", "2013-09-30": "20.79040", "2013-06-30": "22.73190", "2013-03-31": "16.52900", "2012-12-31": "20.55440", "2012-09-30": "12.90880", "2012-06-30": "13.55460", "2012-03-31": "8.14870", "2011-12-31": "11.73770", "2011-09-30": "9.35870", "2011-06-30": "8.59190", "2011-03-31": "9.21020", "2010-12-31": "11.79440", "2010-09-30": "12.02630", "2010-06-30": "10.51640", "2010-03-31": "9.45890", "2009-12-31": "13.57680", "2009-09-30": "16.03720", "2009-06-30": "18.43320", "2009-03-31": "19.73510", "2008-12-31": "27.12790", "2008-09-30": "26.71940", "2008-06-30": "24.04890", "2008-03-31": "21.01410", "2007-12-31": "32.09220", "2007-09-30": "36.24640", "2007-06-30": "71.87210", "2007-03-31": "153.23000", "2006-12-31": "127.77200", "2006-09-30": "-68.43070", "2006-06-30": "-42.65590", "2006-03-31": "-14.81380", "2005-12-31": "-19.40050", "2005-09-30": "-4.19310", "2005-06-30": "-14.62730", "2005-03-31": "-1.94100"}, "ROA - Return On Assets": {"2020-09-30": "1.03700", "2020-06-30": "0.22680", "2020-03-31": "0.03130", "2019-12-31": "1.61690", "2019-09-30": "1.30050", "2019-06-30": "1.25430", "2019-03-31": "1.22760", "2018-12-31": "1.39430", "2018-09-30": "0.63930", "2018-06-30": "0.31800", "2018-03-31": "0.34500", "2017-12-31": "-2.15640", "2017-09-30": "1.00830", "2017-06-30": "0.87970", "2017-03-31": "0.41360", "2016-12-31": "1.31470", "2016-09-30": "-0.30970", "2016-06-30": "1.10230", "2016-03-31": "0.68840", "2015-12-31": "1.27350", "2015-09-30": "1.83270", "2015-06-30": "1.44260", "2015-03-31": "0.56450", "2014-12-31": "3.12160", "2014-09-30": "2.72440", "2014-06-30": "2.56160", "2014-03-31": "2.28150", "2013-12-31": "2.81920", "2013-09-30": "2.69430", "2013-06-30": "2.60650", "2013-03-31": "2.11850", "2012-12-31": "2.95030", "2012-09-30": "2.25210", "2012-06-30": "2.35540", "2012-03-31": "2.02540", "2011-12-31": "2.71610", "2011-09-30": "2.40950", "2011-06-30": "2.16340", "2011-03-31": "2.17990", "2010-12-31": "2.52130", "2010-09-30": "2.46410", "2010-06-30": "2.31910", "2010-03-31": "1.97110", "2009-12-31": "2.59510", "2009-09-30": "2.90360", "2009-06-30": "2.74710", "2009-03-31": "2.44680", "2008-12-31": "2.85780", "2008-09-30": "3.14860", "2008-06-30": "3.25870", "2008-03-31": "2.39990", "2007-12-31": "2.78020", "2007-09-30": "1.92550", "2007-06-30": "2.02040", "2007-03-31": "1.13560", "2006-12-31": "1.16250", "2006-09-30": "1.03640", "2006-06-30": "1.25450", "2006-03-31": "0.72030", "2005-12-31": "0.94790", "2005-09-30": "0.20170", "2005-06-30": "0.71670", "2005-03-31": "0.11160"}, "ROI - Return On Investment": {"2020-09-30": "1.57570", "2020-06-30": "0.35280", "2020-03-31": "0.04900", "2019-12-31": "2.54430", "2019-09-30": "1.98600", "2019-06-30": "1.92820", "2019-03-31": "1.91910", "2018-12-31": "2.09280", "2018-09-30": "0.95970", "2018-06-30": "0.47750", "2018-03-31": "0.51350", "2017-12-31": "-3.33960", "2017-09-30": "1.48890", "2017-06-30": "1.30730", "2017-03-31": "0.61250", "2016-12-31": "1.98260", "2016-09-30": "-0.46270", "2016-06-30": "1.64450", "2016-03-31": "1.03460", "2015-12-31": "1.95980", "2015-09-30": "2.85210", "2015-06-30": "2.24720", "2015-03-31": "0.87580", "2014-12-31": "5.09520", "2014-09-30": "4.30120", "2014-06-30": "4.08690", "2014-03-31": "3.64370", "2013-12-31": "4.72570", "2013-09-30": "4.77530", "2013-06-30": "4.70190", "2013-03-31": "3.73620", "2012-12-31": "5.13600", "2012-09-30": "3.67590", "2012-06-30": "4.47590", "2012-03-31": "3.33450", "2011-12-31": "4.59940", "2011-09-30": "3.90480", "2011-06-30": "3.53100", "2011-03-31": "3.59420", "2010-12-31": "4.34280", "2010-09-30": "4.07300", "2010-06-30": "3.86320", "2010-03-31": "3.39270", "2009-12-31": "4.70980", "2009-09-30": "5.15710", "2009-06-30": "5.11270", "2009-03-31": "4.74180", "2008-12-31": "5.98970", "2008-09-30": "6.02520", "2008-06-30": "6.02520", "2008-03-31": "4.51680", "2007-12-31": "5.30840", "2007-09-30": "3.66860", "2007-06-30": "3.87070", "2007-03-31": "2.14340", "2006-12-31": "2.11500", "2006-09-30": "1.78890", "2006-06-30": "2.15780", "2006-03-31": "1.23410", "2005-12-31": "1.64500", "2005-09-30": "0.33590", "2005-06-30": "1.27590", "2005-03-31": "0.19440"}, "Book Value Per Share": {"2020-09-30": "13.10470", "2020-06-30": "13.01070", "2020-03-31": "12.98570", "2019-12-31": "13.57790", "2019-09-30": "13.53680", "2019-06-30": "13.37250", "2019-03-31": "13.05560", "2018-12-31": "12.72080", "2018-09-30": "12.49090", "2018-06-30": "12.57390", "2018-03-31": "13.05200", "2017-12-31": "12.82170", "2017-09-30": "13.56690", "2017-06-30": "13.24560", "2017-03-31": "12.83920", "2016-12-31": "12.61340", "2016-09-30": "13.19980", "2016-06-30": "13.58450", "2016-03-31": "13.43020", "2015-12-31": "12.89320", "2015-09-30": "13.08200", "2015-06-30": "13.45410", "2015-03-31": "13.19900", "2014-12-31": "14.45370", "2014-09-30": "14.22010", "2014-06-30": "14.28100", "2014-03-31": "13.66570", "2013-12-31": "13.68530", "2013-09-30": "13.07800", "2013-06-30": "12.34430", "2013-03-31": "12.57370", "2012-12-31": "13.11930", "2012-09-30": "13.50670", "2012-06-30": "13.09450", "2012-03-31": "14.56660", "2011-12-31": "14.08770", "2011-09-30": "13.98000", "2011-06-30": "14.09110", "2011-03-31": "13.44150", "2010-12-31": "12.79250", "2010-09-30": "12.22490", "2010-06-30": "11.09670", "2010-03-31": "10.99850", "2009-12-31": "10.92840", "2009-09-30": "10.41810", "2009-06-30": "9.56380", "2009-03-31": "8.52910", "2008-12-31": "8.29600", "2008-09-30": "8.42240", "2008-06-30": "8.86590", "2008-03-31": "8.30930", "2007-12-31": "7.65410", "2007-09-30": "6.92770", "2007-06-30": "6.43210", "2007-03-31": "6.03750", "2006-12-31": "6.07250", "2006-09-30": "5.61780", "2006-06-30": "5.40660", "2006-03-31": "5.06760", "2005-12-31": "5.08220", "2005-09-30": "5.13980", "2005-06-30": "5.20000", "2005-03-31": "5.14380"}, "Operating Cash Flow Per Share": {"2020-09-30": 0.7209, "2020-06-30": -0.1994, "2020-03-31": "0.36180", "2019-12-31": 1.288, "2019-09-30": 0.7117, "2019-06-30": 0.0818, "2019-03-31": "0.29280", "2018-12-31": 1.2532, "2018-09-30": 0.6329, "2018-06-30": 0.4885, "2018-03-31": "-0.92090", "2017-12-31": 1.8174, "2017-09-30": 0.1959, "2017-06-30": 0.3249, "2017-03-31": "0.02990", "2016-12-31": 1.2916, "2016-09-30": 0.4627, "2016-06-30": 0.1476, "2016-03-31": "-0.06590", "2015-12-31": 2.3098, "2015-09-30": 0.8501, "2015-06-30": 0.8195, "2015-03-31": "-0.68550", "2014-12-31": 3.3685, "2014-09-30": 1.0258, "2014-06-30": 0.5281, "2014-03-31": "-0.60970", "2013-12-31": 2.6528, "2013-09-30": 1.0015, "2013-06-30": 0.5124, "2013-03-31": "-0.74210", "2012-12-31": 2.477, "2012-09-30": 0.4257, "2012-06-30": 1.0244, "2012-03-31": "-0.65350", "2011-12-31": 2.1873, "2011-09-30": 0.5186, "2011-06-30": -0.0593, "2011-03-31": "-1.35010", "2010-12-31": 2.2003, "2010-09-30": 0.2128, "2010-06-30": 0.5678, "2010-03-31": "-0.87880", "2009-12-31": 2.5222, "2009-09-30": 0.4831, "2009-06-30": 0.6107, "2009-03-31": "-1.06540", "2008-12-31": 2.402, "2008-09-30": 0.9993, "2008-06-30": -0.0331, "2008-03-31": "-0.99410", "2007-12-31": 2.1544, "2007-09-30": 0.6225, "2007-06-30": 0.0713, "2007-03-31": "-0.43110", "2006-12-31": 0.8717, "2006-09-30": 0.0385, "2006-06-30": 0.3101, "2006-03-31": "-0.26440", "2005-12-31": 0.6318, "2005-09-30": 0.1329, "2005-06-30": 0.2618, "2005-03-31": "-0.27710"}, "Free Cash Flow Per Share": {"2020-09-30": 0.6219, "2020-06-30": -0.311, "2020-03-31": "0.31150", "2019-12-31": 1.1412, "2019-09-30": 0.5634, "2019-06-30": -0.0214, "2019-03-31": "0.51010", "2018-12-31": 1.01, "2018-09-30": 0.5184, "2018-06-30": 0.3518, "2018-03-31": "-1.01920", "2017-12-31": 1.6763, "2017-09-30": 0.1155, "2017-06-30": 0.2368, "2017-03-31": "-0.08810", "2016-12-31": 1.1218, "2016-09-30": 0.2439, "2016-06-30": 0.0303, "2016-03-31": "-0.21970", "2015-12-31": 2.0366, "2015-09-30": 0.6707, "2015-06-30": 0.5949, "2015-03-31": "-1.29100", "2014-12-31": 3.0152, "2014-09-30": 0.8128, "2014-06-30": 0.3707, "2014-03-31": "-0.83550", "2013-12-31": 2.3522, "2013-09-30": 0.7628, "2013-06-30": 0.3205, "2013-03-31": "-0.97590", "2012-12-31": 2.1987, "2012-09-30": 0.2541, "2012-06-30": 0.8501, "2012-03-31": "-0.78010", "2011-12-31": 1.9726, "2011-09-30": 0.3825, "2011-06-30": -0.202, "2011-03-31": "-1.47270", "2010-12-31": 1.8974, "2010-09-30": 0.1101, "2010-06-30": 0.507, "2010-03-31": "-0.94990", "2009-12-31": 2.3989, "2009-09-30": 0.3481, "2009-06-30": 0.4928, "2009-03-31": "-1.32730", "2008-12-31": 2.084, "2008-09-30": 0.8274, "2008-06-30": -0.1557, "2008-03-31": "-1.07630", "2007-12-31": 2.0493, "2007-09-30": 0.5484, "2007-06-30": -0.0557, "2007-03-31": "-0.56220", "2006-12-31": 0.695, "2006-09-30": -0.0459, "2006-06-30": 0.2127, "2006-03-31": "-0.33660", "2005-12-31": 0.4927, "2005-09-30": 0.0876, "2005-06-30": 0.2096, "2005-03-31": "-0.33020"}}, "revenue": {"Flowserve Annual Revenue (Millions of US $)": {"2019": "$3,945", "2018": "$3,833", "2017": "$3,661", "2016": "$3,990", "2015": "$4,558", "2014": "$4,878", "2013": "$4,955", "2012": "$4,751", "2011": "$4,510", "2010": "$4,032", "2009": "$4,365", "2008": "$4,473", "2007": "$3,763", "2006": "$3,061", "2005": "$2,695"}, "Flowserve Quarterly Revenue (Millions of US $)": {"2020-09-30": "$924", "2020-06-30": "$925", "2020-03-31": "$894", "2019-12-31": "$1,069", "2019-09-30": "$996", "2019-06-30": "$990", "2019-03-31": "$890", "2018-12-31": "$987", "2018-09-30": "$953", "2018-06-30": "$973", "2018-03-31": "$920", "2017-12-31": "$1,034", "2017-09-30": "$883", "2017-06-30": "$877", "2017-03-31": "$866", "2016-12-31": "$1,071", "2016-09-30": "$946", "2016-06-30": "$1,027", "2016-03-31": "$946", "2015-12-31": "$1,284", "2015-09-30": "$1,096", "2015-06-30": "$1,162", "2015-03-31": "$1,015", "2014-12-31": "$1,381", "2014-09-30": "$1,204", "2014-06-30": "$1,224", "2014-03-31": "$1,068", "2013-12-31": "$1,389", "2013-09-30": "$1,229", "2013-06-30": "$1,240", "2013-03-31": "$1,097", "2012-12-31": "$1,328", "2012-09-30": "$1,166", "2012-06-30": "$1,182", "2012-03-31": "$1,075", "2011-12-31": "$1,265", "2011-09-30": "$1,122", "2011-06-30": "$1,126", "2011-03-31": "$997", "2010-12-31": "$1,140", "2010-09-30": "$972", "2010-06-30": "$961", "2010-03-31": "$959", "2009-12-31": "$1,199", "2009-09-30": "$1,051", "2009-06-30": "$1,090", "2009-03-31": "$1,025", "2008-12-31": "$1,169", "2008-09-30": "$1,154", "2008-06-30": "$1,158", "2008-03-31": "$993", "2007-12-31": "$1,109", "2007-09-30": "$919", "2007-06-30": "$931", "2007-03-31": "$803", "2006-12-31": "$884", "2006-09-30": "$771", "2006-06-30": "$753", "2006-03-31": "$654", "2005-12-31": "$739", "2005-09-30": "$649", "2005-06-30": "$691", "2005-03-31": "$616"}}, "gross-profit": {"Flowserve Annual Gross Profit (Millions of US $)": {"2019": "$1,295", "2018": "$1,188", "2017": "$1,089", "2016": "$1,237", "2015": "$1,478", "2014": "$1,710", "2013": "$1,688", "2012": "$1,581", "2011": "$1,514", "2010": "$1,410", "2009": "$1,548", "2008": "$1,580", "2007": "$1,248", "2006": "$1,007", "2005": "$871"}, "Flowserve Quarterly Gross Profit (Millions of US $)": {"2020-09-30": "$285", "2020-06-30": "$267", "2020-03-31": "$266", "2019-12-31": "$350", "2019-09-30": "$333", "2019-06-30": "$318", "2019-03-31": "$294", "2018-12-31": "$322", "2018-09-30": "$309", "2018-06-30": "$286", "2018-03-31": "$271", "2017-12-31": "$306", "2017-09-30": "$268", "2017-06-30": "$245", "2017-03-31": "$269", "2016-12-31": "$333", "2016-09-30": "$278", "2016-06-30": "$321", "2016-03-31": "$305", "2015-12-31": "$388", "2015-09-30": "$389", "2015-06-30": "$369", "2015-03-31": "$332", "2014-12-31": "$481", "2014-09-30": "$421", "2014-06-30": "$430", "2014-03-31": "$377", "2013-12-31": "$470", "2013-09-30": "$423", "2013-06-30": "$422", "2013-03-31": "$373", "2012-12-31": "$448", "2012-09-30": "$390", "2012-06-30": "$385", "2012-03-31": "$359", "2011-12-31": "$420", "2011-09-30": "$377", "2011-06-30": "$369", "2011-03-31": "$348", "2010-12-31": "$385", "2010-09-30": "$333", "2010-06-30": "$343", "2010-03-31": "$348", "2009-12-31": "$409", "2009-09-30": "$385", "2009-06-30": "$386", "2009-03-31": "$368", "2008-12-31": "$412", "2008-09-30": "$405", "2008-06-30": "$418", "2008-03-31": "$346", "2007-12-31": "$366", "2007-09-30": "$314", "2007-06-30": "$302", "2007-03-31": "$265", "2006-12-31": "$287", "2006-09-30": "$250", "2006-06-30": "$253", "2006-03-31": "$218", "2005-12-31": "$246", "2005-09-30": "$211", "2005-06-30": "$223", "2005-03-31": "$191"}}, "operating-income": {"Flowserve Annual Operating Income (Millions of US $)": {"2019": "$406", "2018": "$248", "2017": "$341", "2016": "$277", "2015": "$515", "2014": "$785", "2013": "$760", "2012": "$676", "2011": "$619", "2010": "$581", "2009": "$630", "2008": "$616", "2007": "$412", "2006": "$240", "2005": "$199"}, "Flowserve Quarterly Operating Income (Millions of US $)": {"2020-09-30": "$87", "2020-06-30": "$43", "2020-03-31": "$26", "2019-12-31": "$112", "2019-09-30": "$105", "2019-06-30": "$98", "2019-03-31": "$91", "2018-12-31": "$93", "2018-09-30": "$62", "2018-06-30": "$47", "2018-03-31": "$45", "2017-12-31": "$89", "2017-09-30": "$75", "2017-06-30": "$127", "2017-03-31": "$51", "2016-12-31": "$112", "2016-09-30": "$0", "2016-06-30": "$94", "2016-03-31": "$71", "2015-12-31": "$126", "2015-09-30": "$168", "2015-06-30": "$128", "2015-03-31": "$93", "2014-12-31": "$234", "2014-09-30": "$192", "2014-06-30": "$194", "2014-03-31": "$164", "2013-12-31": "$213", "2013-09-30": "$193", "2013-06-30": "$184", "2013-03-31": "$170", "2012-12-31": "$203", "2012-09-30": "$166", "2012-06-30": "$165", "2012-03-31": "$143", "2011-12-31": "$193", "2011-09-30": "$155", "2011-06-30": "$140", "2011-03-31": "$130", "2010-12-31": "$164", "2010-09-30": "$129", "2010-06-30": "$146", "2010-03-31": "$142", "2009-12-31": "$162", "2009-09-30": "$161", "2009-06-30": "$159", "2009-03-31": "$147", "2008-12-31": "$160", "2008-09-30": "$165", "2008-06-30": "$172", "2008-03-31": "$119", "2007-12-31": "$139", "2007-09-30": "$108", "2007-06-30": "$97", "2007-03-31": "$67", "2006-12-31": "$63", "2006-09-30": "$62", "2006-06-30": "$73", "2006-03-31": "$41", "2005-12-31": "$62", "2005-09-30": "$55", "2005-06-30": "$56", "2005-03-31": "$26"}}, "ebitda": {"Flowserve Annual EBITDA (Millions of US $)": {"2019": "$521", "2018": "$371", "2017": "$472", "2016": "$406", "2015": "$652", "2014": "$908", "2013": "$906", "2012": "$800", "2011": "$745", "2010": "$703", "2009": "$743", "2008": "$716", "2007": "$510", "2006": "$327", "2005": "$285"}, "Flowserve Quarterly EBITDA (Millions of US $)": {"2020-09-30": "$113", "2020-06-30": "$70", "2020-03-31": "$54", "2019-12-31": "$140", "2019-09-30": "$131", "2019-06-30": "$129", "2019-03-31": "$121", "2018-12-31": "$124", "2018-09-30": "$93", "2018-06-30": "$77", "2018-03-31": "$78", "2017-12-31": "$123", "2017-09-30": "$108", "2017-06-30": "$158", "2017-03-31": "$83", "2016-12-31": "$146", "2016-09-30": "$32", "2016-06-30": "$125", "2016-03-31": "$103", "2015-12-31": "$157", "2015-09-30": "$203", "2015-06-30": "$163", "2015-03-31": "$129", "2014-12-31": "$266", "2014-09-30": "$222", "2014-06-30": "$225", "2014-03-31": "$195", "2013-12-31": "$244", "2013-09-30": "$223", "2013-06-30": "$212", "2013-03-31": "$227", "2012-12-31": "$233", "2012-09-30": "$196", "2012-06-30": "$196", "2012-03-31": "$175", "2011-12-31": "$227", "2011-09-30": "$186", "2011-06-30": "$171", "2011-03-31": "$161", "2010-12-31": "$198", "2010-09-30": "$158", "2010-06-30": "$175", "2010-03-31": "$172", "2009-12-31": "$192", "2009-09-30": "$189", "2009-06-30": "$190", "2009-03-31": "$173", "2008-12-31": "$183", "2008-09-30": "$189", "2008-06-30": "$198", "2008-03-31": "$146", "2007-12-31": "$165", "2007-09-30": "$133", "2007-06-30": "$120", "2007-03-31": "$92", "2006-12-31": "$86", "2006-09-30": "$84", "2006-06-30": "$95", "2006-03-31": "$63", "2005-12-31": "$79", "2005-09-30": "$72", "2005-06-30": "$75", "2005-03-31": "$46"}}, "net-income": {"Flowserve Annual Net Income (Millions of US $)": {"2019": "$254", "2018": "$120", "2017": "$3", "2016": "$132", "2015": "$258", "2014": "$513", "2013": "$486", "2012": "$448", "2011": "$429", "2010": "$388", "2009": "$428", "2008": "$442", "2007": "$256", "2006": "$115", "2005": "$17"}, "Flowserve Quarterly Net Income (Millions of US $)": {"2020-09-30": "$51", "2020-06-30": "$9", "2020-03-31": "$-1", "2019-12-31": "$78", "2019-09-30": "$60", "2019-06-30": "$58", "2019-03-31": "$57", "2018-12-31": "$63", "2018-09-30": "$28", "2018-06-30": "$13", "2018-03-31": "$15", "2017-12-31": "$-106", "2017-09-30": "$48", "2017-06-30": "$42", "2017-03-31": "$19", "2016-12-31": "$60", "2016-09-30": "$-16", "2016-06-30": "$54", "2016-03-31": "$34", "2015-12-31": "$62", "2015-09-30": "$94", "2015-06-30": "$75", "2015-03-31": "$28", "2014-12-31": "$154", "2014-09-30": "$129", "2014-06-30": "$124", "2014-03-31": "$108", "2013-12-31": "$141", "2013-09-30": "$126", "2013-06-30": "$120", "2013-03-31": "$98", "2012-12-31": "$142", "2012-09-30": "$106", "2012-06-30": "$107", "2012-03-31": "$93", "2011-12-31": "$125", "2011-09-30": "$108", "2011-06-30": "$99", "2011-03-31": "$97", "2010-12-31": "$113", "2010-09-30": "$104", "2010-06-30": "$92", "2010-03-31": "$80", "2009-12-31": "$110", "2009-09-30": "$117", "2009-06-30": "$108", "2009-03-31": "$92", "2008-12-31": "$114", "2008-09-30": "$117", "2008-06-30": "$123", "2008-03-31": "$88", "2007-12-31": "$96", "2007-09-30": "$63", "2007-06-30": "$63", "2007-03-31": "$34", "2006-12-31": "$34", "2006-09-30": "$29", "2006-06-30": "$34", "2006-03-31": "$19", "2005-12-31": "$13", "2005-09-30": "$-10", "2005-06-30": "$18", "2005-03-31": "$-4"}}, "eps-earnings-per-share-diluted": {"Flowserve Annual EPS": {"2019": "$1.93", "2018": "$0.91", "2017": "$0.02", "2016": "$1.01", "2015": "$1.93", "2014": "$3.72", "2013": "$3.41", "2012": "$2.84", "2011": "$2.55", "2010": "$2.29", "2009": "$2.53", "2008": "$2.57", "2007": "$1.48", "2006": "$0.67", "2005": "$0.10"}, "Flowserve Quarterly EPS": {"2020-09-30": "$0.39", "2020-06-30": "$0.07", "2020-03-31": "$0.00", "2019-12-31": "$0.60", "2019-09-30": "$0.45", "2019-06-30": "$0.44", "2019-03-31": "$0.44", "2018-12-31": "$0.48", "2018-09-30": "$0.21", "2018-06-30": "$0.10", "2018-03-31": "$0.12", "2017-12-31": "$-0.81", "2017-09-30": "$0.36", "2017-06-30": "$0.32", "2017-03-31": "$0.15", "2016-12-31": "$0.45", "2016-09-30": "$-0.12", "2016-06-30": "$0.42", "2016-03-31": "$0.26", "2015-12-31": "$0.47", "2015-09-30": "$0.70", "2015-06-30": "$0.56", "2015-03-31": "$0.20", "2014-12-31": "$1.11", "2014-09-30": "$0.93", "2014-06-30": "$0.90", "2014-03-31": "$0.78", "2013-12-31": "$1.00", "2013-09-30": "$0.90", "2013-06-30": "$0.84", "2013-03-31": "$0.67", "2012-12-31": "$0.93", "2012-09-30": "$0.69", "2012-06-30": "$0.66", "2012-03-31": "$0.56", "2011-12-31": "$0.75", "2011-09-30": "$0.64", "2011-06-30": "$0.59", "2011-03-31": "$0.57", "2010-12-31": "$0.67", "2010-09-30": "$0.61", "2010-06-30": "$0.54", "2010-03-31": "$0.47", "2009-12-31": "$0.65", "2009-09-30": "$0.69", "2009-06-30": "$0.64", "2009-03-31": "$0.55", "2008-12-31": "$0.68", "2008-09-30": "$0.68", "2008-06-30": "$0.71", "2008-03-31": "$0.51", "2007-12-31": "$0.55", "2007-09-30": "$0.37", "2007-06-30": "$0.37", "2007-03-31": "$0.20", "2006-12-31": "$0.20", "2006-09-30": "$0.17", "2006-06-30": "$0.19", "2006-03-31": "$0.11", "2005-12-31": "$0.08", "2005-09-30": "$-0.06", "2005-06-30": "$0.11", "2005-03-31": "$-0.02"}}, "shares-outstanding": {"Flowserve Annual Shares Outstanding (Millions of Shares)": {"2019": "132", "2018": "131", "2017": "131", "2016": "131", "2015": "134", "2014": "138", "2013": "142", "2012": "158", "2011": "168", "2010": "169", "2009": "169", "2008": "172", "2007": "173", "2006": "171", "2005": "170"}, "Flowserve Quarterly Shares Outstanding (Millions of Shares)": {"2020-09-30": "131", "2020-06-30": "131", "2020-03-31": "131", "2019-12-31": "132", "2019-09-30": "132", "2019-06-30": "132", "2019-03-31": "132", "2018-12-31": "131", "2018-09-30": "131", "2018-06-30": "131", "2018-03-31": "131", "2017-12-31": "131", "2017-09-30": "131", "2017-06-30": "131", "2017-03-31": "131", "2016-12-31": "131", "2016-09-30": "130", "2016-06-30": "131", "2016-03-31": "131", "2015-12-31": "134", "2015-09-30": "133", "2015-06-30": "135", "2015-03-31": "136", "2014-12-31": "138", "2014-09-30": "138", "2014-06-30": "138", "2014-03-31": "139", "2013-12-31": "142", "2013-09-30": "141", "2013-06-30": "143", "2013-03-31": "146", "2012-12-31": "158", "2012-09-30": "154", "2012-06-30": "163", "2012-03-31": "165", "2011-12-31": "168", "2011-09-30": "168", "2011-06-30": "169", "2011-03-31": "169", "2010-12-31": "169", "2010-09-30": "169", "2010-06-30": "169", "2010-03-31": "170", "2009-12-31": "169", "2009-09-30": "169", "2009-06-30": "169", "2009-03-31": "169", "2008-12-31": "172", "2008-09-30": "172", "2008-06-30": "174", "2008-03-31": "173", "2007-12-31": "173", "2007-09-30": "172", "2007-06-30": "171", "2007-03-31": "171", "2006-12-31": "171", "2006-09-30": "171", "2006-06-30": "174", "2006-03-31": "173", "2005-12-31": "170", "2005-09-30": "169", "2005-06-30": "170", "2005-03-31": "169"}}, "total-assets": {"Flowserve Annual Total Assets (Millions of US $)": {"2019": "$4,920", "2018": "$4,616", "2017": "$4,910", "2016": "$4,709", "2015": "$4,963", "2014": "$4,968", "2013": "$5,037", "2012": "$4,811", "2011": "$4,623", "2010": "$4,460", "2009": "$4,249", "2008": "$4,024", "2007": "$3,520", "2006": "$2,869", "2005": "$2,614"}, "Flowserve Quarterly Total Assets (Millions of US $)": {"2020-09-30": "$5,174", "2020-06-30": "$4,756", "2020-03-31": "$4,762", "2019-12-31": "$4,938", "2019-09-30": "$4,764", "2019-06-30": "$4,821", "2019-03-31": "$4,846", "2018-12-31": "$4,616", "2018-09-30": "$4,605", "2018-06-30": "$4,651", "2018-03-31": "$4,770", "2017-12-31": "$4,910", "2017-09-30": "$4,834", "2017-06-30": "$4,795", "2017-03-31": "$4,664", "2016-12-31": "$4,709", "2016-09-30": "$4,854", "2016-06-30": "$4,932", "2016-03-31": "$4,981", "2015-12-31": "$4,963", "2015-09-30": "$5,158", "2015-06-30": "$5,312", "2015-03-31": "$5,252", "2014-12-31": "$4,968", "2014-09-30": "$4,794", "2014-06-30": "$4,886", "2014-03-31": "$4,759", "2013-12-31": "$5,037", "2013-09-30": "$4,696", "2013-06-30": "$4,638", "2013-03-31": "$4,668", "2012-12-31": "$4,811", "2012-09-30": "$4,744", "2012-06-30": "$4,606", "2012-03-31": "$4,618", "2011-12-31": "$4,623", "2011-09-30": "$4,481", "2011-06-30": "$4,563", "2011-03-31": "$4,450", "2010-12-31": "$4,460", "2010-09-30": "$4,230", "2010-06-30": "$3,959", "2010-03-31": "$4,069", "2009-12-31": "$4,249", "2009-09-30": "$4,017", "2009-06-30": "$3,953", "2009-03-31": "$3,794", "2008-12-31": "$4,024", "2008-09-30": "$3,745", "2008-06-30": "$3,793", "2008-03-31": "$3,696", "2007-12-31": "$3,520", "2007-09-30": "$3,275", "2007-06-30": "$3,128", "2007-03-31": "$2,960", "2006-12-31": "$2,869", "2006-09-30": "$2,747", "2006-06-30": "$2,679", "2006-03-31": "$2,582", "2005-12-31": "$2,614", "2005-09-30": "$2,570", "2005-06-30": "$2,590", "2005-03-31": "$2,597"}}, "cash-on-hand": {"Flowserve Annual Cash on Hand (Millions of US $)": {"2019": "$671", "2018": "$620", "2017": "$703", "2016": "$367", "2015": "$366", "2014": "$450", "2013": "$364", "2012": "$304", "2011": "$337", "2010": "$558", "2009": "$654", "2008": "$472", "2007": "$373", "2006": "$70", "2005": "$96"}, "Flowserve Quarterly Cash on Hand (Millions of US $)": {"2020-09-30": "$921", "2020-06-30": "$562", "2020-03-31": "$622", "2019-12-31": "$671", "2019-09-30": "$547", "2019-06-30": "$596", "2019-03-31": "$638", "2018-12-31": "$620", "2018-09-30": "$530", "2018-06-30": "$517", "2018-03-31": "$536", "2017-12-31": "$703", "2017-09-30": "$502", "2017-06-30": "$505", "2017-03-31": "$326", "2016-12-31": "$367", "2016-09-30": "$261", "2016-06-30": "$266", "2016-03-31": "$310", "2015-12-31": "$366", "2015-09-30": "$238", "2015-06-30": "$315", "2015-03-31": "$334", "2014-12-31": "$450", "2014-09-30": "$163", "2014-06-30": "$144", "2014-03-31": "$164", "2013-12-31": "$364", "2013-09-30": "$114", "2013-06-30": "$105", "2013-03-31": "$169", "2012-12-31": "$304", "2012-09-30": "$217", "2012-06-30": "$175", "2012-03-31": "$173", "2011-12-31": "$337", "2011-09-30": "$228", "2011-06-30": "$221", "2011-03-31": "$289", "2010-12-31": "$558", "2010-09-30": "$311", "2010-06-30": "$504", "2010-03-31": "$468", "2009-12-31": "$654", "2009-09-30": "$291", "2009-06-30": "$252", "2009-03-31": "$202", "2008-12-31": "$472", "2008-09-30": "$154", "2008-06-30": "$137", "2008-03-31": "$199", "2007-12-31": "$373", "2007-09-30": "$75", "2007-06-30": "$51", "2007-03-31": "$40", "2006-12-31": "$70", "2006-09-30": "$52", "2006-06-30": "$61", "2006-03-31": "$49", "2005-12-31": "$96", "2005-09-30": "$37", "2005-06-30": "$43", "2005-03-31": "$28"}}, "long-term-debt": {"Flowserve Annual Long Term Debt (Millions of US $)": {"2019": "$1,366", "2018": "$1,415", "2017": "$1,500", "2016": "$1,485", "2015": "$1,561", "2014": "$1,102", "2013": "$1,128", "2012": "$869", "2011": "$452", "2010": "$476", "2009": "$539", "2008": "$546", "2007": "$551", "2006": "$557", "2005": "$653"}, "Flowserve Quarterly Long Term Debt (Millions of US $)": {"2020-09-30": "$1,701", "2020-06-30": "$1,367", "2020-03-31": "$1,357", "2019-12-31": "$1,366", "2019-09-30": "$1,350", "2019-06-30": "$1,386", "2019-03-31": "$1,392", "2018-12-31": "$1,415", "2018-09-30": "$1,437", "2018-06-30": "$1,455", "2018-03-31": "$1,501", "2017-12-31": "$1,500", "2017-09-30": "$1,506", "2017-06-30": "$1,501", "2017-03-31": "$1,478", "2016-12-31": "$1,485", "2016-09-30": "$1,536", "2016-06-30": "$1,544", "2016-03-31": "$1,573", "2015-12-31": "$1,561", "2015-09-30": "$1,610", "2015-06-30": "$1,626", "2015-03-31": "$1,621", "2014-12-31": "$1,102", "2014-09-30": "$1,113", "2014-06-30": "$1,124", "2014-03-31": "$1,117", "2013-12-31": "$1,128", "2013-09-30": "$839", "2013-06-30": "$849", "2013-03-31": "$859", "2012-12-31": "$869", "2012-09-30": "$879", "2012-06-30": "$426", "2012-03-31": "$439", "2011-12-31": "$452", "2011-09-30": "$458", "2011-06-30": "$464", "2011-03-31": "$471", "2010-12-31": "$476", "2010-09-30": "$536", "2010-06-30": "$536", "2010-03-31": "$538", "2009-12-31": "$539", "2009-09-30": "$541", "2009-06-30": "$543", "2009-03-31": "$544", "2008-12-31": "$546", "2008-09-30": "$547", "2008-06-30": "$548", "2008-03-31": "$550", "2007-12-31": "$551", "2007-09-30": "$552", "2007-06-30": "$554", "2007-03-31": "$555", "2006-12-31": "$557", "2006-09-30": "$644", "2006-06-30": "$645", "2006-03-31": "$652", "2005-12-31": "$653", "2005-09-30": "$680", "2005-06-30": "$584", "2005-03-31": "$631"}}, "total-liabilities": {"Flowserve Annual Total Liabilities (Millions of US $)": {"2019": "$3,104", "2018": "$2,955", "2017": "$3,240", "2016": "$3,072", "2015": "$3,299", "2014": "$3,026", "2013": "$3,160", "2012": "$2,916", "2011": "$2,344", "2010": "$2,347", "2009": "$2,447", "2008": "$2,649", "2007": "$2,227", "2006": "$1,849", "2005": "$1,760"}, "Flowserve Quarterly Total Liabilities (Millions of US $)": {"2020-09-30": "$3,470", "2020-06-30": "$3,065", "2020-03-31": "$3,077", "2019-12-31": "$3,166", "2019-09-30": "$2,995", "2019-06-30": "$3,071", "2019-03-31": "$3,139", "2018-12-31": "$2,955", "2018-09-30": "$2,974", "2018-06-30": "$3,009", "2018-03-31": "$3,067", "2017-12-31": "$3,240", "2017-09-30": "$3,067", "2017-06-30": "$3,069", "2017-03-31": "$2,992", "2016-12-31": "$3,072", "2016-09-30": "$3,140", "2016-06-30": "$3,169", "2016-03-31": "$3,240", "2015-12-31": "$3,299", "2015-09-30": "$3,454", "2015-06-30": "$3,528", "2015-03-31": "$3,488", "2014-12-31": "$3,026", "2014-09-30": "$2,870", "2014-06-30": "$2,947", "2014-03-31": "$2,897", "2013-12-31": "$3,160", "2013-09-30": "$2,886", "2013-06-30": "$2,916", "2013-03-31": "$2,881", "2012-12-31": "$2,916", "2012-09-30": "$2,717", "2012-06-30": "$2,608", "2012-03-31": "$2,252", "2011-12-31": "$2,344", "2011-09-30": "$2,174", "2011-06-30": "$2,232", "2011-03-31": "$2,222", "2010-12-31": "$2,347", "2010-09-30": "$2,207", "2010-06-30": "$2,119", "2010-03-31": "$2,243", "2009-12-31": "$2,447", "2009-09-30": "$2,296", "2009-06-30": "$2,372", "2009-03-31": "$2,380", "2008-12-31": "$2,649", "2008-09-30": "$2,335", "2008-06-30": "$2,290", "2008-03-31": "$2,282", "2007-12-31": "$2,227", "2007-09-30": "$2,108", "2007-06-30": "$2,049", "2007-03-31": "$1,947", "2006-12-31": "$1,849", "2006-09-30": "$1,799", "2006-06-30": "$1,766", "2006-03-31": "$1,727", "2005-12-31": "$1,760", "2005-09-30": "$1,707", "2005-06-30": "$1,719", "2005-03-31": "$1,737"}}, "total-share-holder-equity": {"Flowserve Annual Share Holder Equity (Millions of US $)": {"2019": "$1,816", "2018": "$1,661", "2017": "$1,671", "2016": "$1,637", "2015": "$1,664", "2014": "$1,942", "2013": "$1,877", "2012": "$1,894", "2011": "$2,278", "2010": "$2,113", "2009": "$1,802", "2008": "$1,374", "2007": "$1,293", "2006": "$1,021", "2005": "$853"}, "Flowserve Quarterly Share Holder Equity (Millions of US $)": {"2020-09-30": "$1,704", "2020-06-30": "$1,690", "2020-03-31": "$1,685", "2019-12-31": "$1,772", "2019-09-30": "$1,770", "2019-06-30": "$1,750", "2019-03-31": "$1,708", "2018-12-31": "$1,661", "2018-09-30": "$1,631", "2018-06-30": "$1,642", "2018-03-31": "$1,704", "2017-12-31": "$1,671", "2017-09-30": "$1,768", "2017-06-30": "$1,726", "2017-03-31": "$1,672", "2016-12-31": "$1,637", "2016-09-30": "$1,714", "2016-06-30": "$1,762", "2016-03-31": "$1,741", "2015-12-31": "$1,664", "2015-09-30": "$1,705", "2015-06-30": "$1,784", "2015-03-31": "$1,764", "2014-12-31": "$1,942", "2014-09-30": "$1,924", "2014-06-30": "$1,939", "2014-03-31": "$1,863", "2013-12-31": "$1,877", "2013-09-30": "$1,810", "2013-06-30": "$1,722", "2013-03-31": "$1,788", "2012-12-31": "$1,894", "2012-09-30": "$2,027", "2012-06-30": "$1,998", "2012-03-31": "$2,367", "2011-12-31": "$2,278", "2011-09-30": "$2,307", "2011-06-30": "$2,331", "2011-03-31": "$2,228", "2010-12-31": "$2,113", "2010-09-30": "$2,023", "2010-06-30": "$1,840", "2010-03-31": "$1,826", "2009-12-31": "$1,802", "2009-09-30": "$1,721", "2009-06-30": "$1,582", "2009-03-31": "$1,413", "2008-12-31": "$1,374", "2008-09-30": "$1,410", "2008-06-30": "$1,503", "2008-03-31": "$1,414", "2007-12-31": "$1,293", "2007-09-30": "$1,167", "2007-06-30": "$1,079", "2007-03-31": "$1,013", "2006-12-31": "$1,021", "2006-09-30": "$948", "2006-06-30": "$913", "2006-03-31": "$856", "2005-12-31": "$853", "2005-09-30": "$863", "2005-06-30": "$870", "2005-03-31": "$860"}}, "profit-margins": {"current": "3.38%"}, "gross margin": {"2020-09-30": "30.64%", "2020-06-30": "31.31%", "2020-03-31": "32.08%", "2019-12-31": "32.83%", "2019-09-30": "32.80%", "2019-06-30": "32.54%", "2019-03-31": "31.84%", "2018-12-31": "30.99%", "2018-09-30": "30.21%", "2018-06-30": "29.69%", "2018-03-31": "29.35%", "2017-12-31": "29.73%", "2017-09-30": "30.16%", "2017-06-30": "29.92%", "2017-03-31": "30.72%", "2016-12-31": "31.00%", "2016-09-30": "30.74%", "2016-06-30": "32.23%", "2016-03-31": "32.33%", "2015-12-31": "32.43%", "2015-09-30": "33.76%", "2015-06-30": "33.66%", "2015-03-31": "34.49%", "2014-12-31": "35.04%", "2014-09-30": "34.76%", "2014-06-30": "34.62%", "2014-03-31": "34.35%", "2013-12-31": "34.07%", "2013-09-30": "34.04%", "2013-06-30": "33.80%", "2013-03-31": "33.44%", "2012-12-31": "33.30%", "2012-09-30": "33.15%", "2012-06-30": "33.18%", "2012-03-31": "33.24%", "2011-12-31": "33.57%", "2011-09-30": "33.73%", "2011-06-30": "33.88%", "2011-03-31": "34.62%", "2010-12-31": "34.95%", "2010-09-30": "35.03%", "2010-06-30": "35.61%", "2010-03-31": "35.54%", "2009-12-31": "35.46%", "2009-09-30": "35.78%", "2009-06-30": "35.40%", "2009-03-31": "35.57%", "2008-12-31": "35.34%", "2008-09-30": "34.78%", "2008-06-30": "34.55%", "2008-03-31": "33.60%", "2007-12-31": "33.15%", "2007-09-30": "33.02%", "2007-06-30": "32.58%", "2007-03-31": "32.86%", "2006-12-31": "32.92%", "2006-09-30": "33.15%", "2006-06-30": "33.20%", "2006-03-31": "32.86%", "2005-12-31": "32.32%"}, "operating margin": {"2020-09-30": "7.03%", "2020-06-30": "7.36%", "2020-03-31": "8.64%", "2019-12-31": "10.29%", "2019-09-30": "10.02%", "2019-06-30": "9.01%", "2019-03-31": "7.70%", "2018-12-31": "6.44%", "2018-09-30": "6.26%", "2018-06-30": "6.72%", "2018-03-31": "9.05%", "2017-12-31": "9.34%", "2017-09-30": "9.87%", "2017-06-30": "7.71%", "2017-03-31": "6.57%", "2016-12-31": "6.94%", "2016-09-30": "6.92%", "2016-06-30": "10.54%", "2016-03-31": "10.98%", "2015-12-31": "11.30%", "2015-09-30": "13.39%", "2015-06-30": "13.59%", "2015-03-31": "14.78%", "2014-12-31": "16.08%", "2014-09-30": "15.62%", "2014-06-30": "15.56%", "2014-03-31": "15.31%", "2013-12-31": "15.34%", "2013-09-30": "15.32%", "2013-06-30": "14.97%", "2013-03-31": "14.75%", "2012-12-31": "14.25%", "2012-09-30": "14.23%", "2012-06-30": "14.13%", "2012-03-31": "13.75%", "2011-12-31": "13.70%", "2011-09-30": "13.43%", "2011-06-30": "13.29%", "2011-03-31": "13.98%", "2010-12-31": "14.41%", "2010-09-30": "14.15%", "2010-06-30": "14.65%", "2010-03-31": "14.52%", "2009-12-31": "14.41%", "2009-09-30": "14.46%", "2009-06-30": "14.22%", "2009-03-31": "14.29%", "2008-12-31": "13.77%", "2008-09-30": "13.48%", "2008-06-30": "12.87%", "2008-03-31": "11.72%", "2007-12-31": "10.93%", "2007-09-30": "9.47%", "2007-06-30": "8.53%", "2007-03-31": "8.25%", "2006-12-31": "7.81%", "2006-09-30": "8.16%", "2006-06-30": "8.26%", "2006-03-31": "7.83%", "2005-12-31": "7.38%"}, "ebitda margin": {"2020-09-30": "9.89%", "2020-06-30": "10.17%", "2020-03-31": "11.50%", "2019-12-31": "13.21%", "2019-09-30": "13.07%", "2019-06-30": "12.23%", "2019-03-31": "10.91%", "2018-12-31": "9.71%", "2018-09-30": "9.56%", "2018-06-30": "10.13%", "2018-03-31": "12.57%", "2017-12-31": "12.90%", "2017-09-30": "13.39%", "2017-06-30": "11.14%", "2017-03-31": "9.87%", "2016-12-31": "10.18%", "2016-09-30": "9.92%", "2016-06-30": "13.51%", "2016-03-31": "13.95%", "2015-12-31": "14.31%", "2015-09-30": "16.35%", "2015-06-30": "16.38%", "2015-03-31": "17.45%", "2014-12-31": "18.62%", "2014-09-30": "18.14%", "2014-06-30": "18.07%", "2014-03-31": "17.74%", "2013-12-31": "18.28%", "2013-09-30": "18.29%", "2013-06-30": "17.97%", "2013-03-31": "17.85%", "2012-12-31": "16.84%", "2012-09-30": "16.94%", "2012-06-30": "16.88%", "2012-03-31": "16.54%", "2011-12-31": "16.52%", "2011-09-30": "16.33%", "2011-06-30": "16.25%", "2011-03-31": "17.00%", "2010-12-31": "17.44%", "2010-09-30": "17.04%", "2010-06-30": "17.46%", "2010-03-31": "17.28%", "2009-12-31": "17.04%", "2009-09-30": "16.96%", "2009-06-30": "16.56%", "2009-03-31": "16.49%", "2008-12-31": "16.00%", "2008-09-30": "15.81%", "2008-06-30": "15.36%", "2008-03-31": "14.27%", "2007-12-31": "13.56%", "2007-09-30": "12.19%", "2007-06-30": "11.27%", "2007-03-31": "11.12%", "2006-12-31": "10.71%", "2006-09-30": "11.00%", "2006-06-30": "11.06%", "2006-03-31": "10.57%", "2005-12-31": "10.09%"}, "pre tax profit margin": {"2020-09-30": "5.90%", "2020-06-30": "6.10%", "2020-03-31": "7.70%", "2019-12-31": "8.67%", "2019-09-30": "8.34%", "2019-06-30": "7.38%", "2019-03-31": "5.97%", "2018-12-31": "4.59%", "2018-09-30": "4.23%", "2018-06-30": "4.93%", "2018-03-31": "7.08%", "2017-12-31": "7.19%", "2017-09-30": "7.74%", "2017-06-30": "5.48%", "2017-03-31": "4.78%", "2016-12-31": "5.34%", "2016-09-30": "5.31%", "2016-06-30": "8.78%", "2016-03-31": "9.05%", "2015-12-31": "9.06%", "2015-09-30": "11.52%", "2015-06-30": "12.01%", "2015-03-31": "13.27%", "2014-12-31": "14.95%", "2014-09-30": "14.29%", "2014-06-30": "14.20%", "2014-03-31": "14.05%", "2013-12-31": "13.99%", "2013-09-30": "14.12%", "2013-06-30": "13.54%", "2013-03-31": "13.22%", "2012-12-31": "12.88%", "2012-09-30": "12.84%", "2012-06-30": "12.86%", "2012-03-31": "12.77%", "2011-12-31": "13.04%", "2011-09-30": "12.79%", "2011-06-30": "13.25%", "2011-03-31": "13.49%", "2010-12-31": "13.14%", "2010-09-30": "12.83%", "2010-06-30": "13.05%", "2010-03-31": "13.21%", "2009-12-31": "13.40%", "2009-09-30": "13.79%", "2009-06-30": "13.16%", "2009-03-31": "13.25%", "2008-12-31": "13.28%", "2008-09-30": "12.75%", "2008-06-30": "12.28%", "2008-03-31": "11.01%", "2007-12-31": "9.62%", "2007-09-30": "8.03%", "2007-06-30": "6.90%", "2007-03-31": "6.63%", "2006-12-31": "6.14%", "2006-09-30": "6.27%", "2006-06-30": "5.30%", "2006-03-31": "4.24%", "2005-12-31": "3.41%"}, "net profit margin": {"2020-09-30": "3.59%", "2020-06-30": "3.76%", "2020-03-31": "4.94%", "2019-12-31": "6.41%", "2019-09-30": "6.16%", "2019-06-30": "5.39%", "2019-03-31": "4.23%", "2018-12-31": "3.10%", "2018-09-30": "-1.29%", "2018-06-30": "-0.79%", "2018-03-31": "-0.03%", "2017-12-31": "0.08%", "2017-09-30": "4.57%", "2017-06-30": "2.79%", "2017-03-31": "2.99%", "2016-12-31": "3.31%", "2016-09-30": "3.19%", "2016-06-30": "5.61%", "2016-03-31": "5.90%", "2015-12-31": "5.68%", "2015-09-30": "7.54%", "2015-06-30": "8.11%", "2015-03-31": "9.02%", "2014-12-31": "10.56%", "2014-09-30": "10.28%", "2014-06-30": "10.16%", "2014-03-31": "10.05%", "2013-12-31": "9.79%", "2013-09-30": "9.93%", "2013-06-30": "9.65%", "2013-03-31": "9.49%", "2012-12-31": "9.43%", "2012-09-30": "9.19%", "2012-06-30": "9.32%", "2012-03-31": "9.26%", "2011-12-31": "9.51%", "2011-09-30": "9.51%", "2011-06-30": "9.75%", "2011-03-31": "9.98%", "2010-12-31": "9.65%", "2010-09-30": "9.44%", "2010-06-30": "9.57%", "2010-03-31": "9.65%", "2009-12-31": "9.78%", "2009-09-30": "9.94%", "2009-06-30": "9.71%", "2009-03-31": "9.90%", "2008-12-31": "9.88%", "2008-09-30": "9.61%", "2008-06-30": "8.85%", "2008-03-31": "7.84%", "2007-12-31": "6.80%", "2007-09-30": "5.48%", "2007-06-30": "4.72%", "2007-03-31": "4.08%", "2006-12-31": "3.79%", "2006-09-30": "3.26%", "2006-06-30": "2.00%", "2006-03-31": "1.46%", "2005-12-31": "0.63%"}, "pe ratio": {"current": "20.23", "2021-02-11": "39.34", "2020-09-30": "27.42", "2020-06-30": "25.15", "2020-03-31": "15.72", "2019-12-31": "25.08", "2019-09-30": "24.07", "2019-06-30": "32.39", "2019-03-31": "35.29", "2018-12-31": "39.79", "2018-09-30": "0.00", "2018-06-30": "0.00", "2018-03-31": "0.00", "2017-12-31": "0.00", "2017-09-30": "30.91", "2017-06-30": "56.21", "2017-03-31": "48.32", "2016-12-31": "40.01", "2016-09-30": "38.62", "2016-06-30": "20.61", "2016-03-31": "19.41", "2015-12-31": "19.14", "2015-09-30": "14.22", "2015-06-30": "16.66", "2015-03-31": "15.92", "2014-12-31": "14.22", "2014-09-30": "17.41", "2014-06-30": "18.47", "2014-03-31": "19.75", "2013-12-31": "20.47", "2013-09-30": "16.49", "2013-06-30": "15.19", "2013-03-31": "16.51", "2012-12-31": "14.95", "2012-09-30": "13.92", "2012-06-30": "12.71", "2012-03-31": "13.12", "2011-12-31": "11.20", "2011-09-30": "8.60", "2011-06-30": "12.86", "2011-03-31": "15.32", "2010-12-31": "14.76", "2010-09-30": "13.59", "2010-06-30": "10.16", "2010-03-31": "12.64", "2009-12-31": "10.49", "2009-09-30": "10.81", "2009-06-30": "7.66", "2009-03-31": "5.97", "2008-12-31": "5.54", "2008-09-30": "9.96", "2008-06-30": "17.47", "2008-03-31": "15.82", "2007-12-31": "17.59", "2007-09-30": "18.37", "2007-06-30": "21.07", "2007-03-31": "20.84", "2006-12-31": "20.86"}, "price sales": {"2021-02-11": "1.34", "2020-09-30": "0.93", "2020-06-30": "0.95", "2020-03-31": "0.78", "2019-12-31": "1.62", "2019-09-30": "1.54", "2019-06-30": "1.75", "2019-03-31": "1.50", "2018-12-31": "1.24", "2018-09-30": "1.76", "2018-06-30": "1.32", "2018-03-31": "1.45", "2017-12-31": "1.42", "2017-09-30": "1.42", "2017-06-30": "1.51", "2017-03-31": "1.50", "2016-12-31": "1.46", "2016-09-30": "1.39", "2016-06-30": "1.26", "2016-03-31": "1.20", "2015-12-31": "1.13", "2015-09-30": "1.09", "2015-06-30": "1.36", "2015-03-31": "1.45", "2014-12-31": "1.52", "2014-09-30": "1.80", "2014-06-30": "1.89", "2014-03-31": "2.00", "2013-12-31": "2.02", "2013-09-30": "1.66", "2013-06-30": "1.48", "2013-03-31": "1.59", "2012-12-31": "1.44", "2012-09-30": "1.28", "2012-06-30": "1.19", "2012-03-31": "1.22", "2011-12-31": "1.07", "2011-09-30": "0.82", "2011-06-30": "1.25", "2011-03-31": "1.52", "2010-12-31": "1.42", "2010-09-30": "1.28", "2010-06-30": "0.97", "2010-03-31": "1.22", "2009-12-31": "1.03", "2009-09-30": "1.08", "2009-06-30": "0.75", "2009-03-31": "0.60", "2008-12-31": "0.55", "2008-09-30": "0.96", "2008-06-30": "1.55", "2008-03-31": "1.25", "2007-12-31": "1.20", "2007-09-30": "1.01", "2007-06-30": "0.99", "2007-03-31": "0.83", "2006-12-31": "0.77"}, "price book": {"current": "2.94", "2021-02-11": "2.97", "2020-09-30": "2.07", "2020-06-30": "2.17", "2020-03-31": "1.80", "2019-12-31": "3.57", "2019-09-30": "3.34", "2019-06-30": "3.80", "2019-03-31": "3.32", "2018-12-31": "2.85", "2018-09-30": "4.17", "2018-06-30": "3.05", "2018-03-31": "3.14", "2017-12-31": "3.08", "2017-09-30": "2.94", "2017-06-30": "3.27", "2017-03-31": "3.50", "2016-12-31": "3.52", "2016-09-30": "3.36", "2016-06-30": "3.05", "2016-03-31": "3.02", "2015-12-31": "2.97", "2015-09-30": "2.85", "2015-06-30": "3.53", "2015-03-31": "3.85", "2014-12-31": "3.71", "2014-09-30": "4.43", "2014-06-30": "4.64", "2014-03-31": "5.10", "2013-12-31": "5.11", "2013-09-30": "4.23", "2013-06-30": "3.87", "2013-03-31": "3.89", "2012-12-31": "3.26", "2012-09-30": "2.75", "2012-06-30": "2.54", "2012-03-31": "2.29", "2011-12-31": "2.03", "2011-09-30": "1.52", "2011-06-30": "2.23", "2011-03-31": "2.73", "2010-12-31": "2.65", "2010-09-30": "2.53", "2010-06-30": "2.16", "2010-03-31": "2.82", "2009-12-31": "2.43", "2009-09-30": "2.65", "2009-06-30": "2.04", "2009-03-31": "1.83", "2008-12-31": "1.72", "2008-09-30": "2.90", "2008-06-30": "4.24", "2008-03-31": "3.45", "2007-12-31": "3.44", "2007-09-30": "3.00", "2007-06-30": "3.04", "2007-03-31": "2.58", "2006-12-31": "2.26", "2006-09-30": "2.44", "2006-06-30": "2.86", "2006-03-31": "3.12"}, "price fcf": {"2021-02-11": "", "2020-09-30": "$1.76", "2020-06-30": "$1.71", "2020-03-31": "$1.99", "2019-12-31": "$2.19", "2019-09-30": "$2.06", "2019-06-30": "$2.02", "2019-03-31": "$2.39", "2018-12-31": "$0.86", "2018-09-30": "$1.53", "2018-06-30": "$1.12", "2018-03-31": "$1.01", "2017-12-31": "$1.94", "2017-09-30": "$1.39", "2017-06-30": "$1.51", "2017-03-31": "$1.31", "2016-12-31": "$1.18", "2016-09-30": "$2.09", "2016-06-30": "$2.52", "2016-03-31": "$3.08", "2015-12-31": "$2.01", "2015-09-30": "$2.99", "2015-06-30": "$3.13", "2015-03-31": "$2.91", "2014-12-31": "$3.36", "2014-09-30": "$2.70", "2014-06-30": "$2.65", "2014-03-31": "$2.60", "2013-12-31": "$2.46", "2013-09-30": "$2.31", "2013-06-30": "$1.80", "2013-03-31": "$2.33", "2012-12-31": "$2.52", "2012-09-30": "$2.30", "2012-06-30": "$2.43", "2012-03-31": "$1.37", "2011-12-31": "$0.68", "2011-09-30": "$0.61", "2011-06-30": "$0.33", "2011-03-31": "$1.04", "2010-12-31": "$1.56", "2010-09-30": "$2.07", "2010-06-30": "$2.30", "2010-03-31": "$2.29", "2009-12-31": "$1.91", "2009-09-30": "$1.60", "2009-06-30": "$2.08", "2009-03-31": "$1.43", "2008-12-31": "$1.68", "2008-09-30": "$1.64", "2008-06-30": "$1.37", "2008-03-31": "$1.47", "2007-12-31": "$1.98", "2007-09-30": "$0.63", "2007-06-30": "$0.03", "2007-03-31": "$0.30", "2006-12-31": "$0.53"}, "net worth": {"value": "$5.01B"}, "current ratio": {"current": "2.57", "2020-09-30": "2.57", "2020-06-30": "2.23", "2020-03-31": "2.19", "2019-12-31": "2.24", "2019-09-30": "2.29", "2019-06-30": "2.28", "2019-03-31": "2.17", "2018-12-31": "2.21", "2018-09-30": "2.24", "2018-06-30": "2.25", "2018-03-31": "2.29", "2017-12-31": "2.06", "2017-09-30": "2.12", "2017-06-30": "2.11", "2017-03-31": "2.05", "2016-12-31": "1.95", "2016-09-30": "1.98", "2016-06-30": "1.96", "2016-03-31": "1.90", "2015-12-31": "1.82", "2015-09-30": "2.02", "2015-06-30": "2.04", "2015-03-31": "2.06", "2014-12-31": "1.90", "2014-09-30": "2.03", "2014-06-30": "2.02", "2014-03-31": "1.98", "2013-12-31": "1.83", "2013-09-30": "1.65", "2013-06-30": "1.61", "2013-03-31": "1.69", "2012-12-31": "1.72", "2012-09-30": "1.93", "2012-06-30": "1.49", "2012-03-31": "1.89", "2011-12-31": "1.79", "2011-09-30": "1.99", "2011-06-30": "1.94", "2011-03-31": "1.88", "2010-12-31": "1.73", "2010-09-30": "1.84", "2010-06-30": "1.98", "2010-03-31": "1.87", "2009-12-31": "1.71", "2009-09-30": "1.72", "2009-06-30": "1.65", "2009-03-31": "1.59", "2008-12-31": "1.45", "2008-09-30": "1.47", "2008-06-30": "1.60", "2008-03-31": "1.59", "2007-12-31": "1.52", "2007-09-30": "1.51", "2007-06-30": "1.47", "2007-03-31": "1.46", "2006-12-31": "1.47", "2006-09-30": "1.62", "2006-06-30": "1.67", "2006-03-31": "1.61", "2005-12-31": "1.56", "2005-09-30": "1.59", "2005-06-30": "1.43", "2005-03-31": "1.46"}, "quick ratio": {"2020-09-30": "1.91", "2020-06-30": "1.60", "2020-03-31": "1.57", "2019-12-31": "1.65", "2019-09-30": "1.63", "2019-06-30": "1.63", "2019-03-31": "1.57", "2018-12-31": "1.62", "2018-09-30": "1.61", "2018-06-30": "1.61", "2018-03-31": "1.62", "2017-12-31": "1.35", "2017-09-30": "1.30", "2017-06-30": "1.29", "2017-03-31": "1.19", "2016-12-31": "1.19", "2016-09-30": "1.12", "2016-06-30": "1.10", "2016-03-31": "1.05", "2015-12-31": "1.10", "2015-09-30": "1.17", "2015-06-30": "1.21", "2015-03-31": "1.22", "2014-12-31": "1.22", "2014-09-30": "1.18", "2014-06-30": "1.16", "2014-03-31": "1.13", "2013-12-31": "1.15", "2013-09-30": "0.91", "2013-06-30": "0.88", "2013-03-31": "0.95", "2012-12-31": "1.04", "2012-09-30": "1.11", "2012-06-30": "0.84", "2012-03-31": "1.06", "2011-12-31": "1.10", "2011-09-30": "1.16", "2011-06-30": "1.12", "2011-03-31": "1.11", "2010-12-31": "1.12", "2010-09-30": "1.09", "2010-06-30": "1.29", "2010-03-31": "1.24", "2009-12-31": "1.17", "2009-09-30": "1.05", "2009-06-30": "0.99", "2009-03-31": "0.93", "2008-12-31": "0.93", "2008-09-30": "0.87", "2008-06-30": "0.93", "2008-03-31": "0.92", "2007-12-31": "0.97", "2007-09-30": "0.86", "2007-06-30": "0.83", "2007-03-31": "0.80", "2006-12-31": "0.86", "2006-09-30": "0.96", "2006-06-30": "1.05", "2006-03-31": "1.02", "2005-12-31": "0.98", "2005-09-30": "0.97", "2005-06-30": "0.88", "2005-03-31": "0.88"}, "debt equity ratio": {"current": "1.00", "2020-09-30": "2.04", "2020-06-30": "1.81", "2020-03-31": "1.83", "2019-12-31": "1.79", "2019-09-30": "1.69", "2019-06-30": "1.76", "2019-03-31": "1.84", "2018-12-31": "1.78", "2018-09-30": "1.82", "2018-06-30": "1.83", "2018-03-31": "1.80", "2017-12-31": "1.94", "2017-09-30": "1.74", "2017-06-30": "1.78", "2017-03-31": "1.79", "2016-12-31": "1.88", "2016-09-30": "1.83", "2016-06-30": "1.80", "2016-03-31": "1.86", "2015-12-31": "1.98", "2015-09-30": "2.03", "2015-06-30": "1.98", "2015-03-31": "1.98", "2014-12-31": "1.56", "2014-09-30": "1.49", "2014-06-30": "1.52", "2014-03-31": "1.56", "2013-12-31": "1.68", "2013-09-30": "1.59", "2013-06-30": "1.69", "2013-03-31": "1.61", "2012-12-31": "1.54", "2012-09-30": "1.34", "2012-06-30": "1.31", "2012-03-31": "0.95", "2011-12-31": "1.03", "2011-09-30": "0.94", "2011-06-30": "0.96", "2011-03-31": "1.00", "2010-12-31": "1.11", "2010-09-30": "1.09", "2010-06-30": "1.15", "2010-03-31": "1.23", "2009-12-31": "1.36", "2009-09-30": "1.34", "2009-06-30": "1.50", "2009-03-31": "1.68", "2008-12-31": "1.93", "2008-09-30": "1.66", "2008-06-30": "1.52", "2008-03-31": "1.61", "2007-12-31": "1.72", "2007-09-30": "1.81", "2007-06-30": "1.90", "2007-03-31": "1.92", "2006-12-31": "1.81", "2006-09-30": "1.90", "2006-06-30": "1.94", "2006-03-31": "2.02", "2005-12-31": "2.06", "2005-09-30": "1.98", "2005-06-30": "1.98", "2005-03-31": "2.02"}, "return on equity": {"2020-09-30": "8.00%", "2020-06-30": "8.44%", "2020-03-31": "11.18%", "2019-12-31": "14.46%", "2019-09-30": "13.82%", "2019-06-30": "12.21%", "2019-03-31": "9.70%", "2018-12-31": "7.17%", "2018-09-30": "-3.01%", "2018-06-30": "-1.77%", "2018-03-31": "-0.06%", "2017-12-31": "0.18%", "2017-09-30": "9.94%", "2017-06-30": "6.22%", "2017-03-31": "6.90%", "2016-12-31": "7.70%", "2016-09-30": "7.79%", "2016-06-30": "14.20%", "2016-03-31": "15.38%", "2015-12-31": "14.98%", "2015-09-30": "19.51%", "2015-06-30": "20.83%", "2015-03-31": "22.99%", "2014-12-31": "26.86%", "2014-09-30": "26.41%", "2014-06-30": "26.65%", "2014-03-31": "27.23%", "2013-12-31": "26.96%", "2013-09-30": "26.95%", "2013-06-30": "25.08%", "2013-03-31": "23.51%", "2012-12-31": "21.63%", "2012-09-30": "19.88%", "2012-06-30": "19.35%", "2012-03-31": "18.31%", "2011-12-31": "18.77%", "2011-09-30": "18.58%", "2011-06-30": "19.00%", "2011-03-31": "19.80%", "2010-12-31": "19.94%", "2010-09-30": "20.61%", "2010-06-30": "22.20%", "2010-03-31": "23.95%", "2009-12-31": "26.20%", "2009-09-30": "28.31%", "2009-06-30": "29.83%", "2009-03-31": "31.30%", "2008-12-31": "31.01%", "2008-09-30": "30.18%", "2008-06-30": "27.52%", "2008-03-31": "25.04%", "2007-12-31": "22.50%", "2007-09-30": "18.13%", "2007-06-30": "15.76%", "2007-03-31": "13.45%", "2006-12-31": "12.41%", "2006-09-30": "10.64%", "2006-06-30": "6.43%", "2006-03-31": "4.65%", "2005-12-31": "1.97%"}, "return on assets": {"2020-09-30": "2.79%", "2020-06-30": "3.04%", "2020-03-31": "4.04%", "2019-12-31": "5.22%", "2019-09-30": "5.00%", "2019-06-30": "4.36%", "2019-03-31": "3.44%", "2018-12-31": "2.55%", "2018-09-30": "-1.06%", "2018-06-30": "-0.63%", "2018-03-31": "-0.02%", "2017-12-31": "0.06%", "2017-09-30": "3.56%", "2017-06-30": "2.21%", "2017-03-31": "2.44%", "2016-12-31": "2.71%", "2016-09-30": "2.72%", "2016-06-30": "4.87%", "2016-03-31": "5.19%", "2015-12-31": "5.01%", "2015-09-30": "6.79%", "2015-06-30": "7.60%", "2015-03-31": "8.74%", "2014-12-31": "10.61%", "2014-09-30": "10.31%", "2014-06-30": "10.30%", "2014-03-31": "10.35%", "2013-12-31": "10.19%", "2013-09-30": "10.33%", "2013-06-30": "9.88%", "2013-03-31": "9.62%", "2012-12-31": "9.54%", "2012-09-30": "9.27%", "2012-06-30": "9.45%", "2012-03-31": "9.30%", "2011-12-31": "9.47%", "2011-09-30": "9.29%", "2011-06-30": "9.33%", "2011-03-31": "9.50%", "2010-12-31": "9.31%", "2010-09-30": "9.35%", "2010-06-30": "9.80%", "2010-03-31": "10.19%", "2009-12-31": "10.67%", "2009-09-30": "10.92%", "2009-06-30": "11.11%", "2009-03-31": "11.62%", "2008-12-31": "11.59%", "2008-09-30": "11.50%", "2008-06-30": "10.36%", "2008-03-31": "9.10%", "2007-12-31": "7.95%", "2007-09-30": "6.34%", "2007-06-30": "5.47%", "2007-03-31": "4.66%", "2006-12-31": "4.27%", "2006-09-30": "3.58%", "2006-06-30": "2.14%", "2006-03-31": "1.54%", "2005-12-31": "0.66%"}, "return on investments": {"2020-09-30": "8.48%", "2020-06-30": "9.26%", "2020-03-31": "10.97%", "2019-12-31": "13.00%", "2019-09-30": "12.45%", "2019-06-30": "11.12%", "2019-03-31": "9.50%", "2018-12-31": "7.94%", "2018-09-30": "7.75%", "2018-06-30": "8.03%", "2018-03-31": "10.44%", "2017-12-31": "10.67%", "2017-09-30": "11.43%", "2017-06-30": "9.10%", "2017-03-31": "8.01%", "2016-12-31": "8.53%", "2016-09-30": "8.89%", "2016-06-30": "13.95%", "2016-03-31": "14.87%", "2015-12-31": "15.45%", "2015-09-30": "18.94%", "2015-06-30": "20.10%", "2015-03-31": "22.77%", "2014-12-31": "25.87%", "2014-09-30": "25.26%", "2014-06-30": "26.12%", "2014-03-31": "26.91%", "2013-12-31": "27.96%", "2013-09-30": "28.22%", "2013-06-30": "26.56%", "2013-03-31": "26.22%", "2012-12-31": "24.85%", "2012-09-30": "24.56%", "2012-06-30": "24.47%", "2012-03-31": "22.75%", "2011-12-31": "22.49%", "2011-09-30": "21.72%", "2011-06-30": "21.16%", "2011-03-31": "22.26%", "2010-12-31": "23.50%", "2010-09-30": "24.02%", "2010-06-30": "26.16%", "2010-03-31": "27.46%", "2009-12-31": "28.97%", "2009-09-30": "30.35%", "2009-06-30": "31.71%", "2009-03-31": "32.66%", "2008-12-31": "31.22%", "2008-09-30": "30.45%", "2008-06-30": "28.39%", "2008-03-31": "25.87%", "2007-12-31": "24.31%", "2007-09-30": "20.62%", "2007-06-30": "18.15%", "2007-03-31": "16.84%", "2006-12-31": "15.34%", "2006-09-30": "15.45%", "2006-06-30": "15.11%", "2006-03-31": "14.24%", "2005-12-31": "13.28%"}, "return on tangible equity": {"2020-09-30": "39.48%", "2020-06-30": "39.75%", "2020-03-31": "51.62%", "2019-12-31": "67.02%", "2019-09-30": "68.79%", "2019-06-30": "68.33%", "2019-03-31": "60.30%", "2018-12-31": "47.55%", "2018-09-30": "-20.60%", "2018-06-30": "-11.07%", "2018-03-31": "-0.35%", "2017-12-31": "1.05%", "2017-09-30": "60.63%", "2017-06-30": "40.58%", "2017-03-31": "45.04%", "2016-12-31": "49.44%", "2016-09-30": "50.47%", "2016-06-30": "94.57%", "2016-03-31": "103.52%", "2015-12-31": "98.39%", "2015-09-30": "89.48%", "2015-06-30": "75.95%", "2015-03-31": "72.11%", "2014-12-31": "75.82%", "2014-09-30": "77.29%", "2014-06-30": "79.55%", "2014-03-31": "84.04%", "2013-12-31": "82.62%", "2013-09-30": "80.00%", "2013-06-30": "70.37%", "2013-03-31": "62.12%", "2012-12-31": "51.69%", "2012-09-30": "44.83%", "2012-06-30": "41.51%", "2012-03-31": "37.60%", "2011-12-31": "38.77%", "2011-09-30": "38.71%", "2011-06-30": "41.07%", "2011-03-31": "43.35%", "2010-12-31": "43.94%", "2010-09-30": "45.41%", "2010-06-30": "48.96%", "2010-03-31": "55.78%", "2009-12-31": "65.74%", "2009-09-30": "78.01%", "2009-06-30": "89.60%", "2009-03-31": "96.48%", "2008-12-31": "98.17%", "2008-09-30": "100.83%", "2008-06-30": "104.59%", "2008-03-31": "125.38%", "2007-12-31": "173.85%", "2007-09-30": "250.32%", "2007-06-30": "680.85%", "2007-03-31": "-717.81%", "2006-12-31": "-209.95%", "2006-09-30": "-101.33%", "2006-06-30": "-49.02%", "2006-03-31": "-31.68%", "2005-12-31": "-12.88%"}, "dividend yield history": {"last payout": "$0.80", "last yield": "2.08%"}}