{"ticker": "FLT", "price": {"title": "FleetCor Technologies Historical Annual Stock Price Data", "value": 265.56, "historical": {"2020": {"Average Stock Price": "254.1545", "Year Open": "287.7400", "Year High": "328.8500", "Year Low": "171.7200", "Year Close": "272.8300", "Annual % Change": "-5.18%"}, "2019": {"Average Stock Price": "266.5023", "Year Open": "185.5500", "Year High": "308.4200", "Year Low": "181.6000", "Year Close": "287.7200", "Annual % Change": "54.92%"}, "2018": {"Average Stock Price": "205.5012", "Year Open": "193.8700", "Year High": "227.8400", "Year Low": "175.5000", "Year Close": "185.7200", "Annual % Change": "-3.49%"}, "2017": {"Average Stock Price": "155.5533", "Year Open": "144.6500", "Year High": "193.3800", "Year Low": "131.2600", "Year Close": "192.4300", "Annual % Change": "35.97%"}, "2016": {"Average Stock Price": "149.0949", "Year Open": "140.6300", "Year High": "175.5300", "Year Low": "113.3900", "Year Close": "141.5200", "Annual % Change": "-0.99%"}, "2015": {"Average Stock Price": "151.2930", "Year Open": "150.2600", "Year High": "163.8600", "Year Low": "137.0200", "Year Close": "142.9300", "Annual % Change": "-3.89%"}, "2014": {"Average Stock Price": "130.3135", "Year Open": "118.3800", "Year High": "156.0500", "Year Low": "101.6900", "Year Close": "148.7100", "Annual % Change": "26.92%"}, "2013": {"Average Stock Price": "90.0846", "Year Open": "55.1800", "Year High": "122.7000", "Year Low": "54.8900", "Year Close": "117.1700", "Annual % Change": "118.40%"}, "2012": {"Average Stock Price": "40.7994", "Year Open": "30.5600", "Year High": "53.6500", "Year Low": "30.5500", "Year Close": "53.6500", "Annual % Change": "79.61%"}, "2011": {"Average Stock Price": "30.1612", "Year Open": "30.4700", "Year High": "37.5100", "Year Low": "25.2500", "Year Close": "29.8700", "Annual % Change": "-3.40%"}, "2010": {"Average Stock Price": "29.6342", "Year Open": "27.2500", "Year High": "31.0600", "Year Low": "27.2500", "Year Close": "30.9200", "Annual % Change": "0.00%"}}}, "market cap": {"value": "$21.48B"}, "income statement": {"Revenue": {"2020-12-31": "2388.85500", "2019-12-31": "2648.84800", "2018-12-31": "2433.49200", "2017-12-31": "2249.53800", "2016-12-31": "1831.54600", "2015-12-31": "1702.86500", "2014-12-31": "1199.39000", "2013-12-31": "895.17100", "2012-12-31": "707.53400", "2011-12-31": "519.59100", "2010-12-31": "433.84100", "2009-12-31": "354.07300", "2008-12-31": "341.05300", "2007-12-31": "264.08600"}, "Cost Of Goods Sold": {"2020-12-31": "", "2019-12-31": "", "2018-12-31": "", "2017-12-31": "113.13300", "2016-12-31": "104.34500", "2015-12-31": "108.25700", "2014-12-31": "96.25400", "2013-12-31": "68.14300", "2012-12-31": "58.57300", "2011-12-31": "51.19900", "2010-12-31": "49.05000", "2009-12-31": "39.70900", "2008-12-31": "38.53900", "2007-12-31": "39.35800"}, "Gross Profit": {"2020-12-31": "2388.85500", "2019-12-31": "2648.84800", "2018-12-31": "2433.49200", "2017-12-31": "2136.40500", "2016-12-31": "1727.20100", "2015-12-31": "1594.60800", "2014-12-31": "1103.13600", "2013-12-31": "827.02800", "2012-12-31": "648.96100", "2011-12-31": "468.39200", "2010-12-31": "384.79100", "2009-12-31": "314.36400", "2008-12-31": "302.51400", "2007-12-31": "224.72800"}, "Research And Development Expenses": {"2020-12-31": "", "2019-12-31": "", "2018-12-31": "", "2017-12-31": "", "2016-12-31": "", "2015-12-31": "", "2014-12-31": "", "2013-12-31": "", "2012-12-31": "", "2011-12-31": "", "2010-12-31": "", "2009-12-31": "", "2008-12-31": "", "2007-12-31": ""}, "SG&A Expenses": {"2020-12-31": "1163.77300", "2019-12-31": "1142.68500", "2018-12-31": "1059.46000", "2017-12-31": "988.02400", "2016-12-31": "770.48200", "2015-12-31": "737.86300", "2014-12-31": "454.82700", "2013-12-31": "333.65900", "2012-12-31": "271.99700", "2011-12-31": "205.88700", "2010-12-31": "180.55300", "2009-12-31": "139.95100", "2008-12-31": "122.81900", "2007-12-31": "98.67100"}, "Other Operating Income Or Expenses": {"2020-12-31": "1.98500", "2019-12-31": "-0.52300", "2018-12-31": "-8.72500", "2017-12-31": "-0.06100", "2016-12-31": "0.69000", "2015-12-31": "4.24200", "2014-12-31": "29.50100", "2013-12-31": "", "2012-12-31": "", "2011-12-31": "", "2010-12-31": "", "2009-12-31": "", "2008-12-31": "", "2007-12-31": ""}, "Operating Expenses": {"2020-12-31": "1416.59000", "2019-12-31": "1417.41800", "2018-12-31": "1342.79400", "2017-12-31": "1365.77800", "2016-12-31": "1077.39300", "2015-12-31": "1035.33100", "2014-12-31": "633.94100", "2013-12-31": "474.53900", "2012-12-31": "382.60600", "2011-12-31": "293.25700", "2010-12-31": "263.34800", "2009-12-31": "208.02800", "2008-12-31": "188.59800", "2007-12-31": "158.32200"}, "Operating Income": {"2020-12-31": "972.26490", "2019-12-31": "1231.43000", "2018-12-31": "1090.69800", "2017-12-31": "883.76000", "2016-12-31": "754.15300", "2015-12-31": "667.53390", "2014-12-31": "565.44900", "2013-12-31": "420.63200", "2012-12-31": "324.92800", "2011-12-31": "226.33400", "2010-12-31": "170.49300", "2009-12-31": "146.04500", "2008-12-31": "152.45500", "2007-12-31": "105.76400"}, "Total Non-Operating Income/Expense": {"2020-12-31": "-89.74000", "2019-12-31": "-153.61100", "2018-12-31": "4.42700", "2017-12-31": "9.83000", "2016-12-31": "-111.23400", "2015-12-31": "-131.53000", "2014-12-31": "-52.50600", "2013-12-31": "-17.06300", "2012-12-31": "-14.13800", "2011-12-31": "-15.45700", "2010-12-31": "-19.21300", "2009-12-31": "-16.43000", "2008-12-31": "-17.76800", "2007-12-31": "-18.18100"}, "Pre-Tax Income": {"2020-12-31": "882.52500", "2019-12-31": "1077.81900", "2018-12-31": "1095.12500", "2017-12-31": "893.59000", "2016-12-31": "642.91900", "2015-12-31": "536.00400", "2014-12-31": "512.94300", "2013-12-31": "403.56900", "2012-12-31": "310.79000", "2011-12-31": "210.87700", "2010-12-31": "151.28000", "2009-12-31": "129.61500", "2008-12-31": "134.68700", "2007-12-31": "87.58300"}, "Income Taxes": {"2020-12-31": "178.30900", "2019-12-31": "182.74600", "2018-12-31": "283.64200", "2017-12-31": "153.39000", "2016-12-31": "190.53400", "2015-12-31": "173.57300", "2014-12-31": "144.23600", "2013-12-31": "119.06800", "2012-12-31": "94.59100", "2011-12-31": "63.54200", "2010-12-31": "43.38400", "2009-12-31": "40.56300", "2008-12-31": "37.40500", "2007-12-31": "25.99800"}, "Income After Taxes": {"2020-12-31": "704.21600", "2019-12-31": "895.07300", "2018-12-31": "811.48300", "2017-12-31": "740.20000", "2016-12-31": "452.38500", "2015-12-31": "362.43100", "2014-12-31": "368.70700", "2013-12-31": "284.50100", "2012-12-31": "216.19900", "2011-12-31": "147.33500", "2010-12-31": "107.89600", "2009-12-31": "89.05200", "2008-12-31": "97.28200", "2007-12-31": "61.58500"}, "Other Income": {"2020-12-31": "", "2019-12-31": "", "2018-12-31": "", "2017-12-31": "", "2016-12-31": "", "2015-12-31": "", "2014-12-31": "", "2013-12-31": "", "2012-12-31": "", "2011-12-31": "", "2010-12-31": "", "2009-12-31": "", "2008-12-31": "", "2007-12-31": ""}, "Income From Continuous Operations": {"2020-12-31": "704.21600", "2019-12-31": "895.07300", "2018-12-31": "811.48300", "2017-12-31": "740.20000", "2016-12-31": "452.38500", "2015-12-31": "362.43100", "2014-12-31": "368.70700", "2013-12-31": "284.50100", "2012-12-31": "216.19900", "2011-12-31": "147.33500", "2010-12-31": "107.89600", "2009-12-31": "89.05200", "2008-12-31": "97.28200", "2007-12-31": "61.58500"}, "Income From Discontinued Operations": {"2020-12-31": "", "2019-12-31": "", "2018-12-31": "", "2017-12-31": "", "2016-12-31": "", "2015-12-31": "", "2014-12-31": "", "2013-12-31": "", "2012-12-31": "", "2011-12-31": "", "2010-12-31": "", "2009-12-31": "", "2008-12-31": "", "2007-12-31": ""}, "Net Income": {"2020-12-31": "704.21600", "2019-12-31": "895.07300", "2018-12-31": "811.48300", "2017-12-31": "740.20000", "2016-12-31": "452.38500", "2015-12-31": "362.43100", "2014-12-31": "368.70700", "2013-12-31": "284.50100", "2012-12-31": "216.19900", "2011-12-31": "147.33500", "2010-12-31": "106.40800", "2009-12-31": "73.26300", "2008-12-31": "85.92500", "2007-12-31": "50.77500"}, "EBITDA": {"2020-12-31": "1233.55200", "2019-12-31": "1510.74600", "2018-12-31": "1370.64900", "2017-12-31": "1155.27200", "2016-12-31": "964.99100", "2015-12-31": "868.03490", "2014-12-31": "678.75000", "2013-12-31": "493.36900", "2012-12-31": "376.96400", "2011-12-31": "262.50500", "2010-12-31": "204.23800", "2009-12-31": "174.69200", "2008-12-31": "179.69500", "2007-12-31": "126.05600"}, "EBIT": {"2020-12-31": "972.26490", "2019-12-31": "1231.43000", "2018-12-31": "1090.69800", "2017-12-31": "883.76000", "2016-12-31": "754.15300", "2015-12-31": "667.53390", "2014-12-31": "565.44900", "2013-12-31": "420.63200", "2012-12-31": "324.92800", "2011-12-31": "226.33400", "2010-12-31": "170.49300", "2009-12-31": "146.04500", "2008-12-31": "152.45500", "2007-12-31": "105.76400"}, "Basic Shares Outstanding": {"2020-12-31": "84.00500", "2019-12-31": "86.40100", "2018-12-31": "88.75000", "2017-12-31": "91.12900", "2016-12-31": "92.59700", "2015-12-31": "92.02300", "2014-12-31": "84.31700", "2013-12-31": "81.79300", "2012-12-31": "83.32800", "2011-12-31": "80.61000", "2010-12-31": "35.43400", "2009-12-31": "33.80200", "2008-12-31": "33.03300", "2007-12-31": "31.88500"}, "Shares Outstanding": {"2020-12-31": "86.71900", "2019-12-31": "90.07000", "2018-12-31": "92.15100", "2017-12-31": "93.59400", "2016-12-31": "95.21300", "2015-12-31": "94.13900", "2014-12-31": "86.98200", "2013-12-31": "84.65500", "2012-12-31": "85.73600", "2011-12-31": "83.65400", "2010-12-31": "80.75100", "2009-12-31": "78.85400", "2008-12-31": "71.91300", "2007-12-31": "71.72000"}, "Basic EPS": {"2020-12-31": "8.38000", "2019-12-31": "10.36000", "2018-12-31": "9.14000", "2017-12-31": "8.12000", "2016-12-31": "4.89000", "2015-12-31": "3.94000", "2014-12-31": "4.37000", "2013-12-31": "3.48000", "2012-12-31": "2.59000", "2011-12-31": "1.83000", "2010-12-31": "3.00000", "2009-12-31": "2.17000", "2008-12-31": "2.60000", "2007-12-31": "1.59000"}, "EPS - Earnings Per Share": {"2020-12-31": "8.12000", "2019-12-31": "9.94000", "2018-12-31": "8.81000", "2017-12-31": "7.91000", "2016-12-31": "4.75000", "2015-12-31": "3.85000", "2014-12-31": "4.24000", "2013-12-31": "3.36000", "2012-12-31": "2.52000", "2011-12-31": "1.76000", "2010-12-31": "1.34000", "2009-12-31": "1.13000", "2008-12-31": "1.35000", "2007-12-31": "0.86000"}}, "income statement, quarterly": {"Revenue": {"2020-12-31": "617.33300", "2020-09-30": "585.28300", "2020-06-30": "525.14600", "2020-03-31": "661.09300", "2019-12-31": "698.88090", "2019-09-30": "681.04800", "2019-06-30": "647.09400", "2019-03-31": "621.82500", "2018-12-31": "643.42100", "2018-09-30": "619.58600", "2018-06-30": "584.98500", "2018-03-31": "585.50000", "2017-12-31": "609.99110", "2017-09-30": "577.87700", "2017-06-30": "541.23700", "2017-03-31": "520.43300", "2016-12-31": "514.95300", "2016-09-30": "484.42600", "2016-06-30": "417.90500", "2016-03-31": "414.26200", "2015-12-31": "430.60100", "2015-09-30": "451.49300", "2015-06-30": "404.60500", "2015-03-31": "416.16600", "2014-12-31": "376.69700", "2014-09-30": "295.28300", "2014-06-30": "273.50200", "2014-03-31": "253.90800", "2013-12-31": "255.50100", "2013-09-30": "225.15000", "2013-06-30": "220.86900", "2013-03-31": "193.65100", "2012-12-31": "202.61700", "2012-09-30": "186.93200", "2012-06-30": "171.82000", "2012-03-31": "146.16500", "2011-12-31": "140.16000", "2011-09-30": "134.21300", "2011-06-30": "134.21300", "2011-03-31": "111.00500", "2010-12-31": "106.54700", "2010-09-30": "111.65500", "2010-06-30": "111.43700", "2010-03-31": "104.20200", "2009-12-31": "", "2008-12-31": ""}, "Cost Of Goods Sold": {"2020-12-31": "", "2020-09-30": "", "2020-06-30": "", "2020-03-31": "", "2019-12-31": "", "2019-09-30": "", "2019-06-30": "", "2019-03-31": "", "2018-12-31": "", "2018-09-30": "", "2018-06-30": "", "2018-03-31": "", "2017-12-31": "30.44300", "2017-09-30": "27.68700", "2017-06-30": "30.61900", "2017-03-31": "24.38400", "2016-12-31": "25.59000", "2016-09-30": "28.21400", "2016-06-30": "22.30800", "2016-03-31": "28.23300", "2015-12-31": "27.48000", "2015-09-30": "31.72600", "2015-06-30": "21.72500", "2015-03-31": "27.32600", "2014-12-31": "33.29000", "2014-09-30": "25.01400", "2014-06-30": "20.32700", "2014-03-31": "17.62300", "2013-12-31": "17.78300", "2013-09-30": "16.94400", "2013-06-30": "19.55500", "2013-03-31": "13.86100", "2012-12-31": "17.59900", "2012-09-30": "12.93000", "2012-06-30": "17.65100", "2012-03-31": "10.39300", "2011-12-31": "14.69400", "2011-09-30": "13.34700", "2011-06-30": "14.88100", "2011-03-31": "8.27700", "2010-12-31": "9.52000", "2010-09-30": "13.71100", "2010-06-30": "14.24900", "2010-03-31": "11.58900", "2009-12-31": "", "2008-12-31": ""}, "Gross Profit": {"2020-12-31": "617.33300", "2020-09-30": "585.28300", "2020-06-30": "525.14600", "2020-03-31": "661.09300", "2019-12-31": "698.88090", "2019-09-30": "681.04800", "2019-06-30": "647.09400", "2019-03-31": "621.82500", "2018-12-31": "643.42100", "2018-09-30": "619.58600", "2018-06-30": "584.98500", "2018-03-31": "585.50000", "2017-12-31": "579.54810", "2017-09-30": "550.19000", "2017-06-30": "510.61800", "2017-03-31": "496.04900", "2016-12-31": "489.36300", "2016-09-30": "456.21200", "2016-06-30": "395.59700", "2016-03-31": "386.02900", "2015-12-31": "403.12100", "2015-09-30": "419.76700", "2015-06-30": "382.88000", "2015-03-31": "388.84000", "2014-12-31": "343.40700", "2014-09-30": "270.26900", "2014-06-30": "253.17500", "2014-03-31": "236.28500", "2013-12-31": "237.71800", "2013-09-30": "208.20600", "2013-06-30": "201.31400", "2013-03-31": "179.79000", "2012-12-31": "185.01800", "2012-09-30": "174.00200", "2012-06-30": "154.16900", "2012-03-31": "135.77200", "2011-12-31": "125.46600", "2011-09-30": "120.86600", "2011-06-30": "119.33200", "2011-03-31": "102.72800", "2010-12-31": "97.02700", "2010-09-30": "97.94400", "2010-06-30": "97.18800", "2010-03-31": "92.61300", "2009-12-31": "", "2008-12-31": ""}, "Research And Development Expenses": {"2020-12-31": "", "2020-09-30": "", "2020-06-30": "", "2020-03-31": "", "2019-12-31": "", "2019-09-30": "", "2019-06-30": "", "2019-03-31": "", "2018-12-31": "", "2018-09-30": "", "2018-06-30": "", "2018-03-31": "", "2017-12-31": "", "2017-09-30": "", "2017-06-30": "", "2017-03-31": "", "2016-12-31": "", "2016-09-30": "", "2016-06-30": "", "2016-03-31": "", "2015-12-31": "", "2015-09-30": "", "2015-06-30": "", "2015-03-31": "", "2014-12-31": "", "2014-09-30": "", "2014-06-30": "", "2014-03-31": "", "2013-12-31": "", "2013-09-30": "", "2013-06-30": "", "2013-03-31": "", "2012-12-31": "", "2012-09-30": "", "2012-06-30": "", "2012-03-31": "", "2011-12-31": "", "2011-09-30": "", "2011-06-30": "", "2011-03-31": "", "2010-12-31": "0.00000", "2010-09-30": "", "2010-06-30": "", "2010-03-31": "", "2009-12-31": "", "2008-12-31": ""}, "SG&A Expenses": {"2020-12-31": "260.21200", "2020-09-30": "257.48600", "2020-06-30": "250.40300", "2020-03-31": "395.67200", "2019-12-31": "307.57200", "2019-09-30": "284.85600", "2019-06-30": "279.09800", "2019-03-31": "271.15900", "2018-12-31": "282.58890", "2018-09-30": "271.26400", "2018-06-30": "251.64100", "2018-03-31": "253.96600", "2017-12-31": "273.64590", "2017-09-30": "248.39700", "2017-06-30": "229.86600", "2017-03-31": "236.11500", "2016-12-31": "211.98000", "2016-09-30": "208.31700", "2016-06-30": "176.22400", "2016-03-31": "173.96100", "2015-12-31": "210.72100", "2015-09-30": "184.48400", "2015-06-30": "165.24900", "2015-03-31": "177.40900", "2014-12-31": "162.48600", "2014-09-30": "100.34800", "2014-06-30": "94.26200", "2014-03-31": "97.73100", "2013-12-31": "107.51000", "2013-09-30": "78.89100", "2013-06-30": "76.35000", "2013-03-31": "70.90800", "2012-12-31": "76.73100", "2012-09-30": "74.57700", "2012-06-30": "61.11200", "2012-03-31": "59.57700", "2011-12-31": "61.31000", "2011-09-30": "50.09100", "2011-06-30": "50.85200", "2011-03-31": "43.63400", "2010-12-31": "64.78000", "2010-09-30": "39.95700", "2010-06-30": "38.37200", "2010-03-31": "37.45900", "2009-12-31": "", "2008-12-31": ""}, "Other Operating Income Or Expenses": {"2020-12-31": "1.50300", "2020-09-30": "0.21400", "2020-06-30": "0.23000", "2020-03-31": "0.03800", "2019-12-31": "-2.00300", "2019-09-30": "0.29600", "2019-06-30": "0.22900", "2019-03-31": "0.95500", "2018-12-31": "-8.86400", "2018-09-30": "0.03500", "2018-06-30": "0.04900", "2018-03-31": "0.05500", "2017-12-31": "", "2017-09-30": "", "2017-06-30": "", "2017-03-31": "", "2016-12-31": "0.00000", "2016-09-30": "0.24400", "2016-06-30": "0.23100", "2016-03-31": "0.21500", "2015-12-31": "1.76700", "2015-09-30": "1.70300", "2015-06-30": "0.34700", "2015-03-31": "0.42500", "2014-12-31": "", "2014-09-30": "", "2014-06-30": "", "2014-03-31": "", "2013-12-31": "", "2013-09-30": "", "2013-06-30": "", "2013-03-31": "", "2012-12-31": "", "2012-09-30": "", "2012-06-30": "", "2012-03-31": "", "2011-12-31": "", "2011-09-30": "", "2011-06-30": "", "2011-03-31": "", "2010-12-31": "", "2010-09-30": "", "2010-06-30": "", "2010-03-31": "", "2009-12-31": "", "2008-12-31": ""}, "Operating Expenses": {"2020-12-31": "323.39400", "2020-09-30": "320.75100", "2020-06-30": "312.33500", "2020-03-31": "460.11000", "2019-12-31": "378.08490", "2019-09-30": "351.90700", "2019-06-30": "349.77700", "2019-03-31": "337.64900", "2018-12-31": "358.68290", "2018-09-30": "338.49600", "2018-06-30": "320.20200", "2018-03-31": "325.41300", "2017-12-31": "369.97910", "2017-09-30": "345.24000", "2017-06-30": "325.19400", "2017-03-31": "325.36500", "2016-12-31": "298.97810", "2016-09-30": "293.37100", "2016-06-30": "246.73700", "2016-03-31": "238.30700", "2015-12-31": "284.45210", "2015-09-30": "263.03300", "2015-06-30": "235.45400", "2015-03-31": "252.39200", "2014-12-31": "204.07500", "2014-09-30": "151.07600", "2014-06-30": "139.01800", "2014-03-31": "139.77200", "2013-12-31": "149.45100", "2013-09-30": "113.89500", "2013-06-30": "111.79500", "2013-03-31": "99.39800", "2012-12-31": "109.44600", "2012-09-30": "101.09800", "2012-06-30": "90.37200", "2012-03-31": "81.69000", "2011-12-31": "85.92800", "2011-09-30": "72.49000", "2011-06-30": "74.32100", "2011-03-31": "60.51800", "2010-12-31": "82.82000", "2010-09-30": "62.59300", "2010-06-30": "60.88000", "2010-03-31": "57.10200", "2009-12-31": "", "2008-12-31": ""}, "Operating Income": {"2020-12-31": "293.93900", "2020-09-30": "264.53200", "2020-06-30": "212.81100", "2020-03-31": "200.98300", "2019-12-31": "320.79610", "2019-09-30": "329.14100", "2019-06-30": "297.31700", "2019-03-31": "284.17600", "2018-12-31": "284.73810", "2018-09-30": "281.09000", "2018-06-30": "264.78300", "2018-03-31": "260.08700", "2017-12-31": "240.01200", "2017-09-30": "232.63700", "2017-06-30": "216.04300", "2017-03-31": "195.06800", "2016-12-31": "215.97490", "2016-09-30": "191.05500", "2016-06-30": "171.16800", "2016-03-31": "175.95500", "2015-12-31": "146.14890", "2015-09-30": "188.46000", "2015-06-30": "169.15100", "2015-03-31": "163.77400", "2014-12-31": "172.62200", "2014-09-30": "144.20700", "2014-06-30": "134.48400", "2014-03-31": "114.13600", "2013-12-31": "106.05000", "2013-09-30": "111.25500", "2013-06-30": "109.07400", "2013-03-31": "94.25300", "2012-12-31": "93.17100", "2012-09-30": "85.83400", "2012-06-30": "81.44800", "2012-03-31": "64.47500", "2011-12-31": "54.23200", "2011-09-30": "61.72300", "2011-06-30": "59.89200", "2011-03-31": "50.48700", "2010-12-31": "23.72700", "2010-09-30": "49.06200", "2010-06-30": "50.55700", "2010-03-31": "47.10000", "2009-12-31": "", "2008-12-31": ""}, "Total Non-Operating Income/Expense": {"2020-12-31": "-30.75100", "2020-09-30": "-29.12200", "2020-06-30": "-1.18300", "2020-03-31": "-28.68400", "2019-12-31": "-22.23500", "2019-09-30": "-36.38400", "2019-06-30": "-40.05700", "2019-03-31": "-54.93500", "2018-12-31": "112.32500", "2018-09-30": "-43.52200", "2018-06-30": "-33.60800", "2018-03-31": "-30.76800", "2017-12-31": "-31.68100", "2017-09-30": "94.86500", "2017-06-30": "-25.65400", "2017-03-31": "-27.70000", "2016-12-31": "-62.52000", "2016-09-30": "-20.85100", "2016-06-30": "-8.82000", "2016-03-31": "-19.04300", "2015-12-31": "-60.44100", "2015-09-30": "-23.10300", "2015-06-30": "-23.86000", "2015-03-31": "-24.12600", "2014-12-31": "-32.31900", "2014-09-30": "-7.65300", "2014-06-30": "-6.52900", "2014-03-31": "-6.00500", "2013-12-31": "-5.97300", "2013-09-30": "-3.60000", "2013-06-30": "-3.75000", "2013-03-31": "-3.74000", "2012-12-31": "-3.98600", "2012-09-30": "-3.24900", "2012-06-30": "-2.75200", "2012-03-31": "-4.15100", "2011-12-31": "-3.45200", "2011-09-30": "-2.61200", "2011-06-30": "-6.06400", "2011-03-31": "-3.32900", "2010-12-31": "-3.64000", "2010-09-30": "-4.86100", "2010-06-30": "-5.41600", "2010-03-31": "-5.30800", "2009-12-31": "", "2008-12-31": ""}, "Pre-Tax Income": {"2020-12-31": "263.18800", "2020-09-30": "235.41000", "2020-06-30": "211.62800", "2020-03-31": "172.29900", "2019-12-31": "298.56100", "2019-09-30": "292.75700", "2019-06-30": "257.26000", "2019-03-31": "229.24100", "2018-12-31": "397.06300", "2018-09-30": "237.56800", "2018-06-30": "231.17500", "2018-03-31": "229.31900", "2017-12-31": "208.33100", "2017-09-30": "327.50200", "2017-06-30": "190.38900", "2017-03-31": "167.36800", "2016-12-31": "153.45500", "2016-09-30": "170.20400", "2016-06-30": "162.34800", "2016-03-31": "156.91200", "2015-12-31": "85.70800", "2015-09-30": "165.35700", "2015-06-30": "145.29100", "2015-03-31": "139.64800", "2014-12-31": "140.30300", "2014-09-30": "136.55400", "2014-06-30": "127.95500", "2014-03-31": "108.13100", "2013-12-31": "100.07700", "2013-09-30": "107.65500", "2013-06-30": "105.32400", "2013-03-31": "90.51300", "2012-12-31": "89.17900", "2012-09-30": "82.59100", "2012-06-30": "78.69600", "2012-03-31": "60.32400", "2011-12-31": "50.78000", "2011-09-30": "59.11100", "2011-06-30": "53.82800", "2011-03-31": "47.15800", "2010-12-31": "20.15000", "2010-09-30": "44.20100", "2010-06-30": "45.14100", "2010-03-31": "41.79200", "2009-12-31": "", "2008-12-31": ""}, "Income Taxes": {"2020-12-31": "53.33700", "2020-09-30": "46.59300", "2020-06-30": "53.14000", "2020-03-31": "25.23900", "2019-12-31": "63.05100", "2019-09-30": "66.95200", "2019-06-30": "-4.39100", "2019-03-31": "57.13400", "2018-12-31": "95.06300", "2018-09-30": "79.87400", "2018-06-30": "54.32300", "2018-03-31": "54.38200", "2017-12-31": "-74.36600", "2017-09-30": "124.67900", "2017-06-30": "59.40200", "2017-03-31": "43.67500", "2016-12-31": "58.03100", "2016-09-30": "40.58600", "2016-06-30": "46.09500", "2016-03-31": "45.82200", "2015-12-31": "32.87800", "2015-09-30": "48.58700", "2015-06-30": "46.61300", "2015-03-31": "45.49500", "2014-12-31": "30.76300", "2014-09-30": "41.04500", "2014-06-30": "39.40600", "2014-03-31": "33.02200", "2013-12-31": "31.95700", "2013-09-30": "29.03500", "2013-06-30": "32.22500", "2013-03-31": "25.85100", "2012-12-31": "29.10800", "2012-09-30": "22.94300", "2012-06-30": "24.29500", "2012-03-31": "18.24500", "2011-12-31": "13.00900", "2011-09-30": "18.59700", "2011-06-30": "17.11300", "2011-03-31": "14.82300", "2010-12-31": "2.64000", "2010-09-30": "10.80300", "2010-06-30": "15.50100", "2010-03-31": "14.44700", "2009-12-31": "", "2008-12-31": ""}, "Income After Taxes": {"2020-12-31": "209.85100", "2020-09-30": "188.81700", "2020-06-30": "158.48800", "2020-03-31": "147.06000", "2019-12-31": "235.51000", "2019-09-30": "225.80500", "2019-06-30": "261.65100", "2019-03-31": "172.10700", "2018-12-31": "302.00010", "2018-09-30": "157.69400", "2018-06-30": "176.85200", "2018-03-31": "174.93700", "2017-12-31": "282.69700", "2017-09-30": "202.82300", "2017-06-30": "130.98700", "2017-03-31": "123.69300", "2016-12-31": "95.42400", "2016-09-30": "129.61800", "2016-06-30": "116.25300", "2016-03-31": "111.09000", "2015-12-31": "52.83000", "2015-09-30": "116.77000", "2015-06-30": "98.67800", "2015-03-31": "94.15300", "2014-12-31": "109.54000", "2014-09-30": "95.50900", "2014-06-30": "88.54900", "2014-03-31": "75.10900", "2013-12-31": "68.12000", "2013-09-30": "78.62000", "2013-06-30": "73.09900", "2013-03-31": "64.66200", "2012-12-31": "60.07100", "2012-09-30": "59.64800", "2012-06-30": "54.40100", "2012-03-31": "42.07900", "2011-12-31": "37.77100", "2011-09-30": "40.51400", "2011-06-30": "36.71500", "2011-03-31": "32.33500", "2010-12-31": "17.51000", "2010-09-30": "33.39800", "2010-06-30": "29.64000", "2010-03-31": "27.34500", "2009-12-31": "", "2008-12-31": ""}, "Other Income": {"2020-12-31": "", "2020-09-30": "", "2020-06-30": "", "2020-03-31": "", "2019-12-31": "", "2019-09-30": "", "2019-06-30": "", "2019-03-31": "", "2018-12-31": "", "2018-09-30": "", "2018-06-30": "", "2018-03-31": "", "2017-12-31": "", "2017-09-30": "", "2017-06-30": "", "2017-03-31": "", "2016-12-31": "", "2016-09-30": "", "2016-06-30": "", "2016-03-31": "", "2015-12-31": "", "2015-09-30": "", "2015-06-30": "", "2015-03-31": "", "2014-12-31": "", "2014-09-30": "", "2014-06-30": "", "2014-03-31": "", "2013-12-31": "", "2013-09-30": "", "2013-06-30": "", "2013-03-31": "", "2012-12-31": "", "2012-09-30": "", "2012-06-30": "", "2012-03-31": "", "2011-12-31": "", "2011-09-30": "", "2011-06-30": "", "2011-03-31": "", "2010-12-31": "0.00000", "2010-09-30": "", "2010-06-30": "", "2010-03-31": "", "2009-12-31": "", "2008-12-31": ""}, "Income From Continuous Operations": {"2020-12-31": "209.85100", "2020-09-30": "188.81700", "2020-06-30": "158.48800", "2020-03-31": "147.06000", "2019-12-31": "235.51000", "2019-09-30": "225.80500", "2019-06-30": "261.65100", "2019-03-31": "172.10700", "2018-12-31": "302.00010", "2018-09-30": "157.69400", "2018-06-30": "176.85200", "2018-03-31": "174.93700", "2017-12-31": "282.69700", "2017-09-30": "202.82300", "2017-06-30": "130.98700", "2017-03-31": "123.69300", "2016-12-31": "95.42400", "2016-09-30": "129.61800", "2016-06-30": "116.25300", "2016-03-31": "111.09000", "2015-12-31": "52.83000", "2015-09-30": "116.77000", "2015-06-30": "98.67800", "2015-03-31": "94.15300", "2014-12-31": "109.54000", "2014-09-30": "95.50900", "2014-06-30": "88.54900", "2014-03-31": "75.10900", "2013-12-31": "68.12000", "2013-09-30": "78.62000", "2013-06-30": "73.09900", "2013-03-31": "64.66200", "2012-12-31": "60.07100", "2012-09-30": "59.64800", "2012-06-30": "54.40100", "2012-03-31": "42.07900", "2011-12-31": "37.77100", "2011-09-30": "40.51400", "2011-06-30": "36.71500", "2011-03-31": "32.33500", "2010-12-31": "17.51400", "2010-09-30": "33.39800", "2010-06-30": "29.64000", "2010-03-31": "27.34500", "2009-12-31": "", "2008-12-31": ""}, "Income From Discontinued Operations": {"2020-12-31": "", "2020-09-30": "", "2020-06-30": "", "2020-03-31": "", "2019-12-31": "", "2019-09-30": "", "2019-06-30": "", "2019-03-31": "", "2018-12-31": "", "2018-09-30": "", "2018-06-30": "", "2018-03-31": "", "2017-12-31": "", "2017-09-30": "", "2017-06-30": "", "2017-03-31": "", "2016-12-31": "", "2016-09-30": "", "2016-06-30": "", "2016-03-31": "", "2015-12-31": "", "2015-09-30": "", "2015-06-30": "", "2015-03-31": "", "2014-12-31": "", "2014-09-30": "", "2014-06-30": "", "2014-03-31": "", "2013-12-31": "", "2013-09-30": "", "2013-06-30": "", "2013-03-31": "", "2012-12-31": "", "2012-09-30": "", "2012-06-30": "", "2012-03-31": "", "2011-12-31": "", "2011-09-30": "", "2011-06-30": "", "2011-03-31": "", "2010-12-31": "0.00000", "2010-09-30": "", "2010-06-30": "", "2010-03-31": "", "2009-12-31": "", "2008-12-31": ""}, "Net Income": {"2020-12-31": "209.85100", "2020-09-30": "188.81700", "2020-06-30": "158.48800", "2020-03-31": "147.06000", "2019-12-31": "235.51000", "2019-09-30": "225.80500", "2019-06-30": "261.65100", "2019-03-31": "172.10700", "2018-12-31": "301.99990", "2018-09-30": "157.69400", "2018-06-30": "176.85200", "2018-03-31": "174.93700", "2017-12-31": "282.69700", "2017-09-30": "202.82300", "2017-06-30": "130.98700", "2017-03-31": "123.69300", "2016-12-31": "95.42400", "2016-09-30": "129.61800", "2016-06-30": "116.25300", "2016-03-31": "111.09000", "2015-12-31": "52.83000", "2015-09-30": "116.77000", "2015-06-30": "98.67800", "2015-03-31": "94.15300", "2014-12-31": "109.54000", "2014-09-30": "95.50900", "2014-06-30": "88.54900", "2014-03-31": "75.10900", "2013-12-31": "68.12000", "2013-09-30": "78.62000", "2013-06-30": "73.09900", "2013-03-31": "64.66200", "2012-12-31": "60.07100", "2012-09-30": "59.64800", "2012-06-30": "54.40100", "2012-03-31": "42.07900", "2011-12-31": "37.77100", "2011-09-30": "40.51400", "2011-06-30": "36.71500", "2011-03-31": "32.33500", "2010-12-31": "17.51400", "2010-09-30": "28.86900", "2010-06-30": "25.22400", "2010-03-31": "22.92500", "2009-12-31": "", "2008-12-31": ""}, "EBITDA": {"2020-12-31": "", "2020-09-30": "330.15300", "2020-06-30": "276.50500", "2020-03-31": "266.81300", "2019-12-31": "390.67110", "2019-09-30": "397.80100", "2019-06-30": "369.44800", "2019-03-31": "352.82600", "2018-12-31": "353.27610", "2018-09-30": "349.71300", "2018-06-30": "334.73200", "2018-03-31": "332.92800", "2017-12-31": "307.38200", "2017-09-30": "303.40400", "2017-06-30": "282.63900", "2017-03-31": "261.84700", "2016-12-31": "279.39690", "2016-09-30": "250.05600", "2016-06-30": "221.43300", "2016-03-31": "214.10500", "2015-12-31": "195.91990", "2015-09-30": "238.76400", "2015-06-30": "219.75100", "2015-03-31": "213.60000", "2014-12-31": "211.36200", "2014-09-30": "169.92100", "2014-06-30": "158.91300", "2014-03-31": "138.55400", "2013-12-31": "130.20800", "2013-09-30": "129.31600", "2013-06-30": "124.96300", "2013-03-31": "108.88200", "2012-12-31": "108.28700", "2012-09-30": "99.42500", "2012-06-30": "93.05600", "2012-03-31": "76.19600", "2011-12-31": "64.15600", "2011-09-30": "70.77500", "2011-06-30": "68.48000", "2011-03-31": "59.09400", "2010-12-31": "32.22900", "2010-09-30": "57.98600", "2010-06-30": "58.81700", "2010-03-31": "55.15400", "2009-12-31": "", "2008-12-31": ""}, "EBIT": {"2020-12-31": "293.93900", "2020-09-30": "264.53200", "2020-06-30": "212.81100", "2020-03-31": "200.98300", "2019-12-31": "320.79610", "2019-09-30": "329.14100", "2019-06-30": "297.31700", "2019-03-31": "284.17600", "2018-12-31": "284.73810", "2018-09-30": "281.09000", "2018-06-30": "264.78300", "2018-03-31": "260.08700", "2017-12-31": "240.01200", "2017-09-30": "232.63700", "2017-06-30": "216.04300", "2017-03-31": "195.06800", "2016-12-31": "215.97500", "2016-09-30": "191.05500", "2016-06-30": "171.16800", "2016-03-31": "175.95500", "2015-12-31": "146.14890", "2015-09-30": "188.46000", "2015-06-30": "169.15100", "2015-03-31": "163.77400", "2014-12-31": "172.62200", "2014-09-30": "144.20700", "2014-06-30": "134.48400", "2014-03-31": "114.13600", "2013-12-31": "106.05000", "2013-09-30": "111.25500", "2013-06-30": "109.07400", "2013-03-31": "94.25300", "2012-12-31": "93.17100", "2012-09-30": "85.83400", "2012-06-30": "81.44800", "2012-03-31": "64.47500", "2011-12-31": "54.23200", "2011-09-30": "61.72300", "2011-06-30": "59.89200", "2011-03-31": "50.48700", "2010-12-31": "23.72700", "2010-09-30": "49.06200", "2010-06-30": "50.55700", "2010-03-31": "47.10000", "2009-12-31": "", "2008-12-31": ""}, "Basic Shares Outstanding": {"2020-12-31": "83.51400", "2020-09-30": "83.71900", "2020-06-30": "83.89500", "2020-03-31": "84.90200", "2019-12-31": "86.40100", "2019-09-30": "86.66200", "2019-06-30": "86.36000", "2019-03-31": "85.94100", "2018-12-31": "88.75000", "2018-09-30": "88.45600", "2018-06-30": "89.16900", "2018-03-31": "89.76500", "2017-12-31": "91.12900", "2017-09-30": "90.75100", "2017-06-30": "92.01300", "2017-03-31": "92.10800", "2016-12-31": "92.59700", "2016-09-30": "92.63100", "2016-06-30": "92.66500", "2016-03-31": "92.51600", "2015-12-31": "92.02300", "2015-09-30": "92.11000", "2015-06-30": "91.90400", "2015-03-31": "91.75000", "2014-12-31": "84.31700", "2014-09-30": "83.61100", "2014-06-30": "82.99600", "2014-03-31": "82.73700", "2013-12-31": "81.79300", "2013-09-30": "81.97400", "2013-06-30": "81.57300", "2013-03-31": "81.22200", "2012-12-31": "83.32800", "2012-09-30": "84.00200", "2012-06-30": "83.29400", "2012-03-31": "82.56500", "2011-12-31": "80.61000", "2011-09-30": "80.81900", "2011-06-30": "80.15100", "2011-03-31": "79.93700", "2010-12-31": "80.93100", "2010-09-30": "34.07600", "2010-06-30": "33.98800", "2010-03-31": "34.01100", "2009-12-31": "", "2008-12-31": ""}, "Shares Outstanding": {"2020-12-31": "85.84600", "2020-09-30": "86.27300", "2020-06-30": "86.57000", "2020-03-31": "88.20500", "2019-12-31": "90.07000", "2019-09-30": "90.52200", "2019-06-30": "90.13100", "2019-03-31": "89.24400", "2018-12-31": "92.15100", "2018-09-30": "92.08100", "2018-06-30": "92.70200", "2018-03-31": "93.25000", "2017-12-31": "93.59400", "2017-09-30": "93.00100", "2017-06-30": "94.22300", "2017-03-31": "94.56000", "2016-12-31": "95.21300", "2016-09-30": "95.30700", "2016-06-30": "95.27900", "2016-03-31": "95.03000", "2015-12-31": "94.13900", "2015-09-30": "94.15700", "2015-06-30": "94.05000", "2015-03-31": "93.93400", "2014-12-31": "86.98200", "2014-09-30": "86.13400", "2014-06-30": "85.81700", "2014-03-31": "85.69500", "2013-12-31": "84.65500", "2013-09-30": "84.90500", "2013-06-30": "84.46100", "2013-03-31": "83.96000", "2012-12-31": "85.73600", "2012-09-30": "86.22400", "2012-06-30": "85.73700", "2012-03-31": "85.16400", "2011-12-31": "83.65400", "2011-09-30": "83.64900", "2011-06-30": "83.54800", "2011-03-31": "83.37800", "2010-12-31": "80.93100", "2010-09-30": "80.88000", "2010-06-30": "80.70100", "2010-03-31": "80.48900", "2009-12-31": "", "2008-12-31": ""}, "Basic EPS": {"2020-12-31": "2.51000", "2020-09-30": "2.26000", "2020-06-30": "1.89000", "2020-03-31": "1.73000", "2019-12-31": "2.72000", "2019-09-30": "2.61000", "2019-06-30": "3.03000", "2019-03-31": "2.00000", "2018-12-31": "3.43000", "2018-09-30": "1.78000", "2018-06-30": "1.98000", "2018-03-31": "1.95000", "2017-12-31": "3.13000", "2017-09-30": "2.23000", "2017-06-30": "1.42000", "2017-03-31": "1.34000", "2016-12-31": "1.04000", "2016-09-30": "1.40000", "2016-06-30": "1.25000", "2016-03-31": "1.20000", "2015-12-31": "0.57000", "2015-09-30": "1.27000", "2015-06-30": "1.07000", "2015-03-31": "1.03000", "2014-12-31": "1.25000", "2014-09-30": "1.14000", "2014-06-30": "1.07000", "2014-03-31": "0.91000", "2013-12-31": "0.82000", "2013-09-30": "0.96000", "2013-06-30": "0.90000", "2013-03-31": "0.80000", "2012-12-31": "0.72000", "2012-09-30": "0.71000", "2012-06-30": "0.65000", "2012-03-31": "0.51000", "2011-12-31": "0.47000", "2011-09-30": "0.50000", "2011-06-30": "0.46000", "2011-03-31": "0.40000", "2010-12-31": "0.22000", "2010-09-30": "0.85000", "2010-06-30": "0.74000", "2010-03-31": "0.67000", "2009-12-31": "", "2008-12-31": ""}, "EPS - Earnings Per Share": {"2020-12-31": "2.44000", "2020-09-30": "2.19000", "2020-06-30": "1.83000", "2020-03-31": "1.67000", "2019-12-31": "2.62000", "2019-09-30": "2.49000", "2019-06-30": "2.90000", "2019-03-31": "1.93000", "2018-12-31": "3.31000", "2018-09-30": "1.71000", "2018-06-30": "1.91000", "2018-03-31": "1.88000", "2017-12-31": "3.03000", "2017-09-30": "2.18000", "2017-06-30": "1.39000", "2017-03-31": "1.31000", "2016-12-31": "1.00000", "2016-09-30": "1.36000", "2016-06-30": "1.22000", "2016-03-31": "1.17000", "2015-12-31": "0.56000", "2015-09-30": "1.24000", "2015-06-30": "1.05000", "2015-03-31": "1.00000", "2014-12-31": "1.22000", "2014-09-30": "1.11000", "2014-06-30": "1.03000", "2014-03-31": "0.88000", "2013-12-31": "0.79000", "2013-09-30": "0.93000", "2013-06-30": "0.87000", "2013-03-31": "0.77000", "2012-12-31": "0.71000", "2012-09-30": "0.69000", "2012-06-30": "0.63000", "2012-03-31": "0.49000", "2011-12-31": "0.45000", "2011-09-30": "0.48000", "2011-06-30": "0.44000", "2011-03-31": "0.39000", "2010-12-31": "0.22000", "2010-09-30": "0.41000", "2010-06-30": "0.37000", "2010-03-31": "0.34000", "2009-12-31": "0.00000", "2008-12-31": "0.00000"}}, "balance sheet": {"Cash On Hand": {"2020-12-31": "1476.61900", "2019-12-31": "1675.23700", "2018-12-31": "1364.89300", "2017-12-31": "1130.87000", "2016-12-31": "643.77000", "2015-12-31": "614.64400", "2014-12-31": "612.21300", "2013-12-31": "386.34900", "2012-12-31": "337.32300", "2011-12-31": "340.92100", "2010-12-31": "177.14500", "2009-12-31": "152.68000", "2008-12-31": "141.57700", "2007-12-31": ""}, "Receivables": {"2020-12-31": "2066.77500", "2019-12-31": "2539.93400", "2018-12-31": "2311.81500", "2017-12-31": "2231.01100", "2016-12-31": "1793.00900", "2015-12-31": "1252.95400", "2014-12-31": "1348.79700", "2013-12-31": "922.35100", "2012-12-31": "823.44100", "2011-12-31": "761.79100", "2010-12-31": "404.16300", "2009-12-31": "163.46100", "2008-12-31": "158.00700", "2007-12-31": ""}, "Inventory": {"2020-12-31": "", "2019-12-31": "", "2018-12-31": "", "2017-12-31": "", "2016-12-31": "", "2015-12-31": "", "2014-12-31": "", "2013-12-31": "", "2012-12-31": "", "2011-12-31": "", "2010-12-31": "", "2009-12-31": "", "2008-12-31": "", "2007-12-31": ""}, "Pre-Paid Expenses": {"2020-12-31": "412.92400", "2019-12-31": "403.40000", "2018-12-31": "199.27800", "2017-12-31": "187.82000", "2016-12-31": "90.91400", "2015-12-31": "68.11300", "2014-12-31": "74.88900", "2013-12-31": "40.06200", "2012-12-31": "28.12600", "2011-12-31": "15.41600", "2010-12-31": "33.19100", "2009-12-31": "24.11300", "2008-12-31": "30.58900", "2007-12-31": ""}, "Other Current Assets": {"2020-12-31": "", "2019-12-31": "", "2018-12-31": "", "2017-12-31": "", "2016-12-31": "", "2015-12-31": "", "2014-12-31": "", "2013-12-31": "", "2012-12-31": "", "2011-12-31": "", "2010-12-31": "", "2009-12-31": "", "2008-12-31": "", "2007-12-31": ""}, "Total Current Assets": {"2020-12-31": "3956.31800", "2019-12-31": "4618.57100", "2018-12-31": "3875.98600", "2017-12-31": "3549.70100", "2016-12-31": "2527.69300", "2015-12-31": "1944.62400", "2014-12-31": "2137.35000", "2013-12-31": "1353.51200", "2012-12-31": "1195.35400", "2011-12-31": "1124.26800", "2010-12-31": "618.98300", "2009-12-31": "347.24200", "2008-12-31": "338.09000", "2007-12-31": ""}, "Property, Plant, And Equipment": {"2020-12-31": "202.50900", "2019-12-31": "199.82500", "2018-12-31": "186.20100", "2017-12-31": "180.05700", "2016-12-31": "142.50400", "2015-12-31": "80.76000", "2014-12-31": "73.56300", "2013-12-31": "53.95600", "2012-12-31": "45.19600", "2011-12-31": "32.72400", "2010-12-31": "26.81800", "2009-12-31": "27.22300", "2008-12-31": "20.04100", "2007-12-31": ""}, "Long-Term Investments": {"2020-12-31": "7.48000", "2019-12-31": "30.44000", "2018-12-31": "42.67400", "2017-12-31": "32.85900", "2016-12-31": "36.20000", "2015-12-31": "76.56800", "2014-12-31": "141.93300", "2013-12-31": "", "2012-12-31": "", "2011-12-31": "", "2010-12-31": "", "2009-12-31": "", "2008-12-31": "", "2007-12-31": ""}, "Goodwill And Intangible Assets": {"2020-12-31": "6835.06300", "2019-12-31": "7174.92900", "2018-12-31": "6949.98400", "2017-12-31": "7440.78000", "2016-12-31": "6848.38300", "2015-12-31": "5729.62900", "2014-12-31": "6099.42400", "2013-12-31": "2423.98800", "2012-12-31": "1390.47300", "2011-12-31": "1146.34300", "2010-12-31": "795.52700", "2009-12-31": "787.76600", "2008-12-31": "518.95900", "2007-12-31": ""}, "Other Long-Term Assets": {"2020-12-31": "193.20900", "2019-12-31": "224.77600", "2018-12-31": "147.63200", "2017-12-31": "114.96200", "2016-12-31": "71.95200", "2015-12-31": "58.22500", "2014-12-31": "72.43100", "2013-12-31": "100.77900", "2012-12-31": "90.84700", "2011-12-31": "45.83400", "2010-12-31": "42.79000", "2009-12-31": "47.31400", "2008-12-31": "51.97200", "2007-12-31": ""}, "Total Long-Term Assets": {"2020-12-31": "7238.26100", "2019-12-31": "7629.97000", "2018-12-31": "7326.49100", "2017-12-31": "7768.65800", "2016-12-31": "7099.03900", "2015-12-31": "5945.18200", "2014-12-31": "6387.35100", "2013-12-31": "2578.72300", "2012-12-31": "1526.51600", "2011-12-31": "1224.90100", "2010-12-31": "865.13490", "2009-12-31": "862.30300", "2008-12-31": "590.97200", "2007-12-31": ""}, "Total Assets": {"2020-12-31": "11194.58000", "2019-12-31": "12248.54000", "2018-12-31": "11202.48000", "2017-12-31": "11318.36000", "2016-12-31": "9626.73200", "2015-12-31": "7889.80600", "2014-12-31": "8524.70100", "2013-12-31": "3932.23500", "2012-12-31": "2721.87000", "2011-12-31": "2349.16900", "2010-12-31": "1484.11800", "2009-12-31": "1209.54500", "2008-12-31": "929.06200", "2007-12-31": "0.00000"}, "Total Current Liabilities": {"2020-12-31": "3968.31100", "2019-12-31": "4463.06800", "2018-12-31": "4495.21300", "2017-12-31": "4095.50200", "2016-12-31": "3296.31800", "2015-12-31": "2247.47400", "2014-12-31": "2896.61800", "2013-12-31": "1908.89800", "2012-12-31": "1142.22200", "2011-12-31": "1126.55200", "2010-12-31": "461.12200", "2009-12-31": "320.74100", "2008-12-31": "255.05700", "2007-12-31": ""}, "Long Term Debt": {"2020-12-31": "3126.92600", "2019-12-31": "3289.94700", "2018-12-31": "2748.43100", "2017-12-31": "2902.10400", "2016-12-31": "2521.72700", "2015-12-31": "2059.90000", "2014-12-31": "2168.95300", "2013-12-31": "474.93900", "2012-12-31": "485.21700", "2011-12-31": "278.42900", "2010-12-31": "313.79600", "2009-12-31": "328.93000", "2008-12-31": "360.18400", "2007-12-31": ""}, "Other Non-Current Liabilities": {"2020-12-31": "245.77700", "2019-12-31": "263.93000", "2018-12-31": "126.70700", "2017-12-31": "125.31900", "2016-12-31": "56.06900", "2015-12-31": "38.95700", "2014-12-31": "40.62900", "2013-12-31": "55.00100", "2012-12-31": "", "2011-12-31": "", "2010-12-31": "", "2009-12-31": "", "2008-12-31": "", "2007-12-31": ""}, "Total Long Term Liabilities": {"2020-12-31": "3870.85700", "2019-12-31": "4073.85700", "2018-12-31": "3367.08400", "2017-12-31": "3546.33500", "2016-12-31": "3246.37600", "2015-12-31": "2812.28500", "2014-12-31": "3009.52100", "2013-12-31": "779.44400", "2012-12-31": "665.82600", "2011-12-31": "411.18100", "2010-12-31": "397.05100", "2009-12-31": "414.75500", "2008-12-31": "400.74100", "2007-12-31": ""}, "Total Liabilities": {"2020-12-31": "7839.16800", "2019-12-31": "8536.92400", "2018-12-31": "7862.30000", "2017-12-31": "7641.83700", "2016-12-31": "6542.69400", "2015-12-31": "5059.75900", "2014-12-31": "5906.13900", "2013-12-31": "2688.34200", "2012-12-31": "1808.04800", "2011-12-31": "1537.73300", "2010-12-31": "858.17300", "2009-12-31": "735.49600", "2008-12-31": "655.79800", "2007-12-31": ""}, "Common Stock Net": {"2020-12-31": "0.12600", "2019-12-31": "0.12400", "2018-12-31": "0.12300", "2017-12-31": "0.12200", "2016-12-31": "0.12100", "2015-12-31": "0.12100", "2014-12-31": "0.12000", "2013-12-31": "0.11700", "2012-12-31": "0.11600", "2011-12-31": "0.11400", "2010-12-31": "0.11200", "2009-12-31": "0.06600", "2008-12-31": "0.06500", "2007-12-31": ""}, "Retained Earnings (Accumulated Deficit)": {"2020-12-31": "5416.94500", "2019-12-31": "4712.72900", "2018-12-31": "3817.65600", "2017-12-31": "2958.92100", "2016-12-31": "2218.72100", "2015-12-31": "1766.33600", "2014-12-31": "1403.90500", "2013-12-31": "1035.19800", "2012-12-31": "750.69700", "2011-12-31": "534.49800", "2010-12-31": "387.16300", "2009-12-31": "235.72600", "2008-12-31": "162.46400", "2007-12-31": ""}, "Comprehensive Income": {"2020-12-31": "-1363.15800", "2019-12-31": "-972.46500", "2018-12-31": "-913.85800", "2017-12-31": "-551.85700", "2016-12-31": "-666.40300", "2015-12-31": "-570.81100", "2014-12-31": "-291.50800", "2013-12-31": "-47.42600", "2012-12-31": "-3.34600", "2011-12-31": "-13.71600", "2010-12-31": "-8.10100", "2009-12-31": "-12.17300", "2008-12-31": "-19.27800", "2007-12-31": ""}, "Other Share Holders Equity": {"2020-12-31": "", "2019-12-31": "", "2018-12-31": "", "2017-12-31": "", "2016-12-31": "", "2015-12-31": "", "2014-12-31": "", "2013-12-31": "", "2012-12-31": "", "2011-12-31": "", "2010-12-31": "", "2009-12-31": "", "2008-12-31": "-0.19500", "2007-12-31": ""}, "Share Holder Equity": {"2020-12-31": "3355.41100", "2019-12-31": "3711.61600", "2018-12-31": "3340.18000", "2017-12-31": "3676.52200", "2016-12-31": "3084.03800", "2015-12-31": "2830.04700", "2014-12-31": "2618.56200", "2013-12-31": "1243.89300", "2012-12-31": "913.82200", "2011-12-31": "811.43600", "2010-12-31": "625.94500", "2009-12-31": "474.04900", "2008-12-31": "273.26400", "2007-12-31": ""}, "Total Liabilities And Share Holders Equity": {"2020-12-31": "11194.58000", "2019-12-31": "12248.54000", "2018-12-31": "11202.48000", "2017-12-31": "11318.36000", "2016-12-31": "9626.73200", "2015-12-31": "7889.80600", "2014-12-31": "8524.70100", "2013-12-31": "3932.23500", "2012-12-31": "2721.87000", "2011-12-31": "2349.16900", "2010-12-31": "1484.11800", "2009-12-31": "1209.54500", "2008-12-31": "929.06200", "2007-12-31": ""}}, "balance sheet, quarterly": {"Cash On Hand": {"2020-12-31": "1476.61900", "2020-09-30": "1370.86000", "2020-06-30": "1191.34600", "2020-03-31": "1552.23600", "2019-12-31": "1675.23700", "2019-09-30": "1465.87700", "2019-06-30": "1488.62600", "2019-03-31": "1372.57100", "2018-12-31": "1364.89300", "2018-09-30": "1188.55000", "2018-06-30": "1185.43800", "2018-03-31": "1222.50100", "2017-12-31": "1130.87000", "2017-09-30": "1018.27100", "2017-06-30": "765.61700", "2017-03-31": "734.99300", "2016-12-31": "643.77000", "2016-09-30": "604.75400", "2016-06-30": "649.09900", "2016-03-31": "544.55300", "2015-12-31": "614.64400", "2015-09-30": "551.83600", "2015-06-30": "513.52900", "2015-03-31": "508.95500", "2014-12-31": "612.21300", "2014-09-30": "346.45700", "2014-06-30": "343.79500", "2014-03-31": "330.21400", "2013-12-31": "386.34900", "2013-09-30": "395.69700", "2013-06-30": "341.37900", "2013-03-31": "273.96000", "2012-12-31": "337.32300", "2012-09-30": "352.24700", "2012-06-30": "305.70600", "2012-03-31": "344.32800", "2011-12-31": "340.92100", "2011-09-30": "194.68300", "2011-06-30": "164.20800", "2011-03-31": "186.09800", "2010-12-31": "177.14500", "2010-09-30": "", "2010-06-30": "", "2010-03-31": "", "2009-12-31": "152.68000", "2008-12-31": "141.57000"}, "Receivables": {"2020-12-31": "2066.77500", "2020-09-30": "2240.69500", "2020-06-30": "1933.34300", "2020-03-31": "2157.05600", "2019-12-31": "2539.93400", "2019-09-30": "2695.99800", "2019-06-30": "2701.18300", "2019-03-31": "2597.45900", "2018-12-31": "2311.81500", "2018-09-30": "2742.33900", "2018-06-30": "2655.93700", "2018-03-31": "2520.76200", "2017-12-31": "2231.01100", "2017-09-30": "2250.25500", "2017-06-30": "2170.56300", "2017-03-31": "2036.83300", "2016-12-31": "1793.00900", "2016-09-30": "1990.68600", "2016-06-30": "1621.38500", "2016-03-31": "1431.80800", "2015-12-31": "1252.95400", "2015-09-30": "1396.95700", "2015-06-30": "1575.47700", "2015-03-31": "1452.47400", "2014-12-31": "1348.79700", "2014-09-30": "1109.26200", "2014-06-30": "1112.92700", "2014-03-31": "1076.25300", "2013-12-31": "922.35100", "2013-09-30": "1055.90100", "2013-06-30": "1029.67500", "2013-03-31": "1011.46400", "2012-12-31": "823.44100", "2012-09-30": "933.81800", "2012-06-30": "870.79600", "2012-03-31": "940.81000", "2011-12-31": "761.79100", "2011-09-30": "569.53000", "2011-06-30": "549.80000", "2011-03-31": "532.95100", "2010-12-31": "404.16300", "2010-09-30": "", "2010-06-30": "", "2010-03-31": "", "2009-12-31": "163.46000", "2008-12-31": "158.00000"}, "Inventory": {"2020-12-31": "", "2020-09-30": "", "2020-06-30": "", "2020-03-31": "", "2019-12-31": "", "2019-09-30": "", "2019-06-30": "", "2019-03-31": "", "2018-12-31": "", "2018-09-30": "", "2018-06-30": "", "2018-03-31": "", "2017-12-31": "", "2017-09-30": "", "2017-06-30": "", "2017-03-31": "", "2016-12-31": "", "2016-09-30": "", "2016-06-30": "", "2016-03-31": "", "2015-12-31": "", "2015-09-30": "", "2015-06-30": "", "2015-03-31": "", "2014-12-31": "", "2014-09-30": "", "2014-06-30": "", "2014-03-31": "", "2013-12-31": "", "2013-09-30": "", "2013-06-30": "", "2013-03-31": "", "2012-12-31": "", "2012-09-30": "", "2012-06-30": "", "2012-03-31": "", "2011-12-31": "", "2011-09-30": "", "2011-06-30": "", "2011-03-31": "", "2010-12-31": "", "2010-09-30": "", "2010-06-30": "", "2010-03-31": "", "2009-12-31": "", "2008-12-31": ""}, "Pre-Paid Expenses": {"2020-12-31": "412.92400", "2020-09-30": "359.46100", "2020-06-30": "339.38000", "2020-03-31": "419.72000", "2019-12-31": "403.40000", "2019-09-30": "278.13200", "2019-06-30": "196.54900", "2019-03-31": "202.02900", "2018-12-31": "199.27800", "2018-09-30": "202.10200", "2018-06-30": "207.83200", "2018-03-31": "163.80200", "2017-12-31": "187.82000", "2017-09-30": "252.97500", "2017-06-30": "109.17800", "2017-03-31": "110.26500", "2016-12-31": "90.91400", "2016-09-30": "80.83700", "2016-06-30": "73.35500", "2016-03-31": "70.25100", "2015-12-31": "68.11300", "2015-09-30": "51.66900", "2015-06-30": "57.85700", "2015-03-31": "70.19800", "2014-12-31": "74.88900", "2014-09-30": "45.51200", "2014-06-30": "61.91700", "2014-03-31": "60.68400", "2013-12-31": "40.06200", "2013-09-30": "32.98800", "2013-06-30": "27.12200", "2013-03-31": "24.93200", "2012-12-31": "28.12600", "2012-09-30": "25.60800", "2012-06-30": "17.50500", "2012-03-31": "17.30500", "2011-12-31": "15.41600", "2011-09-30": "18.12600", "2011-06-30": "36.85000", "2011-03-31": "36.22600", "2010-12-31": "33.19100", "2010-09-30": "", "2010-06-30": "", "2010-03-31": "", "2009-12-31": "", "2008-12-31": ""}, "Other Current Assets": {"2020-12-31": "", "2020-09-30": "", "2020-06-30": "", "2020-03-31": "", "2019-12-31": "", "2019-09-30": "", "2019-06-30": "", "2019-03-31": "", "2018-12-31": "", "2018-09-30": "", "2018-06-30": "", "2018-03-31": "", "2017-12-31": "", "2017-09-30": "", "2017-06-30": "", "2017-03-31": "", "2016-12-31": "", "2016-09-30": "", "2016-06-30": "", "2016-03-31": "", "2015-12-31": "", "2015-09-30": "", "2015-06-30": "", "2015-03-31": "", "2014-12-31": "", "2014-09-30": "", "2014-06-30": "", "2014-03-31": "", "2013-12-31": "", "2013-09-30": "", "2013-06-30": "", "2013-03-31": "", "2012-12-31": "", "2012-09-30": "", "2012-06-30": "", "2012-03-31": "", "2011-12-31": "", "2011-09-30": "", "2011-06-30": "", "2011-03-31": "", "2010-12-31": "", "2010-09-30": "", "2010-06-30": "", "2010-03-31": "", "2009-12-31": "31.10000", "2008-12-31": ""}, "Total Current Assets": {"2020-12-31": "3956.31800", "2020-09-30": "3971.01600", "2020-06-30": "3464.06900", "2020-03-31": "4129.01200", "2019-12-31": "4618.57100", "2019-09-30": "4440.00700", "2019-06-30": "4386.35800", "2019-03-31": "4172.05900", "2018-12-31": "3875.98600", "2018-09-30": "4132.99100", "2018-06-30": "4049.20700", "2018-03-31": "3907.06500", "2017-12-31": "3549.70100", "2017-09-30": "3521.50100", "2017-06-30": "3045.35800", "2017-03-31": "2882.09100", "2016-12-31": "2527.69300", "2016-09-30": "2685.15600", "2016-06-30": "2350.94500", "2016-03-31": "2054.58100", "2015-12-31": "1944.62400", "2015-09-30": "2033.54300", "2015-06-30": "2201.00600", "2015-03-31": "2109.26500", "2014-12-31": "2137.35000", "2014-09-30": "1504.67500", "2014-06-30": "1523.05400", "2014-03-31": "1471.40900", "2013-12-31": "1353.51200", "2013-09-30": "1490.52400", "2013-06-30": "1405.81800", "2013-03-31": "1318.06600", "2012-12-31": "1195.35400", "2012-09-30": "1317.96900", "2012-06-30": "1198.31700", "2012-03-31": "1306.78000", "2011-12-31": "1124.26800", "2011-09-30": "786.93300", "2011-06-30": "755.27200", "2011-03-31": "759.86900", "2010-12-31": "618.98300", "2010-09-30": "", "2010-06-30": "", "2010-03-31": "", "2009-12-31": "347.24000", "2008-12-31": "338.09000"}, "Property, Plant, And Equipment": {"2020-12-31": "202.50900", "2020-09-30": "189.95300", "2020-06-30": "185.59900", "2020-03-31": "183.22900", "2019-12-31": "199.82500", "2019-09-30": "185.52200", "2019-06-30": "190.21500", "2019-03-31": "186.25100", "2018-12-31": "186.20100", "2018-09-30": "184.97900", "2018-06-30": "179.09600", "2018-03-31": "184.03100", "2017-12-31": "180.05700", "2017-09-30": "168.06500", "2017-06-30": "154.27800", "2017-03-31": "149.03700", "2016-12-31": "142.50400", "2016-09-30": "144.48600", "2016-06-30": "90.42300", "2016-03-31": "85.60500", "2015-12-31": "80.76000", "2015-09-30": "75.86000", "2015-06-30": "73.16200", "2015-03-31": "72.06600", "2014-12-31": "73.56300", "2014-09-30": "56.18400", "2014-06-30": "56.50000", "2014-03-31": "54.89100", "2013-12-31": "53.95600", "2013-09-30": "48.79700", "2013-06-30": "46.65400", "2013-03-31": "45.89200", "2012-12-31": "45.19600", "2012-09-30": "46.54200", "2012-06-30": "35.67700", "2012-03-31": "34.22700", "2011-12-31": "32.72400", "2011-09-30": "30.36600", "2011-06-30": "27.79900", "2011-03-31": "27.09700", "2010-12-31": "26.81800", "2010-09-30": "", "2010-06-30": "", "2010-03-31": "", "2009-12-31": "72.09000", "2008-12-31": "60.14000"}, "Long-Term Investments": {"2020-12-31": "7.48000", "2020-09-30": "7.48000", "2020-06-30": "61.77300", "2020-03-31": "28.06800", "2019-12-31": "30.44000", "2019-09-30": "26.25000", "2019-06-30": "26.63500", "2019-03-31": "26.50600", "2018-12-31": "42.67400", "2018-09-30": "33.03200", "2018-06-30": "39.85900", "2018-03-31": "32.85900", "2017-12-31": "32.85900", "2017-09-30": "33.52600", "2017-06-30": "40.84500", "2017-03-31": "40.76300", "2016-12-31": "36.20000", "2016-09-30": "79.71700", "2016-06-30": "90.80300", "2016-03-31": "82.62600", "2015-12-31": "76.56800", "2015-09-30": "125.17600", "2015-06-30": "121.80700", "2015-03-31": "124.08600", "2014-12-31": "141.93300", "2014-09-30": "147.51200", "2014-06-30": "162.38300", "2014-03-31": "", "2013-12-31": "", "2013-09-30": "", "2013-06-30": "", "2013-03-31": "", "2012-12-31": "", "2012-09-30": "", "2012-06-30": "", "2012-03-31": "", "2011-12-31": "", "2011-09-30": "", "2011-06-30": "", "2011-03-31": "", "2010-12-31": "", "2010-09-30": "", "2010-06-30": "", "2010-03-31": "", "2009-12-31": "", "2008-12-31": ""}, "Goodwill And Intangible Assets": {"2020-12-31": "6835.06300", "2020-09-30": "6728.78600", "2020-06-30": "6703.55400", "2020-03-31": "6753.62300", "2019-12-31": "7174.92900", "2019-09-30": "7023.02800", "2019-06-30": "7137.65900", "2019-03-31": "6904.73800", "2018-12-31": "6949.98400", "2018-09-30": "6955.97500", "2018-06-30": "7071.43800", "2018-03-31": "7426.80800", "2017-12-31": "7440.78000", "2017-09-30": "7520.99900", "2017-06-30": "6774.84900", "2017-03-31": "6861.12300", "2016-12-31": "6848.38300", "2016-09-30": "6942.85800", "2016-06-30": "5669.68400", "2016-03-31": "5719.36800", "2015-12-31": "5729.62900", "2015-09-30": "5982.85000", "2015-06-30": "6105.21900", "2015-03-31": "6131.30000", "2014-12-31": "6099.42400", "2014-09-30": "2422.12700", "2014-06-30": "2421.56500", "2014-03-31": "2422.42800", "2013-12-31": "2423.98800", "2013-09-30": "1885.90700", "2013-06-30": "1510.35000", "2013-03-31": "1475.43800", "2012-12-31": "1390.47300", "2012-09-30": "1389.50000", "2012-06-30": "1184.48000", "2012-03-31": "1136.89900", "2011-12-31": "1146.34300", "2011-09-30": "876.93400", "2011-06-30": "788.39500", "2011-03-31": "792.08300", "2010-12-31": "795.52700", "2010-09-30": "0.00000", "2010-06-30": "0.00000", "2010-03-31": "0.00000", "2009-12-31": "787.76000", "2008-12-31": "0.00000"}, "Other Long-Term Assets": {"2020-12-31": "193.20900", "2020-09-30": "196.76400", "2020-06-30": "211.72200", "2020-03-31": "216.21800", "2019-12-31": "224.77600", "2019-09-30": "239.38700", "2019-06-30": "234.72500", "2019-03-31": "225.36100", "2018-12-31": "147.63200", "2018-09-30": "143.91300", "2018-06-30": "145.53300", "2018-03-31": "141.70200", "2017-12-31": "114.96200", "2017-09-30": "86.20300", "2017-06-30": "86.38100", "2017-03-31": "76.94000", "2016-12-31": "71.95200", "2016-09-30": "63.83700", "2016-06-30": "66.85300", "2016-03-31": "69.65000", "2015-12-31": "58.22500", "2015-09-30": "67.70400", "2015-06-30": "73.47700", "2015-03-31": "68.00700", "2014-12-31": "72.43100", "2014-09-30": "93.94200", "2014-06-30": "89.86300", "2014-03-31": "87.98900", "2013-12-31": "100.77900", "2013-09-30": "49.87700", "2013-06-30": "50.26700", "2013-03-31": "50.98800", "2012-12-31": "90.84700", "2012-09-30": "88.11000", "2012-06-30": "86.21500", "2012-03-31": "83.01000", "2011-12-31": "45.83400", "2011-09-30": "45.31000", "2011-06-30": "47.44300", "2011-03-31": "43.17200", "2010-12-31": "42.79000", "2010-09-30": "", "2010-06-30": "", "2010-03-31": "", "2009-12-31": "47.31000", "2008-12-31": ""}, "Total Long-Term Assets": {"2020-12-31": "7238.26100", "2020-09-30": "7122.98300", "2020-06-30": "7162.64800", "2020-03-31": "7181.13800", "2019-12-31": "7629.97000", "2019-09-30": "7474.18700", "2019-06-30": "7589.23400", "2019-03-31": "7342.85600", "2018-12-31": "7326.49100", "2018-09-30": "7317.89900", "2018-06-30": "7435.92600", "2018-03-31": "7785.40000", "2017-12-31": "7768.65800", "2017-09-30": "7808.79300", "2017-06-30": "7056.35300", "2017-03-31": "7127.86300", "2016-12-31": "7099.03900", "2016-09-30": "7230.89800", "2016-06-30": "5917.76300", "2016-03-31": "5957.24900", "2015-12-31": "5945.18200", "2015-09-30": "6251.59000", "2015-06-30": "6373.66500", "2015-03-31": "6395.45800", "2014-12-31": "6387.35100", "2014-09-30": "2719.76500", "2014-06-30": "2730.31100", "2014-03-31": "2565.30800", "2013-12-31": "2578.72300", "2013-09-30": "1984.58100", "2013-06-30": "1607.27100", "2013-03-31": "1572.31800", "2012-12-31": "1526.51600", "2012-09-30": "1524.15200", "2012-06-30": "1306.37200", "2012-03-31": "1254.13600", "2011-12-31": "1224.90100", "2011-09-30": "952.61000", "2011-06-30": "863.63700", "2011-03-31": "862.35200", "2010-12-31": "865.13490", "2010-09-30": "", "2010-06-30": "", "2010-03-31": "", "2009-12-31": "907.16000", "2008-12-31": "60.14000"}, "Total Assets": {"2020-12-31": "11194.58000", "2020-09-30": "11094.00000", "2020-06-30": "10626.72000", "2020-03-31": "11310.15000", "2019-12-31": "12248.54000", "2019-09-30": "11914.19000", "2019-06-30": "11975.59000", "2019-03-31": "11514.92000", "2018-12-31": "11202.48000", "2018-09-30": "11450.89000", "2018-06-30": "11485.13000", "2018-03-31": "11692.46000", "2017-12-31": "11318.36000", "2017-09-30": "11330.29000", "2017-06-30": "10101.71000", "2017-03-31": "10009.95000", "2016-12-31": "9626.73200", "2016-09-30": "9916.05400", "2016-06-30": "8268.70800", "2016-03-31": "8011.83000", "2015-12-31": "7889.80600", "2015-09-30": "8285.13300", "2015-06-30": "8574.67100", "2015-03-31": "8504.72400", "2014-12-31": "8524.70100", "2014-09-30": "4224.44000", "2014-06-30": "4253.36500", "2014-03-31": "4036.71700", "2013-12-31": "3932.23500", "2013-09-30": "3475.10500", "2013-06-30": "3013.08900", "2013-03-31": "2890.38400", "2012-12-31": "2721.87000", "2012-09-30": "2842.12100", "2012-06-30": "2504.68900", "2012-03-31": "2560.91600", "2011-12-31": "2349.16900", "2011-09-30": "1739.54300", "2011-06-30": "1618.90900", "2011-03-31": "1622.22100", "2010-12-31": "1484.11800", "2010-09-30": "0.00000", "2010-06-30": "0.00000", "2010-03-31": "0.00000", "2009-12-31": "1209.54000", "2008-12-31": "929.06000"}, "Total Current Liabilities": {"2020-12-31": "3968.31100", "2020-09-30": "4195.80700", "2020-06-30": "3626.96800", "2020-03-31": "4460.07600", "2019-12-31": "4463.06800", "2019-09-30": "3978.93700", "2019-06-30": "4749.21000", "2019-03-31": "4562.09800", "2018-12-31": "4495.21300", "2018-09-30": "4484.46800", "2018-06-30": "4601.51400", "2018-03-31": "4307.67600", "2017-12-31": "4095.50200", "2017-09-30": "4172.89800", "2017-06-30": "3619.02600", "2017-03-31": "3500.66500", "2016-12-31": "3296.31800", "2016-09-30": "3454.97300", "2016-06-30": "2432.29000", "2016-03-31": "2238.01400", "2015-12-31": "2247.47400", "2015-09-30": "2441.25900", "2015-06-30": "2721.60000", "2015-03-31": "2756.27900", "2014-12-31": "2896.61800", "2014-09-30": "1928.69000", "2014-06-30": "2027.98800", "2014-03-31": "1910.09300", "2013-12-31": "1908.89800", "2013-09-30": "1596.96000", "2013-06-30": "1300.57600", "2013-03-31": "1239.82900", "2012-12-31": "1142.22200", "2012-09-30": "1355.40100", "2012-06-30": "1135.20700", "2012-03-31": "1269.68200", "2011-12-31": "1126.55200", "2011-09-30": "604.11700", "2011-06-30": "541.98800", "2011-03-31": "555.91700", "2010-12-31": "461.12200", "2010-09-30": "", "2010-06-30": "", "2010-03-31": "", "2009-12-31": "320.74000", "2008-12-31": "255.05000"}, "Long Term Debt": {"2020-12-31": "3126.92600", "2020-09-30": "3158.81000", "2020-06-30": "3202.46300", "2020-03-31": "3246.24100", "2019-12-31": "3289.94700", "2019-09-30": "3307.48000", "2019-06-30": "2676.37400", "2019-03-31": "2708.25100", "2018-12-31": "2748.43100", "2018-09-30": "2773.37800", "2018-06-30": "2832.31600", "2018-03-31": "2867.53200", "2017-12-31": "2902.10400", "2017-09-30": "2933.97600", "2017-06-30": "2394.62100", "2017-03-31": "2460.62900", "2016-12-31": "2521.72700", "2016-09-30": "2552.35700", "2016-06-30": "2007.91800", "2016-03-31": "2032.90500", "2015-12-31": "2059.90000", "2015-09-30": "2086.66400", "2015-06-30": "2112.24500", "2015-03-31": "2139.70400", "2014-12-31": "2168.95300", "2014-09-30": "434.82000", "2014-06-30": "450.20700", "2014-03-31": "459.91600", "2013-12-31": "474.93900", "2013-09-30": "479.08200", "2013-06-30": "485.99700", "2013-03-31": "491.98800", "2012-12-31": "485.21700", "2012-09-30": "278.86300", "2012-06-30": "285.95000", "2012-03-31": "274.88300", "2011-12-31": "278.42900", "2011-09-30": "281.48100", "2011-06-30": "285.29100", "2011-03-31": "317.28700", "2010-12-31": "313.79600", "2010-09-30": "", "2010-06-30": "", "2010-03-31": "", "2009-12-31": "328.93000", "2008-12-31": "360.18000"}, "Other Non-Current Liabilities": {"2020-12-31": "245.77700", "2020-09-30": "295.53000", "2020-06-30": "329.62100", "2020-03-31": "321.05300", "2019-12-31": "263.93000", "2019-09-30": "270.29300", "2019-06-30": "254.52300", "2019-03-31": "219.57400", "2018-12-31": "126.70700", "2018-09-30": "124.48600", "2018-06-30": "113.30000", "2018-03-31": "124.05500", "2017-12-31": "125.31900", "2017-09-30": "50.50400", "2017-06-30": "45.40200", "2017-03-31": "40.27600", "2016-12-31": "56.06900", "2016-09-30": "37.98200", "2016-06-30": "40.66500", "2016-03-31": "39.73800", "2015-12-31": "38.95700", "2015-09-30": "34.76800", "2015-06-30": "39.68700", "2015-03-31": "34.18600", "2014-12-31": "40.62900", "2014-09-30": "68.42800", "2014-06-30": "53.66600", "2014-03-31": "52.46200", "2013-12-31": "55.00100", "2013-09-30": "", "2013-06-30": "", "2013-03-31": "", "2012-12-31": "", "2012-09-30": "", "2012-06-30": "", "2012-03-31": "", "2011-12-31": "", "2011-09-30": "", "2011-06-30": "", "2011-03-31": "", "2010-12-31": "", "2010-09-30": "", "2010-06-30": "", "2010-03-31": "", "2009-12-31": "", "2008-12-31": ""}, "Total Long Term Liabilities": {"2020-12-31": "3870.85700", "2020-09-30": "3960.44200", "2020-06-30": "4033.31500", "2020-03-31": "4053.84500", "2019-12-31": "4073.85700", "2019-09-30": "4034.94700", "2019-06-30": "3383.01000", "2019-03-31": "3421.85000", "2018-12-31": "3367.08400", "2018-09-30": "3404.17400", "2018-06-30": "3444.53400", "2018-03-31": "3496.73700", "2017-12-31": "3546.33500", "2017-09-30": "3726.97800", "2017-06-30": "3077.18500", "2017-03-31": "3167.47700", "2016-12-31": "3246.37600", "2016-09-30": "3282.56000", "2016-06-30": "2753.71300", "2016-03-31": "2786.04700", "2015-12-31": "2812.28500", "2015-09-30": "2881.30300", "2015-06-30": "2946.06700", "2015-03-31": "2968.27100", "2014-12-31": "3009.52100", "2014-09-30": "736.94300", "2014-06-30": "749.85700", "2014-03-31": "760.44400", "2013-12-31": "779.44400", "2013-09-30": "704.24300", "2013-06-30": "662.49900", "2013-03-31": "667.54200", "2012-12-31": "665.82600", "2012-09-30": "451.65200", "2012-06-30": "427.56200", "2012-03-31": "408.19300", "2011-12-31": "411.18100", "2011-09-30": "373.60200", "2011-06-30": "363.89100", "2011-03-31": "398.63700", "2010-12-31": "397.05100", "2010-09-30": "", "2010-06-30": "", "2010-03-31": "", "2009-12-31": "414.75000", "2008-12-31": "360.18000"}, "Total Liabilities": {"2020-12-31": "7839.16800", "2020-09-30": "8156.24900", "2020-06-30": "7660.28300", "2020-03-31": "8513.92100", "2019-12-31": "8536.92500", "2019-09-30": "8013.88400", "2019-06-30": "8132.22000", "2019-03-31": "7983.94800", "2018-12-31": "7862.30000", "2018-09-30": "7888.64200", "2018-06-30": "8046.04800", "2018-03-31": "7804.41300", "2017-12-31": "7641.83700", "2017-09-30": "7899.87600", "2017-06-30": "6696.21100", "2017-03-31": "6668.14200", "2016-12-31": "6542.69400", "2016-09-30": "6737.53300", "2016-06-30": "5186.00300", "2016-03-31": "5024.06100", "2015-12-31": "5059.75900", "2015-09-30": "5322.56200", "2015-06-30": "5667.66700", "2015-03-31": "5724.55000", "2014-12-31": "5906.13900", "2014-09-30": "2665.63300", "2014-06-30": "2777.84500", "2014-03-31": "2670.53700", "2013-12-31": "2688.34200", "2013-09-30": "2301.20300", "2013-06-30": "1963.07500", "2013-03-31": "1907.37100", "2012-12-31": "1808.04800", "2012-09-30": "1807.05300", "2012-06-30": "1562.76900", "2012-03-31": "1677.87500", "2011-12-31": "1537.73300", "2011-09-30": "977.71900", "2011-06-30": "905.87900", "2011-03-31": "954.55400", "2010-12-31": "858.17300", "2010-09-30": "0.00000", "2010-06-30": "0.00000", "2010-03-31": "0.00000", "2009-12-31": "735.49000", "2008-12-31": "655.79000"}, "Common Stock Net": {"2020-12-31": "0.12600", "2020-09-30": "0.12600", "2020-06-30": "0.12600", "2020-03-31": "0.12500", "2019-12-31": "0.12400", "2019-09-30": "0.12300", "2019-06-30": "0.12300", "2019-03-31": "0.12300", "2018-12-31": "0.12300", "2018-09-30": "0.12300", "2018-06-30": "0.12300", "2018-03-31": "0.12300", "2017-12-31": "0.12200", "2017-09-30": "0.12200", "2017-06-30": "0.12200", "2017-03-31": "0.12200", "2016-12-31": "0.12100", "2016-09-30": "0.12100", "2016-06-30": "0.12100", "2016-03-31": "0.12100", "2015-12-31": "0.12100", "2015-09-30": "0.12000", "2015-06-30": "0.12000", "2015-03-31": "0.12000", "2014-12-31": "0.12000", "2014-09-30": "0.12000", "2014-06-30": "0.11800", "2014-03-31": "0.11800", "2013-12-31": "0.11700", "2013-09-30": "0.11700", "2013-06-30": "0.11700", "2013-03-31": "0.11600", "2012-12-31": "0.11600", "2012-09-30": "0.11600", "2012-06-30": "0.11500", "2012-03-31": "0.11400", "2011-12-31": "0.11400", "2011-09-30": "0.11300", "2011-06-30": "0.11200", "2011-03-31": "0.11200", "2010-12-31": "0.11200", "2010-09-30": "0.00000", "2010-06-30": "0.00000", "2010-03-31": "0.00000", "2009-12-31": "0.06000", "2008-12-31": "0.00000"}, "Retained Earnings (Accumulated Deficit)": {"2020-12-31": "5416.94500", "2020-09-30": "5207.09400", "2020-06-30": "5018.27700", "2020-03-31": "4859.78900", "2019-12-31": "4712.72900", "2019-09-30": "4477.21900", "2019-06-30": "4251.41400", "2019-03-31": "3989.76300", "2018-12-31": "3817.65600", "2018-09-30": "3515.65700", "2018-06-30": "3357.96200", "2018-03-31": "3181.11000", "2017-12-31": "2958.92100", "2017-09-30": "2676.22400", "2017-06-30": "2473.40100", "2017-03-31": "2342.41400", "2016-12-31": "2218.72100", "2016-09-30": "2123.29700", "2016-06-30": "1990.49200", "2016-03-31": "1876.30800", "2015-12-31": "1766.33600", "2015-09-30": "1713.50600", "2015-06-30": "1596.73600", "2015-03-31": "1498.05800", "2014-12-31": "1403.90500", "2014-09-30": "1294.36500", "2014-06-30": "1198.85600", "2014-03-31": "1110.30700", "2013-12-31": "1035.19800", "2013-09-30": "967.07800", "2013-06-30": "888.45800", "2013-03-31": "815.35900", "2012-12-31": "750.69700", "2012-09-30": "690.62600", "2012-06-30": "630.97800", "2012-03-31": "576.57700", "2011-12-31": "534.49800", "2011-09-30": "496.72600", "2011-06-30": "456.21200", "2011-03-31": "419.49800", "2010-12-31": "387.16300", "2010-09-30": "", "2010-06-30": "", "2010-03-31": "", "2009-12-31": "235.72000", "2008-12-31": "162.46000"}, "Comprehensive Income": {"2020-12-31": "-1363.15800", "2020-09-30": "-1583.13600", "2020-06-30": "-1581.97500", "2020-03-31": "-1592.12400", "2019-12-31": "-972.46500", "2019-09-30": "-1114.67800", "2019-06-30": "-928.19700", "2019-03-31": "-934.19200", "2018-12-31": "-913.85800", "2018-09-30": "-944.74600", "2018-06-30": "-870.68800", "2018-03-31": "-508.60300", "2017-12-31": "-551.85700", "2017-09-30": "-466.36700", "2017-06-30": "-610.04900", "2017-03-31": "-572.78900", "2016-12-31": "-666.40300", "2016-09-30": "-612.15000", "2016-06-30": "-559.74100", "2016-03-31": "-539.60900", "2015-12-31": "-570.81100", "2015-09-30": "-332.61000", "2015-06-30": "-243.14300", "2015-03-31": "-249.99000", "2014-12-31": "-291.50800", "2014-09-30": "-93.14600", "2014-06-30": "-24.66700", "2014-03-31": "-31.49900", "2013-12-31": "-47.42600", "2013-09-30": "-19.20700", "2013-06-30": "-37.50000", "2013-03-31": "-14.07800", "2012-12-31": "-3.34600", "2012-09-30": "-5.06700", "2012-06-30": "-13.84100", "2012-03-31": "-4.64400", "2011-12-31": "-13.71600", "2011-09-30": "-8.64600", "2011-06-30": "-3.76100", "2011-03-31": "-4.12900", "2010-12-31": "-8.10100", "2010-09-30": "", "2010-06-30": "", "2010-03-31": "", "2009-12-31": "", "2008-12-31": ""}, "Other Share Holders Equity": {"2020-12-31": "", "2020-09-30": "", "2020-06-30": "", "2020-03-31": "", "2019-12-31": "", "2019-09-30": "", "2019-06-30": "", "2019-03-31": "", "2018-12-31": "", "2018-09-30": "", "2018-06-30": "", "2018-03-31": "", "2017-12-31": "", "2017-09-30": "", "2017-06-30": "", "2017-03-31": "", "2016-12-31": "", "2016-09-30": "", "2016-06-30": "", "2016-03-31": "", "2015-12-31": "", "2015-09-30": "", "2015-06-30": "", "2015-03-31": "", "2014-12-31": "", "2014-09-30": "", "2014-06-30": "", "2014-03-31": "", "2013-12-31": "", "2013-09-30": "", "2013-06-30": "", "2013-03-31": "", "2012-12-31": "", "2012-09-30": "", "2012-06-30": "", "2012-03-31": "", "2011-12-31": "", "2011-09-30": "", "2011-06-30": "", "2011-03-31": "", "2010-12-31": "", "2010-09-30": "0.00000", "2010-06-30": "0.00000", "2010-03-31": "0.00000", "2009-12-31": "-12.17000", "2008-12-31": "0.00000"}, "Share Holder Equity": {"2020-12-31": "3355.41100", "2020-09-30": "2937.75000", "2020-06-30": "2966.43400", "2020-03-31": "2796.22900", "2019-12-31": "3711.61600", "2019-09-30": "3900.31000", "2019-06-30": "3843.37200", "2019-03-31": "3530.96700", "2018-12-31": "3340.18000", "2018-09-30": "3562.24800", "2018-06-30": "3439.08500", "2018-03-31": "3888.05200", "2017-12-31": "3676.52200", "2017-09-30": "3430.41800", "2017-06-30": "3405.50000", "2017-03-31": "3341.81200", "2016-12-31": "3084.03800", "2016-09-30": "3178.52100", "2016-06-30": "3082.70500", "2016-03-31": "2987.76900", "2015-12-31": "2830.04700", "2015-09-30": "2962.57100", "2015-06-30": "2907.00400", "2015-03-31": "2780.17400", "2014-12-31": "2618.56200", "2014-09-30": "1558.80700", "2014-06-30": "1475.52000", "2014-03-31": "1366.18000", "2013-12-31": "1243.89300", "2013-09-30": "1173.90200", "2013-06-30": "1050.01400", "2013-03-31": "983.01300", "2012-12-31": "913.82200", "2012-09-30": "1035.06800", "2012-06-30": "941.92000", "2012-03-31": "883.04100", "2011-12-31": "811.43600", "2011-09-30": "761.82400", "2011-06-30": "713.03000", "2011-03-31": "667.66700", "2010-12-31": "625.94500", "2010-09-30": "0.00000", "2010-06-30": "0.00000", "2010-03-31": "0.00000", "2009-12-31": "474.04000", "2008-12-31": "273.26000"}, "Total Liabilities And Share Holders Equity": {"2020-12-31": "11194.58000", "2020-09-30": "11094.00000", "2020-06-30": "10626.72000", "2020-03-31": "11310.15000", "2019-12-31": "12248.54000", "2019-09-30": "11914.19000", "2019-06-30": "11975.59000", "2019-03-31": "11514.92000", "2018-12-31": "11202.48000", "2018-09-30": "11450.89000", "2018-06-30": "11485.13000", "2018-03-31": "11692.46000", "2017-12-31": "11318.36000", "2017-09-30": "11330.29000", "2017-06-30": "10101.71000", "2017-03-31": "10009.95000", "2016-12-31": "9626.73200", "2016-09-30": "9916.05400", "2016-06-30": "8268.70800", "2016-03-31": "8011.83000", "2015-12-31": "7889.80600", "2015-09-30": "8285.13300", "2015-06-30": "8574.67100", "2015-03-31": "8504.72400", "2014-12-31": "8524.70100", "2014-09-30": "4224.44000", "2014-06-30": "4253.36500", "2014-03-31": "4036.71700", "2013-12-31": "3932.23500", "2013-09-30": "3475.10500", "2013-06-30": "3013.08900", "2013-03-31": "2890.38400", "2012-12-31": "2721.87000", "2012-09-30": "2842.12100", "2012-06-30": "2504.68900", "2012-03-31": "2560.91600", "2011-12-31": "2349.16900", "2011-09-30": "1739.54300", "2011-06-30": "1618.90900", "2011-03-31": "1622.22100", "2010-12-31": "1484.11800", "2010-09-30": "0.00000", "2010-06-30": "0.00000", "2010-03-31": "0.00000", "2009-12-31": "1209.54000", "2008-12-31": "0.00000"}}, "cash flow statement": {"Net Income/Loss": {"2020-12-31": "704.21600", "2019-12-31": "895.07300", "2018-12-31": "811.48300", "2017-12-31": "740.20000", "2016-12-31": "452.38500", "2015-12-31": "362.43100", "2014-12-31": "368.70700", "2013-12-31": "284.50100", "2012-12-31": "216.19900", "2011-12-31": "147.33500", "2010-12-31": "107.89600", "2009-12-31": "89.05200", "2008-12-31": "97.28200", "2007-12-31": "61.58500"}, "Total Depreciation And Amortization - Cash Flow": {"2020-12-31": "261.28700", "2019-12-31": "279.31600", "2018-12-31": "279.95100", "2017-12-31": "271.51200", "2016-12-31": "210.83800", "2015-12-31": "200.50100", "2014-12-31": "113.30100", "2013-12-31": "72.73700", "2012-12-31": "52.03600", "2011-12-31": "36.17100", "2010-12-31": "33.74500", "2009-12-31": "28.64700", "2008-12-31": "27.24000", "2007-12-31": "20.29200"}, "Other Non-Cash Items": {"2020-12-31": "316.99800", "2019-12-31": "177.13700", "2018-12-31": "-3.33200", "2017-12-31": "-228.14200", "2016-12-31": "106.81600", "2015-12-31": "198.80300", "2014-12-31": "100.62600", "2013-12-31": "40.09000", "2012-12-31": "37.83400", "2011-12-31": "40.71800", "2010-12-31": "41.68600", "2009-12-31": "39.65400", "2008-12-31": "46.41000", "2007-12-31": "19.90100"}, "Total Non-Cash Items": {"2020-12-31": "578.28500", "2019-12-31": "456.45300", "2018-12-31": "276.61900", "2017-12-31": "43.37000", "2016-12-31": "317.65400", "2015-12-31": "399.30400", "2014-12-31": "213.92700", "2013-12-31": "112.82700", "2012-12-31": "89.87000", "2011-12-31": "76.88900", "2010-12-31": "75.43100", "2009-12-31": "68.30100", "2008-12-31": "73.65000", "2007-12-31": "40.19300"}, "Change In Accounts Receivable": {"2020-12-31": "264.14000", "2019-12-31": "-196.02800", "2018-12-31": "-159.02400", "2017-12-31": "-431.00300", "2016-12-31": "-338.79600", "2015-12-31": "40.01700", "2014-12-31": "246.46500", "2013-12-31": "-45.00500", "2012-12-31": "-71.10200", "2011-12-31": "-80.02400", "2010-12-31": "-38.96000", "2009-12-31": "2.34500", "2008-12-31": "-9.37200", "2007-12-31": "-79.31900"}, "Change In Inventories": {"2020-12-31": "", "2019-12-31": "", "2018-12-31": "", "2017-12-31": "", "2016-12-31": "", "2015-12-31": "", "2014-12-31": "", "2013-12-31": "", "2012-12-31": "", "2011-12-31": "", "2010-12-31": "", "2009-12-31": "", "2008-12-31": "", "2007-12-31": ""}, "Change In Accounts Payable": {"2020-12-31": "", "2019-12-31": "", "2018-12-31": "", "2017-12-31": "", "2016-12-31": "", "2015-12-31": "", "2014-12-31": "", "2013-12-31": "", "2012-12-31": "", "2011-12-31": "", "2010-12-31": "", "2009-12-31": "", "2008-12-31": "", "2007-12-31": ""}, "Change In Assets/Liabilities": {"2020-12-31": "-1.86500", "2019-12-31": "-192.18300", "2018-12-31": "-53.08200", "2017-12-31": "5.14500", "2016-12-31": "-15.04400", "2015-12-31": "-77.19100", "2014-12-31": "-34.89000", "2013-12-31": "11.72700", "2012-12-31": "-80.66700", "2011-12-31": "8.49800", "2010-12-31": "-8.51400", "2009-12-31": "13.87500", "2008-12-31": "-16.19300", "2007-12-31": "-26.06900"}, "Total Change In Assets/Liabilities": {"2020-12-31": "185.19600", "2019-12-31": "-189.45500", "2018-12-31": "-184.72000", "2017-12-31": "-103.51200", "2016-12-31": "-61.82100", "2015-12-31": "-7.15100", "2014-12-31": "25.70000", "2013-12-31": "-21.64300", "2012-12-31": "-170.60900", "2011-12-31": "55.40100", "2010-12-31": "-43.57200", "2009-12-31": "21.43700", "2008-12-31": "-112.84300", "2007-12-31": "-45.82900"}, "Cash Flow From Operating Activities": {"2020-12-31": "1467.69700", "2019-12-31": "1162.07100", "2018-12-31": "903.38200", "2017-12-31": "680.05800", "2016-12-31": "708.21800", "2015-12-31": "754.58400", "2014-12-31": "608.33400", "2013-12-31": "375.68500", "2012-12-31": "135.46000", "2011-12-31": "279.62500", "2010-12-31": "139.75500", "2009-12-31": "178.79000", "2008-12-31": "58.08900", "2007-12-31": "55.94900"}, "Net Change In Property, Plant, And Equipment": {"2020-12-31": "-78.42500", "2019-12-31": "-75.17000", "2018-12-31": "-81.38700", "2017-12-31": "-70.09300", "2016-12-31": "-59.01100", "2015-12-31": "-41.87500", "2014-12-31": "-27.07000", "2013-12-31": "-20.78500", "2012-12-31": "-19.11100", "2011-12-31": "-13.45400", "2010-12-31": "-11.19400", "2009-12-31": "-9.67700", "2008-12-31": "-7.08800", "2007-12-31": "-7.10100"}, "Net Change In Intangible Assets": {"2020-12-31": "", "2019-12-31": "", "2018-12-31": "", "2017-12-31": "", "2016-12-31": "", "2015-12-31": "", "2014-12-31": "", "2013-12-31": "", "2012-12-31": "", "2011-12-31": "", "2010-12-31": "", "2009-12-31": "", "2008-12-31": "", "2007-12-31": ""}, "Net Acquisitions/Divestitures": {"2020-12-31": "-27.82400", "2019-12-31": "-448.27700", "2018-12-31": "77.89200", "2017-12-31": "-388.75600", "2016-12-31": "-1331.98500", "2015-12-31": "-49.06900", "2014-12-31": "-2395.77800", "2013-12-31": "-728.34300", "2012-12-31": "-190.44700", "2011-12-31": "-333.76300", "2010-12-31": "-10.02200", "2009-12-31": "-231.09700", "2008-12-31": "-55.92400", "2007-12-31": "-33.70400"}, "Net Change In Short-term Investments": {"2020-12-31": "", "2019-12-31": "", "2018-12-31": "", "2017-12-31": "", "2016-12-31": "", "2015-12-31": "", "2014-12-31": "", "2013-12-31": "", "2012-12-31": "", "2011-12-31": "", "2010-12-31": "", "2009-12-31": "", "2008-12-31": "", "2007-12-31": ""}, "Net Change In Long-Term Investments": {"2020-12-31": "", "2019-12-31": "", "2018-12-31": "", "2017-12-31": "", "2016-12-31": "", "2015-12-31": "", "2014-12-31": "", "2013-12-31": "", "2012-12-31": "", "2011-12-31": "", "2010-12-31": "", "2009-12-31": "", "2008-12-31": "", "2007-12-31": ""}, "Net Change In Investments - Total": {"2020-12-31": "", "2019-12-31": "", "2018-12-31": "", "2017-12-31": "", "2016-12-31": "", "2015-12-31": "", "2014-12-31": "", "2013-12-31": "", "2012-12-31": "", "2011-12-31": "", "2010-12-31": "", "2009-12-31": "", "2008-12-31": "", "2007-12-31": ""}, "Investing Activities - Other": {"2020-12-31": "", "2019-12-31": "-0.25500", "2018-12-31": "-22.77500", "2017-12-31": "-38.95300", "2016-12-31": "1.41100", "2015-12-31": "-8.47000", "2014-12-31": "-171.23900", "2013-12-31": "", "2012-12-31": "", "2011-12-31": "", "2010-12-31": "", "2009-12-31": "", "2008-12-31": "", "2007-12-31": ""}, "Cash Flow From Investing Activities": {"2020-12-31": "-106.24900", "2019-12-31": "-523.70200", "2018-12-31": "-26.27000", "2017-12-31": "-497.80200", "2016-12-31": "-1389.58500", "2015-12-31": "-99.41400", "2014-12-31": "-2594.08700", "2013-12-31": "-749.12800", "2012-12-31": "-209.55800", "2011-12-31": "-347.21700", "2010-12-31": "-21.21600", "2009-12-31": "-240.77400", "2008-12-31": "-63.01200", "2007-12-31": "-40.80500"}, "Net Long-Term Debt": {"2020-12-31": "-446.25800", "2019-12-31": "646.47300", "2018-12-31": "-59.87500", "2017-12-31": "577.50000", "2016-12-31": "458.50000", "2015-12-31": "-164.50000", "2014-12-31": "2099.12500", "2013-12-31": "22.87500", "2012-12-31": "237.58600", "2011-12-31": "97.03500", "2010-12-31": "-98.63400", "2009-12-31": "-21.72400", "2008-12-31": "14.98700", "2007-12-31": "79.69500"}, "Net Current Debt": {"2020-12-31": "-254.44900", "2019-12-31": "-427.84410", "2018-12-31": "389.11600", "2017-12-31": "44.59190", "2016-12-31": "464.86400", "2015-12-31": "-487.36400", "2014-12-31": "21.38310", "2013-12-31": "530.31010", "2012-12-31": "-26.87400", "2011-12-31": "125.00000", "2010-12-31": "", "2009-12-31": "", "2008-12-31": "", "2007-12-31": ""}, "Debt Issuance/Retirement Net - Total": {"2020-12-31": "-700.70700", "2019-12-31": "218.62890", "2018-12-31": "329.24100", "2017-12-31": "622.09190", "2016-12-31": "923.36400", "2015-12-31": "-651.86400", "2014-12-31": "2120.50800", "2013-12-31": "553.18510", "2012-12-31": "210.71200", "2011-12-31": "222.03500", "2010-12-31": "-98.63400", "2009-12-31": "-21.72400", "2008-12-31": "14.98700", "2007-12-31": "79.69500"}, "Net Common Equity Issued/Repurchased": {"2020-12-31": "-713.11300", "2019-12-31": "-525.98400", "2018-12-31": "-903.01600", "2017-12-31": "-357.70300", "2016-12-31": "-166.44700", "2015-12-31": "19.92600", "2014-12-31": "29.64100", "2013-12-31": "30.43800", "2012-12-31": "-172.81300", "2011-12-31": "8.47700", "2010-12-31": "10.09800", "2009-12-31": "0.26600", "2008-12-31": "0.76300", "2007-12-31": "-23.99800"}, "Net Total Equity Issued/Repurchased": {"2020-12-31": "-713.11300", "2019-12-31": "-525.98400", "2018-12-31": "-903.01600", "2017-12-31": "-357.70300", "2016-12-31": "-166.44700", "2015-12-31": "19.92600", "2014-12-31": "29.64100", "2013-12-31": "30.43800", "2012-12-31": "-172.81300", "2011-12-31": "8.47700", "2010-12-31": "10.09800", "2009-12-31": "93.96200", "2008-12-31": "0.76300", "2007-12-31": "-31.51900"}, "Total Common And Preferred Stock Dividends Paid": {"2020-12-31": "", "2019-12-31": "", "2018-12-31": "", "2017-12-31": "", "2016-12-31": "", "2015-12-31": "", "2014-12-31": "", "2013-12-31": "", "2012-12-31": "", "2011-12-31": "", "2010-12-31": "-7.63400", "2009-12-31": "", "2008-12-31": "", "2007-12-31": ""}, "Financial Activities - Other": {"2020-12-31": "-2.98100", "2019-12-31": "-2.81600", "2018-12-31": "-4.04000", "2017-12-31": "-12.45100", "2016-12-31": "-2.94800", "2015-12-31": "-16.12700", "2014-12-31": "12.11600", "2013-12-31": "-147.89800", "2012-12-31": "24.08900", "2011-12-31": "5.70900", "2010-12-31": "9.62600", "2009-12-31": "", "2008-12-31": "-0.81900", "2007-12-31": "-17.27700"}, "Cash Flow From Financial Activities": {"2020-12-31": "-1416.80100", "2019-12-31": "-310.17100", "2018-12-31": "-577.81500", "2017-12-31": "251.93800", "2016-12-31": "753.96900", "2015-12-31": "-648.06500", "2014-12-31": "2162.26500", "2013-12-31": "435.72500", "2012-12-31": "61.98800", "2011-12-31": "236.22100", "2010-12-31": "-86.54400", "2009-12-31": "72.23800", "2008-12-31": "14.93100", "2007-12-31": "30.89900"}, "Net Cash Flow": {"2020-12-31": "-198.61800", "2019-12-31": "310.34400", "2018-12-31": "234.02300", "2017-12-31": "487.10000", "2016-12-31": "29.12600", "2015-12-31": "-29.91700", "2014-12-31": "138.96400", "2013-12-31": "54.45600", "2012-12-31": "-1.51000", "2011-12-31": "170.35500", "2010-12-31": "30.10300", "2009-12-31": "14.34600", "2008-12-31": "1.49100", "2007-12-31": "50.67300"}, "Stock-Based Compensation": {"2020-12-31": "43.38400", "2019-12-31": "60.95300", "2018-12-31": "69.93900", "2017-12-31": "93.29700", "2016-12-31": "63.94600", "2015-12-31": "90.12200", "2014-12-31": "37.64900", "2013-12-31": "26.67600", "2012-12-31": "19.27500", "2011-12-31": "21.74300", "2010-12-31": "26.75500", "2009-12-31": "2.66600", "2008-12-31": "2.75800", "2007-12-31": "1.16500"}, "Common Stock Dividends Paid": {"2020-12-31": "", "2019-12-31": "", "2018-12-31": "", "2017-12-31": "", "2016-12-31": "", "2015-12-31": "", "2014-12-31": "", "2013-12-31": "", "2012-12-31": "", "2011-12-31": "", "2010-12-31": "", "2009-12-31": "", "2008-12-31": "", "2007-12-31": ""}}, "cash flow statement, quarterly": {"Net Income/Loss": {"2020-12-31": 209.851, "2020-09-30": 188.817, "2020-06-30": 158.488, "2020-03-31": "147.06000", "2019-12-31": 235.51, "2019-09-30": 225.805, "2019-06-30": 261.651, "2019-03-31": "172.10700", "2018-12-31": 302, "2018-09-30": 157.694, "2018-06-30": 176.852, "2018-03-31": "174.93700", "2017-12-31": 282.697, "2017-09-30": 202.823, "2017-06-30": 130.987, "2017-03-31": "123.69300", "2016-12-31": 95.424, "2016-09-30": 129.618, "2016-06-30": 116.253, "2016-03-31": "111.09000", "2015-12-31": 52.83, "2015-09-30": 116.77, "2015-06-30": 98.678, "2015-03-31": "94.15300", "2014-12-31": 109.54, "2014-09-30": 95.509, "2014-06-30": 88.549, "2014-03-31": "75.10900", "2013-12-31": 68.12, "2013-09-30": 78.62, "2013-06-30": 73.099, "2013-03-31": "64.66200", "2012-12-31": 60.071, "2012-09-30": 59.648, "2012-06-30": 54.401, "2012-03-31": "42.07900", "2011-12-31": 37.772, "2011-09-30": 40.514, "2011-06-30": 36.714, "2011-03-31": "32.33500", "2010-12-31": 17.508, "2010-09-30": 33.398, "2010-06-30": 29.639, "2010-03-31": "27.34500", "2009-12-31": -8.23, "2008-12-31": 97.28}, "Total Depreciation And Amortization - Cash Flow": {"2020-12-31": 66.142, "2020-09-30": 65.621, "2020-06-30": 63.694, "2020-03-31": "65.83000", "2019-12-31": 69.875, "2019-09-30": 68.66, "2019-06-30": 72.131, "2019-03-31": "68.65000", "2018-12-31": 68.538, "2018-09-30": 68.623, "2018-06-30": 69.949, "2018-03-31": "72.84100", "2017-12-31": 67.37, "2017-09-30": 70.767, "2017-06-30": 66.596, "2017-03-31": "66.77900", "2016-12-31": 63.422, "2016-09-30": 59.001, "2016-06-30": 50.265, "2016-03-31": "38.15000", "2015-12-31": 49.771, "2015-09-30": 50.304, "2015-06-30": 50.6, "2015-03-31": "49.82600", "2014-12-31": 38.74, "2014-09-30": 25.714, "2014-06-30": 24.429, "2014-03-31": "24.41800", "2013-12-31": 24.158, "2013-09-30": 18.061, "2013-06-30": 15.889, "2013-03-31": "14.62900", "2012-12-31": 15.116, "2012-09-30": 13.591, "2012-06-30": 11.608, "2012-03-31": "11.72100", "2011-12-31": 9.924, "2011-09-30": 9.052, "2011-06-30": 8.588, "2011-03-31": "8.60700", "2010-12-31": 8.502, "2010-09-30": 8.924, "2010-06-30": 8.26, "2010-03-31": "8.05400", "2009-12-31": 1.4, "2008-12-31": 27.24}, "Other Non-Cash Items": {"2020-12-31": 165.681, "2020-09-30": 29.489, "2020-06-30": -5.104, "2020-03-31": "126.93200", "2019-12-31": 51.258, "2019-09-30": 105.692, "2019-06-30": -25.908, "2019-03-31": "46.09500", "2018-12-31": -101.732, "2018-09-30": 44.977, "2018-06-30": 31.909, "2018-03-31": "21.51400", "2017-12-31": -175.656, "2017-09-30": -96.448, "2017-06-30": 8.957, "2017-03-31": "35.00500", "2016-12-31": 58.782, "2016-09-30": 16.37, "2016-06-30": 9.792, "2016-03-31": "21.87200", "2015-12-31": 152.319, "2015-09-30": 36.81, "2015-06-30": 1.041, "2015-03-31": "8.63300", "2014-12-31": 53.816, "2014-09-30": 12.707, "2014-06-30": 17.334, "2014-03-31": "16.76900", "2013-12-31": 18.104, "2013-09-30": 7.326, "2013-06-30": 7.05, "2013-03-31": "7.61000", "2012-12-31": 4.258, "2012-09-30": 14.997, "2012-06-30": 9.805, "2012-03-31": "8.77400", "2011-12-31": 9.69, "2011-09-30": 8.37, "2011-06-30": 15.01, "2011-03-31": "7.64800", "2010-12-31": 27.243, "2010-09-30": 2.15, "2010-06-30": 5.453, "2010-03-31": "6.84000", "2009-12-31": 0, "2008-12-31": 0}, "Total Non-Cash Items": {"2020-12-31": 231.823, "2020-09-30": 95.11, "2020-06-30": 58.59, "2020-03-31": "192.76200", "2019-12-31": 121.133, "2019-09-30": 174.352, "2019-06-30": 46.223, "2019-03-31": "114.74500", "2018-12-31": -33.194, "2018-09-30": 113.6, "2018-06-30": 101.858, "2018-03-31": "94.35500", "2017-12-31": -108.286, "2017-09-30": -25.681, "2017-06-30": 75.553, "2017-03-31": "101.78400", "2016-12-31": 122.204, "2016-09-30": 75.371, "2016-06-30": 60.057, "2016-03-31": "60.02200", "2015-12-31": 202.09, "2015-09-30": 87.114, "2015-06-30": 51.641, "2015-03-31": "58.45900", "2014-12-31": 92.556, "2014-09-30": 38.421, "2014-06-30": 41.763, "2014-03-31": "41.18700", "2013-12-31": 42.262, "2013-09-30": 25.387, "2013-06-30": 22.939, "2013-03-31": "22.23900", "2012-12-31": 19.374, "2012-09-30": 28.588, "2012-06-30": 21.413, "2012-03-31": "20.49500", "2011-12-31": 19.614, "2011-09-30": 17.422, "2011-06-30": 23.598, "2011-03-31": "16.25500", "2010-12-31": -5.941, "2010-09-30": 11.074, "2010-06-30": 13.713, "2010-03-31": "14.89400", "2009-12-31": 1.4, "2008-12-31": 27.24}, "Change In Accounts Receivable": {"2020-12-31": 214.45, "2020-09-30": -309.995, "2020-06-30": 203.633, "2020-03-31": "156.05200", "2019-12-31": 276.35, "2019-09-30": -53.572, "2019-06-30": -116.411, "2019-03-31": "-302.39500", "2018-12-31": 481.835, "2018-09-30": -121.332, "2018-06-30": -231.375, "2018-03-31": "-288.15200", "2017-12-31": 9.008, "2017-09-30": -59.815, "2017-06-30": -143.632, "2017-03-31": "-236.56400", "2016-12-31": 188.459, "2016-09-30": -134.71, "2016-06-30": -209.784, "2016-03-31": "-182.76100", "2015-12-31": 111.327, "2015-09-30": 162.218, "2015-06-30": -119.143, "2015-03-31": "-114.38500", "2014-12-31": 384.407, "2014-09-30": 59.725, "2014-06-30": -44.483, "2014-03-31": "-153.18400", "2013-12-31": 139.362, "2013-09-30": 6.631, "2013-06-30": 1.485, "2013-03-31": "-192.48300", "2012-12-31": 107.613, "2012-09-30": -61.39, "2012-06-30": 66.651, "2012-03-31": "-183.97600", "2011-12-31": 60.467, "2011-09-30": 13.917, "2011-06-30": -21.773, "2011-03-31": "-132.63500", "2010-12-31": 21.341, "2010-09-30": 4.411, "2010-06-30": -16.327, "2010-03-31": "-48.38500", "2009-12-31": 0, "2008-12-31": 0}, "Change In Inventories": {"2020-12-31": 0, "2020-09-30": 0, "2020-06-30": 0, "2020-03-31": "", "2019-12-31": 0, "2019-09-30": 0, "2019-06-30": 0, "2019-03-31": "", "2018-12-31": 0, "2018-09-30": 0, "2018-06-30": 0, "2018-03-31": "", "2017-12-31": 0, "2017-09-30": 0, "2017-06-30": 0, "2017-03-31": "", "2016-12-31": 0, "2016-09-30": 0, "2016-06-30": 0, "2016-03-31": "", "2015-12-31": 0, "2015-09-30": 0, "2015-06-30": 0, "2015-03-31": "", "2014-12-31": 0, "2014-09-30": 0, "2014-06-30": 0, "2014-03-31": "", "2013-12-31": 0, "2013-09-30": 0, "2013-06-30": 0, "2013-03-31": "", "2012-12-31": 0, "2012-09-30": 0, "2012-06-30": 0, "2012-03-31": "", "2011-12-31": 0, "2011-09-30": 0, "2011-06-30": 0, "2011-03-31": "", "2010-12-31": 0, "2010-09-30": 0, "2010-06-30": 0, "2010-03-31": "", "2009-12-31": 0, "2008-12-31": 0}, "Change In Accounts Payable": {"2020-12-31": 0, "2020-09-30": 0, "2020-06-30": 0, "2020-03-31": "", "2019-12-31": 0, "2019-09-30": 0, "2019-06-30": 0, "2019-03-31": "", "2018-12-31": 0, "2018-09-30": 0, "2018-06-30": 0, "2018-03-31": "", "2017-12-31": 0, "2017-09-30": 0, "2017-06-30": 0, "2017-03-31": "", "2016-12-31": 0, "2016-09-30": 0, "2016-06-30": 0, "2016-03-31": "", "2015-12-31": 0, "2015-09-30": 0, "2015-06-30": 0, "2015-03-31": "", "2014-12-31": 0, "2014-09-30": 0, "2014-06-30": 0, "2014-03-31": "", "2013-12-31": 0, "2013-09-30": 0, "2013-06-30": 0, "2013-03-31": "", "2012-12-31": 0, "2012-09-30": 0, "2012-06-30": 0, "2012-03-31": "", "2011-12-31": 0, "2011-09-30": 0, "2011-06-30": 0, "2011-03-31": "", "2010-12-31": 0, "2010-09-30": 0, "2010-06-30": 0, "2010-03-31": "", "2009-12-31": 0, "2008-12-31": 0}, "Change In Assets/Liabilities": {"2020-12-31": -34.099, "2020-09-30": -14.81, "2020-06-30": 95.239, "2020-03-31": "-48.19500", "2019-12-31": -87.769, "2019-09-30": -95.282, "2019-06-30": 4.741, "2019-03-31": "-13.87300", "2018-12-31": -13.542, "2018-09-30": -3.682, "2018-06-30": -60.831, "2018-03-31": "24.97300", "2017-12-31": 107.171, "2017-09-30": -68.198, "2017-06-30": -14.702, "2017-03-31": "-19.12600", "2016-12-31": 24.106, "2016-09-30": -38.707, "2016-06-30": -10.404, "2016-03-31": "9.96100", "2015-12-31": -57.86, "2015-09-30": -12.545, "2015-06-30": -5.808, "2015-03-31": "-0.97800", "2014-12-31": 14.828, "2014-09-30": -24.502, "2014-06-30": -3.928, "2014-03-31": "-21.28800", "2013-12-31": -4.426, "2013-09-30": -17.744, "2013-06-30": -7.894, "2013-03-31": "41.79100", "2012-12-31": -11.423, "2012-09-30": -20.669, "2012-06-30": 1.465, "2012-03-31": "-50.04000", "2011-12-31": -2.925, "2011-09-30": 19.633, "2011-06-30": 0.704, "2011-03-31": "-8.91400", "2010-12-31": 0.811, "2010-09-30": -11.685, "2010-06-30": 7.893, "2010-03-31": "-5.53300", "2009-12-31": 0, "2008-12-31": 0}, "Total Change In Assets/Liabilities": {"2020-12-31": -188.673, "2020-09-30": 128.601, "2020-06-30": 165.057, "2020-03-31": "80.21100", "2019-12-31": 14.293, "2019-09-30": -159.043, "2019-06-30": -55.347, "2019-03-31": "10.64200", "2018-12-31": 79.196, "2018-09-30": 8.997, "2018-06-30": -204.323, "2018-03-31": "-68.59000", "2017-12-31": 74.052, "2017-09-30": 46.71, "2017-06-30": -72.295, "2017-03-31": "-151.97900", "2016-12-31": 86.304, "2016-09-30": -12.745, "2016-06-30": -86.891, "2016-03-31": "-48.48900", "2015-12-31": -24.788, "2015-09-30": 122.156, "2015-06-30": -19.31, "2015-03-31": "-85.20900", "2014-12-31": 88.746, "2014-09-30": 25.841, "2014-06-30": -24.085, "2014-03-31": "-64.80200", "2013-12-31": 57.292, "2013-09-30": 21.292, "2013-06-30": 0.364, "2013-03-31": "-100.59100", "2012-12-31": 22.884, "2012-09-30": -18.307, "2012-06-30": 1.322, "2012-03-31": "-176.50800", "2011-12-31": 151.722, "2011-09-30": 10.127, "2011-06-30": -49.064, "2011-03-31": "-57.38400", "2010-12-31": -20.359, "2010-09-30": 9.902, "2010-06-30": -33.667, "2010-03-31": "0.55400", "2009-12-31": 133.87, "2008-12-31": -112.84}, "Cash Flow From Operating Activities": {"2020-12-31": 253.001, "2020-09-30": 412.528, "2020-06-30": 382.135, "2020-03-31": "420.03300", "2019-12-31": 370.936, "2019-09-30": 241.114, "2019-06-30": 252.527, "2019-03-31": "297.49400", "2018-12-31": 348.002, "2018-09-30": 280.291, "2018-06-30": 74.387, "2018-03-31": "200.70200", "2017-12-31": 248.463, "2017-09-30": 223.852, "2017-06-30": 134.245, "2017-03-31": "73.49800", "2016-12-31": 303.932, "2016-09-30": 192.244, "2016-06-30": 89.419, "2016-03-31": "122.62300", "2015-12-31": 230.132, "2015-09-30": 326.04, "2015-06-30": 131.009, "2015-03-31": "67.40300", "2014-12-31": 290.842, "2014-09-30": 159.771, "2014-06-30": 106.227, "2014-03-31": "51.49400", "2013-12-31": 167.674, "2013-09-30": 125.299, "2013-06-30": 96.402, "2013-03-31": "-13.69000", "2012-12-31": 102.329, "2012-09-30": 69.929, "2012-06-30": 77.136, "2012-03-31": "-113.93400", "2011-12-31": 209.108, "2011-09-30": 68.063, "2011-06-30": 11.248, "2011-03-31": "-8.79400", "2010-12-31": 32.898, "2010-09-30": 54.374, "2010-06-30": 9.685, "2010-03-31": "42.79300", "2009-12-31": 120.71, "2008-12-31": 58.08}, "Net Change In Property, Plant, And Equipment": {"2020-12-31": -23.406, "2020-09-30": -18.149, "2020-06-30": -18.613, "2020-03-31": "-18.25700", "2019-12-31": -26.489, "2019-09-30": -16.706, "2019-06-30": -17.469, "2019-03-31": "-14.50600", "2018-12-31": -25.075, "2018-09-30": -21.698, "2018-06-30": -19.4, "2018-03-31": "-15.21400", "2017-12-31": -20.634, "2017-09-30": -16.859, "2017-06-30": -17.804, "2017-03-31": "-14.79600", "2016-12-31": -17.134, "2016-09-30": -17.12, "2016-06-30": -13.018, "2016-03-31": "-11.73900", "2015-12-31": -12.349, "2015-09-30": -13.292, "2015-06-30": -8.129, "2015-03-31": "-8.10500", "2014-12-31": -8.791, "2014-09-30": -6.727, "2014-06-30": -5.968, "2014-03-31": "-5.58400", "2013-12-31": -5.437, "2013-09-30": -5.24, "2013-06-30": -5.346, "2013-03-31": "-4.76200", "2012-12-31": -5.477, "2012-09-30": -5.203, "2012-06-30": -4.868, "2012-03-31": "-3.56300", "2011-12-31": -5.046, "2011-09-30": -2.492, "2011-06-30": -3.322, "2011-03-31": "-2.59400", "2010-12-31": -4.116, "2010-09-30": -2.097, "2010-06-30": -2.833, "2010-03-31": "-2.14400", "2009-12-31": -2.59, "2008-12-31": -7.08}, "Net Change In Intangible Assets": {"2020-12-31": 0, "2020-09-30": 0, "2020-06-30": 0, "2020-03-31": "", "2019-12-31": 0, "2019-09-30": 0, "2019-06-30": 0, "2019-03-31": "", "2018-12-31": 0, "2018-09-30": 0, "2018-06-30": 0, "2018-03-31": "", "2017-12-31": 0, "2017-09-30": 0, "2017-06-30": 0, "2017-03-31": "", "2016-12-31": 0, "2016-09-30": 0, "2016-06-30": 0, "2016-03-31": "", "2015-12-31": 0, "2015-09-30": 0, "2015-06-30": 0, "2015-03-31": "", "2014-12-31": 0, "2014-09-30": 0, "2014-06-30": 0, "2014-03-31": "", "2013-12-31": 0, "2013-09-30": 0, "2013-06-30": 0, "2013-03-31": "", "2012-12-31": 0, "2012-09-30": 0, "2012-06-30": 0, "2012-03-31": "", "2011-12-31": 0, "2011-09-30": 0, "2011-06-30": 0, "2011-03-31": "", "2010-12-31": 0, "2010-09-30": 0, "2010-06-30": 0, "2010-03-31": "", "2009-12-31": 0, "2008-12-31": 0}, "Net Acquisitions/Divestitures": {"2020-12-31": 44.733, "2020-09-30": -72.065, "2020-06-30": -0.025, "2020-03-31": "-0.46700", "2019-12-31": -113.417, "2019-09-30": -83.934, "2019-06-30": -250.926, "2019-03-31": "", "2018-12-31": 81.691, "2018-09-30": 0.012, "2018-06-30": 0.064, "2018-03-31": "-3.87500", "2017-12-31": -102.959, "2017-09-30": -282.217, "2017-06-30": -3.58, "2017-03-31": "", "2016-12-31": -0.906, "2016-09-30": -1325.78, "2016-06-30": -1.207, "2016-03-31": "-4.09200", "2015-12-31": -39.83, "2015-09-30": -1.285, "2015-06-30": -7.103, "2015-03-31": "-0.85100", "2014-12-31": -2133.859, "2014-09-30": -72.069, "2014-06-30": -170.558, "2014-03-31": "-19.29200", "2013-12-31": -351.372, "2013-09-30": -220.015, "2013-06-30": -62.183, "2013-03-31": "-94.77300", "2012-12-31": -0.628, "2012-09-30": -154.329, "2012-06-30": -35.48, "2012-03-31": "-0.01000", "2011-12-31": -311.83, "2011-09-30": -21.148, "2011-06-30": -0.785, "2011-03-31": "", "2010-12-31": -3.804, "2010-09-30": 0.62, "2010-06-30": -6.836, "2010-03-31": "", "2009-12-31": -175.17, "2008-12-31": -55.92}, "Net Change In Short-term Investments": {"2020-12-31": 0, "2020-09-30": 0, "2020-06-30": 0, "2020-03-31": "", "2019-12-31": 0, "2019-09-30": 0, "2019-06-30": 0, "2019-03-31": "", "2018-12-31": 0, "2018-09-30": 0, "2018-06-30": 0, "2018-03-31": "", "2017-12-31": 0, "2017-09-30": 0, "2017-06-30": 0, "2017-03-31": "", "2016-12-31": 0, "2016-09-30": 0, "2016-06-30": 0, "2016-03-31": "", "2015-12-31": 0, "2015-09-30": 0, "2015-06-30": 0, "2015-03-31": "", "2014-12-31": 0, "2014-09-30": 0, "2014-06-30": 0, "2014-03-31": "", "2013-12-31": 0, "2013-09-30": 0, "2013-06-30": 0, "2013-03-31": "", "2012-12-31": 0, "2012-09-30": 0, "2012-06-30": 0, "2012-03-31": "", "2011-12-31": 0, "2011-09-30": 0, "2011-06-30": 0, "2011-03-31": "", "2010-12-31": 0, "2010-09-30": 0, "2010-06-30": 0, "2010-03-31": "", "2009-12-31": 0, "2008-12-31": 0}, "Net Change In Long-Term Investments": {"2020-12-31": -52.963, "2020-09-30": 52.963, "2020-06-30": 0, "2020-03-31": "", "2019-12-31": 0, "2019-09-30": 0, "2019-06-30": 0, "2019-03-31": "", "2018-12-31": 0, "2018-09-30": 0, "2018-06-30": 0, "2018-03-31": "", "2017-12-31": 0, "2017-09-30": 0, "2017-06-30": 0, "2017-03-31": "", "2016-12-31": 0, "2016-09-30": 0, "2016-06-30": 0, "2016-03-31": "", "2015-12-31": 0, "2015-09-30": 0, "2015-06-30": 0, "2015-03-31": "", "2014-12-31": 0, "2014-09-30": 0, "2014-06-30": 0, "2014-03-31": "", "2013-12-31": 0, "2013-09-30": 0, "2013-06-30": 0, "2013-03-31": "", "2012-12-31": 0, "2012-09-30": 0, "2012-06-30": 0, "2012-03-31": "", "2011-12-31": 0, "2011-09-30": 0, "2011-06-30": 0, "2011-03-31": "", "2010-12-31": 0, "2010-09-30": 0, "2010-06-30": 0, "2010-03-31": "", "2009-12-31": 0, "2008-12-31": 0}, "Net Change In Investments - Total": {"2020-12-31": -52.963, "2020-09-30": 52.963, "2020-06-30": 0, "2020-03-31": "", "2019-12-31": 0, "2019-09-30": 0, "2019-06-30": 0, "2019-03-31": "", "2018-12-31": 0, "2018-09-30": 0, "2018-06-30": 0, "2018-03-31": "", "2017-12-31": 0, "2017-09-30": 0, "2017-06-30": 0, "2017-03-31": "", "2016-12-31": 0, "2016-09-30": 0, "2016-06-30": 0, "2016-03-31": "", "2015-12-31": 0, "2015-09-30": 0, "2015-06-30": 0, "2015-03-31": "", "2014-12-31": 0, "2014-09-30": 0, "2014-06-30": 0, "2014-03-31": "", "2013-12-31": 0, "2013-09-30": 0, "2013-06-30": 0, "2013-03-31": "", "2012-12-31": 0, "2012-09-30": 0, "2012-06-30": 0, "2012-03-31": "", "2011-12-31": 0, "2011-09-30": 0, "2011-06-30": 0, "2011-03-31": "", "2010-12-31": 0, "2010-09-30": 0, "2010-06-30": 0, "2010-03-31": "", "2009-12-31": 0, "2008-12-31": 0}, "Investing Activities - Other": {"2020-12-31": 0, "2020-09-30": 0, "2020-06-30": 0, "2020-03-31": "", "2019-12-31": -0.255, "2019-09-30": 0, "2019-06-30": 0, "2019-03-31": "", "2018-12-31": -11.583, "2018-09-30": 0, "2018-06-30": -7.55, "2018-03-31": "-3.64200", "2017-12-31": -32.626, "2017-09-30": 0, "2017-06-30": 0, "2017-03-31": "-6.32700", "2016-12-31": 0, "2016-09-30": 9.279, "2016-06-30": -2.954, "2016-03-31": "-4.91400", "2015-12-31": -0.688, "2015-09-30": -7.782, "2015-06-30": 0, "2015-03-31": "", "2014-12-31": -171.239, "2014-09-30": 0, "2014-06-30": 0, "2014-03-31": "", "2013-12-31": 0, "2013-09-30": 0, "2013-06-30": 0, "2013-03-31": "", "2012-12-31": 0, "2012-09-30": 0, "2012-06-30": 0, "2012-03-31": "", "2011-12-31": 0, "2011-09-30": 0, "2011-06-30": 0, "2011-03-31": "", "2010-12-31": 0, "2010-09-30": 0, "2010-06-30": 0, "2010-03-31": "", "2009-12-31": 0, "2008-12-31": 0}, "Cash Flow From Investing Activities": {"2020-12-31": -31.636, "2020-09-30": -37.251, "2020-06-30": -18.638, "2020-03-31": "-18.72400", "2019-12-31": -140.161, "2019-09-30": -100.64, "2019-06-30": -268.395, "2019-03-31": "-14.50600", "2018-12-31": 45.033, "2018-09-30": -21.686, "2018-06-30": -26.886, "2018-03-31": "-22.73100", "2017-12-31": -156.219, "2017-09-30": -299.076, "2017-06-30": -21.384, "2017-03-31": "-21.12300", "2016-12-31": -18.04, "2016-09-30": -1333.621, "2016-06-30": -17.179, "2016-03-31": "-20.74500", "2015-12-31": -52.867, "2015-09-30": -22.359, "2015-06-30": -15.232, "2015-03-31": "-8.95600", "2014-12-31": -2313.889, "2014-09-30": -78.796, "2014-06-30": -176.526, "2014-03-31": "-24.87600", "2013-12-31": -356.809, "2013-09-30": -225.255, "2013-06-30": -67.529, "2013-03-31": "-99.53500", "2012-12-31": -6.105, "2012-09-30": -159.532, "2012-06-30": -40.348, "2012-03-31": "-3.57300", "2011-12-31": -316.876, "2011-09-30": -23.64, "2011-06-30": -4.107, "2011-03-31": "-2.59400", "2010-12-31": -7.92, "2010-09-30": -1.477, "2010-06-30": -9.669, "2010-03-31": "-2.14400", "2009-12-31": -177.76, "2008-12-31": -63.01}, "Net Long-Term Debt": {"2020-12-31": -312.161, "2020-09-30": 275.786, "2020-06-30": -206.188, "2020-03-31": "-203.69500", "2019-12-31": 43.786, "2019-09-30": 579.562, "2019-06-30": -0.437, "2019-03-31": "23.56200", "2018-12-31": -76.375, "2018-09-30": -42.5, "2018-06-30": 75.5, "2018-03-31": "-16.50000", "2017-12-31": -17.5, "2017-09-30": 511.725, "2017-06-30": 31.638, "2017-03-31": "51.63700", "2016-12-31": -98.375, "2016-09-30": 509.625, "2016-06-30": 136.125, "2016-03-31": "-88.87500", "2015-12-31": -76.875, "2015-09-30": -124.875, "2015-06-30": 59.125, "2015-03-31": "-21.87500", "2014-12-31": 2023.091, "2014-09-30": 14.384, "2014-06-30": 24.025, "2014-03-31": "37.62500", "2013-12-31": -51.875, "2013-09-30": -14.875, "2013-06-30": 10.125, "2013-03-31": "79.50000", "2012-12-31": 186.078, "2012-09-30": 14.008, "2012-06-30": -19.75, "2012-03-31": "57.25000", "2011-12-31": 126.25, "2011-09-30": -15.75, "2011-06-30": -21.736, "2011-03-31": "8.27100", "2010-12-31": -30.034, "2010-09-30": -25.752, "2010-06-30": -8.217, "2010-03-31": "-34.63100", "2009-12-31": 0, "2008-12-31": 0}, "Net Current Debt": {"2020-12-31": -144.939, "2020-09-30": 47.513, "2020-06-30": -503.322, "2020-03-31": "346.29900", "2019-12-31": 596.9679, "2019-09-30": -797.692, "2019-06-30": 95.486, "2019-03-31": "-322.60600", "2018-12-31": 429.2231, "2018-09-30": -227.6491, "2018-06-30": 201.626, "2018-03-31": "-14.08400", "2017-12-31": -3.4001, "2017-09-30": 163.648, "2017-06-30": -67.346, "2017-03-31": "-48.31000", "2016-12-31": 25.509, "2016-09-30": 589.355, "2016-06-30": -80, "2016-03-31": "-70.00000", "2015-12-31": -74.945, "2015-09-30": -145.042, "2015-06-30": -177.506, "2015-03-31": "-89.87100", "2014-12-31": 227.7751, "2014-09-30": -120.53, "2014-06-30": 52.527, "2014-03-31": "-138.38900", "2013-12-31": 396.3491, "2013-09-30": 135.887, "2013-06-30": 23.074, "2013-03-31": "-25.00000", "2012-12-31": -107.874, "2012-09-30": 94.138, "2012-06-30": -52.098, "2012-03-31": "38.96000", "2011-12-31": 125, "2011-09-30": 0, "2011-06-30": 0, "2011-03-31": "", "2010-12-31": 0, "2010-09-30": 0, "2010-06-30": 0, "2010-03-31": "", "2009-12-31": 0, "2008-12-31": 0}, "Debt Issuance/Retirement Net - Total": {"2020-12-31": -457.1, "2020-09-30": 323.299, "2020-06-30": -709.5099, "2020-03-31": "142.60390", "2019-12-31": 640.7539, "2019-09-30": -218.13, "2019-06-30": 95.049, "2019-03-31": "-299.04400", "2018-12-31": 352.8481, "2018-09-30": -270.1491, "2018-06-30": 277.126, "2018-03-31": "-30.58400", "2017-12-31": -20.9001, "2017-09-30": 675.373, "2017-06-30": -35.708, "2017-03-31": "3.32700", "2016-12-31": -72.866, "2016-09-30": 1098.98, "2016-06-30": 56.125, "2016-03-31": "-158.87500", "2015-12-31": -151.82, "2015-09-30": -269.917, "2015-06-30": -118.381, "2015-03-31": "-111.74600", "2014-12-31": 2250.866, "2014-09-30": -106.146, "2014-06-30": 76.552, "2014-03-31": "-100.76400", "2013-12-31": 344.4741, "2013-09-30": 121.012, "2013-06-30": 33.199, "2013-03-31": "54.50000", "2012-12-31": 78.204, "2012-09-30": 108.146, "2012-06-30": -71.848, "2012-03-31": "96.21000", "2011-12-31": 251.25, "2011-09-30": -15.75, "2011-06-30": -21.736, "2011-03-31": "8.27100", "2010-12-31": 43.95, "2010-09-30": -25.752, "2010-06-30": -8.217, "2010-03-31": "-34.63100", "2009-12-31": -36.7, "2008-12-31": 14.98}, "Net Common Equity Issued/Repurchased": {"2020-12-31": -20.484, "2020-09-30": -228.245, "2020-06-30": -7.421, "2020-03-31": "-456.96300", "2019-12-31": -584.249, "2019-09-30": 5.339, "2019-06-30": 26.453, "2019-03-31": "26.47300", "2018-12-31": -570.687, "2018-09-30": 18.824, "2018-06-30": -282.836, "2018-03-31": "-68.31700", "2017-12-31": 24.497, "2017-09-30": -346.239, "2017-06-30": -51.191, "2017-03-31": "15.23000", "2016-12-31": -149.575, "2016-09-30": 1.201, "2016-06-30": -18.46, "2016-03-31": "0.38700", "2015-12-31": 5.949, "2015-09-30": 6.872, "2015-06-30": 4.534, "2015-03-31": "2.57100", "2014-12-31": 7.719, "2014-09-30": 13.645, "2014-06-30": 3.765, "2014-03-31": "4.51200", "2013-12-31": 7.638, "2013-09-30": 10.289, "2013-06-30": 7.255, "2013-03-31": "5.25600", "2012-12-31": -194.204, "2012-09-30": 9.807, "2012-06-30": 3.847, "2012-03-31": "7.73700", "2011-12-31": 3.411, "2011-09-30": 4.211, "2011-06-30": 0.371, "2011-03-31": "0.48400", "2010-12-31": 9.618, "2010-09-30": 0.026, "2010-06-30": 0.133, "2010-03-31": "0.32100", "2009-12-31": 0, "2008-12-31": 0}, "Net Total Equity Issued/Repurchased": {"2020-12-31": -20.484, "2020-09-30": -228.245, "2020-06-30": -7.421, "2020-03-31": "-456.96300", "2019-12-31": -584.249, "2019-09-30": 5.339, "2019-06-30": 26.453, "2019-03-31": "26.47300", "2018-12-31": -570.687, "2018-09-30": 18.824, "2018-06-30": -282.836, "2018-03-31": "-68.31700", "2017-12-31": 24.497, "2017-09-30": -346.239, "2017-06-30": -51.191, "2017-03-31": "15.23000", "2016-12-31": -149.575, "2016-09-30": 1.201, "2016-06-30": -18.46, "2016-03-31": "0.38700", "2015-12-31": 5.949, "2015-09-30": 6.872, "2015-06-30": 4.534, "2015-03-31": "2.57100", "2014-12-31": 7.719, "2014-09-30": 13.645, "2014-06-30": 3.765, "2014-03-31": "4.51200", "2013-12-31": 7.638, "2013-09-30": 10.289, "2013-06-30": 7.255, "2013-03-31": "5.25600", "2012-12-31": -194.204, "2012-09-30": 9.807, "2012-06-30": 3.847, "2012-03-31": "7.73700", "2011-12-31": 3.411, "2011-09-30": 4.211, "2011-06-30": 0.371, "2011-03-31": "0.48400", "2010-12-31": 9.61, "2010-09-30": 0.026, "2010-06-30": 0.133, "2010-03-31": "0.32100", "2009-12-31": 93.2, "2008-12-31": 0.76}, "Total Common And Preferred Stock Dividends Paid": {"2020-12-31": 0, "2020-09-30": 0, "2020-06-30": 0, "2020-03-31": "", "2019-12-31": 0, "2019-09-30": 0, "2019-06-30": 0, "2019-03-31": "", "2018-12-31": 0, "2018-09-30": 0, "2018-06-30": 0, "2018-03-31": "", "2017-12-31": 0, "2017-09-30": 0, "2017-06-30": 0, "2017-03-31": "", "2016-12-31": 0, "2016-09-30": 0, "2016-06-30": 0, "2016-03-31": "", "2015-12-31": 0, "2015-09-30": 0, "2015-06-30": 0, "2015-03-31": "", "2014-12-31": 0, "2014-09-30": 0, "2014-06-30": 0, "2014-03-31": "", "2013-12-31": 0, "2013-09-30": 0, "2013-06-30": 0, "2013-03-31": "", "2012-12-31": 0, "2012-09-30": 0, "2012-06-30": 0, "2012-03-31": "", "2011-12-31": 0, "2011-09-30": 0, "2011-06-30": 0, "2011-03-31": "", "2010-12-31": -7.63, "2010-09-30": 0, "2010-06-30": 0, "2010-03-31": "", "2009-12-31": 0, "2008-12-31": 0}, "Financial Activities - Other": {"2020-12-31": 282.71, "2020-09-30": -284.548, "2020-06-30": -1.051, "2020-03-31": "-0.09200", "2019-12-31": -106.206, "2019-09-30": 103.867, "2019-06-30": -0.13, "2019-03-31": "-0.34700", "2018-12-31": -3.644, "2018-09-30": -0.247, "2018-06-30": -0.057, "2018-03-31": "-0.09200", "2017-12-31": -1.758, "2017-09-30": -11.23, "2017-06-30": 0, "2017-03-31": "0.53700", "2016-12-31": -0.003, "2016-09-30": -2.279, "2016-06-30": -0.647, "2016-03-31": "-0.01900", "2015-12-31": 0.07, "2015-09-30": 14.117, "2015-06-30": 3.152, "2015-03-31": "-33.46600", "2014-12-31": -40.127, "2014-09-30": 34.526, "2014-06-30": 2.358, "2014-03-31": "15.35900", "2013-12-31": -169.992, "2013-09-30": 12.22, "2013-06-30": 6.039, "2013-03-31": "3.83500", "2012-12-31": 1.837, "2012-09-30": 8.297, "2012-06-30": 5.753, "2012-03-31": "8.20200", "2011-12-31": 5.557, "2011-09-30": 6.246, "2011-06-30": -6.331, "2011-03-31": "0.23700", "2010-12-31": -63.283, "2010-09-30": 0, "2010-06-30": 0, "2010-03-31": "-1.06700", "2009-12-31": 0.81, "2008-12-31": -0.81}, "Cash Flow From Financial Activities": {"2020-12-31": -194.874, "2020-09-30": -189.494, "2020-06-30": -717.982, "2020-03-31": "-314.45100", "2019-12-31": -49.701, "2019-09-30": -108.924, "2019-06-30": 121.372, "2019-03-31": "-272.91800", "2018-12-31": -221.483, "2018-09-30": -251.572, "2018-06-30": -5.767, "2018-03-31": "-98.99300", "2017-12-31": 1.839, "2017-09-30": 317.904, "2017-06-30": -86.899, "2017-03-31": "19.09400", "2016-12-31": -222.444, "2016-09-30": 1097.902, "2016-06-30": 37.018, "2016-03-31": "-158.50700", "2015-12-31": -145.801, "2015-09-30": -248.928, "2015-06-30": -110.695, "2015-03-31": "-142.64100", "2014-12-31": 2218.458, "2014-09-30": -57.975, "2014-06-30": 82.675, "2014-03-31": "-80.89300", "2013-12-31": 182.12, "2013-09-30": 143.521, "2013-06-30": 46.493, "2013-03-31": "63.59100", "2012-12-31": -114.163, "2012-09-30": 126.25, "2012-06-30": -62.248, "2012-03-31": "112.14900", "2011-12-31": 260.218, "2011-09-30": -5.293, "2011-06-30": -27.696, "2011-03-31": "8.99200", "2010-12-31": -17.353, "2010-09-30": -25.726, "2010-06-30": -8.084, "2010-03-31": "-35.37700", "2009-12-31": 57.3, "2008-12-31": 14.93}, "Net Cash Flow": {"2020-12-31": 105.759, "2020-09-30": 179.514, "2020-06-30": -360.89, "2020-03-31": "-123.00100", "2019-12-31": 209.36, "2019-09-30": -22.749, "2019-06-30": 116.055, "2019-03-31": "7.67800", "2018-12-31": 176.343, "2018-09-30": 3.112, "2018-06-30": -37.063, "2018-03-31": "91.63100", "2017-12-31": 112.599, "2017-09-30": 252.654, "2017-06-30": 30.624, "2017-03-31": "91.22300", "2016-12-31": 70.843, "2016-09-30": -87.65, "2016-06-30": 93.767, "2016-03-31": "-47.83400", "2015-12-31": 24.762, "2015-09-30": 38.215, "2015-06-30": 4.782, "2015-03-31": "-97.67600", "2014-12-31": 172.96, "2014-09-30": 6.467, "2014-06-30": 14.268, "2014-03-31": "-54.73100", "2013-12-31": -7.584, "2013-09-30": 52.784, "2013-06-30": 68.292, "2013-03-31": "-59.03600", "2012-12-31": -16.412, "2012-09-30": 44.482, "2012-06-30": -31.54, "2012-03-31": "1.96000", "2011-12-31": 147.875, "2011-09-30": 36.084, "2011-06-30": -18.579, "2011-03-31": "4.97500", "2010-12-31": 4.028, "2010-09-30": 38.644, "2010-06-30": -14.228, "2010-03-31": "1.65600", "2009-12-31": 12.85, "2008-12-31": 1.49}, "Stock-Based Compensation": {"2020-12-31": 8.315, "2020-09-30": 11.905, "2020-06-30": 8.989, "2020-03-31": "14.17500", "2019-12-31": 14.833, "2019-09-30": 15.273, "2019-06-30": 18.306, "2019-03-31": "12.54100", "2018-12-31": 15.732, "2018-09-30": 20.702, "2018-06-30": 19.102, "2018-03-31": "14.40300", "2017-12-31": 24.4, "2017-09-30": 24.654, "2017-06-30": 21.15, "2017-03-31": "23.09300", "2016-12-31": 13.921, "2016-09-30": 17.405, "2016-06-30": 17.434, "2016-03-31": "15.18600", "2015-12-31": 45.735, "2015-09-30": 13.887, "2015-06-30": 13.549, "2015-03-31": "16.95100", "2014-12-31": 11.357, "2014-09-30": 7.993, "2014-06-30": 7.687, "2014-03-31": "10.61200", "2013-12-31": 14.235, "2013-09-30": 4.382, "2013-06-30": 3.897, "2013-03-31": "4.16200", "2012-12-31": 4.988, "2012-09-30": 6.494, "2012-06-30": 3.959, "2012-03-31": "3.83400", "2011-12-31": 6.121, "2011-09-30": 3.639, "2011-06-30": 7.842, "2011-03-31": "4.14100", "2010-12-31": 24.302, "2010-09-30": 0.715, "2010-06-30": 0.885, "2010-03-31": "0.85300", "2009-12-31": 0, "2008-12-31": 0}, "Common Stock Dividends Paid": {"2020-12-31": 0, "2020-09-30": 0, "2020-06-30": 0, "2020-03-31": "", "2019-12-31": 0, "2019-09-30": 0, "2019-06-30": 0, "2019-03-31": "", "2018-12-31": 0, "2018-09-30": 0, "2018-06-30": 0, "2018-03-31": "", "2017-12-31": 0, "2017-09-30": 0, "2017-06-30": 0, "2017-03-31": "", "2016-12-31": 0, "2016-09-30": 0, "2016-06-30": 0, "2016-03-31": "", "2015-12-31": 0, "2015-09-30": 0, "2015-06-30": 0, "2015-03-31": "", "2014-12-31": 0, "2014-09-30": 0, "2014-06-30": 0, "2014-03-31": "", "2013-12-31": 0, "2013-09-30": 0, "2013-06-30": 0, "2013-03-31": "", "2012-12-31": 0, "2012-09-30": 0, "2012-06-30": 0, "2012-03-31": "", "2011-12-31": 0, "2011-09-30": 0, "2011-06-30": 0, "2011-03-31": "", "2010-12-31": 0, "2010-09-30": 0, "2010-06-30": 0, "2010-03-31": "", "2009-12-31": 0, "2008-12-31": 0}}, "financial ratios": {"Current Ratio": {"2019-12-31": "1.03480", "2018-12-31": "0.86220", "2017-12-31": "0.86670", "2016-12-31": "0.76680", "2015-12-31": "0.86520", "2014-12-31": "0.73790", "2013-12-31": "0.70910", "2012-12-31": "1.04650", "2011-12-31": "0.99800", "2010-12-31": "1.34230", "2009-12-31": "1.08260", "2008-12-31": "1.32550", "2007-12-31": ""}, "Long-term Debt / Capital": {"2019-12-31": "0.46990", "2018-12-31": "0.45140", "2017-12-31": "0.44110", "2016-12-31": "0.44980", "2015-12-31": "0.42130", "2014-12-31": "0.45300", "2013-12-31": "0.27630", "2012-12-31": "0.34680", "2011-12-31": "0.25550", "2010-12-31": "0.33390", "2009-12-31": "0.40960", "2008-12-31": "0.56860", "2007-12-31": ""}, "Debt/Equity Ratio": {"2019-12-31": "1.09540", "2018-12-31": "1.17750", "2017-12-31": "1.00850", "2016-12-31": "1.05940", "2015-12-31": "0.82010", "2014-12-31": "1.11460", "2013-12-31": "0.91440", "2012-12-31": "0.68620", "2011-12-31": "0.52290", "2010-12-31": "0.51990", "2009-12-31": "0.74160", "2008-12-31": "1.35670", "2007-12-31": ""}, "Gross Margin": {"2019-12-31": "100.00000", "2018-12-31": "100.00000", "2017-12-31": "94.97080", "2016-12-31": "94.30290", "2015-12-31": "93.64270", "2014-12-31": "91.97480", "2013-12-31": "92.38770", "2012-12-31": "91.72150", "2011-12-31": "90.14630", "2010-12-31": "88.69400", "2009-12-31": "88.78510", "2008-12-31": "88.70000", "2007-12-31": "85.09650"}, "Operating Margin": {"2019-12-31": "46.48930", "2018-12-31": "44.82030", "2017-12-31": "39.28630", "2016-12-31": "41.17580", "2015-12-31": "39.20060", "2014-12-31": "47.14470", "2013-12-31": "46.98900", "2012-12-31": "45.92400", "2011-12-31": "43.56000", "2010-12-31": "39.29850", "2009-12-31": "41.24710", "2008-12-31": "44.70130", "2007-12-31": "40.04910"}, "EBIT Margin": {"2019-12-31": "46.48930", "2018-12-31": "44.82030", "2017-12-31": "39.28630", "2016-12-31": "41.17580", "2015-12-31": "39.20060", "2014-12-31": "47.14470", "2013-12-31": "46.98900", "2012-12-31": "45.92400", "2011-12-31": "43.56000", "2010-12-31": "39.29850", "2009-12-31": "41.24710", "2008-12-31": "44.70130", "2007-12-31": "40.04910"}, "EBITDA Margin": {"2019-12-31": "57.03410", "2018-12-31": "56.32440", "2017-12-31": "51.35600", "2016-12-31": "52.68720", "2015-12-31": "50.97500", "2014-12-31": "56.59130", "2013-12-31": "55.11450", "2012-12-31": "53.27860", "2011-12-31": "50.52150", "2010-12-31": "47.07670", "2009-12-31": "49.33790", "2008-12-31": "52.68830", "2007-12-31": "47.73290"}, "Pre-Tax Profit Margin": {"2019-12-31": "40.69010", "2018-12-31": "45.00220", "2017-12-31": "39.72330", "2016-12-31": "35.10250", "2015-12-31": "31.47660", "2014-12-31": "42.76700", "2013-12-31": "45.08290", "2012-12-31": "43.92580", "2011-12-31": "40.58520", "2010-12-31": "34.86990", "2009-12-31": "36.60690", "2008-12-31": "39.49150", "2007-12-31": "33.16460"}, "Net Profit Margin": {"2019-12-31": "33.79100", "2018-12-31": "33.34640", "2017-12-31": "32.90450", "2016-12-31": "24.69960", "2015-12-31": "21.28360", "2014-12-31": "30.74120", "2013-12-31": "31.78180", "2012-12-31": "30.55670", "2011-12-31": "28.35600", "2010-12-31": "24.52700", "2009-12-31": "20.69150", "2008-12-31": "25.19400", "2007-12-31": "19.22670"}, "Asset Turnover": {"2019-12-31": "0.21630", "2018-12-31": "0.21720", "2017-12-31": "0.19880", "2016-12-31": "0.19030", "2015-12-31": "0.21580", "2014-12-31": "0.14070", "2013-12-31": "0.22760", "2012-12-31": "0.25990", "2011-12-31": "0.22120", "2010-12-31": "0.29230", "2009-12-31": "0.29270", "2008-12-31": "0.36710", "2007-12-31": ""}, "Inventory Turnover Ratio": {"2019-12-31": "", "2018-12-31": "", "2017-12-31": "", "2016-12-31": "", "2015-12-31": "", "2014-12-31": "", "2013-12-31": "", "2012-12-31": "", "2011-12-31": "", "2010-12-31": "", "2009-12-31": "", "2008-12-31": "", "2007-12-31": ""}, "Receiveable Turnover": {"2019-12-31": "1.04290", "2018-12-31": "1.05260", "2017-12-31": "1.00830", "2016-12-31": "1.02150", "2015-12-31": "1.35910", "2014-12-31": "0.88920", "2013-12-31": "0.97050", "2012-12-31": "0.85920", "2011-12-31": "0.68210", "2010-12-31": "1.07340", "2009-12-31": "2.16610", "2008-12-31": "2.15850", "2007-12-31": ""}, "Days Sales In Receivables": {"2019-12-31": "349.99220", "2018-12-31": "346.74960", "2017-12-31": "361.99390", "2016-12-31": "357.32010", "2015-12-31": "268.56400", "2014-12-31": "410.46770", "2013-12-31": "376.08250", "2012-12-31": "424.79360", "2011-12-31": "535.13960", "2010-12-31": "340.03130", "2009-12-31": "168.50560", "2008-12-31": "169.10140", "2007-12-31": ""}, "ROE - Return On Equity": {"2019-12-31": "24.11550", "2018-12-31": "24.29460", "2017-12-31": "20.13320", "2016-12-31": "14.66860", "2015-12-31": "12.80650", "2014-12-31": "14.08050", "2013-12-31": "22.87180", "2012-12-31": "23.65880", "2011-12-31": "18.15730", "2010-12-31": "17.23730", "2009-12-31": "62.10260", "2008-12-31": "161.06290", "2007-12-31": ""}, "Return On Tangible Equity": {"2019-12-31": "-25.84440", "2018-12-31": "-22.48000", "2017-12-31": "-19.66390", "2016-12-31": "-12.01760", "2015-12-31": "-12.49940", "2014-12-31": "-10.59240", "2013-12-31": "-24.10830", "2012-12-31": "-45.35790", "2011-12-31": "-43.99280", "2010-12-31": "-63.62470", "2009-12-31": "-28.38610", "2008-12-31": "-39.59460", "2007-12-31": ""}, "ROA - Return On Assets": {"2019-12-31": "7.30760", "2018-12-31": "7.24380", "2017-12-31": "6.53980", "2016-12-31": "4.69930", "2015-12-31": "4.59370", "2014-12-31": "4.32520", "2013-12-31": "7.23510", "2012-12-31": "7.94300", "2011-12-31": "6.27180", "2010-12-31": "7.27000", "2009-12-31": "7.36240", "2008-12-31": "10.47100", "2007-12-31": ""}, "ROI - Return On Investment": {"2019-12-31": "12.78390", "2018-12-31": "13.32790", "2017-12-31": "11.25160", "2016-12-31": "8.07000", "2015-12-31": "7.41180", "2014-12-31": "7.70140", "2013-12-31": "16.55200", "2012-12-31": "15.45340", "2011-12-31": "13.51870", "2010-12-31": "11.48150", "2009-12-31": "11.09020", "2008-12-31": "15.35750", "2007-12-31": ""}, "Book Value Per Share": {"2019-12-31": "43.49110", "2018-12-31": "38.90940", "2017-12-31": "40.93940", "2016-12-31": "33.58170", "2015-12-31": "30.63620", "2014-12-31": "28.56760", "2013-12-31": "15.08260", "2012-12-31": "11.27650", "2011-12-31": "9.91250", "2010-12-31": "7.85820", "2009-12-31": "13.93240", "2008-12-31": "8.14300", "2007-12-31": ""}, "Operating Cash Flow Per Share": {"2019-12-31": 3.0986, "2018-12-31": 2.5373, "2017-12-31": -0.1723, "2016-12-31": -0.5773, "2015-12-31": 1.0218, "2014-12-31": 2.556, "2013-12-31": 2.8578, "2012-12-31": -1.7626, "2011-12-31": 1.6119, "2010-12-31": -0.5367, "2009-12-31": 1.4596, "2008-12-31": 0.0277, "2007-12-31": 0.7801}, "Free Cash Flow Per Share": {"2019-12-31": 3.1472, "2018-12-31": 2.403, "2017-12-31": -0.3014, "2016-12-31": -0.7523, "2015-12-31": 0.8882, "2014-12-31": 2.4903, "2013-12-31": 2.8352, "2012-12-31": -1.8247, "2011-12-31": 1.5897, "2010-12-31": -0.5525, "2009-12-31": 1.4354, "2008-12-31": 0.0281, "2007-12-31": 0.6811}}, "financial ratios, quarterly": {"Current Ratio": {"2020-09-30": "0.94640", "2020-06-30": "0.95510", "2020-03-31": "0.92580", "2019-12-31": "1.03480", "2019-09-30": "1.11590", "2019-06-30": "0.92360", "2019-03-31": "0.91450", "2018-12-31": "0.86220", "2018-09-30": "0.92160", "2018-06-30": "0.88000", "2018-03-31": "0.90700", "2017-12-31": "0.86670", "2017-09-30": "0.84390", "2017-06-30": "0.84150", "2017-03-31": "0.82330", "2016-12-31": "0.76680", "2016-09-30": "0.77720", "2016-06-30": "0.96660", "2016-03-31": "0.91800", "2015-12-31": "0.86520", "2015-09-30": "0.83300", "2015-06-30": "0.80870", "2015-03-31": "0.76530", "2014-12-31": "0.73790", "2014-09-30": "0.78020", "2014-06-30": "0.75100", "2014-03-31": "0.77030", "2013-12-31": "0.70910", "2013-09-30": "0.93340", "2013-06-30": "1.08090", "2013-03-31": "1.06310", "2012-12-31": "1.04650", "2012-09-30": "0.97240", "2012-06-30": "1.05560", "2012-03-31": "1.02920", "2011-12-31": "0.99800", "2011-09-30": "1.30260", "2011-06-30": "1.39350", "2011-03-31": "1.36690", "2010-12-31": "1.34230", "2010-09-30": "", "2010-06-30": "", "2010-03-31": "", "2009-12-31": "", "2008-12-31": ""}, "Long-term Debt / Capital": {"2020-09-30": "0.51810", "2020-06-30": "0.51910", "2020-03-31": "0.53720", "2019-12-31": "0.46990", "2019-09-30": "0.45890", "2019-06-30": "0.41050", "2019-03-31": "0.43410", "2018-12-31": "0.45140", "2018-09-30": "0.43770", "2018-06-30": "0.45160", "2018-03-31": "0.42450", "2017-12-31": "0.44110", "2017-09-30": "0.46100", "2017-06-30": "0.41290", "2017-03-31": "0.42410", "2016-12-31": "0.44980", "2016-09-30": "0.44540", "2016-06-30": "0.39440", "2016-03-31": "0.40490", "2015-12-31": "0.42130", "2015-09-30": "0.41330", "2015-06-30": "0.42080", "2015-03-31": "0.43490", "2014-12-31": "0.45300", "2014-09-30": "0.21810", "2014-06-30": "0.23380", "2014-03-31": "0.25190", "2013-12-31": "0.27630", "2013-09-30": "0.28980", "2013-06-30": "0.31640", "2013-03-31": "0.33360", "2012-12-31": "0.34680", "2012-09-30": "0.21220", "2012-06-30": "0.23290", "2012-03-31": "0.23740", "2011-12-31": "0.25550", "2011-09-30": "0.26980", "2011-06-30": "0.28580", "2011-03-31": "0.32210", "2010-12-31": "0.33390", "2010-09-30": "", "2010-06-30": "", "2010-03-31": "", "2009-12-31": "", "2008-12-31": ""}, "Debt/Equity Ratio": {"2020-09-30": "1.29510", "2020-06-30": "1.27890", "2020-03-31": "1.55230", "2019-12-31": "1.09540", "2019-09-30": "0.89240", "2019-06-30": "0.94570", "2019-03-31": "1.01210", "2018-12-31": "1.17750", "2018-09-30": "0.99430", "2018-06-30": "1.10760", "2018-03-31": "0.94150", "2017-12-31": "1.00850", "2017-09-30": "1.09100", "2017-06-30": "0.90940", "2017-03-31": "0.95530", "2016-12-31": "1.05940", "2016-09-30": "1.03200", "2016-06-30": "0.68740", "2016-03-31": "0.74440", "2015-12-31": "0.82010", "2015-09-30": "0.81800", "2015-06-30": "0.89250", "2015-03-31": "1.00600", "2014-12-31": "1.11460", "2014-09-30": "0.61660", "2014-06-30": "0.70960", "2014-03-31": "0.72670", "2013-12-31": "0.91440", "2013-09-30": "0.63040", "2013-06-30": "0.60200", "2013-03-31": "0.62500", "2012-12-31": "0.68620", "2012-09-30": "0.49030", "2012-06-30": "0.44150", "2012-03-31": "0.51440", "2011-12-31": "0.52290", "2011-09-30": "0.38950", "2011-06-30": "0.42150", "2011-03-31": "0.49190", "2010-12-31": "0.51990", "2010-09-30": "", "2010-06-30": "", "2010-03-31": "", "2009-12-31": "", "2008-12-31": ""}, "Gross Margin": {"2020-09-30": "100.00000", "2020-06-30": "100.00000", "2020-03-31": "100.00000", "2019-12-31": "100.00000", "2019-09-30": "100.00000", "2019-06-30": "100.00000", "2019-03-31": "100.00000", "2018-12-31": "100.00000", "2018-09-30": "100.00000", "2018-06-30": "100.00000", "2018-03-31": "100.00000", "2017-12-31": "95.00930", "2017-09-30": "95.20880", "2017-06-30": "94.34280", "2017-03-31": "95.31470", "2016-12-31": "95.03060", "2016-09-30": "94.17580", "2016-06-30": "94.66190", "2016-03-31": "93.18480", "2015-12-31": "93.61820", "2015-09-30": "92.97310", "2015-06-30": "94.63060", "2015-03-31": "93.43390", "2014-12-31": "91.16270", "2014-09-30": "91.52880", "2014-06-30": "92.56790", "2014-03-31": "93.05930", "2013-12-31": "93.04000", "2013-09-30": "92.47440", "2013-06-30": "91.14630", "2013-03-31": "92.84230", "2012-12-31": "91.31420", "2012-09-30": "93.08310", "2012-06-30": "89.72700", "2012-03-31": "92.88950", "2011-12-31": "89.51630", "2011-09-30": "90.05540", "2011-06-30": "88.91240", "2011-03-31": "92.54360", "2010-12-31": "91.09600", "2010-09-30": "87.72020", "2010-06-30": "87.21340", "2010-03-31": "88.87830", "2009-12-31": "", "2008-12-31": ""}, "Operating Margin": {"2020-09-30": "45.19730", "2020-06-30": "40.52420", "2020-03-31": "30.40160", "2019-12-31": "45.90140", "2019-09-30": "48.32860", "2019-06-30": "45.94650", "2019-03-31": "45.70030", "2018-12-31": "44.25380", "2018-09-30": "45.36740", "2018-06-30": "45.26320", "2018-03-31": "44.42130", "2017-12-31": "39.34680", "2017-09-30": "40.25720", "2017-06-30": "39.91650", "2017-03-31": "37.48190", "2016-12-31": "41.94070", "2016-09-30": "39.43950", "2016-06-30": "40.95860", "2016-03-31": "42.47430", "2015-12-31": "33.94070", "2015-09-30": "41.74150", "2015-06-30": "41.80650", "2015-03-31": "39.35310", "2014-12-31": "45.82520", "2014-09-30": "48.83690", "2014-06-30": "49.17110", "2014-03-31": "44.95170", "2013-12-31": "41.50670", "2013-09-30": "49.41370", "2013-06-30": "49.38400", "2013-03-31": "48.67160", "2012-12-31": "45.98380", "2012-09-30": "45.91720", "2012-06-30": "47.40310", "2012-03-31": "44.11110", "2011-12-31": "38.69290", "2011-09-30": "45.98880", "2011-06-30": "44.62460", "2011-03-31": "45.48170", "2010-12-31": "22.26900", "2010-09-30": "43.94070", "2010-06-30": "45.36820", "2010-03-31": "45.20070", "2009-12-31": "", "2008-12-31": ""}, "EBIT Margin": {"2020-09-30": "45.19730", "2020-06-30": "40.52420", "2020-03-31": "30.40160", "2019-12-31": "45.90140", "2019-09-30": "48.32860", "2019-06-30": "45.94650", "2019-03-31": "45.70030", "2018-12-31": "44.25380", "2018-09-30": "45.36740", "2018-06-30": "45.26320", "2018-03-31": "44.42130", "2017-12-31": "39.34680", "2017-09-30": "40.25720", "2017-06-30": "39.91650", "2017-03-31": "37.48190", "2016-12-31": "41.94070", "2016-09-30": "39.43950", "2016-06-30": "40.95860", "2016-03-31": "42.47430", "2015-12-31": "33.94070", "2015-09-30": "41.74150", "2015-06-30": "41.80650", "2015-03-31": "39.35310", "2014-12-31": "45.82520", "2014-09-30": "48.83690", "2014-06-30": "49.17110", "2014-03-31": "44.95170", "2013-12-31": "41.50670", "2013-09-30": "49.41370", "2013-06-30": "49.38400", "2013-03-31": "48.67160", "2012-12-31": "45.98380", "2012-09-30": "45.91720", "2012-06-30": "47.40310", "2012-03-31": "44.11110", "2011-12-31": "38.69290", "2011-09-30": "45.98880", "2011-06-30": "44.62460", "2011-03-31": "45.48170", "2010-12-31": "22.26900", "2010-09-30": "43.94070", "2010-06-30": "45.36820", "2010-03-31": "45.20070", "2009-12-31": "", "2008-12-31": ""}, "EBITDA Margin": {"2020-09-30": "", "2020-06-30": "", "2020-03-31": "", "2019-12-31": "", "2019-09-30": "", "2019-06-30": "", "2019-03-31": "", "2018-12-31": "", "2018-09-30": "", "2018-06-30": "", "2018-03-31": "", "2017-12-31": "", "2017-09-30": "", "2017-06-30": "", "2017-03-31": "", "2016-12-31": "", "2016-09-30": "", "2016-06-30": "", "2016-03-31": "", "2015-12-31": "", "2015-09-30": "", "2015-06-30": "", "2015-03-31": "", "2014-12-31": "", "2014-09-30": "", "2014-06-30": "", "2014-03-31": "", "2013-12-31": "", "2013-09-30": "", "2013-06-30": "", "2013-03-31": "", "2012-12-31": "", "2012-09-30": "", "2012-06-30": "", "2012-03-31": "", "2011-12-31": "", "2011-09-30": "", "2011-06-30": "", "2011-03-31": "", "2010-12-31": "", "2010-09-30": "", "2010-06-30": "", "2010-03-31": "", "2009-12-31": "", "2008-12-31": ""}, "Pre-Tax Profit Margin": {"2020-09-30": "40.22160", "2020-06-30": "40.29890", "2020-03-31": "26.06270", "2019-12-31": "42.71990", "2019-09-30": "42.98630", "2019-06-30": "39.75620", "2019-03-31": "36.86580", "2018-12-31": "61.71120", "2018-09-30": "38.34300", "2018-06-30": "39.51810", "2018-03-31": "39.16640", "2017-12-31": "34.15310", "2017-09-30": "56.67330", "2017-06-30": "35.17660", "2017-03-31": "32.15940", "2016-12-31": "29.79980", "2016-09-30": "35.13520", "2016-06-30": "38.84810", "2016-03-31": "37.87750", "2015-12-31": "19.90430", "2015-09-30": "36.62450", "2015-06-30": "35.90930", "2015-03-31": "33.55580", "2014-12-31": "37.24560", "2014-09-30": "46.24510", "2014-06-30": "46.78390", "2014-03-31": "42.58670", "2013-12-31": "39.16890", "2013-09-30": "47.81480", "2013-06-30": "47.68620", "2013-03-31": "46.74030", "2012-12-31": "44.01360", "2012-09-30": "44.18240", "2012-06-30": "45.80140", "2012-03-31": "41.27120", "2011-12-31": "36.23000", "2011-09-30": "44.04270", "2011-06-30": "40.10640", "2011-03-31": "42.48280", "2010-12-31": "18.91180", "2010-09-30": "39.58710", "2010-06-30": "40.50810", "2010-03-31": "40.10670", "2009-12-31": "", "2008-12-31": ""}, "Net Profit Margin": {"2020-09-30": "32.26080", "2020-06-30": "30.17980", "2020-03-31": "22.24500", "2019-12-31": "33.69820", "2019-09-30": "33.15550", "2019-06-30": "40.43480", "2019-03-31": "27.67770", "2018-12-31": "46.93660", "2018-09-30": "25.45150", "2018-06-30": "30.23190", "2018-03-31": "29.87820", "2017-12-31": "46.34450", "2017-09-30": "35.09800", "2017-06-30": "24.20140", "2017-03-31": "23.76730", "2016-12-31": "18.53060", "2016-09-30": "26.75700", "2016-06-30": "27.81800", "2016-03-31": "26.81640", "2015-12-31": "12.26890", "2015-09-30": "25.86310", "2015-06-30": "24.38870", "2015-03-31": "22.62390", "2014-12-31": "29.07910", "2014-09-30": "32.34490", "2014-06-30": "32.37600", "2014-03-31": "29.58120", "2013-12-31": "26.66140", "2013-09-30": "34.91900", "2013-06-30": "33.09610", "2013-03-31": "33.39100", "2012-12-31": "29.64760", "2012-09-30": "31.90890", "2012-06-30": "31.66160", "2012-03-31": "28.78870", "2011-12-31": "26.94850", "2011-09-30": "30.18640", "2011-06-30": "27.35580", "2011-03-31": "29.12930", "2010-12-31": "16.43780", "2010-09-30": "25.85550", "2010-06-30": "22.63520", "2010-03-31": "22.00050", "2009-12-31": "", "2008-12-31": ""}, "Asset Turnover": {"2020-09-30": "0.05280", "2020-06-30": "0.04940", "2020-03-31": "0.05850", "2019-12-31": "0.05710", "2019-09-30": "0.05720", "2019-06-30": "0.05400", "2019-03-31": "0.05400", "2018-12-31": "0.05740", "2018-09-30": "0.05410", "2018-06-30": "0.05090", "2018-03-31": "0.05010", "2017-12-31": "0.05390", "2017-09-30": "0.05100", "2017-06-30": "0.05360", "2017-03-31": "0.05200", "2016-12-31": "0.05350", "2016-09-30": "0.04890", "2016-06-30": "0.05050", "2016-03-31": "0.05170", "2015-12-31": "0.05460", "2015-09-30": "0.05450", "2015-06-30": "0.04720", "2015-03-31": "0.04890", "2014-12-31": "0.04420", "2014-09-30": "0.06990", "2014-06-30": "0.06430", "2014-03-31": "0.06290", "2013-12-31": "0.06500", "2013-09-30": "0.06480", "2013-06-30": "0.07330", "2013-03-31": "0.06700", "2012-12-31": "0.07440", "2012-09-30": "0.06580", "2012-06-30": "0.06860", "2012-03-31": "0.05710", "2011-12-31": "0.05970", "2011-09-30": "0.07720", "2011-06-30": "0.08290", "2011-03-31": "0.06840", "2010-12-31": "0.07180", "2010-09-30": "", "2010-06-30": "", "2010-03-31": "", "2009-12-31": "", "2008-12-31": ""}, "Inventory Turnover Ratio": {"2020-09-30": "", "2020-06-30": "", "2020-03-31": "", "2019-12-31": "", "2019-09-30": "", "2019-06-30": "", "2019-03-31": "", "2018-12-31": "", "2018-09-30": "", "2018-06-30": "", "2018-03-31": "", "2017-12-31": "", "2017-09-30": "", "2017-06-30": "", "2017-03-31": "", "2016-12-31": "", "2016-09-30": "", "2016-06-30": "", "2016-03-31": "", "2015-12-31": "", "2015-09-30": "", "2015-06-30": "", "2015-03-31": "", "2014-12-31": "", "2014-09-30": "", "2014-06-30": "", "2014-03-31": "", "2013-12-31": "", "2013-09-30": "", "2013-06-30": "", "2013-03-31": "", "2012-12-31": "", "2012-09-30": "", "2012-06-30": "", "2012-03-31": "", "2011-12-31": "", "2011-09-30": "", "2011-06-30": "", "2011-03-31": "", "2010-12-31": "", "2010-09-30": "", "2010-06-30": "", "2010-03-31": "", "2009-12-31": "", "2008-12-31": ""}, "Receiveable Turnover": {"2020-09-30": "0.26120", "2020-06-30": "0.27160", "2020-03-31": "0.30650", "2019-12-31": "0.27520", "2019-09-30": "0.25260", "2019-06-30": "0.23960", "2019-03-31": "0.23940", "2018-12-31": "0.27830", "2018-09-30": "0.22590", "2018-06-30": "0.22030", "2018-03-31": "0.23230", "2017-12-31": "0.27340", "2017-09-30": "0.25680", "2017-06-30": "0.24940", "2017-03-31": "0.25550", "2016-12-31": "0.28720", "2016-09-30": "0.24330", "2016-06-30": "0.25770", "2016-03-31": "0.28930", "2015-12-31": "0.34370", "2015-09-30": "0.32320", "2015-06-30": "0.25680", "2015-03-31": "0.28650", "2014-12-31": "0.27930", "2014-09-30": "0.26620", "2014-06-30": "0.24580", "2014-03-31": "0.23590", "2013-12-31": "0.27700", "2013-09-30": "0.21320", "2013-06-30": "0.21450", "2013-03-31": "0.19150", "2012-12-31": "0.24610", "2012-09-30": "0.20020", "2012-06-30": "0.19730", "2012-03-31": "0.15540", "2011-12-31": "0.18400", "2011-09-30": "0.23570", "2011-06-30": "0.24410", "2011-03-31": "0.20830", "2010-12-31": "0.26360", "2010-09-30": "", "2010-06-30": "", "2010-03-31": "", "2009-12-31": "", "2008-12-31": ""}, "Days Sales In Receivables": {"2020-09-30": "344.55560", "2020-06-30": "331.33810", "2020-03-31": "293.65770", "2019-12-31": "327.08580", "2019-09-30": "356.27420", "2019-06-30": "375.68960", "2019-03-31": "375.94390", "2018-12-31": "323.37050", "2018-09-30": "398.34740", "2018-06-30": "408.61620", "2018-03-31": "387.47830", "2017-12-31": "329.17040", "2017-09-30": "350.46030", "2017-06-30": "360.93370", "2017-03-31": "352.23550", "2016-12-31": "313.37000", "2016-09-30": "369.84340", "2016-06-30": "349.18140", "2016-03-31": "311.06580", "2015-12-31": "261.88020", "2015-09-30": "278.46750", "2015-06-30": "350.44780", "2015-03-31": "314.11180", "2014-12-31": "322.25300", "2014-09-30": "338.09460", "2014-06-30": "366.22560", "2014-03-31": "381.48760", "2013-12-31": "324.89740", "2013-09-30": "422.07900", "2013-06-30": "419.57340", "2013-03-31": "470.08150", "2012-12-31": "365.76250", "2012-09-30": "449.59460", "2012-06-30": "456.12640", "2012-03-31": "579.29670", "2011-12-31": "489.16380", "2011-09-30": "381.91310", "2011-06-30": "368.68260", "2011-03-31": "432.10300", "2010-12-31": "341.39550", "2010-09-30": "", "2010-06-30": "", "2010-03-31": "", "2009-12-31": "", "2008-12-31": ""}, "ROE - Return On Equity": {"2020-09-30": "6.42730", "2020-06-30": "5.34270", "2020-03-31": "5.25920", "2019-12-31": "6.34520", "2019-09-30": "5.78940", "2019-06-30": "6.80790", "2019-03-31": "4.87420", "2018-12-31": "9.04140", "2018-09-30": "4.42680", "2018-06-30": "5.14240", "2018-03-31": "4.49930", "2017-12-31": "7.68930", "2017-09-30": "5.91250", "2017-06-30": "3.84630", "2017-03-31": "3.70140", "2016-12-31": "3.09410", "2016-09-30": "4.07790", "2016-06-30": "3.77110", "2016-03-31": "3.71820", "2015-12-31": "1.86680", "2015-09-30": "3.94150", "2015-06-30": "3.39450", "2015-03-31": "3.38660", "2014-12-31": "4.18320", "2014-09-30": "6.12710", "2014-06-30": "6.00120", "2014-03-31": "5.49770", "2013-12-31": "5.47640", "2013-09-30": "6.69730", "2013-06-30": "6.96170", "2013-03-31": "6.57790", "2012-12-31": "6.57360", "2012-09-30": "5.76270", "2012-06-30": "5.77550", "2012-03-31": "4.76520", "2011-12-31": "4.65480", "2011-09-30": "5.31800", "2011-06-30": "5.14920", "2011-03-31": "4.84300", "2010-12-31": "2.79800", "2010-09-30": "", "2010-06-30": "", "2010-03-31": "", "2009-12-31": "", "2008-12-31": ""}, "Return On Tangible Equity": {"2020-09-30": "-4.98060", "2020-06-30": "-4.24090", "2020-03-31": "-3.71610", "2019-12-31": "-6.80010", "2019-09-30": "-7.23100", "2019-06-30": "-7.94260", "2019-03-31": "-5.10130", "2018-12-31": "-8.36610", "2018-09-30": "-4.64660", "2018-06-30": "-4.86880", "2018-03-31": "-4.94350", "2017-12-31": "-7.51000", "2017-09-30": "-4.95830", "2017-06-30": "-3.88760", "2017-03-31": "-3.51470", "2016-12-31": "-2.53490", "2016-09-30": "-3.44330", "2016-06-30": "-4.49380", "2016-03-31": "-4.06680", "2015-12-31": "-1.82200", "2015-09-30": "-3.86620", "2015-06-30": "-3.08540", "2015-03-31": "-2.80960", "2014-12-31": "-3.14690", "2014-09-30": "-11.06300", "2014-06-30": "-9.35990", "2014-03-31": "-7.11090", "2013-12-31": "-5.77240", "2013-09-30": "-11.04210", "2013-06-30": "-15.87950", "2013-03-31": "-13.13130", "2012-12-31": "-12.60270", "2012-09-30": "-16.82920", "2012-06-30": "-22.42790", "2012-03-31": "-16.57580", "2011-12-31": "-11.27810", "2011-09-30": "-35.19590", "2011-06-30": "-48.71630", "2011-03-31": "-25.98940", "2010-12-31": "-10.32780", "2010-09-30": "", "2010-06-30": "", "2010-03-31": "", "2009-12-31": "", "2008-12-31": ""}, "ROA - Return On Assets": {"2020-09-30": "1.70200", "2020-06-30": "1.49140", "2020-03-31": "1.30020", "2019-12-31": "1.92280", "2019-09-30": "1.89530", "2019-06-30": "2.18490", "2019-03-31": "1.49460", "2018-12-31": "2.69580", "2018-09-30": "1.37710", "2018-06-30": "1.53980", "2018-03-31": "1.49620", "2017-12-31": "2.49770", "2017-09-30": "1.79010", "2017-06-30": "1.29670", "2017-03-31": "1.23570", "2016-12-31": "0.99120", "2016-09-30": "1.30720", "2016-06-30": "1.40590", "2016-03-31": "1.38660", "2015-12-31": "0.66960", "2015-09-30": "1.40940", "2015-06-30": "1.15080", "2015-03-31": "1.10710", "2014-12-31": "1.28500", "2014-09-30": "2.26090", "2014-06-30": "2.08190", "2014-03-31": "1.86060", "2013-12-31": "1.73230", "2013-09-30": "2.26240", "2013-06-30": "2.42600", "2013-03-31": "2.23710", "2012-12-31": "2.20700", "2012-09-30": "2.09870", "2012-06-30": "2.17200", "2012-03-31": "1.64310", "2011-12-31": "1.60780", "2011-09-30": "2.32900", "2011-06-30": "2.26790", "2011-03-31": "1.99330", "2010-12-31": "1.18010", "2010-09-30": "", "2010-06-30": "", "2010-03-31": "", "2009-12-31": "", "2008-12-31": ""}, "ROI - Return On Investment": {"2020-09-30": "3.09710", "2020-06-30": "2.56910", "2020-03-31": "2.43380", "2019-12-31": "3.36370", "2019-09-30": "3.13280", "2019-06-30": "4.01320", "2019-03-31": "2.75850", "2018-12-31": "4.96010", "2018-09-30": "2.48900", "2018-06-30": "2.82000", "2018-03-31": "2.58950", "2017-12-31": "4.29720", "2017-09-30": "3.18680", "2017-06-30": "2.25830", "2017-03-31": "2.13170", "2016-12-31": "1.70220", "2016-09-30": "2.26170", "2016-06-30": "2.28370", "2016-03-31": "2.21270", "2015-12-31": "1.08040", "2015-09-30": "2.31260", "2015-06-30": "1.96600", "2015-03-31": "1.91370", "2014-12-31": "2.28800", "2014-09-30": "4.79070", "2014-06-30": "4.59820", "2014-03-31": "4.11310", "2013-12-31": "3.96320", "2013-09-30": "4.75620", "2013-06-30": "4.75900", "2013-03-31": "4.38390", "2012-12-31": "4.29370", "2012-09-30": "4.53970", "2012-06-30": "4.43050", "2012-03-31": "3.63400", "2011-12-31": "3.46570", "2011-09-30": "3.88320", "2011-06-30": "3.67770", "2011-03-31": "3.28290", "2010-12-31": "1.86370", "2010-09-30": "", "2010-06-30": "", "2010-03-31": "", "2009-12-31": "", "2008-12-31": ""}, "Book Value Per Share": {"2020-09-30": "35.22610", "2020-06-30": "35.29370", "2020-03-31": "33.37940", "2019-12-31": "43.49110", "2019-09-30": "44.94950", "2019-06-30": "44.41410", "2019-03-31": "40.96770", "2018-12-31": "38.90940", "2018-09-30": "40.18420", "2018-06-30": "38.91380", "2018-03-31": "43.37500", "2017-12-31": "40.93940", "2017-09-30": "38.30340", "2017-06-30": "37.06510", "2017-03-31": "36.22250", "2016-12-31": "33.58170", "2016-09-30": "34.26390", "2016-06-30": "33.30640", "2016-03-31": "32.28240", "2015-12-31": "30.63620", "2015-09-30": "32.14560", "2015-06-30": "31.61610", "2015-03-31": "30.28780", "2014-12-31": "28.56760", "2014-09-30": "18.59930", "2014-06-30": "17.76640", "2014-03-31": "16.47250", "2013-12-31": "15.08260", "2013-09-30": "14.28730", "2013-06-30": "12.85050", "2013-03-31": "12.08420", "2012-12-31": "11.27650", "2012-09-30": "12.26600", "2012-06-30": "11.27930", "2012-03-31": "10.64930", "2011-12-31": "9.91250", "2011-09-30": "9.37730", "2011-06-30": "8.88500", "2011-03-31": "8.34550", "2010-12-31": "7.85820", "2010-09-30": "", "2010-06-30": "", "2010-03-31": "", "2009-12-31": "", "2008-12-31": ""}, "Operating Cash Flow Per Share": {"2020-09-30": 4.8136, "2020-06-30": 4.5041, "2020-03-31": "4.76200", "2019-12-31": 4.1622, "2019-09-30": 2.6372, "2019-06-30": 2.769, "2019-03-31": "3.33350", "2018-12-31": 3.7719, "2018-09-30": 3.0639, "2018-06-30": 0.8152, "2018-03-31": "2.15230", "2017-12-31": 2.6252, "2017-09-30": 2.436, "2017-06-30": 1.4275, "2017-03-31": "0.77730", "2016-12-31": 3.1964, "2016-09-30": 2.0164, "2016-06-30": 0.9351, "2016-03-31": "1.29040", "2015-12-31": 2.4456, "2015-09-30": 3.4604, "2015-06-30": 1.392, "2015-03-31": "0.71760", "2014-12-31": 3.3078, "2014-09-30": 1.8481, "2014-06-30": 1.237, "2014-03-31": "0.60090", "2013-12-31": 1.9879, "2013-09-30": 1.4706, "2013-06-30": 1.1424, "2013-03-31": "-0.16310", "2012-12-31": 1.1958, "2012-09-30": 0.8134, "2012-06-30": 0.9086, "2012-03-31": "-1.33780", "2011-12-31": 2.4996, "2011-09-30": 0.8136, "2011-06-30": 0.1349, "2011-03-31": "-0.10550", "2010-12-31": 0.4057, "2010-09-30": 0.6708, "2010-06-30": 0.1186, "2010-03-31": "0.53170", "2009-12-31": 0, "2008-12-31": 0}, "Free Cash Flow Per Share": {"2020-09-30": 4.6018, "2020-06-30": 4.2852, "2020-03-31": "4.55500", "2019-12-31": 3.8654, "2019-09-30": 2.4542, "2019-06-30": 2.5768, "2019-03-31": "3.17090", "2018-12-31": 3.5002, "2018-09-30": 2.8258, "2018-06-30": 0.605, "2018-03-31": "1.98910", "2017-12-31": 2.4082, "2017-09-30": 2.2501, "2017-06-30": 1.238, "2017-03-31": "0.62080", "2016-12-31": 3.016, "2016-09-30": 1.8369, "2016-06-30": 0.7988, "2016-03-31": "1.16680", "2015-12-31": 2.3144, "2015-09-30": 3.3194, "2015-06-30": 1.3057, "2015-03-31": "0.63130", "2014-12-31": 3.2088, "2014-09-30": 1.7705, "2014-06-30": 1.1676, "2014-03-31": "0.53570", "2013-12-31": 1.9231, "2013-09-30": 1.4096, "2013-06-30": 1.0794, "2013-03-31": "-0.21980", "2012-12-31": 1.131, "2012-09-30": 0.7536, "2012-06-30": 0.8522, "2012-03-31": "-1.37970", "2011-12-31": 2.4393, "2011-09-30": 0.7839, "2011-06-30": 0.0952, "2011-03-31": "-0.13660", "2010-12-31": 0.3548, "2010-09-30": 0.6451, "2010-06-30": 0.0836, "2010-03-31": "0.50500", "2009-12-31": 0, "2008-12-31": 0}}, "revenue": {"FleetCor Technologies Annual Revenue (Millions of US $)": {"2020": "$2,389", "2019": "$2,649", "2018": "$2,433", "2017": "$2,250", "2016": "$1,832", "2015": "$1,703", "2014": "$1,199", "2013": "$895", "2012": "$708", "2011": "$520", "2010": "$434", "2009": "$354", "2008": "$341", "2007": "$264"}, "FleetCor Technologies Quarterly Revenue (Millions of US $)": {"2020-12-31": "$617", "2020-09-30": "$585", "2020-06-30": "$525", "2020-03-31": "$661", "2019-12-31": "$699", "2019-09-30": "$681", "2019-06-30": "$647", "2019-03-31": "$622", "2018-12-31": "$643", "2018-09-30": "$620", "2018-06-30": "$585", "2018-03-31": "$586", "2017-12-31": "$610", "2017-09-30": "$578", "2017-06-30": "$541", "2017-03-31": "$520", "2016-12-31": "$515", "2016-09-30": "$484", "2016-06-30": "$418", "2016-03-31": "$414", "2015-12-31": "$431", "2015-09-30": "$451", "2015-06-30": "$405", "2015-03-31": "$416", "2014-12-31": "$377", "2014-09-30": "$295", "2014-06-30": "$274", "2014-03-31": "$254", "2013-12-31": "$256", "2013-09-30": "$225", "2013-06-30": "$221", "2013-03-31": "$194", "2012-12-31": "$203", "2012-09-30": "$187", "2012-06-30": "$172", "2012-03-31": "$146", "2011-12-31": "$140", "2011-09-30": "$134", "2011-06-30": "$134", "2011-03-31": "$111", "2010-12-31": "$107", "2010-09-30": "$112", "2010-06-30": "$111", "2010-03-31": "$104", "2009-12-31": "", "2008-12-31": ""}}, "gross-profit": {"FleetCor Technologies Annual Gross Profit (Millions of US $)": {"2020": "$2,389", "2019": "$2,649", "2018": "$2,433", "2017": "$2,136", "2016": "$1,727", "2015": "$1,595", "2014": "$1,103", "2013": "$827", "2012": "$649", "2011": "$468", "2010": "$385", "2009": "$314", "2008": "$303", "2007": "$225"}, "FleetCor Technologies Quarterly Gross Profit (Millions of US $)": {"2020-12-31": "$617", "2020-09-30": "$585", "2020-06-30": "$525", "2020-03-31": "$661", "2019-12-31": "$699", "2019-09-30": "$681", "2019-06-30": "$647", "2019-03-31": "$622", "2018-12-31": "$643", "2018-09-30": "$620", "2018-06-30": "$585", "2018-03-31": "$586", "2017-12-31": "$580", "2017-09-30": "$550", "2017-06-30": "$511", "2017-03-31": "$496", "2016-12-31": "$489", "2016-09-30": "$456", "2016-06-30": "$396", "2016-03-31": "$386", "2015-12-31": "$403", "2015-09-30": "$420", "2015-06-30": "$383", "2015-03-31": "$389", "2014-12-31": "$343", "2014-09-30": "$270", "2014-06-30": "$253", "2014-03-31": "$236", "2013-12-31": "$238", "2013-09-30": "$208", "2013-06-30": "$201", "2013-03-31": "$180", "2012-12-31": "$185", "2012-09-30": "$174", "2012-06-30": "$154", "2012-03-31": "$136", "2011-12-31": "$125", "2011-09-30": "$121", "2011-06-30": "$119", "2011-03-31": "$103", "2010-12-31": "$97", "2010-09-30": "$98", "2010-06-30": "$97", "2010-03-31": "$93", "2009-12-31": "", "2008-12-31": ""}}, "operating-income": {"FleetCor Technologies Annual Operating Income (Millions of US $)": {"2020": "$972", "2019": "$1,231", "2018": "$1,091", "2017": "$884", "2016": "$754", "2015": "$668", "2014": "$565", "2013": "$421", "2012": "$325", "2011": "$226", "2010": "$170", "2009": "$146", "2008": "$152", "2007": "$106"}, "FleetCor Technologies Quarterly Operating Income (Millions of US $)": {"2020-12-31": "$294", "2020-09-30": "$265", "2020-06-30": "$213", "2020-03-31": "$201", "2019-12-31": "$321", "2019-09-30": "$329", "2019-06-30": "$297", "2019-03-31": "$284", "2018-12-31": "$285", "2018-09-30": "$281", "2018-06-30": "$265", "2018-03-31": "$260", "2017-12-31": "$240", "2017-09-30": "$233", "2017-06-30": "$216", "2017-03-31": "$195", "2016-12-31": "$216", "2016-09-30": "$191", "2016-06-30": "$171", "2016-03-31": "$176", "2015-12-31": "$146", "2015-09-30": "$188", "2015-06-30": "$169", "2015-03-31": "$164", "2014-12-31": "$173", "2014-09-30": "$144", "2014-06-30": "$134", "2014-03-31": "$114", "2013-12-31": "$106", "2013-09-30": "$111", "2013-06-30": "$109", "2013-03-31": "$94", "2012-12-31": "$93", "2012-09-30": "$86", "2012-06-30": "$81", "2012-03-31": "$64", "2011-12-31": "$54", "2011-09-30": "$62", "2011-06-30": "$60", "2011-03-31": "$50", "2010-12-31": "$24", "2010-09-30": "$49", "2010-06-30": "$51", "2010-03-31": "$47", "2009-12-31": "", "2008-12-31": ""}}, "ebitda": {"FleetCor Technologies Annual EBITDA (Millions of US $)": {"2019": "$1,511", "2018": "$1,371", "2017": "$1,155", "2016": "$965", "2015": "$868", "2014": "$679", "2013": "$493", "2012": "$377", "2011": "$263", "2010": "$204", "2009": "$175", "2008": "$180", "2007": "$126"}, "FleetCor Technologies Quarterly EBITDA (Millions of US $)": {"2020-09-30": "$330", "2020-06-30": "$277", "2020-03-31": "$267", "2019-12-31": "$391", "2019-09-30": "$398", "2019-06-30": "$369", "2019-03-31": "$353", "2018-12-31": "$353", "2018-09-30": "$350", "2018-06-30": "$335", "2018-03-31": "$333", "2017-12-31": "$307", "2017-09-30": "$303", "2017-06-30": "$283", "2017-03-31": "$262", "2016-12-31": "$279", "2016-09-30": "$250", "2016-06-30": "$221", "2016-03-31": "$214", "2015-12-31": "$196", "2015-09-30": "$239", "2015-06-30": "$220", "2015-03-31": "$214", "2014-12-31": "$211", "2014-09-30": "$170", "2014-06-30": "$159", "2014-03-31": "$139", "2013-12-31": "$130", "2013-09-30": "$129", "2013-06-30": "$125", "2013-03-31": "$109", "2012-12-31": "$108", "2012-09-30": "$99", "2012-06-30": "$93", "2012-03-31": "$76", "2011-12-31": "$64", "2011-09-30": "$71", "2011-06-30": "$68", "2011-03-31": "$59", "2010-12-31": "$32", "2010-09-30": "$58", "2010-06-30": "$59", "2010-03-31": "$55", "2009-12-31": "", "2008-12-31": ""}}, "net-income": {"FleetCor Technologies Annual Net Income (Millions of US $)": {"2020": "$704", "2019": "$895", "2018": "$811", "2017": "$740", "2016": "$452", "2015": "$362", "2014": "$369", "2013": "$285", "2012": "$216", "2011": "$147", "2010": "$106", "2009": "$73", "2008": "$86", "2007": "$51"}, "FleetCor Technologies Quarterly Net Income (Millions of US $)": {"2020-12-31": "$210", "2020-09-30": "$189", "2020-06-30": "$158", "2020-03-31": "$147", "2019-12-31": "$236", "2019-09-30": "$226", "2019-06-30": "$262", "2019-03-31": "$172", "2018-12-31": "$302", "2018-09-30": "$158", "2018-06-30": "$177", "2018-03-31": "$175", "2017-12-31": "$283", "2017-09-30": "$203", "2017-06-30": "$131", "2017-03-31": "$124", "2016-12-31": "$95", "2016-09-30": "$130", "2016-06-30": "$116", "2016-03-31": "$111", "2015-12-31": "$53", "2015-09-30": "$117", "2015-06-30": "$99", "2015-03-31": "$94", "2014-12-31": "$110", "2014-09-30": "$96", "2014-06-30": "$89", "2014-03-31": "$75", "2013-12-31": "$68", "2013-09-30": "$79", "2013-06-30": "$73", "2013-03-31": "$65", "2012-12-31": "$60", "2012-09-30": "$60", "2012-06-30": "$54", "2012-03-31": "$42", "2011-12-31": "$38", "2011-09-30": "$41", "2011-06-30": "$37", "2011-03-31": "$32", "2010-12-31": "$18", "2010-09-30": "$29", "2010-06-30": "$25", "2010-03-31": "$23", "2009-12-31": "", "2008-12-31": ""}}, "eps-earnings-per-share-diluted": {"FleetCor Technologies Annual EPS": {"2020": "$8.12", "2019": "$9.94", "2018": "$8.81", "2017": "$7.91", "2016": "$4.75", "2015": "$3.85", "2014": "$4.24", "2013": "$3.36", "2012": "$2.52", "2011": "$1.76", "2010": "$1.34", "2009": "$1.13", "2008": "$1.35", "2007": "$0.86"}, "FleetCor Technologies Quarterly EPS": {"2020-12-31": "$2.44", "2020-09-30": "$2.19", "2020-06-30": "$1.83", "2020-03-31": "$1.67", "2019-12-31": "$2.62", "2019-09-30": "$2.49", "2019-06-30": "$2.90", "2019-03-31": "$1.93", "2018-12-31": "$3.31", "2018-09-30": "$1.71", "2018-06-30": "$1.91", "2018-03-31": "$1.88", "2017-12-31": "$3.03", "2017-09-30": "$2.18", "2017-06-30": "$1.39", "2017-03-31": "$1.31", "2016-12-31": "$1.00", "2016-09-30": "$1.36", "2016-06-30": "$1.22", "2016-03-31": "$1.17", "2015-12-31": "$0.56", "2015-09-30": "$1.24", "2015-06-30": "$1.05", "2015-03-31": "$1.00", "2014-12-31": "$1.22", "2014-09-30": "$1.11", "2014-06-30": "$1.03", "2014-03-31": "$0.88", "2013-12-31": "$0.79", "2013-09-30": "$0.93", "2013-06-30": "$0.87", "2013-03-31": "$0.77", "2012-12-31": "$0.71", "2012-09-30": "$0.69", "2012-06-30": "$0.63", "2012-03-31": "$0.49", "2011-12-31": "$0.45", "2011-09-30": "$0.48", "2011-06-30": "$0.44", "2011-03-31": "$0.39", "2010-12-31": "$0.22", "2010-09-30": "$0.41", "2010-06-30": "$0.37", "2010-03-31": "$0.34", "2009-12-31": "$0.00", "2008-12-31": "$0.00"}}, "shares-outstanding": {"FleetCor Technologies Annual Shares Outstanding (Millions of Shares)": {"2020": "87", "2019": "90", "2018": "92", "2017": "94", "2016": "95", "2015": "94", "2014": "87", "2013": "85", "2012": "86", "2011": "84", "2010": "81", "2009": "79", "2008": "72", "2007": "72"}, "FleetCor Technologies Quarterly Shares Outstanding (Millions of Shares)": {"2020-12-31": "86", "2020-09-30": "86", "2020-06-30": "87", "2020-03-31": "88", "2019-12-31": "90", "2019-09-30": "91", "2019-06-30": "90", "2019-03-31": "89", "2018-12-31": "92", "2018-09-30": "92", "2018-06-30": "93", "2018-03-31": "93", "2017-12-31": "94", "2017-09-30": "93", "2017-06-30": "94", "2017-03-31": "95", "2016-12-31": "95", "2016-09-30": "95", "2016-06-30": "95", "2016-03-31": "95", "2015-12-31": "94", "2015-09-30": "94", "2015-06-30": "94", "2015-03-31": "94", "2014-12-31": "87", "2014-09-30": "86", "2014-06-30": "86", "2014-03-31": "86", "2013-12-31": "85", "2013-09-30": "85", "2013-06-30": "84", "2013-03-31": "84", "2012-12-31": "86", "2012-09-30": "86", "2012-06-30": "86", "2012-03-31": "85", "2011-12-31": "84", "2011-09-30": "84", "2011-06-30": "84", "2011-03-31": "83", "2010-12-31": "81", "2010-09-30": "81", "2010-06-30": "81", "2010-03-31": "80", "2009-12-31": "", "2008-12-31": ""}}, "total-assets": {"FleetCor Technologies Annual Total Assets (Millions of US $)": {"2019": "$12,249", "2018": "$11,202", "2017": "$11,318", "2016": "$9,627", "2015": "$7,890", "2014": "$8,525", "2013": "$3,932", "2012": "$2,722", "2011": "$2,349", "2010": "$1,484", "2009": "$1,210", "2008": "$929", "2007": "$0"}, "FleetCor Technologies Quarterly Total Assets (Millions of US $)": {"2020-09-30": "$11,094", "2020-06-30": "$10,627", "2020-03-31": "$11,310", "2019-12-31": "$12,249", "2019-09-30": "$11,914", "2019-06-30": "$11,976", "2019-03-31": "$11,515", "2018-12-31": "$11,202", "2018-09-30": "$11,451", "2018-06-30": "$11,485", "2018-03-31": "$11,692", "2017-12-31": "$11,318", "2017-09-30": "$11,330", "2017-06-30": "$10,102", "2017-03-31": "$10,010", "2016-12-31": "$9,627", "2016-09-30": "$9,916", "2016-06-30": "$8,269", "2016-03-31": "$8,012", "2015-12-31": "$7,890", "2015-09-30": "$8,285", "2015-06-30": "$8,575", "2015-03-31": "$8,505", "2014-12-31": "$8,525", "2014-09-30": "$4,224", "2014-06-30": "$4,253", "2014-03-31": "$4,037", "2013-12-31": "$3,932", "2013-09-30": "$3,475", "2013-06-30": "$3,013", "2013-03-31": "$2,890", "2012-12-31": "$2,722", "2012-09-30": "$2,842", "2012-06-30": "$2,505", "2012-03-31": "$2,561", "2011-12-31": "$2,349", "2011-09-30": "$1,740", "2011-06-30": "$1,619", "2011-03-31": "$1,622", "2010-12-31": "$1,484", "2010-09-30": "$0", "2010-06-30": "$0", "2010-03-31": "$0", "2009-12-31": "$1,210", "2008-12-31": "$929"}}, "cash-on-hand": {"FleetCor Technologies Annual Cash on Hand (Millions of US $)": {"2019": "$1,675", "2018": "$1,365", "2017": "$1,131", "2016": "$644", "2015": "$615", "2014": "$612", "2013": "$386", "2012": "$337", "2011": "$341", "2010": "$177", "2009": "$153", "2008": "$142", "2007": "$"}, "FleetCor Technologies Quarterly Cash on Hand (Millions of US $)": {"2020-09-30": "$1,371", "2020-06-30": "$1,191", "2020-03-31": "$1,552", "2019-12-31": "$1,675", "2019-09-30": "$1,466", "2019-06-30": "$1,489", "2019-03-31": "$1,373", "2018-12-31": "$1,365", "2018-09-30": "$1,189", "2018-06-30": "$1,185", "2018-03-31": "$1,223", "2017-12-31": "$1,131", "2017-09-30": "$1,018", "2017-06-30": "$766", "2017-03-31": "$735", "2016-12-31": "$644", "2016-09-30": "$605", "2016-06-30": "$649", "2016-03-31": "$545", "2015-12-31": "$615", "2015-09-30": "$552", "2015-06-30": "$514", "2015-03-31": "$509", "2014-12-31": "$612", "2014-09-30": "$346", "2014-06-30": "$344", "2014-03-31": "$330", "2013-12-31": "$386", "2013-09-30": "$396", "2013-06-30": "$341", "2013-03-31": "$274", "2012-12-31": "$337", "2012-09-30": "$352", "2012-06-30": "$306", "2012-03-31": "$344", "2011-12-31": "$341", "2011-09-30": "$195", "2011-06-30": "$164", "2011-03-31": "$186", "2010-12-31": "$177", "2010-09-30": "", "2010-06-30": "", "2010-03-31": "", "2009-12-31": "$153", "2008-12-31": "$142"}}, "long-term-debt": {"FleetCor Technologies Annual Long Term Debt (Millions of US $)": {"2019": "$3,290", "2018": "$2,748", "2017": "$2,902", "2016": "$2,522", "2015": "$2,060", "2014": "$2,169", "2013": "$475", "2012": "$485", "2011": "$278", "2010": "$314", "2009": "$329", "2008": "$360", "2007": "$"}, "FleetCor Technologies Quarterly Long Term Debt (Millions of US $)": {"2020-09-30": "$3,159", "2020-06-30": "$3,202", "2020-03-31": "$3,246", "2019-12-31": "$3,290", "2019-09-30": "$3,307", "2019-06-30": "$2,676", "2019-03-31": "$2,708", "2018-12-31": "$2,748", "2018-09-30": "$2,773", "2018-06-30": "$2,832", "2018-03-31": "$2,868", "2017-12-31": "$2,902", "2017-09-30": "$2,934", "2017-06-30": "$2,395", "2017-03-31": "$2,461", "2016-12-31": "$2,522", "2016-09-30": "$2,552", "2016-06-30": "$2,008", "2016-03-31": "$2,033", "2015-12-31": "$2,060", "2015-09-30": "$2,087", "2015-06-30": "$2,112", "2015-03-31": "$2,140", "2014-12-31": "$2,169", "2014-09-30": "$435", "2014-06-30": "$450", "2014-03-31": "$460", "2013-12-31": "$475", "2013-09-30": "$479", "2013-06-30": "$486", "2013-03-31": "$492", "2012-12-31": "$485", "2012-09-30": "$279", "2012-06-30": "$286", "2012-03-31": "$275", "2011-12-31": "$278", "2011-09-30": "$281", "2011-06-30": "$285", "2011-03-31": "$317", "2010-12-31": "$314", "2010-09-30": "", "2010-06-30": "", "2010-03-31": "", "2009-12-31": "$329", "2008-12-31": "$360"}}, "total-liabilities": {"FleetCor Technologies Annual Total Liabilities (Millions of US $)": {"2019": "$8,537", "2018": "$7,862", "2017": "$7,642", "2016": "$6,543", "2015": "$5,060", "2014": "$5,906", "2013": "$2,688", "2012": "$1,808", "2011": "$1,538", "2010": "$858", "2009": "$735", "2008": "$656", "2007": "$"}, "FleetCor Technologies Quarterly Total Liabilities (Millions of US $)": {"2020-09-30": "$8,156", "2020-06-30": "$7,660", "2020-03-31": "$8,514", "2019-12-31": "$8,537", "2019-09-30": "$8,014", "2019-06-30": "$8,132", "2019-03-31": "$7,984", "2018-12-31": "$7,862", "2018-09-30": "$7,889", "2018-06-30": "$8,046", "2018-03-31": "$7,804", "2017-12-31": "$7,642", "2017-09-30": "$7,900", "2017-06-30": "$6,696", "2017-03-31": "$6,668", "2016-12-31": "$6,543", "2016-09-30": "$6,738", "2016-06-30": "$5,186", "2016-03-31": "$5,024", "2015-12-31": "$5,060", "2015-09-30": "$5,323", "2015-06-30": "$5,668", "2015-03-31": "$5,725", "2014-12-31": "$5,906", "2014-09-30": "$2,666", "2014-06-30": "$2,778", "2014-03-31": "$2,671", "2013-12-31": "$2,688", "2013-09-30": "$2,301", "2013-06-30": "$1,963", "2013-03-31": "$1,907", "2012-12-31": "$1,808", "2012-09-30": "$1,807", "2012-06-30": "$1,563", "2012-03-31": "$1,678", "2011-12-31": "$1,538", "2011-09-30": "$978", "2011-06-30": "$906", "2011-03-31": "$955", "2010-12-31": "$858", "2010-09-30": "$0", "2010-06-30": "$0", "2010-03-31": "$0", "2009-12-31": "$735", "2008-12-31": "$656"}}, "total-share-holder-equity": {"FleetCor Technologies Annual Share Holder Equity (Millions of US $)": {"2019": "$3,712", "2018": "$3,340", "2017": "$3,677", "2016": "$3,084", "2015": "$2,830", "2014": "$2,619", "2013": "$1,244", "2012": "$914", "2011": "$811", "2010": "$626", "2009": "$474", "2008": "$273", "2007": "$"}, "FleetCor Technologies Quarterly Share Holder Equity (Millions of US $)": {"2020-09-30": "$2,938", "2020-06-30": "$2,966", "2020-03-31": "$2,796", "2019-12-31": "$3,712", "2019-09-30": "$3,900", "2019-06-30": "$3,843", "2019-03-31": "$3,531", "2018-12-31": "$3,340", "2018-09-30": "$3,562", "2018-06-30": "$3,439", "2018-03-31": "$3,888", "2017-12-31": "$3,677", "2017-09-30": "$3,430", "2017-06-30": "$3,406", "2017-03-31": "$3,342", "2016-12-31": "$3,084", "2016-09-30": "$3,179", "2016-06-30": "$3,083", "2016-03-31": "$2,988", "2015-12-31": "$2,830", "2015-09-30": "$2,963", "2015-06-30": "$2,907", "2015-03-31": "$2,780", "2014-12-31": "$2,619", "2014-09-30": "$1,559", "2014-06-30": "$1,476", "2014-03-31": "$1,366", "2013-12-31": "$1,244", "2013-09-30": "$1,174", "2013-06-30": "$1,050", "2013-03-31": "$983", "2012-12-31": "$914", "2012-09-30": "$1,035", "2012-06-30": "$942", "2012-03-31": "$883", "2011-12-31": "$811", "2011-09-30": "$762", "2011-06-30": "$713", "2011-03-31": "$668", "2010-12-31": "$626", "2010-09-30": "$0", "2010-06-30": "$0", "2010-03-31": "$0", "2009-12-31": "$474", "2008-12-31": "$273"}}, "profit-margins": {"current": "29.48%"}, "gross margin": {"2020-12-31": "100.00%", "2020-09-30": "100.00%", "2020-06-30": "100.00%", "2020-03-31": "100.00%", "2019-12-31": "100.00%", "2019-09-30": "100.00%", "2019-06-30": "100.00%", "2019-03-31": "100.00%", "2018-12-31": "100.00%", "2018-09-30": "98.75%", "2018-06-30": "97.54%", "2018-03-31": "96.20%", "2017-12-31": "95.02%", "2017-09-30": "94.99%", "2017-06-30": "94.76%", "2017-03-31": "94.84%", "2016-12-31": "94.32%", "2016-09-30": "93.93%", "2016-06-30": "93.64%", "2016-03-31": "93.59%", "2015-12-31": "93.66%", "2015-09-30": "93.09%", "2015-06-30": "92.77%", "2015-03-31": "92.14%", "2014-12-31": "91.83%", "2014-09-30": "92.40%", "2014-06-30": "92.67%", "2014-03-31": "92.36%", "2013-12-31": "92.30%", "2013-09-30": "91.81%", "2013-06-30": "91.93%", "2013-03-31": "91.67%", "2012-12-31": "91.67%", "2012-09-30": "91.32%", "2012-06-30": "90.54%", "2012-03-31": "90.43%", "2011-12-31": "90.17%", "2011-09-30": "90.53%", "2011-06-30": "89.87%", "2011-03-31": "89.57%", "2010-12-31": "88.71%"}, "operating margin": {"2020-12-31": "40.75%", "2020-09-30": "40.49%", "2020-06-30": "41.47%", "2020-03-31": "42.71%", "2019-12-31": "46.47%", "2019-09-30": "46.09%", "2019-06-30": "45.30%", "2019-03-31": "45.14%", "2018-12-31": "44.82%", "2018-09-30": "43.57%", "2018-06-30": "42.31%", "2018-03-31": "40.99%", "2017-12-31": "39.31%", "2017-09-30": "39.93%", "2017-06-30": "39.71%", "2017-03-31": "39.91%", "2016-12-31": "41.18%", "2016-09-30": "39.15%", "2016-06-30": "39.73%", "2016-03-31": "39.92%", "2015-12-31": "39.17%", "2015-09-30": "42.09%", "2015-06-30": "43.54%", "2015-03-31": "45.15%", "2014-12-31": "47.08%", "2014-09-30": "46.15%", "2014-06-30": "46.09%", "2014-03-31": "46.03%", "2013-12-31": "46.88%", "2013-09-30": "48.28%", "2013-06-30": "47.45%", "2013-03-31": "46.83%", "2012-12-31": "45.76%", "2012-09-30": "44.19%", "2012-06-30": "44.09%", "2012-03-31": "43.32%", "2011-12-31": "43.55%", "2011-09-30": "40.33%", "2011-06-30": "39.44%", "2011-03-31": "39.46%", "2010-12-31": "39.40%"}, "ebitda margin": {"2020-09-30": "51.21%", "2020-06-30": "51.95%", "2020-03-31": "53.01%", "2019-12-31": "57.04%", "2019-09-30": "56.81%", "2019-06-30": "56.28%", "2019-03-31": "56.32%", "2018-12-31": "56.33%", "2018-09-30": "55.19%", "2018-06-30": "54.18%", "2018-03-31": "52.96%", "2017-12-31": "51.36%", "2017-09-30": "52.32%", "2017-06-30": "52.14%", "2017-03-31": "52.25%", "2016-12-31": "52.65%", "2016-09-30": "50.43%", "2016-06-30": "50.76%", "2016-03-31": "51.09%", "2015-12-31": "51.03%", "2015-09-30": "53.61%", "2015-06-30": "54.59%", "2015-03-31": "55.36%", "2014-12-31": "56.58%", "2014-09-30": "55.42%", "2014-06-30": "55.20%", "2014-03-31": "54.71%", "2013-12-31": "55.02%", "2013-09-30": "55.87%", "2013-06-30": "54.78%", "2013-03-31": "54.10%", "2012-12-31": "53.11%", "2012-09-30": "51.47%", "2012-06-30": "51.35%", "2012-03-31": "50.36%", "2011-12-31": "50.48%", "2011-09-30": "47.33%", "2011-06-30": "46.77%", "2011-03-31": "47.17%", "2010-12-31": "47.00%"}, "pre tax profit margin": {"2020-12-31": "36.93%", "2020-09-30": "37.17%", "2020-06-30": "38.04%", "2020-03-31": "37.98%", "2019-12-31": "40.69%", "2019-09-30": "45.35%", "2019-06-30": "44.27%", "2019-03-31": "44.33%", "2018-12-31": "44.99%", "2018-09-30": "37.73%", "2018-06-30": "42.22%", "2018-03-31": "41.25%", "2017-12-31": "39.71%", "2017-09-30": "38.90%", "2017-06-30": "33.01%", "2017-03-31": "33.66%", "2016-12-31": "35.06%", "2016-09-30": "32.91%", "2016-06-30": "33.26%", "2016-03-31": "32.51%", "2015-12-31": "31.47%", "2015-09-30": "35.78%", "2015-06-30": "37.64%", "2015-03-31": "40.01%", "2014-12-31": "42.75%", "2014-09-30": "43.84%", "2014-06-30": "44.00%", "2014-03-31": "44.04%", "2013-12-31": "45.09%", "2013-09-30": "46.62%", "2013-06-30": "45.71%", "2013-03-31": "45.24%", "2012-12-31": "43.93%", "2012-09-30": "42.33%", "2012-06-30": "42.06%", "2012-03-31": "40.43%", "2011-12-31": "40.66%", "2011-09-30": "37.04%", "2011-06-30": "35.56%", "2011-03-31": "35.37%", "2010-12-31": "34.79%"}, "net profit margin": {"2020-12-31": "29.48%", "2020-09-30": "29.55%", "2020-06-30": "29.89%", "2020-03-31": "32.40%", "2019-12-31": "33.82%", "2019-09-30": "37.10%", "2019-06-30": "35.31%", "2019-03-31": "32.75%", "2018-12-31": "33.36%", "2018-09-30": "33.03%", "2018-06-30": "35.52%", "2018-03-31": "34.21%", "2017-12-31": "32.95%", "2017-09-30": "25.67%", "2017-06-30": "23.30%", "2017-03-31": "24.01%", "2016-12-31": "24.69%", "2016-09-30": "23.47%", "2016-06-30": "23.16%", "2016-03-31": "22.34%", "2015-12-31": "21.32%", "2015-09-30": "25.47%", "2015-06-30": "26.72%", "2015-03-31": "28.56%", "2014-12-31": "30.83%", "2014-09-30": "30.40%", "2014-06-30": "30.82%", "2014-03-31": "30.86%", "2013-12-31": "31.81%", "2013-09-30": "32.86%", "2013-06-30": "32.05%", "2013-03-31": "31.61%", "2012-12-31": "30.51%", "2012-09-30": "30.08%", "2012-06-30": "29.56%", "2012-03-31": "28.52%", "2011-12-31": "28.52%", "2011-09-30": "26.34%", "2011-06-30": "25.00%", "2011-03-31": "23.58%", "2010-12-31": "21.89%"}, "pe ratio": {"current": "24.08", "2021-02-11": "46.67", "2020-12-31": "47.95", "2020-09-30": "28.72", "2020-06-30": "29.28", "2020-03-31": "19.31", "2019-12-31": "29.00", "2019-09-30": "26.93", "2019-06-30": "28.45", "2019-03-31": "27.77", "2018-12-31": "21.03", "2018-09-30": "26.65", "2018-06-30": "23.35", "2018-03-31": "23.82", "2017-12-31": "24.27", "2017-09-30": "26.32", "2017-06-30": "28.50", "2017-03-31": "31.03", "2016-12-31": "29.86", "2016-09-30": "40.40", "2016-06-30": "34.24", "2016-03-31": "37.00", "2015-12-31": "37.12", "2015-09-30": "30.58", "2015-06-30": "35.71", "2015-03-31": "34.69", "2014-12-31": "35.16", "2014-09-30": "37.20", "2014-06-30": "36.21", "2014-03-31": "33.07", "2013-12-31": "34.77", "2013-09-30": "33.69", "2013-06-30": "26.83", "2013-03-31": "27.48", "2012-12-31": "21.37", "2012-09-30": "19.82", "2012-06-30": "17.09", "2012-03-31": "20.84", "2011-12-31": "16.97", "2011-09-30": "17.16"}, "price sales": {"2021-02-11": "9.64", "2020-12-31": "9.91", "2020-09-30": "8.47", "2020-06-30": "8.72", "2020-03-31": "6.23", "2019-12-31": "9.78", "2019-09-30": "10.01", "2019-06-30": "10.08", "2019-03-31": "9.14", "2018-12-31": "7.06", "2018-09-30": "8.82", "2018-06-30": "8.32", "2018-03-31": "8.18", "2017-12-31": "8.02", "2017-09-30": "6.77", "2017-06-30": "6.63", "2017-03-31": "7.43", "2016-12-31": "7.36", "2016-09-30": "9.44", "2016-06-30": "7.90", "2016-03-31": "8.25", "2015-12-31": "7.90", "2015-09-30": "7.71", "2015-06-30": "9.46", "2015-03-31": "9.82", "2014-12-31": "10.69", "2014-09-30": "11.28", "2014-06-30": "11.15", "2014-03-31": "10.23", "2013-12-31": "11.06", "2013-09-30": "11.09", "2013-06-30": "8.60", "2013-03-31": "8.67", "2012-12-31": "6.50", "2012-09-30": "5.92", "2012-06-30": "5.01", "2012-03-31": "5.87", "2011-12-31": "4.80", "2011-09-30": "4.48"}, "price book": {"current": "6.40", "2021-02-11": "7.54", "2020-09-30": "6.76", "2020-06-30": "7.13", "2020-03-31": "5.59", "2019-12-31": "6.62", "2019-09-30": "6.38", "2019-06-30": "6.32", "2019-03-31": "6.02", "2018-12-31": "4.77", "2018-09-30": "5.67", "2018-06-30": "5.41", "2018-03-31": "4.67", "2017-12-31": "4.70", "2017-09-30": "4.04", "2017-06-30": "3.89", "2017-03-31": "4.18", "2016-12-31": "4.21", "2016-09-30": "5.07", "2016-06-30": "4.30", "2016-03-31": "4.61", "2015-12-31": "4.67", "2015-09-30": "4.28", "2015-06-30": "4.94", "2015-03-31": "4.98", "2014-12-31": "5.21", "2014-09-30": "7.64", "2014-06-30": "7.42", "2014-03-31": "6.99", "2013-12-31": "7.77", "2013-09-30": "7.71", "2013-06-30": "6.33", "2013-03-31": "6.34", "2012-12-31": "4.76", "2012-09-30": "3.65", "2012-06-30": "3.11", "2012-03-31": "3.64", "2011-12-31": "3.01", "2011-09-30": "2.80", "2011-06-30": "3.34", "2011-03-31": "3.91", "2010-12-31": "3.93"}, "price fcf": {"2021-02-11": "", "2020-09-30": "$17.31", "2020-06-30": "$15.16", "2020-03-31": "$13.45", "2019-12-31": "$12.07", "2019-09-30": "$11.70", "2019-06-30": "$12.07", "2019-03-31": "$10.10", "2018-12-31": "$8.92", "2018-09-30": "$7.83", "2018-06-30": "$7.25", "2018-03-31": "$7.89", "2017-12-31": "$6.52", "2017-09-30": "$7.12", "2017-06-30": "$6.71", "2017-03-31": "$6.27", "2016-12-31": "$6.82", "2016-09-30": "$6.12", "2016-06-30": "$7.60", "2016-03-31": "$8.11", "2015-12-31": "$7.57", "2015-09-30": "$8.47", "2015-06-30": "$6.92", "2015-03-31": "$6.78", "2014-12-31": "$6.68", "2014-09-30": "$5.40", "2014-06-30": "$5.04", "2014-03-31": "$4.95", "2013-12-31": "$4.19", "2013-09-30": "$3.40", "2013-06-30": "$2.74", "2013-03-31": "$2.52", "2012-12-31": "$1.36", "2012-09-30": "$2.67", "2012-06-30": "$2.70", "2012-03-31": "$1.94", "2011-12-31": "$3.18", "2011-09-30": "$2.33"}, "net worth": {"value": "$21.48B"}, "current ratio": {"2020-12-31": "1.00", "2020-09-30": "0.95", "2020-06-30": "0.96", "2020-03-31": "0.93", "2019-12-31": "1.04", "2019-09-30": "1.12", "2019-06-30": "0.92", "2019-03-31": "0.92", "2018-12-31": "0.86", "2018-09-30": "0.92", "2018-06-30": "0.88", "2018-03-31": "0.91", "2017-12-31": "0.87", "2017-09-30": "0.84", "2017-06-30": "0.84", "2017-03-31": "0.82", "2016-12-31": "0.77", "2016-09-30": "0.78", "2016-06-30": "0.97", "2016-03-31": "0.92", "2015-12-31": "0.87", "2015-09-30": "0.83", "2015-06-30": "0.81", "2015-03-31": "0.77", "2014-12-31": "0.74", "2014-09-30": "0.78", "2014-06-30": "0.75", "2014-03-31": "0.77", "2013-12-31": "0.71", "2013-09-30": "0.93", "2013-06-30": "1.08", "2013-03-31": "1.06", "2012-12-31": "1.05", "2012-09-30": "0.97", "2012-06-30": "1.06", "2012-03-31": "1.03", "2011-12-31": "1.00", "2011-09-30": "1.30", "2011-06-30": "1.39", "2011-03-31": "1.37", "2010-12-31": "1.34", "2010-09-30": "0.00", "2010-06-30": "0.00", "2010-03-31": "0.00", "2009-12-31": "1.08", "2008-12-31": "1.33"}, "quick ratio": {"2020-12-31": "0.00", "2020-09-30": "0.00", "2020-06-30": "0.00", "2020-03-31": "0.00", "2019-12-31": "0.00", "2019-09-30": "0.00", "2019-06-30": "0.00", "2019-03-31": "0.00", "2018-12-31": "0.00", "2018-09-30": "0.00", "2018-06-30": "0.00", "2018-03-31": "0.00", "2017-12-31": "0.00", "2017-09-30": "0.00", "2017-06-30": "0.00", "2017-03-31": "0.00", "2016-12-31": "0.00", "2016-09-30": "0.00", "2016-06-30": "0.00", "2016-03-31": "0.00", "2015-12-31": "0.00", "2015-09-30": "0.00", "2015-06-30": "0.00", "2015-03-31": "0.00", "2014-12-31": "0.00", "2014-09-30": "0.00", "2014-06-30": "0.00", "2014-03-31": "0.00", "2013-12-31": "0.00", "2013-09-30": "0.00", "2013-06-30": "0.00", "2013-03-31": "0.00", "2012-12-31": "0.00", "2012-09-30": "0.00", "2012-06-30": "0.00", "2012-03-31": "0.00", "2011-12-31": "0.00", "2011-09-30": "0.00", "2011-06-30": "0.00", "2011-03-31": "0.00", "2010-12-31": "0.00", "2010-09-30": "0.00", "2010-06-30": "0.00", "2010-03-31": "0.00", "2009-12-31": "0.00", "2008-12-31": "0.00"}, "debt equity ratio": {"current": "0.93", "2020-12-31": "2.34", "2020-09-30": "2.78", "2020-06-30": "2.58", "2020-03-31": "3.05", "2019-12-31": "2.30", "2019-09-30": "2.06", "2019-06-30": "2.12", "2019-03-31": "2.26", "2018-12-31": "2.35", "2018-09-30": "2.22", "2018-06-30": "2.34", "2018-03-31": "2.01", "2017-12-31": "2.08", "2017-09-30": "2.30", "2017-06-30": "1.97", "2017-03-31": "2.00", "2016-12-31": "2.12", "2016-09-30": "2.12", "2016-06-30": "1.68", "2016-03-31": "1.68", "2015-12-31": "1.79", "2015-09-30": "1.80", "2015-06-30": "1.95", "2015-03-31": "2.06", "2014-12-31": "2.26", "2014-09-30": "1.71", "2014-06-30": "1.88", "2014-03-31": "1.96", "2013-12-31": "2.16", "2013-09-30": "1.96", "2013-06-30": "1.87", "2013-03-31": "1.94", "2012-12-31": "1.98", "2012-09-30": "1.75", "2012-06-30": "1.66", "2012-03-31": "1.90", "2011-12-31": "1.90", "2011-09-30": "1.28", "2011-06-30": "1.27", "2011-03-31": "1.43", "2010-12-31": "1.37", "2010-09-30": "0.00", "2010-06-30": "0.00", "2010-03-31": "0.00", "2009-12-31": "1.55", "2008-12-31": "2.40"}, "return on equity": {"2020-12-31": "23.36%", "2020-09-30": "23.53%", "2020-06-30": "22.94%", "2020-03-31": "24.45%", "2019-12-31": "23.92%", "2019-09-30": "26.33%", "2019-06-30": "25.05%", "2019-03-31": "23.33%", "2018-12-31": "22.83%", "2018-09-30": "21.78%", "2018-06-30": "23.22%", "2018-03-31": "22.00%", "2017-12-31": "21.39%", "2017-09-30": "16.68%", "2017-06-30": "14.76%", "2017-03-31": "14.66%", "2016-12-31": "14.66%", "2016-09-30": "13.58%", "2016-06-30": "13.39%", "2016-03-31": "13.00%", "2015-12-31": "12.65%", "2015-09-30": "14.91%", "2015-06-30": "16.18%", "2015-03-31": "18.45%", "2014-12-31": "21.08%", "2014-09-30": "23.24%", "2014-06-30": "23.65%", "2014-03-31": "24.41%", "2013-12-31": "25.61%", "2013-09-30": "26.89%", "2013-06-30": "25.92%", "2013-03-31": "24.68%", "2012-12-31": "22.89%", "2012-09-30": "21.14%", "2012-06-30": "20.60%", "2012-03-31": "19.94%", "2011-12-31": "20.04%", "2011-09-30": "18.49%", "2011-06-30": "23.12%", "2011-03-31": "32.15%", "2010-12-31": "60.70%"}, "return on assets": {"2020-12-31": "6.37%", "2020-09-30": "6.45%", "2020-06-30": "6.66%", "2020-03-31": "7.34%", "2019-12-31": "7.52%", "2019-09-30": "8.26%", "2019-06-30": "7.75%", "2019-03-31": "7.09%", "2018-12-31": "7.09%", "2018-09-30": "6.90%", "2018-06-30": "7.31%", "2018-03-31": "7.13%", "2017-12-31": "6.93%", "2017-09-30": "5.39%", "2017-06-30": "4.84%", "2017-03-31": "4.92%", "2016-12-31": "5.05%", "2016-09-30": "4.81%", "2016-06-30": "4.89%", "2016-03-31": "4.64%", "2015-12-31": "4.37%", "2015-09-30": "4.96%", "2015-06-30": "5.35%", "2015-03-31": "6.10%", "2014-12-31": "7.03%", "2014-09-30": "7.98%", "2014-06-30": "7.93%", "2014-03-31": "8.16%", "2013-12-31": "8.56%", "2013-09-30": "9.16%", "2013-06-30": "9.00%", "2013-03-31": "8.72%", "2012-12-31": "8.13%", "2012-09-30": "7.57%", "2012-06-30": "7.65%", "2012-03-31": "7.64%", "2011-12-31": "8.08%", "2011-09-30": "7.92%", "2011-06-30": "9.82%", "2011-03-31": "13.39%", "2010-12-31": "25.61%"}, "return on investments": {"2020-12-31": "15.70%", "2020-09-30": "15.80%", "2020-06-30": "16.11%", "2020-03-31": "17.15%", "2019-12-31": "18.26%", "2019-09-30": "18.35%", "2019-06-30": "18.22%", "2019-03-31": "17.89%", "2018-12-31": "17.15%", "2018-09-30": "16.13%", "2018-06-30": "15.37%", "2018-03-31": "14.89%", "2017-12-31": "14.41%", "2017-09-30": "14.59%", "2017-06-30": "14.26%", "2017-03-31": "13.91%", "2016-12-31": "14.06%", "2016-09-30": "13.20%", "2016-06-30": "13.59%", "2016-03-31": "13.59%", "2015-12-31": "13.42%", "2015-09-30": "14.04%", "2015-06-30": "15.55%", "2015-03-31": "18.05%", "2014-12-31": "21.45%", "2014-09-30": "26.68%", "2014-06-30": "26.11%", "2014-03-31": "26.14%", "2013-12-31": "26.32%", "2013-09-30": "26.85%", "2013-06-30": "26.69%", "2013-03-31": "26.14%", "2012-12-31": "25.42%", "2012-09-30": "23.80%", "2012-06-30": "23.10%", "2012-03-31": "22.38%", "2011-12-31": "21.96%", "2011-09-30": "19.77%", "2011-06-30": "25.04%", "2011-03-31": "36.16%", "2010-12-31": "72.77%"}, "return on tangible equity": {"2020-09-30": "-19.53%", "2020-06-30": "-21.48%", "2020-03-31": "-25.18%", "2019-12-31": "-27.04%", "2019-09-30": "-28.71%", "2019-06-30": "-26.16%", "2019-03-31": "-23.10%", "2018-12-31": "-22.91%", "2018-09-30": "-22.14%", "2018-06-30": "-22.31%", "2018-03-31": "-21.46%", "2017-12-31": "-20.10%", "2017-09-30": "-15.00%", "2017-06-30": "-13.32%", "2017-03-31": "-13.64%", "2016-12-31": "-14.07%", "2016-09-30": "-13.69%", "2016-06-30": "-14.13%", "2016-03-31": "-12.83%", "2015-12-31": "-11.64%", "2015-09-30": "-12.87%", "2015-06-30": "-14.65%", "2015-03-31": "-18.01%", "2014-12-31": "-23.32%", "2014-09-30": "-32.44%", "2014-06-30": "-31.95%", "2014-03-31": "-34.62%", "2013-12-31": "-40.08%", "2013-09-30": "-51.75%", "2013-06-30": "-57.88%", "2013-03-31": "-61.05%", "2012-12-31": "-65.06%", "2012-09-30": "-65.43%", "2012-06-30": "-73.92%", "2012-03-31": "-81.13%", "2011-12-31": "-91.22%", "2011-09-30": "-105.79%", "2011-06-30": "-125.75%", "2011-03-31": "-141.50%", "2010-12-31": "-223.53%"}, "dividend yield history": {"last payout": "$0.00", "last yield": "0.00%"}}