{"ticker": "FLR", "price": {"title": "Fluor Historical Annual Stock Price Data", "value": 19.36, "historical": {"2020": {"Average Stock Price": "12.2753", "Year Open": "19.1600", "Year High": "20.7900", "Year Low": "3.4000", "Year Close": "15.9700", "Annual % Change": "-15.41%"}, "2019": {"Average Stock Price": "27.9033", "Year Open": "32.9400", "Year High": "41.5600", "Year Low": "16.1000", "Year Close": "18.8800", "Annual % Change": "-41.37%"}, "2018": {"Average Stock Price": "51.7989", "Year Open": "52.3300", "Year High": "61.6100", "Year Low": "29.9900", "Year Close": "32.2000", "Annual % Change": "-37.66%"}, "2017": {"Average Stock Price": "47.5748", "Year Open": "53.0300", "Year High": "58.1700", "Year Low": "37.2300", "Year Close": "51.6500", "Annual % Change": "-1.66%"}, "2016": {"Average Stock Price": "50.6772", "Year Open": "47.7100", "Year High": "57.1400", "Year Low": "41.1100", "Year Close": "52.5200", "Annual % Change": "11.22%"}, "2015": {"Average Stock Price": "52.0666", "Year Open": "60.6900", "Year High": "61.2000", "Year Low": "40.9400", "Year Close": "47.2200", "Annual % Change": "-22.12%"}, "2014": {"Average Stock Price": "72.6684", "Year Open": "78.8700", "Year High": "83.6500", "Year Low": "56.2900", "Year Close": "60.6300", "Annual % Change": "-24.49%"}, "2013": {"Average Stock Price": "66.4153", "Year Open": "61.0000", "Year High": "80.2900", "Year Low": "54.1600", "Year Close": "80.2900", "Annual % Change": "36.69%"}, "2012": {"Average Stock Price": "54.9264", "Year Open": "51.9800", "Year High": "63.9900", "Year Low": "45.1200", "Year Close": "58.7400", "Annual % Change": "16.90%"}, "2011": {"Average Stock Price": "62.3051", "Year Open": "67.7900", "Year High": "75.6300", "Year Low": "45.4900", "Year Close": "50.2500", "Annual % Change": "-24.16%"}, "2010": {"Average Stock Price": "49.4879", "Year Open": "46.0100", "Year High": "66.6300", "Year Low": "41.7600", "Year Close": "66.2600", "Annual % Change": "47.11%"}, "2009": {"Average Stock Price": "45.6635", "Year Open": "47.8900", "Year High": "58.2100", "Year Low": "30.4600", "Year Close": "45.0400", "Annual % Change": "0.38%"}, "2008": {"Average Stock Price": "66.9283", "Year Open": "72.2000", "Year High": "98.6350", "Year Low": "29.5600", "Year Close": "44.8700", "Annual % Change": "-38.42%"}, "2007": {"Average Stock Price": "57.4572", "Year Open": "40.3650", "Year High": "84.0450", "Year Low": "37.9600", "Year Close": "72.8600", "Annual % Change": "78.47%"}, "2006": {"Average Stock Price": "42.5721", "Year Open": "39.4600", "Year High": "50.9750", "Year Low": "37.2000", "Year Close": "40.8250", "Annual % Change": "5.68%"}, "2005": {"Average Stock Price": "30.4146", "Year Open": "26.5250", "Year High": "39.0750", "Year Low": "25.1850", "Year Close": "38.6300", "Annual % Change": "41.74%"}, "2004": {"Average Stock Price": "21.5366", "Year Open": "19.5450", "Year High": "27.2700", "Year Low": "18.4200", "Year Close": "27.2550", "Annual % Change": "37.51%"}, "2003": {"Average Stock Price": "17.2758", "Year Open": "14.6300", "Year High": "20.2700", "Year Low": "13.5900", "Year Close": "19.8200", "Annual % Change": "41.57%"}, "2002": {"Average Stock Price": "16.2749", "Year Open": "18.4500", "Year High": "22.2850", "Year Low": "10.4700", "Year Close": "14.0000", "Annual % Change": "-25.13%"}, "2001": {"Average Stock Price": "21.1488", "Year Open": "17.1250", "Year High": "31.3250", "Year Low": "15.9100", "Year Close": "18.7000", "Annual % Change": "13.13%"}, "2000": {"Average Stock Price": "15.2860", "Year Open": "13.5000", "Year High": "16.5950", "Year Low": "13.5000", "Year Close": "16.5300", "Annual % Change": "0.00%"}}}, "market cap": {"value": "$2.72B"}, "income statement": {"Revenue": {"2019-12-31": "14348.02000", "2018-12-31": "15172.45000", "2017-12-31": "14806.51000", "2016-12-31": "19036.53000", "2015-12-31": "18114.05000", "2014-12-31": "21531.58000", "2013-12-31": "27351.57000", "2012-12-31": "27577.13000", "2011-12-31": "23381.40000", "2010-12-31": "20849.35000", "2009-12-31": "21990.30000", "2008-12-31": "22325.89000", "2007-12-31": "16691.03000", "2006-12-31": "14078.51000", "2005-12-31": "13161.05000"}, "Cost Of Goods Sold": {"2019-12-31": "14775.40000", "2018-12-31": "14803.23000", "2017-12-31": "14528.78000", "2016-12-31": "18246.21000", "2015-12-31": "17019.35000", "2014-12-31": "20132.54000", "2013-12-31": "25986.38000", "2012-12-31": "26692.14000", "2011-12-31": "22232.48000", "2010-12-31": "20144.10000", "2009-12-31": "20689.16000", "2008-12-31": "21081.87000", "2007-12-31": "15869.20000", "2006-12-31": "13522.03000", "2005-12-31": "12725.12000"}, "Gross Profit": {"2019-12-31": "-427.38180", "2018-12-31": "369.21970", "2017-12-31": "277.72850", "2016-12-31": "790.31640", "2015-12-31": "1094.69700", "2014-12-31": "1399.03100", "2013-12-31": "1365.18900", "2012-12-31": "884.99610", "2011-12-31": "1148.91600", "2010-12-31": "705.25000", "2009-12-31": "1301.13700", "2008-12-31": "1244.02500", "2007-12-31": "821.82910", "2006-12-31": "556.47270", "2005-12-31": "435.92770"}, "Research And Development Expenses": {"2019-12-31": "", "2018-12-31": "", "2017-12-31": "", "2016-12-31": "", "2015-12-31": "", "2014-12-31": "", "2013-12-31": "", "2012-12-31": "", "2011-12-31": "", "2010-12-31": "", "2009-12-31": "", "2008-12-31": "", "2007-12-31": "", "2006-12-31": "", "2005-12-31": ""}, "SG&A Expenses": {"2019-12-31": "159.08900", "2018-12-31": "118.42800", "2017-12-31": "183.69700", "2016-12-31": "191.07300", "2015-12-31": "168.32900", "2014-12-31": "182.71100", "2013-12-31": "175.14800", "2012-12-31": "151.01000", "2011-12-31": "163.46000", "2010-12-31": "156.26800", "2009-12-31": "178.52000", "2008-12-31": "229.69200", "2007-12-31": "193.74300", "2006-12-31": "178.81700", "2005-12-31": "143.72300"}, "Other Operating Income Or Expenses": {"2019-12-31": "-532.60000", "2018-12-31": "", "2017-12-31": "", "2016-12-31": "", "2015-12-31": "", "2014-12-31": "", "2013-12-31": "0.00000", "2012-12-31": "", "2011-12-31": "", "2010-12-31": "", "2009-12-31": "", "2008-12-31": "79.20900", "2007-12-31": "", "2006-12-31": "", "2005-12-31": ""}, "Operating Expenses": {"2019-12-31": "15604.99000", "2018-12-31": "14943.56000", "2017-12-31": "14712.66000", "2016-12-31": "18437.28000", "2015-12-31": "17427.58000", "2014-12-31": "20315.26000", "2013-12-31": "26161.53000", "2012-12-31": "26843.15000", "2011-12-31": "22395.94000", "2010-12-31": "20300.37000", "2009-12-31": "20867.68000", "2008-12-31": "21232.35000", "2007-12-31": "16062.95000", "2006-12-31": "13700.85000", "2005-12-31": "12868.85000"}, "Operating Income": {"2019-12-31": "-1256.96900", "2018-12-31": "228.89160", "2017-12-31": "93.84770", "2016-12-31": "599.24410", "2015-12-31": "686.47270", "2014-12-31": "1216.32000", "2013-12-31": "1190.04100", "2012-12-31": "733.98630", "2011-12-31": "985.45510", "2010-12-31": "548.98240", "2009-12-31": "1122.61700", "2008-12-31": "1093.54300", "2007-12-31": "628.08590", "2006-12-31": "377.65530", "2005-12-31": "292.20510"}, "Total Non-Operating Income/Expense": {"2019-12-31": "-19.73200", "2018-12-31": "-40.89200", "2017-12-31": "-40.03900", "2016-12-31": "-52.64300", "2015-12-31": "40.08100", "2014-12-31": "-11.41300", "2013-12-31": "-12.44400", "2012-12-31": "-0.48200", "2011-12-31": "16.36000", "2010-12-31": "10.61400", "2009-12-31": "14.17200", "2008-12-31": "48.15300", "2007-12-31": "31.81700", "2006-12-31": "4.33400", "2005-12-31": "7.37700"}, "Pre-Tax Income": {"2019-12-31": "-1276.70000", "2018-12-31": "188.00000", "2017-12-31": "53.80900", "2016-12-31": "546.60000", "2015-12-31": "726.55200", "2014-12-31": "1204.90900", "2013-12-31": "1177.59900", "2012-12-31": "733.50500", "2011-12-31": "1001.81600", "2010-12-31": "559.59600", "2009-12-31": "1136.78800", "2008-12-31": "1141.69400", "2007-12-31": "659.90300", "2006-12-31": "381.99000", "2005-12-31": "299.58200"}, "Income Taxes": {"2019-12-31": "440.98200", "2018-12-31": "132.25000", "2017-12-31": "16.35600", "2016-12-31": "219.15100", "2015-12-31": "245.88800", "2014-12-31": "352.81500", "2013-12-31": "354.57300", "2012-12-31": "162.43800", "2011-12-31": "303.72900", "2010-12-31": "118.51400", "2009-12-31": "403.91300", "2008-12-31": "392.79100", "2007-12-31": "113.37500", "2006-12-31": "118.53800", "2005-12-31": "72.30900"}, "Income After Taxes": {"2019-12-31": "-1717.68200", "2018-12-31": "55.75000", "2017-12-31": "37.45300", "2016-12-31": "327.44900", "2015-12-31": "480.66400", "2014-12-31": "852.09410", "2013-12-31": "823.02600", "2012-12-31": "571.06700", "2011-12-31": "698.08700", "2010-12-31": "441.08200", "2009-12-31": "732.87500", "2008-12-31": "748.90300", "2007-12-31": "546.52800", "2006-12-31": "263.45200", "2005-12-31": "227.27300"}, "Other Income": {"2019-12-31": "", "2018-12-31": "", "2017-12-31": "", "2016-12-31": "", "2015-12-31": "", "2014-12-31": "", "2013-12-31": "", "2012-12-31": "", "2011-12-31": "", "2010-12-31": "", "2009-12-31": "", "2008-12-31": "", "2007-12-31": "", "2006-12-31": "", "2005-12-31": ""}, "Income From Continuous Operations": {"2019-12-31": "-1717.68200", "2018-12-31": "55.75000", "2017-12-31": "37.45300", "2016-12-31": "327.44900", "2015-12-31": "480.66400", "2014-12-31": "852.09400", "2013-12-31": "823.02600", "2012-12-31": "571.06700", "2011-12-31": "698.08700", "2010-12-31": "441.08200", "2009-12-31": "732.87500", "2008-12-31": "748.90300", "2007-12-31": "546.52800", "2006-12-31": "263.45200", "2005-12-31": "227.27300"}, "Income From Discontinued Operations": {"2019-12-31": "164.55800", "2018-12-31": "177.10300", "2017-12-31": "189.31100", "2016-12-31": "", "2015-12-31": "-5.65800", "2014-12-31": "-204.55100", "2013-12-31": "0.00000", "2012-12-31": "0.00000", "2011-12-31": "", "2010-12-31": "", "2009-12-31": "", "2008-12-31": "", "2007-12-31": "", "2006-12-31": "", "2005-12-31": ""}, "Net Income": {"2019-12-31": "-1522.16400", "2018-12-31": "173.46800", "2017-12-31": "153.67100", "2016-12-31": "281.40100", "2015-12-31": "412.51200", "2014-12-31": "510.90900", "2013-12-31": "667.71100", "2012-12-31": "456.33000", "2011-12-31": "593.72800", "2010-12-31": "357.49600", "2009-12-31": "684.88900", "2008-12-31": "716.06100", "2007-12-31": "527.96100", "2006-12-31": "263.45200", "2005-12-31": "227.27300"}, "EBITDA": {"2019-12-31": "-1050.41300", "2018-12-31": "488.57660", "2017-12-31": "359.78570", "2016-12-31": "865.24320", "2015-12-31": "937.26370", "2014-12-31": "1457.14600", "2013-12-31": "1440.04800", "2012-12-31": "983.76730", "2011-12-31": "1224.15100", "2010-12-31": "786.39040", "2009-12-31": "1338.25200", "2008-12-31": "1299.11500", "2007-12-31": "815.90490", "2006-12-31": "538.53230", "2005-12-31": "414.82210"}, "EBIT": {"2019-12-31": "-1256.96900", "2018-12-31": "228.89160", "2017-12-31": "93.84770", "2016-12-31": "599.24410", "2015-12-31": "686.47270", "2014-12-31": "1216.32000", "2013-12-31": "1190.04100", "2012-12-31": "733.98630", "2011-12-31": "985.45510", "2010-12-31": "548.98240", "2009-12-31": "1122.61700", "2008-12-31": "1093.54300", "2007-12-31": "628.08590", "2006-12-31": "377.65530", "2005-12-31": "292.20510"}, "Basic Shares Outstanding": {"2019-12-31": "140.06100", "2018-12-31": "140.41300", "2017-12-31": "139.76100", "2016-12-31": "139.17100", "2015-12-31": "144.80500", "2014-12-31": "157.48700", "2013-12-31": "162.56600", "2012-12-31": "167.12100", "2011-12-31": "172.50100", "2010-12-31": "178.04700", "2009-12-31": "179.10000", "2008-12-31": "177.65800", "2007-12-31": "174.50400", "2006-12-31": "172.67400", "2005-12-31": "169.64000"}, "Shares Outstanding": {"2019-12-31": "140.06100", "2018-12-31": "141.27200", "2017-12-31": "140.89300", "2016-12-31": "140.91200", "2015-12-31": "146.72200", "2014-12-31": "159.61600", "2013-12-31": "164.35400", "2012-12-31": "168.49100", "2011-12-31": "174.56400", "2010-12-31": "180.98800", "2009-12-31": "180.86200", "2008-12-31": "182.61200", "2007-12-31": "181.04300", "2006-12-31": "178.39200", "2005-12-31": "173.31200"}, "Basic EPS": {"2019-12-31": "-10.87000", "2018-12-31": "1.24000", "2017-12-31": "1.10000", "2016-12-31": "2.02000", "2015-12-31": "2.85000", "2014-12-31": "3.24000", "2013-12-31": "4.11000", "2012-12-31": "2.73000", "2011-12-31": "3.44000", "2010-12-31": "2.01000", "2009-12-31": "3.79000", "2008-12-31": "3.99000", "2007-12-31": "2.99000", "2006-12-31": "1.53000", "2005-12-31": "1.34000"}, "EPS - Earnings Per Share": {"2019-12-31": "-10.87000", "2018-12-31": "1.23000", "2017-12-31": "1.09000", "2016-12-31": "2.00000", "2015-12-31": "2.81000", "2014-12-31": "3.20000", "2013-12-31": "4.06000", "2012-12-31": "2.71000", "2011-12-31": "3.40000", "2010-12-31": "1.98000", "2009-12-31": "3.75000", "2008-12-31": "3.89000", "2007-12-31": "2.88000", "2006-12-31": "1.48000", "2005-12-31": "1.31000"}}, "income statement, quarterly": {"Revenue": {"2020-09-30": "3803.21000", "2020-06-30": "4090.99300", "2020-03-31": "4118.55600", "2019-12-31": "1439.42400", "2019-09-30": "4628.57800", "2019-06-30": "4146.40400", "2019-03-31": "4133.61200", "2018-12-31": "1622.65300", "2018-09-30": "3842.23500", "2018-06-30": "4883.79600", "2018-03-31": "4823.77000", "2017-12-31": "312.88040", "2017-09-30": "4941.63400", "2017-06-30": "4716.09200", "2017-03-31": "4835.90500", "2016-12-31": "4989.65600", "2016-09-30": "4766.86400", "2016-06-30": "4856.11700", "2016-03-31": "4423.88900", "2015-12-31": "4370.68300", "2015-09-30": "4384.61200", "2015-06-30": "4810.10600", "2015-03-31": "4548.64900", "2014-12-31": "5455.19500", "2014-09-30": "5440.08100", "2014-06-30": "5251.66400", "2014-03-31": "5384.63600", "2013-12-31": "6291.40300", "2013-09-30": "6684.21600", "2013-06-30": "7190.32800", "2013-03-31": "7185.62400", "2012-12-31": "7022.72100", "2012-09-30": "7136.05600", "2012-06-30": "7128.24900", "2012-03-31": "6290.10800", "2011-12-31": "6252.13300", "2011-09-30": "6037.61300", "2011-06-30": "6033.87600", "2011-03-31": "5057.77600", "2010-12-31": "5266.88500", "2010-09-30": "5511.48800", "2010-06-30": "5152.12100", "2010-03-31": "4918.85500", "2009-12-31": "5479.36500", "2009-09-30": "5420.48800", "2009-06-30": "5292.55400", "2009-03-31": "5797.88900", "2008-12-31": "6071.52500", "2008-09-30": "5673.81800", "2008-06-30": "5773.57000", "2008-03-31": "4806.98100", "2007-12-31": "4712.46500", "2007-09-30": "4115.22600", "2007-06-30": "4221.53800", "2007-03-31": "3641.80400", "2006-12-31": "3633.16400", "2006-09-30": "3364.03600", "2006-06-30": "3456.43000", "2006-03-31": "3624.87600", "2005-12-31": "3962.81600", "2005-09-30": "3418.52500", "2005-06-30": "2919.94200", "2005-03-31": "2859.76700"}, "Cost Of Goods Sold": {"2020-09-30": "3669.53500", "2020-06-30": "4023.53000", "2020-03-31": "4057.15900", "2019-12-31": "1589.60600", "2019-09-30": "4537.32700", "2019-06-30": "4577.60700", "2019-03-31": "4070.85900", "2018-12-31": "1708.66200", "2018-09-30": "3654.95300", "2018-06-30": "4673.64400", "2018-03-31": "4765.97500", "2017-12-31": "438.69090", "2017-09-30": "4720.07100", "2017-06-30": "4684.11600", "2017-03-31": "4685.90400", "2016-12-31": "4740.63700", "2016-09-30": "4729.63700", "2016-06-30": "4607.86800", "2016-03-31": "4168.06700", "2015-12-31": "4118.21900", "2015-09-30": "4133.81900", "2015-06-30": "4516.12500", "2015-03-31": "4251.18900", "2014-12-31": "5093.92800", "2014-09-30": "5059.96000", "2014-06-30": "4906.35200", "2014-03-31": "5072.30400", "2013-12-31": "5955.47500", "2013-09-30": "6329.68500", "2013-06-30": "6857.47200", "2013-03-31": "6843.75000", "2012-12-31": "7038.36400", "2012-09-30": "6829.78100", "2012-06-30": "6809.78300", "2012-03-31": "6014.21000", "2011-12-31": "5942.38000", "2011-09-30": "5775.52700", "2011-06-30": "5727.03200", "2011-03-31": "4787.54300", "2010-12-31": "5167.76800", "2010-09-30": "5449.68100", "2010-06-30": "4868.35400", "2010-03-31": "4658.29700", "2009-12-31": "5156.75100", "2009-09-30": "5108.14400", "2009-06-30": "4975.64900", "2009-03-31": "5448.61600", "2008-12-31": "5740.26100", "2008-09-30": "5341.94500", "2008-06-30": "5449.96300", "2008-03-31": "4549.70000", "2007-12-31": "4444.85000", "2007-09-30": "3925.70500", "2007-06-30": "4034.32900", "2007-03-31": "3464.32000", "2006-12-31": "3469.26400", "2006-09-30": "3317.40100", "2006-06-30": "3294.87000", "2006-03-31": "3440.49900", "2005-12-31": "3858.18300", "2005-09-30": "3237.64700", "2005-06-30": "2888.09500", "2005-03-31": "2741.19900"}, "Gross Profit": {"2020-09-30": "133.67500", "2020-06-30": "67.46290", "2020-03-31": "61.39720", "2019-12-31": "-150.18260", "2019-09-30": "91.25100", "2019-06-30": "-431.20310", "2019-03-31": "62.75290", "2018-12-31": "-86.00930", "2018-09-30": "187.28220", "2018-06-30": "210.15190", "2018-03-31": "57.79490", "2017-12-31": "-125.81050", "2017-09-30": "221.56300", "2017-06-30": "31.97560", "2017-03-31": "150.00100", "2016-12-31": "249.01860", "2016-09-30": "37.22660", "2016-06-30": "248.24900", "2016-03-31": "255.82230", "2015-12-31": "252.46390", "2015-09-30": "250.79300", "2015-06-30": "293.98100", "2015-03-31": "297.46000", "2014-12-31": "361.26660", "2014-09-30": "380.12110", "2014-06-30": "345.31200", "2014-03-31": "312.33200", "2013-12-31": "335.92870", "2013-09-30": "354.53080", "2013-06-30": "332.85600", "2013-03-31": "341.87400", "2012-12-31": "-15.64310", "2012-09-30": "306.27540", "2012-06-30": "318.46580", "2012-03-31": "275.89790", "2011-12-31": "309.75340", "2011-09-30": "262.08590", "2011-06-30": "306.84380", "2011-03-31": "270.23290", "2010-12-31": "99.11770", "2010-09-30": "61.80660", "2010-06-30": "283.76710", "2010-03-31": "260.55810", "2009-12-31": "322.61380", "2009-09-30": "312.34380", "2009-06-30": "316.90530", "2009-03-31": "349.27290", "2008-12-31": "331.26420", "2008-09-30": "331.87300", "2008-06-30": "323.60690", "2008-03-31": "257.28080", "2007-12-31": "267.61520", "2007-09-30": "189.52100", "2007-06-30": "187.20900", "2007-03-31": "177.48390", "2006-12-31": "163.90040", "2006-09-30": "46.63500", "2006-06-30": "161.55980", "2006-03-31": "184.37700", "2005-12-31": "104.63350", "2005-09-30": "180.87790", "2005-06-30": "31.84690", "2005-03-31": "118.56810"}, "Research And Development Expenses": {"2020-09-30": "", "2020-06-30": "", "2020-03-31": "", "2019-12-31": "", "2019-09-30": "", "2019-06-30": "", "2019-03-31": "", "2018-12-31": "", "2018-09-30": "", "2018-06-30": "", "2018-03-31": "", "2017-12-31": "", "2017-09-30": "", "2017-06-30": "", "2017-03-31": "", "2016-12-31": "", "2016-09-30": "", "2016-06-30": "", "2016-03-31": "", "2015-12-31": "", "2015-09-30": "", "2015-06-30": "", "2015-03-31": "", "2014-12-31": "", "2014-09-30": "", "2014-06-30": "", "2014-03-31": "", "2013-12-31": "", "2013-09-30": "", "2013-06-30": "", "2013-03-31": "", "2012-12-31": "", "2012-09-30": "", "2012-06-30": "", "2012-03-31": "", "2011-12-31": "", "2011-09-30": "", "2011-06-30": "", "2011-03-31": "", "2010-12-31": "", "2010-09-30": "", "2010-06-30": "", "2010-03-31": "", "2009-12-31": "", "2009-09-30": "", "2009-06-30": "", "2009-03-31": "", "2008-12-31": "", "2008-09-30": "", "2008-06-30": "", "2008-03-31": "", "2007-12-31": "", "2007-09-30": "", "2007-06-30": "", "2007-03-31": "", "2006-12-31": "", "2006-09-30": "", "2006-06-30": "", "2006-03-31": "", "2005-12-31": "", "2005-09-30": "", "2005-06-30": "", "2005-03-31": ""}, "SG&A Expenses": {"2020-09-30": "68.08500", "2020-06-30": "39.73700", "2020-03-31": "-14.05200", "2019-12-31": "39.36900", "2019-09-30": "11.16700", "2019-06-30": "49.93200", "2019-03-31": "58.62100", "2018-12-31": "-17.67700", "2018-09-30": "61.05800", "2018-06-30": "17.77600", "2018-03-31": "57.27100", "2017-12-31": "45.36100", "2017-09-30": "45.97300", "2017-06-30": "47.31500", "2017-03-31": "45.04800", "2016-12-31": "56.17600", "2016-09-30": "27.14400", "2016-06-30": "52.64000", "2016-03-31": "55.11300", "2015-12-31": "44.26900", "2015-09-30": "35.16500", "2015-06-30": "47.78500", "2015-03-31": "41.11000", "2014-12-31": "53.09600", "2014-09-30": "35.13100", "2014-06-30": "56.71100", "2014-03-31": "37.77300", "2013-12-31": "64.55800", "2013-09-30": "46.07000", "2013-06-30": "31.91800", "2013-03-31": "32.60200", "2012-12-31": "41.07800", "2012-09-30": "40.88400", "2012-06-30": "31.20600", "2012-03-31": "37.84200", "2011-12-31": "61.27100", "2011-09-30": "37.25800", "2011-06-30": "31.10600", "2011-03-31": "33.82500", "2010-12-31": "57.97000", "2010-09-30": "39.56300", "2010-06-30": "27.82700", "2010-03-31": "30.90800", "2009-12-31": "61.48000", "2009-09-30": "49.62200", "2009-06-30": "42.00300", "2009-03-31": "25.41500", "2008-12-31": "83.37200", "2008-09-30": "45.08900", "2008-06-30": "61.71100", "2008-03-31": "39.52000", "2007-12-31": "51.69400", "2007-09-30": "44.93100", "2007-06-30": "51.75200", "2007-03-31": "45.36600", "2006-12-31": "50.09700", "2006-09-30": "32.64700", "2006-06-30": "54.30200", "2006-03-31": "41.77100", "2005-12-31": "52.85000", "2005-09-30": "25.11200", "2005-06-30": "27.65200", "2005-03-31": "38.10900"}, "Other Operating Income Or Expenses": {"2020-09-30": "", "2020-06-30": "", "2020-03-31": "", "2019-12-31": "", "2019-09-30": "", "2019-06-30": "", "2019-03-31": "", "2018-12-31": "", "2018-09-30": "", "2018-06-30": "", "2018-03-31": "", "2017-12-31": "", "2017-09-30": "", "2017-06-30": "", "2017-03-31": "", "2016-12-31": "", "2016-09-30": "", "2016-06-30": "", "2016-03-31": "", "2015-12-31": "", "2015-09-30": "", "2015-06-30": "", "2015-03-31": "", "2014-12-31": "", "2014-09-30": "", "2014-06-30": "", "2014-03-31": "", "2013-12-31": "", "2013-09-30": "", "2013-06-30": "", "2013-03-31": "", "2012-12-31": "", "2012-09-30": "", "2012-06-30": "", "2012-03-31": "", "2011-12-31": "", "2011-09-30": "", "2011-06-30": "", "2011-03-31": "", "2010-12-31": "", "2010-09-30": "", "2010-06-30": "", "2010-03-31": "", "2009-12-31": "", "2009-09-30": "", "2009-06-30": "", "2009-03-31": "", "2008-12-31": "", "2008-09-30": "", "2008-06-30": "", "2008-03-31": "", "2007-12-31": "", "2007-09-30": "", "2007-06-30": "", "2007-03-31": "", "2006-12-31": "", "2006-09-30": "", "2006-06-30": "", "2006-03-31": "", "2005-12-31": "", "2005-09-30": "", "2005-06-30": "", "2005-03-31": ""}, "Operating Expenses": {"2020-09-30": "3737.62000", "2020-06-30": "4068.32500", "2020-03-31": "4340.71100", "2019-12-31": "1911.44600", "2019-09-30": "4882.48200", "2019-06-30": "4654.21000", "2019-03-31": "4156.84800", "2018-12-31": "1712.88600", "2018-09-30": "3716.01100", "2018-06-30": "4691.42000", "2018-03-31": "4823.24600", "2017-12-31": "484.23630", "2017-09-30": "4766.04400", "2017-06-30": "4731.43100", "2017-03-31": "4730.95200", "2016-12-31": "4796.81300", "2016-09-30": "4756.78100", "2016-06-30": "4660.50800", "2016-03-31": "4223.18000", "2015-12-31": "4402.38300", "2015-09-30": "4168.98400", "2015-06-30": "4563.91000", "2015-03-31": "4292.29900", "2014-12-31": "5147.02400", "2014-09-30": "5095.09100", "2014-06-30": "4963.06300", "2014-03-31": "5110.07700", "2013-12-31": "6020.03500", "2013-09-30": "6375.75500", "2013-06-30": "6889.39000", "2013-03-31": "6876.35200", "2012-12-31": "7079.44300", "2012-09-30": "6870.66500", "2012-06-30": "6840.98900", "2012-03-31": "6052.05200", "2011-12-31": "6003.65100", "2011-09-30": "5812.78500", "2011-06-30": "5758.13800", "2011-03-31": "4821.36800", "2010-12-31": "5225.73600", "2010-09-30": "5489.24400", "2010-06-30": "4896.18100", "2010-03-31": "4689.20500", "2009-12-31": "5218.23000", "2009-09-30": "5157.76600", "2009-06-30": "5017.65200", "2009-03-31": "5474.03100", "2008-12-31": "5744.42400", "2008-09-30": "5387.03400", "2008-06-30": "5511.67400", "2008-03-31": "4589.22000", "2007-12-31": "4496.54400", "2007-09-30": "3970.63600", "2007-06-30": "4086.08100", "2007-03-31": "3509.68600", "2006-12-31": "3519.36100", "2006-09-30": "3350.04800", "2006-06-30": "3349.17200", "2006-03-31": "3482.27000", "2005-12-31": "3911.03200", "2005-09-30": "3262.75900", "2005-06-30": "2915.74700", "2005-03-31": "2779.30800"}, "Operating Income": {"2020-09-30": "65.59010", "2020-06-30": "22.66770", "2020-03-31": "-222.15480", "2019-12-31": "-472.02200", "2019-09-30": "-253.90380", "2019-06-30": "-507.80620", "2019-03-31": "-23.23630", "2018-12-31": "-90.23290", "2018-09-30": "126.22410", "2018-06-30": "192.37600", "2018-03-31": "0.52390", "2017-12-31": "-171.35600", "2017-09-30": "175.58980", "2017-06-30": "-15.33940", "2017-03-31": "104.95310", "2016-12-31": "192.84330", "2016-09-30": "10.08250", "2016-06-30": "195.60890", "2016-03-31": "200.70950", "2015-12-31": "-31.69970", "2015-09-30": "215.62790", "2015-06-30": "246.19580", "2015-03-31": "256.35010", "2014-12-31": "308.17040", "2014-09-30": "344.99020", "2014-06-30": "288.60110", "2014-03-31": "274.55910", "2013-12-31": "271.36870", "2013-09-30": "308.46090", "2013-06-30": "300.93800", "2013-03-31": "309.27200", "2012-12-31": "-56.72220", "2012-09-30": "265.39160", "2012-06-30": "287.25980", "2012-03-31": "238.05620", "2011-12-31": "248.48190", "2011-09-30": "224.82810", "2011-06-30": "275.73780", "2011-03-31": "236.40770", "2010-12-31": "41.14890", "2010-09-30": "22.24370", "2010-06-30": "255.93990", "2010-03-31": "229.64990", "2009-12-31": "261.13430", "2009-09-30": "262.72170", "2009-06-30": "274.90230", "2009-03-31": "323.85790", "2008-12-31": "327.10060", "2008-09-30": "286.78420", "2008-06-30": "261.89600", "2008-03-31": "217.76070", "2007-12-31": "215.92040", "2007-09-30": "144.59010", "2007-06-30": "135.45700", "2007-03-31": "132.11790", "2006-12-31": "113.80320", "2006-09-30": "13.98800", "2006-06-30": "107.25780", "2006-03-31": "142.60600", "2005-12-31": "51.78440", "2005-09-30": "155.76590", "2005-06-30": "4.19480", "2005-03-31": "80.45920"}, "Total Non-Operating Income/Expense": {"2020-09-30": "-13.36000", "2020-06-30": "-11.78900", "2020-03-31": "-6.27100", "2019-12-31": "-5.03800", "2019-09-30": "-4.89600", "2019-06-30": "-4.06000", "2019-03-31": "-5.73800", "2018-12-31": "-7.83800", "2018-09-30": "-14.73400", "2018-06-30": "-8.74100", "2018-03-31": "-9.57900", "2017-12-31": "-9.69500", "2017-09-30": "-10.20600", "2017-06-30": "-8.61000", "2017-03-31": "-11.52800", "2016-12-31": "-14.21300", "2016-09-30": "-12.73400", "2016-06-30": "-14.20700", "2016-03-31": "-11.48900", "2015-12-31": "-7.68200", "2015-09-30": "62.58200", "2015-06-30": "-7.34700", "2015-03-31": "-7.47200", "2014-12-31": "-3.40400", "2014-09-30": "-1.60600", "2014-06-30": "-3.31200", "2014-03-31": "-3.09100", "2013-12-31": "-3.55400", "2013-09-30": "-3.71900", "2013-06-30": "-2.23200", "2013-03-31": "-2.93900", "2012-12-31": "-3.25800", "2012-09-30": "-0.88900", "2012-06-30": "0.92100", "2012-03-31": "2.74400", "2011-12-31": "0.12700", "2011-09-30": "6.10900", "2011-06-30": "5.45400", "2011-03-31": "4.67000", "2010-12-31": "1.34000", "2010-09-30": "2.63500", "2010-06-30": "3.20100", "2010-03-31": "3.43800", "2009-12-31": "3.04200", "2009-09-30": "3.14000", "2009-06-30": "3.34800", "2009-03-31": "4.64200", "2008-12-31": "-68.01500", "2008-09-30": "14.71300", "2008-06-30": "91.44000", "2008-03-31": "10.01500", "2007-12-31": "8.86700", "2007-09-30": "10.67300", "2007-06-30": "8.10200", "2007-03-31": "4.17500", "2006-12-31": "5.00700", "2006-09-30": "-0.13700", "2006-06-30": "-0.72100", "2006-03-31": "0.18500", "2005-12-31": "4.16700", "2005-09-30": "1.69800", "2005-06-30": "1.38200", "2005-03-31": "0.13000"}, "Pre-Tax Income": {"2020-09-30": "52.23000", "2020-06-30": "10.87900", "2020-03-31": "-228.42600", "2019-12-31": "-477.06000", "2019-09-30": "-258.80000", "2019-06-30": "-511.86600", "2019-03-31": "-28.97400", "2018-12-31": "-98.07000", "2018-09-30": "111.49000", "2018-06-30": "183.63500", "2018-03-31": "-9.05500", "2017-12-31": "-181.05100", "2017-09-30": "165.38400", "2017-06-30": "-23.94900", "2017-03-31": "93.42500", "2016-12-31": "178.62900", "2016-09-30": "-2.65100", "2016-06-30": "181.40200", "2016-03-31": "189.22000", "2015-12-31": "-39.38500", "2015-09-30": "278.21000", "2015-06-30": "238.84900", "2015-03-31": "248.87800", "2014-12-31": "304.76800", "2014-09-30": "343.38400", "2014-06-30": "285.28900", "2014-03-31": "271.46800", "2013-12-31": "267.81800", "2013-09-30": "304.74200", "2013-06-30": "298.70600", "2013-03-31": "306.33300", "2012-12-31": "-59.97800", "2012-09-30": "264.50200", "2012-06-30": "288.18100", "2012-03-31": "240.80000", "2011-12-31": "248.60900", "2011-09-30": "230.93700", "2011-06-30": "281.19200", "2011-03-31": "241.07800", "2010-12-31": "42.48800", "2010-09-30": "24.87900", "2010-06-30": "259.14100", "2010-03-31": "233.08800", "2009-12-31": "264.17600", "2009-09-30": "265.86200", "2009-06-30": "278.25000", "2009-03-31": "328.50000", "2008-12-31": "259.08500", "2008-09-30": "301.49700", "2008-06-30": "353.33600", "2008-03-31": "227.77600", "2007-12-31": "224.78800", "2007-09-30": "155.26300", "2007-06-30": "143.55900", "2007-03-31": "136.29300", "2006-12-31": "118.81100", "2006-09-30": "13.85100", "2006-06-30": "106.53700", "2006-03-31": "142.79100", "2005-12-31": "55.95200", "2005-09-30": "157.46400", "2005-06-30": "5.57700", "2005-03-31": "80.58900"}, "Income Taxes": {"2020-09-30": "28.80400", "2020-06-30": "31.08500", "2020-03-31": "-66.83100", "2019-12-31": "6.17500", "2019-09-30": "495.30700", "2019-06-30": "-75.75700", "2019-03-31": "15.25700", "2018-12-31": "48.06300", "2018-09-30": "28.71000", "2018-06-30": "52.47100", "2018-03-31": "3.00600", "2017-12-31": "-34.89300", "2017-09-30": "52.49500", "2017-06-30": "-17.31700", "2017-03-31": "16.07100", "2016-12-31": "107.65100", "2016-09-30": "-20.05700", "2016-06-30": "61.34800", "2016-03-31": "70.20900", "2015-12-31": "-6.90800", "2015-09-30": "91.41700", "2015-06-30": "78.10500", "2015-03-31": "83.27400", "2014-12-31": "69.89600", "2014-09-30": "114.63500", "2014-06-30": "90.12600", "2014-03-31": "78.15800", "2013-12-31": "82.73900", "2013-09-30": "87.39100", "2013-06-30": "91.36600", "2013-03-31": "93.07700", "2012-12-31": "-89.01100", "2012-09-30": "92.16400", "2012-06-30": "95.66000", "2012-03-31": "63.62500", "2011-12-31": "64.78300", "2011-09-30": "69.34800", "2011-06-30": "89.73300", "2011-03-31": "79.86500", "2010-12-31": "-96.59300", "2010-09-30": "54.96700", "2010-06-30": "80.72400", "2010-03-31": "79.41600", "2009-12-31": "102.93100", "2009-09-30": "91.85800", "2009-06-30": "101.91100", "2009-03-31": "107.21300", "2008-12-31": "61.72900", "2008-09-30": "112.16600", "2008-06-30": "135.45900", "2008-03-31": "83.43700", "2007-12-31": "-47.88400", "2007-09-30": "61.58700", "2007-06-30": "47.99500", "2007-03-31": "51.67700", "2006-12-31": "38.10300", "2006-09-30": "-13.48700", "2006-06-30": "39.98500", "2006-03-31": "53.93700", "2005-12-31": "-9.17100", "2005-09-30": "26.27500", "2005-06-30": "22.00900", "2005-03-31": "33.19600"}, "Income After Taxes": {"2020-09-30": "23.42600", "2020-06-30": "-20.20600", "2020-03-31": "-161.59500", "2019-12-31": "-483.23490", "2019-09-30": "-754.10700", "2019-06-30": "-436.10900", "2019-03-31": "-44.23100", "2018-12-31": "-146.13300", "2018-09-30": "82.78000", "2018-06-30": "131.16400", "2018-03-31": "-12.06100", "2017-12-31": "-146.15800", "2017-09-30": "112.88900", "2017-06-30": "-6.63200", "2017-03-31": "77.35400", "2016-12-31": "70.97800", "2016-09-30": "17.40600", "2016-06-30": "120.05400", "2016-03-31": "119.01100", "2015-12-31": "-32.47700", "2015-09-30": "186.79300", "2015-06-30": "160.74400", "2015-03-31": "165.60400", "2014-12-31": "234.87210", "2014-09-30": "228.74900", "2014-06-30": "195.16300", "2014-03-31": "193.31000", "2013-12-31": "185.07900", "2013-09-30": "217.35100", "2013-06-30": "207.34000", "2013-03-31": "213.25600", "2012-12-31": "29.03300", "2012-09-30": "172.33800", "2012-06-30": "192.52100", "2012-03-31": "177.17500", "2011-12-31": "183.82600", "2011-09-30": "161.58900", "2011-06-30": "191.45900", "2011-03-31": "161.21300", "2010-12-31": "139.08100", "2010-09-30": "-30.08800", "2010-06-30": "178.41700", "2010-03-31": "153.67200", "2009-12-31": "161.24500", "2009-09-30": "174.00400", "2009-06-30": "176.33900", "2009-03-31": "221.28700", "2008-12-31": "197.35590", "2008-09-30": "189.33100", "2008-06-30": "217.87700", "2008-03-31": "144.33900", "2007-12-31": "272.67200", "2007-09-30": "93.67600", "2007-06-30": "95.56400", "2007-03-31": "84.61600", "2006-12-31": "80.70800", "2006-09-30": "27.33800", "2006-06-30": "66.55200", "2006-03-31": "88.85400", "2005-12-31": "65.12300", "2005-09-30": "131.18900", "2005-06-30": "-16.43200", "2005-03-31": "47.39300"}, "Other Income": {"2020-09-30": "", "2020-06-30": "", "2020-03-31": "", "2019-12-31": "", "2019-09-30": "", "2019-06-30": "", "2019-03-31": "", "2018-12-31": "", "2018-09-30": "", "2018-06-30": "", "2018-03-31": "", "2017-12-31": "", "2017-09-30": "", "2017-06-30": "", "2017-03-31": "", "2016-12-31": "", "2016-09-30": "", "2016-06-30": "", "2016-03-31": "", "2015-12-31": "", "2015-09-30": "", "2015-06-30": "", "2015-03-31": "", "2014-12-31": "", "2014-09-30": "", "2014-06-30": "", "2014-03-31": "", "2013-12-31": "", "2013-09-30": "", "2013-06-30": "", "2013-03-31": "", "2012-12-31": "", "2012-09-30": "", "2012-06-30": "", "2012-03-31": "", "2011-12-31": "", "2011-09-30": "", "2011-06-30": "", "2011-03-31": "", "2010-12-31": "", "2010-09-30": "", "2010-06-30": "", "2010-03-31": "", "2009-12-31": "", "2009-09-30": "", "2009-06-30": "", "2009-03-31": "", "2008-12-31": "", "2008-09-30": "", "2008-06-30": "", "2008-03-31": "", "2007-12-31": "", "2007-09-30": "", "2007-06-30": "", "2007-03-31": "", "2006-12-31": "", "2006-09-30": "", "2006-06-30": "", "2006-03-31": "", "2005-12-31": "", "2005-09-30": "", "2005-06-30": "", "2005-03-31": ""}, "Income From Continuous Operations": {"2020-09-30": "23.42600", "2020-06-30": "-20.20600", "2020-03-31": "-161.59500", "2019-12-31": "-483.23500", "2019-09-30": "-754.10700", "2019-06-30": "-436.10900", "2019-03-31": "-44.23100", "2018-12-31": "-146.13300", "2018-09-30": "82.78000", "2018-06-30": "131.16400", "2018-03-31": "-12.06100", "2017-12-31": "-146.15800", "2017-09-30": "112.88900", "2017-06-30": "-6.63200", "2017-03-31": "77.35400", "2016-12-31": "70.97800", "2016-09-30": "17.40600", "2016-06-30": "120.05400", "2016-03-31": "119.01100", "2015-12-31": "-32.47700", "2015-09-30": "186.79300", "2015-06-30": "160.74400", "2015-03-31": "165.60400", "2014-12-31": "234.87200", "2014-09-30": "228.74900", "2014-06-30": "195.16300", "2014-03-31": "193.31000", "2013-12-31": "185.07900", "2013-09-30": "217.35100", "2013-06-30": "207.34000", "2013-03-31": "213.25600", "2012-12-31": "29.03300", "2012-09-30": "172.33800", "2012-06-30": "192.52100", "2012-03-31": "177.17500", "2011-12-31": "183.82600", "2011-09-30": "161.58900", "2011-06-30": "191.45900", "2011-03-31": "161.21300", "2010-12-31": "139.08100", "2010-09-30": "-30.08800", "2010-06-30": "178.41700", "2010-03-31": "153.67200", "2009-12-31": "161.24500", "2009-09-30": "174.00400", "2009-06-30": "176.33900", "2009-03-31": "221.28700", "2008-12-31": "197.35590", "2008-09-30": "189.33100", "2008-06-30": "217.87700", "2008-03-31": "144.33900", "2007-12-31": "272.67200", "2007-09-30": "93.67600", "2007-06-30": "95.56400", "2007-03-31": "84.61600", "2006-12-31": "80.70800", "2006-09-30": "27.33800", "2006-06-30": "66.55200", "2006-03-31": "88.85400", "2005-12-31": "65.12300", "2005-09-30": "131.18900", "2005-06-30": "-16.43200", "2005-03-31": "47.39300"}, "Income From Discontinued Operations": {"2020-09-30": "0.21400", "2020-06-30": "1.94400", "2020-03-31": "-94.85500", "2019-12-31": "158.51000", "2019-09-30": "23.45300", "2019-06-30": "-16.59100", "2019-03-31": "-0.81400", "2018-12-31": "163.85800", "2018-09-30": "13.24500", "2018-06-30": "", "2018-03-31": "", "2017-12-31": "", "2017-09-30": "", "2017-06-30": "", "2017-03-31": "", "2016-12-31": "", "2016-09-30": "", "2016-06-30": "", "2016-03-31": "", "2015-12-31": "-0.60100", "2015-09-30": "-5.05700", "2015-06-30": "", "2015-03-31": "", "2014-12-31": "-5.50900", "2014-09-30": "-113.85900", "2014-06-30": "-85.18300", "2014-03-31": "", "2013-12-31": "", "2013-09-30": "0.00000", "2013-06-30": "", "2013-03-31": "", "2012-12-31": "", "2012-09-30": "", "2012-06-30": "", "2012-03-31": "", "2011-12-31": "", "2011-09-30": "", "2011-06-30": "", "2011-03-31": "", "2010-12-31": "", "2010-09-30": "", "2010-06-30": "", "2010-03-31": "", "2009-12-31": "", "2009-09-30": "", "2009-06-30": "", "2009-03-31": "", "2008-12-31": "", "2008-09-30": "", "2008-06-30": "", "2008-03-31": "", "2007-12-31": "", "2007-09-30": "", "2007-06-30": "", "2007-03-31": "", "2006-12-31": "", "2006-09-30": "", "2006-06-30": "", "2006-03-31": "", "2005-12-31": "", "2005-09-30": "", "2005-06-30": "", "2005-03-31": ""}, "Net Income": {"2020-09-30": "19.34100", "2020-06-30": "-24.99000", "2020-03-31": "-265.95900", "2019-12-31": "-296.14000", "2019-09-30": "-743.09900", "2019-06-30": "-414.02100", "2019-03-31": "-68.90400", "2018-12-31": "-1.11900", "2018-09-30": "77.34500", "2018-06-30": "114.83200", "2018-03-31": "-17.59000", "2017-12-31": "22.62200", "2017-09-30": "94.46300", "2017-06-30": "-24.02500", "2017-03-31": "60.61100", "2016-12-31": "70.46100", "2016-09-30": "4.80400", "2016-06-30": "101.81300", "2016-03-31": "104.32300", "2015-12-31": "-51.35700", "2015-09-30": "171.28300", "2015-06-30": "148.50700", "2015-03-31": "144.07900", "2014-12-31": "214.54300", "2014-09-30": "69.50200", "2014-06-30": "77.79000", "2014-03-31": "149.07400", "2013-12-31": "166.79500", "2013-09-30": "173.04600", "2013-06-30": "161.41200", "2013-03-31": "166.45800", "2012-12-31": "-4.32500", "2012-09-30": "144.58300", "2012-06-30": "161.19000", "2012-03-31": "154.88200", "2011-12-31": "153.15600", "2011-09-30": "135.36200", "2011-06-30": "165.49900", "2011-03-31": "139.71100", "2010-12-31": "117.12200", "2010-09-30": "-53.63600", "2010-06-30": "157.37500", "2010-03-31": "136.63500", "2009-12-31": "148.72400", "2009-09-30": "162.09600", "2009-06-30": "169.27000", "2009-03-31": "204.79900", "2008-12-31": "189.50700", "2008-09-30": "181.89100", "2008-06-30": "207.95700", "2008-03-31": "136.70600", "2007-12-31": "254.10500", "2007-09-30": "93.67600", "2007-06-30": "95.56400", "2007-03-31": "84.61600", "2006-12-31": "80.70800", "2006-09-30": "27.33800", "2006-06-30": "66.55200", "2006-03-31": "88.85400", "2005-12-31": "65.12300", "2005-09-30": "131.18900", "2005-06-30": "-16.43200", "2005-03-31": "47.39300"}, "EBITDA": {"2020-09-30": "90.17610", "2020-06-30": "54.25070", "2020-03-31": "-187.46080", "2019-12-31": "-435.02500", "2019-09-30": "-211.06180", "2019-06-30": "-444.16210", "2019-03-31": "39.83670", "2018-12-31": "-30.20190", "2018-09-30": "189.98210", "2018-06-30": "257.70100", "2018-03-31": "71.09490", "2017-12-31": "-104.44890", "2017-09-30": "240.94990", "2017-06-30": "46.88860", "2017-03-31": "176.39610", "2016-12-31": "259.46120", "2016-09-30": "76.97050", "2016-06-30": "266.81190", "2016-03-31": "261.99950", "2015-12-31": "36.03830", "2015-09-30": "275.76690", "2015-06-30": "308.53780", "2015-03-31": "316.92210", "2014-12-31": "368.24640", "2014-09-30": "406.67020", "2014-06-30": "348.16410", "2014-03-31": "334.06610", "2013-12-31": "326.67460", "2013-09-30": "373.07700", "2013-06-30": "366.44600", "2013-03-31": "373.84900", "2012-12-31": "7.78280", "2012-09-30": "328.11660", "2012-06-30": "348.90880", "2012-03-31": "298.95820", "2011-12-31": "308.41490", "2011-09-30": "284.04110", "2011-06-30": "334.65780", "2011-03-31": "297.03770", "2010-12-31": "103.69990", "2010-09-30": "82.00670", "2010-06-30": "315.08490", "2010-03-31": "285.59890", "2009-12-31": "316.03130", "2009-09-30": "317.34770", "2009-06-30": "328.77840", "2009-03-31": "376.09390", "2008-12-31": "382.94360", "2008-09-30": "339.05620", "2008-06-30": "312.79100", "2008-03-31": "264.32280", "2007-12-31": "272.76040", "2007-09-30": "188.84010", "2007-06-30": "180.15100", "2007-03-31": "174.15290", "2006-12-31": "161.10120", "2006-09-30": "53.17900", "2006-06-30": "145.20280", "2006-03-31": "179.04900", "2005-12-31": "84.26240", "2005-09-30": "186.66590", "2005-06-30": "34.95280", "2005-03-31": "108.94020"}, "EBIT": {"2020-09-30": "65.59010", "2020-06-30": "22.66770", "2020-03-31": "-222.15480", "2019-12-31": "-472.02250", "2019-09-30": "-253.90380", "2019-06-30": "-507.80620", "2019-03-31": "-23.23630", "2018-12-31": "-90.23240", "2018-09-30": "126.22410", "2018-06-30": "192.37600", "2018-03-31": "0.52390", "2017-12-31": "-171.35600", "2017-09-30": "175.58980", "2017-06-30": "-15.33940", "2017-03-31": "104.95310", "2016-12-31": "192.84330", "2016-09-30": "10.08250", "2016-06-30": "195.60890", "2016-03-31": "200.70950", "2015-12-31": "-31.70120", "2015-09-30": "215.62790", "2015-06-30": "246.19580", "2015-03-31": "256.35010", "2014-12-31": "308.16990", "2014-09-30": "344.99020", "2014-06-30": "288.60110", "2014-03-31": "274.55910", "2013-12-31": "271.37010", "2013-09-30": "308.46090", "2013-06-30": "300.93800", "2013-03-31": "309.27200", "2012-12-31": "-56.72120", "2012-09-30": "265.39160", "2012-06-30": "287.25980", "2012-03-31": "238.05620", "2011-12-31": "248.48140", "2011-09-30": "224.82810", "2011-06-30": "275.73780", "2011-03-31": "236.40770", "2010-12-31": "41.14890", "2010-09-30": "22.24370", "2010-06-30": "255.93990", "2010-03-31": "229.64990", "2009-12-31": "261.13530", "2009-09-30": "262.72170", "2009-06-30": "274.90230", "2009-03-31": "323.85790", "2008-12-31": "327.10210", "2008-09-30": "286.78420", "2008-06-30": "261.89600", "2008-03-31": "217.76070", "2007-12-31": "215.92090", "2007-09-30": "144.59010", "2007-06-30": "135.45700", "2007-03-31": "132.11790", "2006-12-31": "113.80350", "2006-09-30": "13.98800", "2006-06-30": "107.25780", "2006-03-31": "142.60600", "2005-12-31": "51.78520", "2005-09-30": "155.76590", "2005-06-30": "4.19480", "2005-03-31": "80.45920"}, "Basic Shares Outstanding": {"2020-09-30": "140.59800", "2020-06-30": "140.53600", "2020-03-31": "140.26200", "2019-12-31": "140.06100", "2019-09-30": "140.16300", "2019-06-30": "140.14100", "2019-03-31": "139.77600", "2018-12-31": "140.41300", "2018-09-30": "140.71300", "2018-06-30": "140.65400", "2018-03-31": "140.09900", "2017-12-31": "139.76100", "2017-09-30": "139.88700", "2017-06-30": "139.81800", "2017-03-31": "139.44300", "2016-12-31": "139.17100", "2016-09-30": "139.25000", "2016-06-30": "139.22600", "2016-03-31": "138.95000", "2015-12-31": "144.80500", "2015-09-30": "144.29300", "2015-06-30": "146.26100", "2015-03-31": "147.73100", "2014-12-31": "157.48700", "2014-09-30": "157.33200", "2014-06-30": "158.46500", "2014-03-31": "160.21300", "2013-12-31": "162.56600", "2013-09-30": "162.94000", "2013-06-30": "162.79700", "2013-03-31": "162.40800", "2012-12-31": "167.12100", "2012-09-30": "166.66000", "2012-06-30": "168.26400", "2012-03-31": "168.85200", "2011-12-31": "172.50100", "2011-09-30": "171.57600", "2011-06-30": "173.42500", "2011-03-31": "175.81900", "2010-12-31": "178.04700", "2010-09-30": "178.24800", "2010-06-30": "178.21400", "2010-03-31": "178.16300", "2009-12-31": "179.10000", "2009-09-30": "178.85900", "2009-06-30": "179.05400", "2009-03-31": "180.31700", "2008-12-31": "177.65800", "2008-09-30": "178.25300", "2008-06-30": "176.26800", "2008-03-31": "175.69800", "2007-12-31": "174.50400", "2007-09-30": "174.64600", "2007-06-30": "174.35000", "2007-03-31": "173.92800", "2006-12-31": "172.67400", "2006-09-30": "172.72600", "2006-06-30": "172.52600", "2006-03-31": "171.82400", "2005-12-31": "169.64000", "2005-09-30": "170.31600", "2005-06-30": "169.98800", "2005-03-31": "167.39600"}, "Shares Outstanding": {"2020-09-30": "141.16800", "2020-06-30": "140.53600", "2020-03-31": "140.26200", "2019-12-31": "140.06100", "2019-09-30": "140.16300", "2019-06-30": "140.14100", "2019-03-31": "139.77600", "2018-12-31": "141.27200", "2018-09-30": "141.54900", "2018-06-30": "141.30600", "2018-03-31": "140.09900", "2017-12-31": "140.89300", "2017-09-30": "140.83000", "2017-06-30": "139.81800", "2017-03-31": "140.95800", "2016-12-31": "140.91200", "2016-09-30": "140.92400", "2016-06-30": "140.80100", "2016-03-31": "140.86500", "2015-12-31": "146.72200", "2015-09-30": "146.08500", "2015-06-30": "147.92100", "2015-03-31": "149.91500", "2014-12-31": "159.61600", "2014-09-30": "159.45600", "2014-06-30": "160.45400", "2014-03-31": "162.36000", "2013-12-31": "164.35400", "2013-09-30": "164.84500", "2013-06-30": "164.13500", "2013-03-31": "163.99100", "2012-12-31": "168.49100", "2012-09-30": "167.96800", "2012-06-30": "169.44000", "2012-03-31": "170.40600", "2011-12-31": "174.56400", "2011-09-30": "173.17800", "2011-06-30": "175.25700", "2011-03-31": "179.02200", "2010-12-31": "180.98800", "2010-09-30": "178.24800", "2010-06-30": "180.68800", "2010-03-31": "180.76900", "2009-12-31": "180.86200", "2009-09-30": "181.12400", "2009-06-30": "181.19800", "2009-03-31": "181.20400", "2008-12-31": "182.61200", "2008-09-30": "181.11000", "2008-06-30": "184.34100", "2008-03-31": "182.72200", "2007-12-31": "181.04300", "2007-09-30": "183.46000", "2007-06-30": "181.66000", "2007-03-31": "179.89600", "2006-12-31": "178.39200", "2006-09-30": "177.86600", "2006-06-30": "179.24200", "2006-03-31": "177.81400", "2005-12-31": "173.31200", "2005-09-30": "174.28000", "2005-06-30": "169.98800", "2005-03-31": "169.86800"}, "Basic EPS": {"2020-09-30": "0.14000", "2020-06-30": "-0.18000", "2020-03-31": "-1.90000", "2019-12-31": "-2.13000", "2019-09-30": "-5.30000", "2019-06-30": "-2.95000", "2019-03-31": "-0.49000", "2018-12-31": "", "2018-09-30": "0.55000", "2018-06-30": "0.82000", "2018-03-31": "-0.13000", "2017-12-31": "0.16000", "2017-09-30": "0.68000", "2017-06-30": "-0.17000", "2017-03-31": "0.43000", "2016-12-31": "0.51000", "2016-09-30": "0.03000", "2016-06-30": "0.73000", "2016-03-31": "0.75000", "2015-12-31": "-0.34000", "2015-09-30": "1.19000", "2015-06-30": "1.02000", "2015-03-31": "0.98000", "2014-12-31": "1.38000", "2014-09-30": "0.44000", "2014-06-30": "0.49000", "2014-03-31": "0.93000", "2013-12-31": "1.04000", "2013-09-30": "1.06000", "2013-06-30": "0.99000", "2013-03-31": "1.02000", "2012-12-31": "-0.02000", "2012-09-30": "0.87000", "2012-06-30": "0.96000", "2012-03-31": "0.92000", "2011-12-31": "0.91000", "2011-09-30": "0.79000", "2011-06-30": "0.95000", "2011-03-31": "0.79000", "2010-12-31": "0.66000", "2010-09-30": "-0.30000", "2010-06-30": "0.88000", "2010-03-31": "0.77000", "2009-12-31": "0.82000", "2009-09-30": "0.90000", "2009-06-30": "0.94000", "2009-03-31": "1.13000", "2008-12-31": "1.04000", "2008-09-30": "1.01000", "2008-06-30": "1.17000", "2008-03-31": "0.77000", "2007-12-31": "1.41500", "2007-09-30": "0.54000", "2007-06-30": "0.55000", "2007-03-31": "0.48500", "2006-12-31": "0.47000", "2006-09-30": "0.16000", "2006-06-30": "0.38500", "2006-03-31": "0.51500", "2005-12-31": "0.38000", "2005-09-30": "0.77000", "2005-06-30": "-0.09500", "2005-03-31": "0.28500"}, "EPS - Earnings Per Share": {"2020-09-30": "0.14000", "2020-06-30": "-0.18000", "2020-03-31": "-1.90000", "2019-12-31": "-2.13000", "2019-09-30": "-5.30000", "2019-06-30": "-2.95000", "2019-03-31": "-0.49000", "2018-12-31": "0.00000", "2018-09-30": "0.55000", "2018-06-30": "0.81000", "2018-03-31": "-0.13000", "2017-12-31": "0.16000", "2017-09-30": "0.67000", "2017-06-30": "-0.17000", "2017-03-31": "0.43000", "2016-12-31": "0.51000", "2016-09-30": "0.03000", "2016-06-30": "0.72000", "2016-03-31": "0.74000", "2015-12-31": "-0.32000", "2015-09-30": "1.17000", "2015-06-30": "1.00000", "2015-03-31": "0.96000", "2014-12-31": "1.36000", "2014-09-30": "0.44000", "2014-06-30": "0.48000", "2014-03-31": "0.92000", "2013-12-31": "1.01000", "2013-09-30": "1.05000", "2013-06-30": "0.98000", "2013-03-31": "1.02000", "2012-12-31": "-0.01000", "2012-09-30": "0.86000", "2012-06-30": "0.95000", "2012-03-31": "0.91000", "2011-12-31": "0.90000", "2011-09-30": "0.78000", "2011-06-30": "0.94000", "2011-03-31": "0.78000", "2010-12-31": "0.65000", "2010-09-30": "-0.30000", "2010-06-30": "0.87000", "2010-03-31": "0.76000", "2009-12-31": "0.81000", "2009-09-30": "0.89000", "2009-06-30": "0.93000", "2009-03-31": "1.12000", "2008-12-31": "1.03000", "2008-09-30": "1.00000", "2008-06-30": "1.12000", "2008-03-31": "0.74000", "2007-12-31": "1.37000", "2007-09-30": "0.51000", "2007-06-30": "0.53000", "2007-03-31": "0.47000", "2006-12-31": "0.45500", "2006-09-30": "0.15500", "2006-06-30": "0.37000", "2006-03-31": "0.50000", "2005-12-31": "0.37000", "2005-09-30": "0.75500", "2005-06-30": "-0.09500", "2005-03-31": "0.28000"}}, "balance sheet": {"Cash On Hand": {"2019-12-31": "2004.46100", "2018-12-31": "1979.57400", "2017-12-31": "1965.20900", "2016-12-31": "1961.47300", "2015-12-31": "2146.97800", "2014-12-31": "2098.25600", "2013-12-31": "2469.60500", "2012-12-31": "2291.66800", "2011-12-31": "2257.84900", "2010-12-31": "2328.27600", "2009-12-31": "2290.62200", "2008-12-31": "2107.89400", "2007-12-31": "1714.38600", "2006-12-31": "976.05000", "2005-12-31": "789.01600"}, "Receivables": {"2019-12-31": "1075.25400", "2018-12-31": "1237.24800", "2017-12-31": "1602.75100", "2016-12-31": "1700.22400", "2015-12-31": "1203.02400", "2014-12-31": "1471.70500", "2013-12-31": "1274.02400", "2012-12-31": "1242.69100", "2011-12-31": "1234.02300", "2010-12-31": "1215.00700", "2009-12-31": "988.99100", "2008-12-31": "1227.22400", "2007-12-31": "946.56500", "2006-12-31": "904.36400", "2005-12-31": "850.20300"}, "Inventory": {"2019-12-31": "", "2018-12-31": "", "2017-12-31": "1458.53300", "2016-12-31": "1537.28900", "2015-12-31": "1376.47100", "2014-12-31": "1587.27500", "2013-12-31": "1740.82100", "2012-12-31": "1942.67900", "2011-12-31": "1946.74700", "2010-12-31": "1470.89700", "2009-12-31": "1405.78500", "2008-12-31": "981.12500", "2007-12-31": "977.94500", "2006-12-31": "921.06200", "2005-12-31": "1110.65000"}, "Pre-Paid Expenses": {"2019-12-31": "", "2018-12-31": "", "2017-12-31": "", "2016-12-31": "", "2015-12-31": "", "2014-12-31": "", "2013-12-31": "", "2012-12-31": "", "2011-12-31": "", "2010-12-31": "", "2009-12-31": "", "2008-12-31": "", "2007-12-31": "", "2006-12-31": "", "2005-12-31": ""}, "Other Current Assets": {"2019-12-31": "2436.55700", "2018-12-31": "2153.78100", "2017-12-31": "574.76400", "2016-12-31": "411.28400", "2015-12-31": "378.92700", "2014-12-31": "260.58800", "2013-12-31": "273.43700", "2012-12-31": "367.26000", "2011-12-31": "232.41800", "2010-12-31": "413.87200", "2009-12-31": "305.58900", "2008-12-31": "204.14300", "2007-12-31": "269.57600", "2006-12-31": "339.58800", "2005-12-31": "207.13800"}, "Total Current Assets": {"2019-12-31": "5516.27200", "2018-12-31": "5370.60300", "2017-12-31": "5601.25700", "2016-12-31": "5610.27000", "2015-12-31": "5105.40000", "2014-12-31": "5758.04700", "2013-12-31": "6003.68300", "2012-12-31": "6094.13700", "2011-12-31": "5878.71100", "2010-12-31": "5562.82500", "2009-12-31": "5122.08800", "2008-12-31": "4668.51800", "2007-12-31": "4059.50000", "2006-12-31": "3323.58600", "2005-12-31": "3108.22200"}, "Property, Plant, And Equipment": {"2019-12-31": "543.04000", "2018-12-31": "745.94200", "2017-12-31": "1093.68100", "2016-12-31": "1017.22300", "2015-12-31": "892.34000", "2014-12-31": "980.26300", "2013-12-31": "966.95300", "2012-12-31": "951.25500", "2011-12-31": "921.58500", "2010-12-31": "866.34300", "2009-12-31": "837.03400", "2008-12-31": "799.83600", "2007-12-31": "784.38700", "2006-12-31": "692.12600", "2005-12-31": "581.53800"}, "Long-Term Investments": {"2019-12-31": "574.42100", "2018-12-31": "903.13600", "2017-12-31": "992.48500", "2016-12-31": "883.93800", "2015-12-31": "558.56400", "2014-12-31": "533.44900", "2013-12-31": "473.58800", "2012-12-31": "461.24900", "2011-12-31": "632.84900", "2010-12-31": "413.98600", "2009-12-31": "520.44500", "2008-12-31": "214.84600", "2007-12-31": "184.97300", "2006-12-31": "143.63800", "2005-12-31": "115.87100"}, "Goodwill And Intangible Assets": {"2019-12-31": "450.38600", "2018-12-31": "466.45200", "2017-12-31": "564.68300", "2016-12-31": "532.23900", "2015-12-31": "111.64600", "2014-12-31": "112.95200", "2013-12-31": "114.10700", "2012-12-31": "101.33200", "2011-12-31": "95.94700", "2010-12-31": "87.84900", "2009-12-31": "88.05600", "2008-12-31": "87.17200", "2007-12-31": "78.08900", "2006-12-31": "77.63600", "2005-12-31": "77.15000"}, "Other Long-Term Assets": {"2019-12-31": "819.85100", "2018-12-31": "1018.32000", "2017-12-31": "759.11400", "2016-12-31": "718.63800", "2015-12-31": "562.62400", "2014-12-31": "608.71400", "2013-12-31": "625.74600", "2012-12-31": "588.71300", "2011-12-31": "571.88500", "2010-12-31": "469.60300", "2009-12-31": "363.34300", "2008-12-31": "266.59200", "2007-12-31": "380.08900", "2006-12-31": "494.61200", "2005-12-31": "377.37300"}, "Total Long-Term Assets": {"2019-12-31": "2450.38600", "2018-12-31": "3511.95200", "2017-12-31": "3726.43500", "2016-12-31": "3606.14700", "2015-12-31": "2520.00600", "2014-12-31": "2436.38200", "2013-12-31": "2320.16700", "2012-12-31": "2181.90600", "2011-12-31": "2389.65300", "2010-12-31": "2052.09800", "2009-12-31": "2056.39500", "2008-12-31": "1755.05900", "2007-12-31": "1736.67900", "2006-12-31": "1551.28400", "2005-12-31": "1466.22300"}, "Total Assets": {"2019-12-31": "7966.65800", "2018-12-31": "8882.55500", "2017-12-31": "9327.69200", "2016-12-31": "9216.41700", "2015-12-31": "7625.40600", "2014-12-31": "8194.42900", "2013-12-31": "8323.85000", "2012-12-31": "8276.04300", "2011-12-31": "8268.36400", "2010-12-31": "7614.92300", "2009-12-31": "7178.48300", "2008-12-31": "6423.57700", "2007-12-31": "5796.17900", "2006-12-31": "4874.87000", "2005-12-31": "4574.44500"}, "Total Current Liabilities": {"2019-12-31": "3932.06100", "2018-12-31": "3659.22800", "2017-12-31": "3574.17000", "2016-12-31": "3816.02900", "2015-12-31": "2935.35200", "2014-12-31": "3330.85300", "2013-12-31": "3407.16000", "2012-12-31": "3887.11400", "2011-12-31": "3838.19900", "2010-12-31": "3523.38300", "2009-12-31": "3301.39800", "2008-12-31": "3162.22600", "2007-12-31": "2860.09400", "2006-12-31": "2406.26700", "2005-12-31": "2339.33500"}, "Long Term Debt": {"2019-12-31": "1651.73900", "2018-12-31": "1661.56500", "2017-12-31": "1591.59800", "2016-12-31": "1517.94900", "2015-12-31": "986.56400", "2014-12-31": "991.68500", "2013-12-31": "496.60400", "2012-12-31": "520.20500", "2011-12-31": "513.50000", "2010-12-31": "17.75900", "2009-12-31": "17.74000", "2008-12-31": "17.72200", "2007-12-31": "17.70400", "2006-12-31": "187.12900", "2005-12-31": "92.02300"}, "Other Non-Current Liabilities": {"2019-12-31": "715.47100", "2018-12-31": "581.50900", "2017-12-31": "669.52500", "2016-12-31": "639.60800", "2015-12-31": "589.99100", "2014-12-31": "648.06100", "2013-12-31": "539.26300", "2012-12-31": "441.63000", "2011-12-31": "456.75900", "2010-12-31": "545.15600", "2009-12-31": "525.45200", "2008-12-31": "520.44500", "2007-12-31": "643.92200", "2006-12-31": "551.00200", "2005-12-31": "512.52900"}, "Total Long Term Liabilities": {"2019-12-31": "2450.50500", "2018-12-31": "2243.07400", "2017-12-31": "2261.12300", "2016-12-31": "2157.55700", "2015-12-31": "1576.55500", "2014-12-31": "1639.74600", "2013-12-31": "1035.86700", "2012-12-31": "961.83500", "2011-12-31": "970.25900", "2010-12-31": "562.91500", "2009-12-31": "543.19200", "2008-12-31": "538.16700", "2007-12-31": "661.62600", "2006-12-31": "738.13100", "2005-12-31": "604.55200"}, "Total Liabilities": {"2019-12-31": "6382.56600", "2018-12-31": "5902.30200", "2017-12-31": "5835.29300", "2016-12-31": "5973.58600", "2015-12-31": "4511.90700", "2014-12-31": "4970.59900", "2013-12-31": "4443.02700", "2012-12-31": "4848.94900", "2011-12-31": "4808.45800", "2010-12-31": "4086.29800", "2009-12-31": "3844.59000", "2008-12-31": "3700.39300", "2007-12-31": "3521.72000", "2006-12-31": "3144.39800", "2005-12-31": "2943.88700"}, "Common Stock Net": {"2019-12-31": "1.39900", "2018-12-31": "1.39600", "2017-12-31": "1.39900", "2016-12-31": "1.39300", "2015-12-31": "1.39000", "2014-12-31": "1.48600", "2013-12-31": "1.61300", "2012-12-31": "1.62400", "2011-12-31": "1.69000", "2010-12-31": "1.76400", "2009-12-31": "1.78800", "2008-12-31": "1.81600", "2007-12-31": "1.77400", "2006-12-31": "0.88000", "2005-12-31": "0.87100"}, "Retained Earnings (Accumulated Deficit)": {"2019-12-31": "1700.91200", "2018-12-31": "3294.15400", "2017-12-31": "3654.93100", "2016-12-31": "3582.15000", "2015-12-31": "3428.73200", "2014-12-31": "3593.59700", "2013-12-31": "4040.66400", "2012-12-31": "3597.52100", "2011-12-31": "3590.55300", "2010-12-31": "3109.95700", "2009-12-31": "2842.42800", "2008-12-31": "2247.93800", "2007-12-31": "1641.61600", "2006-12-31": "1223.78700", "2005-12-31": "1030.46000"}, "Comprehensive Income": {"2019-12-31": "-379.87300", "2018-12-31": "-543.53100", "2017-12-31": "-402.24200", "2016-12-31": "-496.66900", "2015-12-31": "-432.77500", "2014-12-31": "-484.21200", "2013-12-31": "-298.20100", "2012-12-31": "-257.85000", "2011-12-31": "-199.29200", "2010-12-31": "-176.31100", "2009-12-31": "-220.98700", "2008-12-31": "-356.96900", "2007-12-31": "-74.17200", "2006-12-31": "-148.33200", "2005-12-31": "9.10300"}, "Other Share Holders Equity": {"2019-12-31": "", "2018-12-31": "", "2017-12-31": "", "2016-12-31": "", "2015-12-31": "", "2014-12-31": "", "2013-12-31": "", "2012-12-31": "", "2011-12-31": "", "2010-12-31": "", "2009-12-31": "", "2008-12-31": "", "2007-12-31": "", "2006-12-31": "", "2005-12-31": "-39.77700"}, "Share Holder Equity": {"2019-12-31": "1584.09200", "2018-12-31": "2980.25300", "2017-12-31": "3492.39900", "2016-12-31": "3242.83100", "2015-12-31": "3113.49900", "2014-12-31": "3223.83000", "2013-12-31": "3880.82300", "2012-12-31": "3427.09400", "2011-12-31": "3459.90600", "2010-12-31": "3528.62500", "2009-12-31": "3333.89300", "2008-12-31": "2723.18400", "2007-12-31": "2274.45900", "2006-12-31": "1730.47200", "2005-12-31": "1630.55800"}, "Total Liabilities And Share Holders Equity": {"2019-12-31": "7966.65800", "2018-12-31": "8882.55500", "2017-12-31": "9327.69200", "2016-12-31": "9216.41700", "2015-12-31": "7625.40600", "2014-12-31": "8194.42900", "2013-12-31": "8323.85000", "2012-12-31": "8276.04300", "2011-12-31": "8268.36400", "2010-12-31": "7614.92300", "2009-12-31": "7178.48300", "2008-12-31": "6423.57700", "2007-12-31": "5796.17900", "2006-12-31": "4874.87000", "2005-12-31": "4574.44500"}}, "balance sheet, quarterly": {"Cash On Hand": {"2020-09-30": "2111.29600", "2020-06-30": "1982.30400", "2020-03-31": "1877.35100", "2019-12-31": "2004.46100", "2019-09-30": "1852.97700", "2019-06-30": "1930.38300", "2019-03-31": "1904.51000", "2018-12-31": "1979.57400", "2018-09-30": "1922.84400", "2018-06-30": "1783.08400", "2018-03-31": "1828.45700", "2017-12-31": "1965.20900", "2017-09-30": "2005.08500", "2017-06-30": "2013.72600", "2017-03-31": "2042.52300", "2016-12-31": "1961.47300", "2016-09-30": "1911.19500", "2016-06-30": "1752.14000", "2016-03-31": "1864.62100", "2015-12-31": "2146.97800", "2015-09-30": "2027.15100", "2015-06-30": "1889.84200", "2015-03-31": "1956.86100", "2014-12-31": "2098.25600", "2014-09-30": "2067.52000", "2014-06-30": "2342.51100", "2014-03-31": "2325.56700", "2013-12-31": "2469.60500", "2013-09-30": "2695.48000", "2013-06-30": "2297.26400", "2013-03-31": "2175.24200", "2012-12-31": "2291.66800", "2012-09-30": "2529.35700", "2012-06-30": "2230.61900", "2012-03-31": "2228.42400", "2011-12-31": "2257.84900", "2011-09-30": "2465.43500", "2011-06-30": "2222.92700", "2011-03-31": "2345.76700", "2010-12-31": "2328.27600", "2010-09-30": "2166.68700", "2010-06-30": "1761.20700", "2010-03-31": "1968.23400", "2009-12-31": "2290.62200", "2009-09-30": "2019.76500", "2009-06-30": "2108.98500", "2009-03-31": "2047.38300", "2008-12-31": "2107.89400", "2008-09-30": "2224.67300", "2008-06-30": "2353.12900", "2008-03-31": "1884.80600", "2007-12-31": "1714.38600", "2007-09-30": "1570.59400", "2007-06-30": "1453.95500", "2007-03-31": "1108.25900", "2006-12-31": "976.05000", "2006-09-30": "895.04700", "2006-06-30": "584.83400", "2006-03-31": "653.98400", "2005-12-31": "789.01600", "2005-09-30": "1047.31200", "2005-06-30": "688.98500", "2005-03-31": "643.05000"}, "Receivables": {"2020-09-30": "1083.35100", "2020-06-30": "1146.76100", "2020-03-31": "1097.80000", "2019-12-31": "1217.46400", "2019-09-30": "1045.74900", "2019-06-30": "1490.76800", "2019-03-31": "1380.47500", "2018-12-31": "1237.24800", "2018-09-30": "1724.09100", "2018-06-30": "1556.50300", "2018-03-31": "1727.47400", "2017-12-31": "1602.75100", "2017-09-30": "1532.95900", "2017-06-30": "1510.88100", "2017-03-31": "1592.98600", "2016-12-31": "1700.22400", "2016-09-30": "1670.17200", "2016-06-30": "1676.24100", "2016-03-31": "1496.82900", "2015-12-31": "1203.02400", "2015-09-30": "1194.50500", "2015-06-30": "1265.87900", "2015-03-31": "1256.29200", "2014-12-31": "1471.70500", "2014-09-30": "1150.27600", "2014-06-30": "1400.45200", "2014-03-31": "1122.62900", "2013-12-31": "1274.02400", "2013-09-30": "1156.38700", "2013-06-30": "1355.84100", "2013-03-31": "1580.53900", "2012-12-31": "1242.69100", "2012-09-30": "1215.69300", "2012-06-30": "1270.84200", "2012-03-31": "1420.64600", "2011-12-31": "1234.02300", "2011-09-30": "1344.17200", "2011-06-30": "1420.96700", "2011-03-31": "1221.14300", "2010-12-31": "1215.00700", "2010-09-30": "1092.25000", "2010-06-30": "1197.89200", "2010-03-31": "1138.13200", "2009-12-31": "988.99100", "2009-09-30": "1168.53900", "2009-06-30": "1268.76400", "2009-03-31": "1452.74800", "2008-12-31": "1227.22400", "2008-09-30": "1144.44700", "2008-06-30": "1081.90700", "2008-03-31": "1090.42000", "2007-12-31": "946.56500", "2007-09-30": "887.42000", "2007-06-30": "881.81000", "2007-03-31": "893.38800", "2006-12-31": "904.36400", "2006-09-30": "750.53800", "2006-06-30": "1007.02700", "2006-03-31": "871.99300", "2005-12-31": "850.20300", "2005-09-30": "671.39200", "2005-06-30": "802.14800", "2005-03-31": "786.35000"}, "Inventory": {"2020-09-30": "", "2020-06-30": "", "2020-03-31": "", "2019-12-31": "", "2019-09-30": "996.71600", "2019-06-30": "1233.99300", "2019-03-31": "1588.03400", "2018-12-31": "", "2018-09-30": "1464.37000", "2018-06-30": "1586.65300", "2018-03-31": "1557.96600", "2017-12-31": "1458.53300", "2017-09-30": "1326.79100", "2017-06-30": "1399.22000", "2017-03-31": "1442.71200", "2016-12-31": "1537.28900", "2016-09-30": "1623.95600", "2016-06-30": "1796.46900", "2016-03-31": "1606.20300", "2015-12-31": "1376.47100", "2015-09-30": "1512.39800", "2015-06-30": "1507.88000", "2015-03-31": "1486.94300", "2014-12-31": "1587.27500", "2014-09-30": "1743.70700", "2014-06-30": "1647.52000", "2014-03-31": "1647.19000", "2013-12-31": "1740.82100", "2013-09-30": "2102.71300", "2013-06-30": "1974.52900", "2013-03-31": "1928.61100", "2012-12-31": "1942.67900", "2012-09-30": "2285.21100", "2012-06-30": "2212.63400", "2012-03-31": "2077.65700", "2011-12-31": "1946.74700", "2011-09-30": "1814.20100", "2011-06-30": "1555.82500", "2011-03-31": "1453.75500", "2010-12-31": "1470.89700", "2010-09-30": "1848.62000", "2010-06-30": "1792.69300", "2010-03-31": "1695.80500", "2009-12-31": "1405.78500", "2009-09-30": "1309.58900", "2009-06-30": "1060.88100", "2009-03-31": "1046.67200", "2008-12-31": "981.12500", "2008-09-30": "1068.32800", "2008-06-30": "1090.92500", "2008-03-31": "1052.85900", "2007-12-31": "977.94500", "2007-09-30": "932.16200", "2007-06-30": "884.96300", "2007-03-31": "942.90000", "2006-12-31": "921.06200", "2006-09-30": "1061.68000", "2006-06-30": "1204.59100", "2006-03-31": "1405.49600", "2005-12-31": "1110.65000", "2005-09-30": "942.89500", "2005-06-30": "1053.09700", "2005-03-31": "1237.85600"}, "Pre-Paid Expenses": {"2020-09-30": "", "2020-06-30": "", "2020-03-31": "", "2019-12-31": "", "2019-09-30": "", "2019-06-30": "", "2019-03-31": "", "2018-12-31": "", "2018-09-30": "", "2018-06-30": "", "2018-03-31": "", "2017-12-31": "", "2017-09-30": "", "2017-06-30": "", "2017-03-31": "", "2016-12-31": "", "2016-09-30": "", "2016-06-30": "", "2016-03-31": "", "2015-12-31": "", "2015-09-30": "", "2015-06-30": "", "2015-03-31": "", "2014-12-31": "", "2014-09-30": "", "2014-06-30": "", "2014-03-31": "", "2013-12-31": "", "2013-09-30": "", "2013-06-30": "", "2013-03-31": "", "2012-12-31": "", "2012-09-30": "", "2012-06-30": "", "2012-03-31": "", "2011-12-31": "", "2011-09-30": "", "2011-06-30": "", "2011-03-31": "", "2010-12-31": "", "2010-09-30": "", "2010-06-30": "", "2010-03-31": "", "2009-12-31": "", "2009-09-30": "", "2009-06-30": "", "2009-03-31": "", "2008-12-31": "", "2008-09-30": "", "2008-06-30": "", "2008-03-31": "", "2007-12-31": "", "2007-09-30": "", "2007-06-30": "", "2007-03-31": "", "2006-12-31": "", "2006-09-30": "", "2006-06-30": "", "2006-03-31": "", "2005-12-31": "", "2005-09-30": "", "2005-06-30": "", "2005-03-31": ""}, "Other Current Assets": {"2020-09-30": "1815.75200", "2020-06-30": "1898.32100", "2020-03-31": "2154.33800", "2019-12-31": "2144.83800", "2019-09-30": "345.65300", "2019-06-30": "502.40800", "2019-03-31": "369.58900", "2018-12-31": "2153.78100", "2018-09-30": "472.85600", "2018-06-30": "529.59600", "2018-03-31": "580.86500", "2017-12-31": "574.76400", "2017-09-30": "650.05900", "2017-06-30": "689.99100", "2017-03-31": "482.11700", "2016-12-31": "411.28400", "2016-09-30": "536.25500", "2016-06-30": "426.39000", "2016-03-31": "435.21600", "2015-12-31": "378.92700", "2015-09-30": "305.79000", "2015-06-30": "337.22100", "2015-03-31": "359.01000", "2014-12-31": "260.58800", "2014-09-30": "337.71200", "2014-06-30": "286.65300", "2014-03-31": "280.60200", "2013-12-31": "273.43700", "2013-09-30": "219.69200", "2013-06-30": "307.53100", "2013-03-31": "330.68600", "2012-12-31": "367.26000", "2012-09-30": "205.76900", "2012-06-30": "279.73500", "2012-03-31": "266.41000", "2011-12-31": "232.41800", "2011-09-30": "269.16700", "2011-06-30": "281.55200", "2011-03-31": "321.34800", "2010-12-31": "413.87200", "2010-09-30": "296.25000", "2010-06-30": "305.77600", "2010-03-31": "304.16400", "2009-12-31": "305.58900", "2009-09-30": "214.27100", "2009-06-30": "296.26200", "2009-03-31": "262.96600", "2008-12-31": "204.14300", "2008-09-30": "209.54900", "2008-06-30": "231.58600", "2008-03-31": "262.54400", "2007-12-31": "269.57600", "2007-09-30": "215.06100", "2007-06-30": "180.36300", "2007-03-31": "292.78100", "2006-12-31": "339.58800", "2006-09-30": "345.47700", "2006-06-30": "326.17300", "2006-03-31": "288.24500", "2005-12-31": "207.13800", "2005-09-30": "120.04200", "2005-06-30": "138.34300", "2005-03-31": "150.74100"}, "Total Current Assets": {"2020-09-30": "5010.39900", "2020-06-30": "5027.38600", "2020-03-31": "5129.48900", "2019-12-31": "5366.76300", "2019-09-30": "5322.88800", "2019-06-30": "5157.55200", "2019-03-31": "5242.60800", "2018-12-31": "5370.60300", "2018-09-30": "5584.16100", "2018-06-30": "5455.83600", "2018-03-31": "5694.76200", "2017-12-31": "5601.25700", "2017-09-30": "5514.89400", "2017-06-30": "5613.81800", "2017-03-31": "5560.33800", "2016-12-31": "5610.27000", "2016-09-30": "5741.57800", "2016-06-30": "5651.24000", "2016-03-31": "5402.86900", "2015-12-31": "5105.40000", "2015-09-30": "5229.75800", "2015-06-30": "5202.71700", "2015-03-31": "5379.25300", "2014-12-31": "5758.04700", "2014-09-30": "5659.48000", "2014-06-30": "6004.84500", "2014-03-31": "5614.75100", "2013-12-31": "6003.68300", "2013-09-30": "6441.35400", "2013-06-30": "6186.53900", "2013-03-31": "6260.80500", "2012-12-31": "6094.13700", "2012-09-30": "6518.10700", "2012-06-30": "6171.17300", "2012-03-31": "6164.92900", "2011-12-31": "5878.71100", "2011-09-30": "6049.36100", "2011-06-30": "5592.49400", "2011-03-31": "5450.39600", "2010-12-31": "5562.82500", "2010-09-30": "5564.11400", "2010-06-30": "5201.40900", "2010-03-31": "5252.44700", "2009-12-31": "5122.08800", "2009-09-30": "4910.97200", "2009-06-30": "4907.97900", "2009-03-31": "4958.84500", "2008-12-31": "4668.51800", "2008-09-30": "4808.39300", "2008-06-30": "4919.56000", "2008-03-31": "4451.64300", "2007-12-31": "4059.50000", "2007-09-30": "3809.01400", "2007-06-30": "3608.68900", "2007-03-31": "3428.82000", "2006-12-31": "3323.58600", "2006-09-30": "3295.95100", "2006-06-30": "3280.64000", "2006-03-31": "3383.46500", "2005-12-31": "3108.22200", "2005-09-30": "2909.39200", "2005-06-30": "2813.72800", "2005-03-31": "2943.07900"}, "Property, Plant, And Equipment": {"2020-09-30": "563.62400", "2020-06-30": "568.60600", "2020-03-31": "567.14800", "2019-12-31": "594.82600", "2019-09-30": "571.21400", "2019-06-30": "894.99700", "2019-03-31": "985.75400", "2018-12-31": "745.94200", "2018-09-30": "1029.16200", "2018-06-30": "1053.86600", "2018-03-31": "1097.83300", "2017-12-31": "1093.68100", "2017-09-30": "1080.17500", "2017-06-30": "1067.50200", "2017-03-31": "1037.46100", "2016-12-31": "1017.22300", "2016-09-30": "1042.35400", "2016-06-30": "1055.90200", "2016-03-31": "1065.26400", "2015-12-31": "892.34000", "2015-09-30": "929.88800", "2015-06-30": "964.40900", "2015-03-31": "965.93500", "2014-12-31": "980.26300", "2014-09-30": "970.60500", "2014-06-30": "984.57800", "2014-03-31": "960.06400", "2013-12-31": "966.95300", "2013-09-30": "937.06600", "2013-06-30": "929.27500", "2013-03-31": "947.05800", "2012-12-31": "951.25500", "2012-09-30": "962.22200", "2012-06-30": "913.19600", "2012-03-31": "906.20000", "2011-12-31": "921.58500", "2011-09-30": "877.16400", "2011-06-30": "901.18600", "2011-03-31": "865.35200", "2010-12-31": "866.34300", "2010-09-30": "874.55500", "2010-06-30": "838.17900", "2010-03-31": "830.75500", "2009-12-31": "837.03400", "2009-09-30": "832.03400", "2009-06-30": "830.97100", "2009-03-31": "801.88500", "2008-12-31": "799.83600", "2008-09-30": "820.57300", "2008-06-30": "809.99800", "2008-03-31": "800.85400", "2007-12-31": "784.38700", "2007-09-30": "757.31300", "2007-06-30": "721.94000", "2007-03-31": "693.78500", "2006-12-31": "692.12600", "2006-09-30": "654.12900", "2006-06-30": "618.98000", "2006-03-31": "600.40900", "2005-12-31": "581.53800", "2005-09-30": "549.04600", "2005-06-30": "519.03200", "2005-03-31": "516.92100"}, "Long-Term Investments": {"2020-09-30": "558.69000", "2020-06-30": "528.25100", "2020-03-31": "523.75700", "2019-12-31": "600.81400", "2019-09-30": "626.04300", "2019-06-30": "893.96900", "2019-03-31": "937.45600", "2018-12-31": "903.13600", "2018-09-30": "859.21600", "2018-06-30": "905.05000", "2018-03-31": "898.72400", "2017-12-31": "992.48500", "2017-09-30": "977.68600", "2017-06-30": "910.66000", "2017-03-31": "911.32600", "2016-12-31": "883.93800", "2016-09-30": "896.09900", "2016-06-30": "912.17000", "2016-03-31": "1635.35500", "2015-12-31": "558.56400", "2015-09-30": "655.36500", "2015-06-30": "595.30500", "2015-03-31": "590.74700", "2014-12-31": "533.44900", "2014-09-30": "638.34900", "2014-06-30": "639.70700", "2014-03-31": "658.01600", "2013-12-31": "473.58800", "2013-09-30": "624.14300", "2013-06-30": "587.10700", "2013-03-31": "591.56800", "2012-12-31": "461.24900", "2012-09-30": "588.71100", "2012-06-30": "557.09100", "2012-03-31": "669.65500", "2011-12-31": "632.84900", "2011-09-30": "537.69900", "2011-06-30": "509.58900", "2011-03-31": "556.68200", "2010-12-31": "413.98600", "2010-09-30": "604.44500", "2010-06-30": "593.05200", "2010-03-31": "560.33400", "2009-12-31": "520.44500", "2009-09-30": "658.41300", "2009-06-30": "521.82200", "2009-03-31": "291.02400", "2008-12-31": "214.84600", "2008-09-30": "300.31300", "2008-06-30": "283.48600", "2008-03-31": "277.80000", "2007-12-31": "184.97300", "2007-09-30": "244.40500", "2007-06-30": "235.97100", "2007-03-31": "237.51200", "2006-12-31": "143.63800", "2006-09-30": "218.12500", "2006-06-30": "213.20300", "2006-03-31": "208.31700", "2005-12-31": "115.87100", "2005-09-30": "196.97200", "2005-06-30": "183.80900", "2005-03-31": "175.98200"}, "Goodwill And Intangible Assets": {"2020-09-30": "326.89200", "2020-06-30": "322.65200", "2020-03-31": "306.48200", "2019-12-31": "508.41500", "2019-09-30": "439.57600", "2019-06-30": "534.40100", "2019-03-31": "535.05100", "2018-12-31": "466.45200", "2018-09-30": "553.29400", "2018-06-30": "558.30800", "2018-03-31": "581.29800", "2017-12-31": "564.68300", "2017-09-30": "563.44000", "2017-06-30": "548.84900", "2017-03-31": "545.40000", "2016-12-31": "532.23900", "2016-09-30": "593.16100", "2016-06-30": "567.26400", "2016-03-31": "", "2015-12-31": "111.64600", "2015-09-30": "", "2015-06-30": "", "2015-03-31": "", "2014-12-31": "112.95200", "2014-09-30": "", "2014-06-30": "", "2014-03-31": "", "2013-12-31": "114.10700", "2013-09-30": "", "2013-06-30": "", "2013-03-31": "", "2012-12-31": "101.33200", "2012-09-30": "", "2012-06-30": "", "2012-03-31": "", "2011-12-31": "95.94700", "2011-09-30": "", "2011-06-30": "", "2011-03-31": "", "2010-12-31": "87.84900", "2010-09-30": "", "2010-06-30": "", "2010-03-31": "", "2009-12-31": "88.05600", "2009-09-30": "", "2009-06-30": "", "2009-03-31": "", "2008-12-31": "87.17200", "2008-09-30": "", "2008-06-30": "", "2008-03-31": "", "2007-12-31": "78.08900", "2007-09-30": "", "2007-06-30": "", "2007-03-31": "", "2006-12-31": "77.63600", "2006-09-30": "", "2006-06-30": "", "2006-03-31": "", "2005-12-31": "77.15000", "2005-09-30": "", "2005-06-30": "", "2005-03-31": ""}, "Other Long-Term Assets": {"2020-09-30": "743.03700", "2020-06-30": "725.65400", "2020-03-31": "710.07200", "2019-12-31": "833.15200", "2019-09-30": "853.44900", "2019-06-30": "979.64900", "2019-03-31": "976.97300", "2018-12-31": "1018.32000", "2018-09-30": "696.83000", "2018-06-30": "719.48600", "2018-03-31": "716.93400", "2017-12-31": "759.11400", "2017-09-30": "762.95000", "2017-06-30": "745.49900", "2017-03-31": "744.31800", "2016-12-31": "718.63800", "2016-09-30": "728.47500", "2016-06-30": "715.68500", "2016-03-31": "535.54000", "2015-12-31": "562.62400", "2015-09-30": "563.49500", "2015-06-30": "586.98100", "2015-03-31": "577.21200", "2014-12-31": "608.71400", "2014-09-30": "682.86400", "2014-06-30": "655.88600", "2014-03-31": "632.64900", "2013-12-31": "625.74600", "2013-09-30": "608.44100", "2013-06-30": "587.50200", "2013-03-31": "592.81400", "2012-12-31": "588.71300", "2012-09-30": "603.33400", "2012-06-30": "590.25200", "2012-03-31": "603.23800", "2011-12-31": "571.88500", "2011-09-30": "510.77200", "2011-06-30": "495.83200", "2011-03-31": "479.53300", "2010-12-31": "469.60300", "2010-09-30": "426.86700", "2010-06-30": "384.71000", "2010-03-31": "381.25400", "2009-12-31": "363.34300", "2009-09-30": "317.98500", "2009-06-30": "281.66700", "2009-03-31": "279.11900", "2008-12-31": "266.59200", "2008-09-30": "355.76500", "2008-06-30": "372.99400", "2008-03-31": "364.77600", "2007-12-31": "380.08900", "2007-09-30": "595.25900", "2007-06-30": "559.75000", "2007-03-31": "529.00800", "2006-12-31": "494.61200", "2006-09-30": "386.58200", "2006-06-30": "343.65100", "2006-03-31": "345.46700", "2005-12-31": "377.37300", "2005-09-30": "372.56200", "2005-06-30": "360.30600", "2005-03-31": "353.03000"}, "Total Long-Term Assets": {"2020-09-30": "2261.25100", "2020-06-30": "2213.38800", "2020-03-31": "2162.98000", "2019-12-31": "2599.89500", "2019-09-30": "2560.81900", "2019-06-30": "3816.32200", "2019-03-31": "3799.10600", "2018-12-31": "3511.95200", "2018-09-30": "3563.81500", "2018-06-30": "3663.38100", "2018-03-31": "3730.46400", "2017-12-31": "3726.43500", "2017-09-30": "3678.63300", "2017-06-30": "3607.99000", "2017-03-31": "3599.99700", "2016-12-31": "3606.14700", "2016-09-30": "3575.02800", "2016-06-30": "3590.22700", "2016-03-31": "3598.85800", "2015-12-31": "2520.00600", "2015-09-30": "2369.60300", "2015-06-30": "2357.65600", "2015-03-31": "2239.94300", "2014-12-31": "2436.38200", "2014-09-30": "2389.22500", "2014-06-30": "2394.10600", "2014-03-31": "2377.18600", "2013-12-31": "2320.16700", "2013-09-30": "2285.81400", "2013-06-30": "2181.05800", "2013-03-31": "2202.22900", "2012-12-31": "2181.90600", "2012-09-30": "2251.33300", "2012-06-30": "2220.96300", "2012-03-31": "2356.24800", "2011-12-31": "2389.65300", "2011-09-30": "2140.45800", "2011-06-30": "2076.54500", "2011-03-31": "2099.81200", "2010-12-31": "2052.09800", "2010-09-30": "2128.29600", "2010-06-30": "2066.47600", "2010-03-31": "2001.37900", "2009-12-31": "2056.39500", "2009-09-30": "2154.34500", "2009-06-30": "1999.92100", "2009-03-31": "1760.67500", "2008-12-31": "1755.05900", "2008-09-30": "1796.72700", "2008-06-30": "1750.49300", "2008-03-31": "1720.65200", "2007-12-31": "1736.67900", "2007-09-30": "1738.38400", "2007-06-30": "1671.60600", "2007-03-31": "1614.71600", "2006-12-31": "1551.28400", "2006-09-30": "1586.85600", "2006-06-30": "1531.96500", "2006-03-31": "1471.13300", "2005-12-31": "1466.22300", "2005-09-30": "1314.27300", "2005-06-30": "1280.76200", "2005-03-31": "1264.65400"}, "Total Assets": {"2020-09-30": "7271.65000", "2020-06-30": "7240.77400", "2020-03-31": "7292.46900", "2019-12-31": "7966.65800", "2019-09-30": "7883.70700", "2019-06-30": "8973.87400", "2019-03-31": "9041.71400", "2018-12-31": "8882.55500", "2018-09-30": "9147.97600", "2018-06-30": "9119.21700", "2018-03-31": "9425.22600", "2017-12-31": "9327.69200", "2017-09-30": "9193.52700", "2017-06-30": "9221.80800", "2017-03-31": "9160.33500", "2016-12-31": "9216.41700", "2016-09-30": "9316.60600", "2016-06-30": "9241.46700", "2016-03-31": "9001.72700", "2015-12-31": "7625.40600", "2015-09-30": "7599.36100", "2015-06-30": "7560.37300", "2015-03-31": "7619.19600", "2014-12-31": "8194.42900", "2014-09-30": "8048.70500", "2014-06-30": "8398.95100", "2014-03-31": "7991.93700", "2013-12-31": "8323.85000", "2013-09-30": "8727.16800", "2013-06-30": "8367.59700", "2013-03-31": "8463.03400", "2012-12-31": "8276.04300", "2012-09-30": "8769.44000", "2012-06-30": "8392.13600", "2012-03-31": "8521.17700", "2011-12-31": "8268.36400", "2011-09-30": "8189.81900", "2011-06-30": "7669.03900", "2011-03-31": "7550.20800", "2010-12-31": "7614.92300", "2010-09-30": "7692.41000", "2010-06-30": "7267.88500", "2010-03-31": "7253.82600", "2009-12-31": "7178.48300", "2009-09-30": "7065.31700", "2009-06-30": "6907.90000", "2009-03-31": "6719.52000", "2008-12-31": "6423.57700", "2008-09-30": "6605.12000", "2008-06-30": "6670.05300", "2008-03-31": "6172.29500", "2007-12-31": "5796.17900", "2007-09-30": "5547.39800", "2007-06-30": "5280.29500", "2007-03-31": "5043.53600", "2006-12-31": "4874.87000", "2006-09-30": "4882.80700", "2006-06-30": "4812.60500", "2006-03-31": "4854.59800", "2005-12-31": "4574.44500", "2005-09-30": "4223.66500", "2005-06-30": "4094.49000", "2005-03-31": "4207.73300"}, "Total Current Liabilities": {"2020-09-30": "3544.61300", "2020-06-30": "3605.07900", "2020-03-31": "3710.54600", "2019-12-31": "3905.12200", "2019-09-30": "3850.37100", "2019-06-30": "4057.69600", "2019-03-31": "3527.89300", "2018-12-31": "3659.22800", "2018-09-30": "3662.10300", "2018-06-30": "3751.64700", "2018-03-31": "4078.30600", "2017-12-31": "3574.17000", "2017-09-30": "3543.57400", "2017-06-30": "3733.27100", "2017-03-31": "3676.36900", "2016-12-31": "3816.02900", "2016-09-30": "3876.19700", "2016-06-30": "3780.03000", "2016-03-31": "3589.93000", "2015-12-31": "2935.35200", "2015-09-30": "2861.80100", "2015-06-30": "2742.54900", "2015-03-31": "2819.69600", "2014-12-31": "3330.85300", "2014-09-30": "3303.27700", "2014-06-30": "3570.75800", "2014-03-31": "3144.76300", "2013-12-31": "3407.16000", "2013-09-30": "3812.18100", "2013-06-30": "3692.54300", "2013-03-31": "3920.73700", "2012-12-31": "3887.11400", "2012-09-30": "3947.05700", "2012-06-30": "3743.94100", "2012-03-31": "3904.09700", "2011-12-31": "3838.19900", "2011-09-30": "3795.91200", "2011-06-30": "3541.36900", "2011-03-31": "3533.93600", "2010-12-31": "3523.38300", "2010-09-30": "3598.17800", "2010-06-30": "3182.09800", "2010-03-31": "3256.63600", "2009-12-31": "3301.39800", "2009-09-30": "3328.85300", "2009-06-30": "3290.30700", "2009-03-31": "3219.11000", "2008-12-31": "3162.22600", "2008-09-30": "3228.63800", "2008-06-30": "3397.13700", "2008-03-31": "3129.89300", "2007-12-31": "2860.09400", "2007-09-30": "2648.47000", "2007-06-30": "2537.56600", "2007-03-31": "2464.60000", "2006-12-31": "2406.26700", "2006-09-30": "2399.02600", "2006-06-30": "2384.24300", "2006-03-31": "2515.54200", "2005-12-31": "2339.33500", "2005-09-30": "1849.48900", "2005-06-30": "1833.82400", "2005-03-31": "1923.21700"}, "Long Term Debt": {"2020-09-30": "1677.16200", "2020-06-30": "1654.83100", "2020-03-31": "1647.17300", "2019-12-31": "1651.73900", "2019-09-30": "1636.90500", "2019-06-30": "1657.24600", "2019-03-31": "1650.92700", "2018-12-31": "1661.56500", "2018-09-30": "1667.35900", "2018-06-30": "1575.37000", "2018-03-31": "1607.65300", "2017-12-31": "1591.59800", "2017-09-30": "1580.97400", "2017-06-30": "1560.47100", "2017-03-31": "1526.02300", "2016-12-31": "1517.94900", "2016-09-30": "1555.52200", "2016-06-30": "1547.45900", "2016-03-31": "1572.00100", "2015-12-31": "986.56400", "2015-09-30": "1561.61800", "2015-06-30": "992.46000", "2015-03-31": "992.23100", "2014-12-31": "991.68500", "2014-09-30": "496.93500", "2014-06-30": "496.82500", "2014-03-31": "496.71500", "2013-12-31": "496.60400", "2013-09-30": "496.49400", "2013-06-30": "496.38400", "2013-03-31": "496.27400", "2012-12-31": "520.20500", "2012-09-30": "524.94700", "2012-06-30": "513.73000", "2012-03-31": "513.61500", "2011-12-31": "513.50000", "2011-09-30": "513.38600", "2011-06-30": "17.76800", "2011-03-31": "17.76300", "2010-12-31": "17.75900", "2010-09-30": "17.75400", "2010-06-30": "17.74900", "2010-03-31": "17.74500", "2009-12-31": "17.74000", "2009-09-30": "17.73600", "2009-06-30": "17.73100", "2009-03-31": "139.44000", "2008-12-31": "17.72200", "2008-09-30": "17.71700", "2008-06-30": "17.71300", "2008-03-31": "17.70800", "2007-12-31": "17.70400", "2007-09-30": "279.38200", "2007-06-30": "238.48500", "2007-03-31": "212.27300", "2006-12-31": "187.12900", "2006-09-30": "134.05800", "2006-06-30": "129.94200", "2006-03-31": "106.31700", "2005-12-31": "92.02300", "2005-09-30": "347.66300", "2005-06-30": "347.65800", "2005-03-31": "347.65400"}, "Other Non-Current Liabilities": {"2020-09-30": "672.82800", "2020-06-30": "675.18300", "2020-03-31": "645.16500", "2019-12-31": "742.41000", "2019-09-30": "712.50100", "2019-06-30": "761.44300", "2019-03-31": "746.96900", "2018-12-31": "581.50900", "2018-09-30": "618.58500", "2018-06-30": "607.36000", "2018-03-31": "609.96000", "2017-12-31": "669.52500", "2017-09-30": "635.08600", "2017-06-30": "616.93100", "2017-03-31": "611.89200", "2016-12-31": "639.60800", "2016-09-30": "630.27900", "2016-06-30": "630.34400", "2016-03-31": "618.96200", "2015-12-31": "589.99100", "2015-09-30": "", "2015-06-30": "603.76200", "2015-03-31": "606.01300", "2014-12-31": "648.06100", "2014-09-30": "538.81500", "2014-06-30": "542.32400", "2014-03-31": "516.02500", "2013-12-31": "539.26300", "2013-09-30": "474.30600", "2013-06-30": "438.83800", "2013-03-31": "441.11700", "2012-12-31": "441.63000", "2012-09-30": "526.09300", "2012-06-30": "495.99300", "2012-03-31": "491.04200", "2011-12-31": "456.75900", "2011-09-30": "514.87000", "2011-06-30": "556.31900", "2011-03-31": "549.85100", "2010-12-31": "545.15600", "2010-09-30": "523.25000", "2010-06-30": "506.97400", "2010-03-31": "536.19000", "2009-12-31": "525.45200", "2009-09-30": "551.70100", "2009-06-30": "539.81900", "2009-03-31": "503.02300", "2008-12-31": "520.44500", "2008-09-30": "617.76300", "2008-06-30": "636.80300", "2008-03-31": "619.50900", "2007-12-31": "643.92200", "2007-09-30": "623.60500", "2007-06-30": "623.66900", "2007-03-31": "606.98700", "2006-12-31": "551.00200", "2006-09-30": "523.22800", "2006-06-30": "508.23300", "2006-03-31": "517.66800", "2005-12-31": "512.52900", "2005-09-30": "490.78600", "2005-06-30": "521.83700", "2005-03-31": "506.31600"}, "Total Long Term Liabilities": {"2020-09-30": "2420.35300", "2020-06-30": "2404.80100", "2020-03-31": "2371.75800", "2019-12-31": "2477.44400", "2019-09-30": "2349.40600", "2019-06-30": "2418.68900", "2019-03-31": "2397.89600", "2018-12-31": "2243.07400", "2018-09-30": "2285.94400", "2018-06-30": "2182.73000", "2018-03-31": "2217.61300", "2017-12-31": "2261.12300", "2017-09-30": "2216.06000", "2017-06-30": "2177.40200", "2017-03-31": "2137.91500", "2016-12-31": "2157.55700", "2016-09-30": "2185.80100", "2016-06-30": "2177.80300", "2016-03-31": "2190.96300", "2015-12-31": "1576.55500", "2015-09-30": "1561.61800", "2015-06-30": "1596.22200", "2015-03-31": "1598.24400", "2014-12-31": "1639.74600", "2014-09-30": "1035.75000", "2014-06-30": "1039.14900", "2014-03-31": "1012.74000", "2013-12-31": "1035.86700", "2013-09-30": "970.80000", "2013-06-30": "935.22200", "2013-03-31": "937.39100", "2012-12-31": "961.83500", "2012-09-30": "1051.04000", "2012-06-30": "1009.72300", "2012-03-31": "1004.65700", "2011-12-31": "970.25900", "2011-09-30": "1028.25600", "2011-06-30": "574.08700", "2011-03-31": "567.61400", "2010-12-31": "562.91500", "2010-09-30": "541.00400", "2010-06-30": "524.72300", "2010-03-31": "553.93500", "2009-12-31": "543.19200", "2009-09-30": "569.43700", "2009-06-30": "557.55000", "2009-03-31": "642.46300", "2008-12-31": "538.16700", "2008-09-30": "635.48000", "2008-06-30": "654.51600", "2008-03-31": "637.21700", "2007-12-31": "661.62600", "2007-09-30": "902.98690", "2007-06-30": "862.15400", "2007-03-31": "819.26000", "2006-12-31": "738.13100", "2006-09-30": "657.28600", "2006-06-30": "638.17500", "2006-03-31": "623.98500", "2005-12-31": "604.55200", "2005-09-30": "838.44900", "2005-06-30": "869.49500", "2005-03-31": "853.97000"}, "Total Liabilities": {"2020-09-30": "5964.96600", "2020-06-30": "6009.88000", "2020-03-31": "6082.30400", "2019-12-31": "6382.56600", "2019-09-30": "6199.77700", "2019-06-30": "6476.38500", "2019-03-31": "5925.78900", "2018-12-31": "5902.30200", "2018-09-30": "5948.04700", "2018-06-30": "5934.37700", "2018-03-31": "6295.91900", "2017-12-31": "5835.29300", "2017-09-30": "5759.63400", "2017-06-30": "5910.67300", "2017-03-31": "5814.28400", "2016-12-31": "5973.58600", "2016-09-30": "6061.99800", "2016-06-30": "5957.83300", "2016-03-31": "5780.89300", "2015-12-31": "4511.90700", "2015-09-30": "4423.41900", "2015-06-30": "4338.77100", "2015-03-31": "4417.94000", "2014-12-31": "4970.59900", "2014-09-30": "4339.02700", "2014-06-30": "4609.90700", "2014-03-31": "4157.50300", "2013-12-31": "4443.02700", "2013-09-30": "4782.98100", "2013-06-30": "4627.76500", "2013-03-31": "4858.12800", "2012-12-31": "4848.94900", "2012-09-30": "4998.09700", "2012-06-30": "4753.66400", "2012-03-31": "4908.75400", "2011-12-31": "4808.45800", "2011-09-30": "4824.16800", "2011-06-30": "4115.45600", "2011-03-31": "4101.55000", "2010-12-31": "4086.29800", "2010-09-30": "4139.18200", "2010-06-30": "3706.82100", "2010-03-31": "3810.57100", "2009-12-31": "3844.59000", "2009-09-30": "3898.29000", "2009-06-30": "3847.85700", "2009-03-31": "3861.57300", "2008-12-31": "3700.39300", "2008-09-30": "3864.11800", "2008-06-30": "4051.65300", "2008-03-31": "3767.11000", "2007-12-31": "3521.72000", "2007-09-30": "3551.45700", "2007-06-30": "3399.72000", "2007-03-31": "3283.86000", "2006-12-31": "3144.39800", "2006-09-30": "3056.31200", "2006-06-30": "3022.41800", "2006-03-31": "3139.52700", "2005-12-31": "2943.88700", "2005-09-30": "2687.93800", "2005-06-30": "2703.31900", "2005-03-31": "2777.18400"}, "Common Stock Net": {"2020-09-30": "1.40300", "2020-06-30": "1.40300", "2020-03-31": "1.40300", "2019-12-31": "1.39900", "2019-09-30": "1.39900", "2019-06-30": "1.39900", "2019-03-31": "1.39900", "2018-12-31": "1.39600", "2018-09-30": "1.40700", "2018-06-30": "1.40600", "2018-03-31": "1.40600", "2017-12-31": "1.39900", "2017-09-30": "1.39900", "2017-06-30": "1.39900", "2017-03-31": "1.39800", "2016-12-31": "1.39300", "2016-09-30": "1.39300", "2016-06-30": "1.39200", "2016-03-31": "1.39200", "2015-12-31": "1.39000", "2015-09-30": "1.42200", "2015-06-30": "1.45400", "2015-03-31": "1.47000", "2014-12-31": "1.48600", "2014-09-30": "1.56500", "2014-06-30": "1.57600", "2014-03-31": "1.59300", "2013-12-31": "1.61300", "2013-09-30": "1.63300", "2013-06-30": "1.63000", "2013-03-31": "1.62900", "2012-12-31": "1.62400", "2012-09-30": "1.66500", "2012-06-30": "1.67000", "2012-03-31": "1.69100", "2011-12-31": "1.69000", "2011-09-30": "1.69700", "2011-06-30": "1.73800", "2011-03-31": "1.74400", "2010-12-31": "1.76400", "2010-09-30": "1.78800", "2010-06-30": "1.78800", "2010-03-31": "1.78700", "2009-12-31": "1.78800", "2009-09-30": "1.79400", "2009-06-30": "1.79900", "2009-03-31": "1.79900", "2008-12-31": "1.81600", "2008-09-30": "1.81400", "2008-06-30": "1.77600", "2008-03-31": "0.88600", "2007-12-31": "1.77400", "2007-09-30": "0.88400", "2007-06-30": "0.88300", "2007-03-31": "0.88200", "2006-12-31": "0.88000", "2006-09-30": "0.88000", "2006-06-30": "0.87600", "2006-03-31": "0.87500", "2005-12-31": "0.87100", "2005-09-30": "0.86800", "2005-06-30": "0.86700", "2005-03-31": "0.86600"}, "Retained Earnings (Accumulated Deficit)": {"2020-09-30": "1413.24200", "2020-06-30": "1393.86600", "2020-03-31": "1418.84500", "2019-12-31": "1700.91200", "2019-09-30": "1998.14200", "2019-06-30": "2769.80400", "2019-03-31": "3354.35200", "2018-12-31": "3294.15400", "2018-09-30": "3401.52800", "2018-06-30": "3353.17600", "2018-03-31": "3268.83700", "2017-12-31": "3654.93100", "2017-09-30": "3624.55400", "2017-06-30": "3559.64300", "2017-03-31": "3613.24600", "2016-12-31": "3582.15000", "2016-09-30": "3541.25300", "2016-06-30": "3566.14300", "2016-03-31": "3493.78900", "2015-12-31": "3428.73200", "2015-09-30": "3640.05400", "2015-06-30": "3630.88100", "2015-03-31": "3601.07100", "2014-12-31": "3593.59700", "2014-09-30": "3894.40400", "2014-06-30": "3924.27000", "2014-03-31": "3996.52400", "2013-12-31": "4040.66400", "2013-09-30": "4019.91000", "2013-06-30": "3873.12400", "2013-03-31": "3737.92800", "2012-12-31": "3597.52100", "2012-09-30": "3842.31300", "2012-06-30": "3743.26200", "2012-03-31": "3704.02500", "2011-12-31": "3590.55300", "2011-09-30": "3485.14400", "2011-06-30": "3371.11200", "2011-03-31": "3227.00800", "2010-12-31": "3109.95700", "2010-09-30": "3015.20500", "2010-06-30": "3091.34800", "2010-03-31": "2956.49800", "2009-12-31": "2842.42800", "2009-09-30": "2716.16800", "2009-06-30": "2576.59900", "2009-03-31": "2429.92500", "2008-12-31": "2247.93800", "2008-09-30": "2104.79500", "2008-06-30": "1944.42500", "2008-03-31": "1757.42400", "2007-12-31": "1641.61600", "2007-09-30": "1399.88900", "2007-06-30": "1323.88800", "2007-03-31": "1245.98500", "2006-12-31": "1223.78700", "2006-09-30": "1160.68800", "2006-06-30": "1150.86900", "2006-03-31": "1101.83500", "2005-12-31": "1030.46000", "2005-09-30": "979.27400", "2005-06-30": "861.97300", "2005-03-31": "892.27000"}, "Comprehensive Income": {"2020-09-30": "-463.31600", "2020-06-30": "-478.63600", "2020-03-31": "-499.35300", "2019-12-31": "-379.87300", "2019-09-30": "-551.90300", "2019-06-30": "-510.00800", "2019-03-31": "-497.89400", "2018-12-31": "-543.53100", "2018-09-30": "-482.17800", "2018-06-30": "-422.59500", "2018-03-31": "-372.96000", "2017-12-31": "-402.24200", "2017-09-30": "-420.09400", "2017-06-30": "-451.26100", "2017-03-31": "-452.18000", "2016-12-31": "-496.66900", "2016-09-30": "-466.34600", "2016-06-30": "-449.42800", "2016-03-31": "-417.38900", "2015-12-31": "-432.77500", "2015-09-30": "-579.13600", "2015-06-30": "-515.73000", "2015-03-31": "-533.81700", "2014-12-31": "-484.21200", "2014-09-30": "-337.08800", "2014-06-30": "-279.29800", "2014-03-31": "-307.38800", "2013-12-31": "-298.20100", "2013-09-30": "-276.48100", "2013-06-30": "-302.67300", "2013-03-31": "-265.32100", "2012-12-31": "-257.85000", "2012-09-30": "-163.99200", "2012-06-30": "-190.37500", "2012-03-31": "-163.60400", "2011-12-31": "-199.29200", "2011-09-30": "-198.96500", "2011-06-30": "-127.06500", "2011-03-31": "-153.28300", "2010-12-31": "-176.31100", "2010-09-30": "-193.26100", "2010-06-30": "-247.46600", "2010-03-31": "-210.83400", "2009-12-31": "-220.98700", "2009-09-30": "-282.94200", "2009-06-30": "-309.92600", "2009-03-31": "-358.41300", "2008-12-31": "-356.96900", "2008-09-30": "-109.46200", "2008-06-30": "-62.37900", "2008-03-31": "-66.80800", "2007-12-31": "-74.17200", "2007-09-30": "-98.65500", "2007-06-30": "-120.44300", "2007-03-31": "-145.20100", "2006-12-31": "-148.33200", "2006-09-30": "19.73300", "2006-06-30": "19.22900", "2006-03-31": "7.50900", "2005-12-31": "9.10300", "2005-09-30": "-15.36800", "2005-06-30": "-31.84200", "2005-03-31": "-13.48900"}, "Other Share Holders Equity": {"2020-09-30": "", "2020-06-30": "", "2020-03-31": "", "2019-12-31": "", "2019-09-30": "", "2019-06-30": "", "2019-03-31": "", "2018-12-31": "", "2018-09-30": "", "2018-06-30": "", "2018-03-31": "", "2017-12-31": "", "2017-09-30": "", "2017-06-30": "", "2017-03-31": "", "2016-12-31": "", "2016-09-30": "", "2016-06-30": "", "2016-03-31": "", "2015-12-31": "", "2015-09-30": "", "2015-06-30": "", "2015-03-31": "", "2014-12-31": "", "2014-09-30": "", "2014-06-30": "", "2014-03-31": "", "2013-12-31": "", "2013-09-30": "", "2013-06-30": "", "2013-03-31": "", "2012-12-31": "", "2012-09-30": "", "2012-06-30": "", "2012-03-31": "", "2011-12-31": "", "2011-09-30": "", "2011-06-30": "", "2011-03-31": "", "2010-12-31": "", "2010-09-30": "", "2010-06-30": "", "2010-03-31": "", "2009-12-31": "", "2009-09-30": "", "2009-06-30": "", "2009-03-31": "", "2008-12-31": "", "2008-09-30": "", "2008-06-30": "", "2008-03-31": "", "2007-12-31": "", "2007-09-30": "", "2007-06-30": "", "2007-03-31": "", "2006-12-31": "", "2006-09-30": "", "2006-06-30": "", "2006-03-31": "", "2005-12-31": "-39.77700", "2005-09-30": "-44.56800", "2005-06-30": "-49.52700", "2005-03-31": "-54.15800"}, "Share Holder Equity": {"2020-09-30": "1306.68400", "2020-06-30": "1230.89400", "2020-03-31": "1210.16500", "2019-12-31": "1584.09200", "2019-09-30": "1683.93000", "2019-06-30": "2497.48900", "2019-03-31": "3115.92500", "2018-12-31": "2980.25300", "2018-09-30": "3199.92900", "2018-06-30": "3184.84000", "2018-03-31": "3129.30700", "2017-12-31": "3492.39900", "2017-09-30": "3433.89300", "2017-06-30": "3311.13500", "2017-03-31": "3346.05100", "2016-12-31": "3242.83100", "2016-09-30": "3254.60800", "2016-06-30": "3283.63400", "2016-03-31": "3220.83400", "2015-12-31": "3113.49900", "2015-09-30": "3175.94200", "2015-06-30": "3221.60200", "2015-03-31": "3201.25600", "2014-12-31": "3223.83000", "2014-09-30": "3709.67800", "2014-06-30": "3789.04400", "2014-03-31": "3834.43400", "2013-12-31": "3880.82300", "2013-09-30": "3944.18700", "2013-06-30": "3739.83200", "2013-03-31": "3604.90600", "2012-12-31": "3427.09400", "2012-09-30": "3771.34300", "2012-06-30": "3638.47200", "2012-03-31": "3612.42300", "2011-12-31": "3459.90600", "2011-09-30": "3365.65100", "2011-06-30": "3553.58300", "2011-03-31": "3448.65800", "2010-12-31": "3528.62500", "2010-09-30": "3553.22800", "2010-06-30": "3561.06400", "2010-03-31": "3443.25500", "2009-12-31": "3333.89300", "2009-09-30": "3167.02700", "2009-06-30": "3060.04300", "2009-03-31": "2857.94700", "2008-12-31": "2723.18400", "2008-09-30": "2741.00200", "2008-06-30": "2618.40000", "2008-03-31": "2405.18500", "2007-12-31": "2274.45900", "2007-09-30": "1995.94100", "2007-06-30": "1880.57500", "2007-03-31": "1759.67600", "2006-12-31": "1730.47200", "2006-09-30": "1826.49500", "2006-06-30": "1790.18700", "2006-03-31": "1715.07100", "2005-12-31": "1630.55800", "2005-09-30": "1535.72700", "2005-06-30": "1391.17100", "2005-03-31": "1430.54600"}, "Total Liabilities And Share Holders Equity": {"2020-09-30": "7271.65000", "2020-06-30": "7240.77400", "2020-03-31": "7292.46900", "2019-12-31": "7966.65800", "2019-09-30": "7883.70700", "2019-06-30": "8973.87400", "2019-03-31": "9041.71400", "2018-12-31": "8882.55500", "2018-09-30": "9147.97600", "2018-06-30": "9119.21700", "2018-03-31": "9425.22600", "2017-12-31": "9327.69200", "2017-09-30": "9193.52700", "2017-06-30": "9221.80800", "2017-03-31": "9160.33500", "2016-12-31": "9216.41700", "2016-09-30": "9316.60600", "2016-06-30": "9241.46700", "2016-03-31": "9001.72700", "2015-12-31": "7625.40600", "2015-09-30": "7599.36100", "2015-06-30": "7560.37300", "2015-03-31": "7619.19600", "2014-12-31": "8194.42900", "2014-09-30": "8048.70500", "2014-06-30": "8398.95100", "2014-03-31": "7991.93700", "2013-12-31": "8323.85000", "2013-09-30": "8727.16800", "2013-06-30": "8367.59700", "2013-03-31": "8463.03400", "2012-12-31": "8276.04300", "2012-09-30": "8769.44000", "2012-06-30": "8392.13600", "2012-03-31": "8521.17700", "2011-12-31": "8268.36400", "2011-09-30": "8189.81900", "2011-06-30": "7669.03900", "2011-03-31": "7550.20800", "2010-12-31": "7614.92300", "2010-09-30": "7692.41000", "2010-06-30": "7267.88500", "2010-03-31": "7253.82600", "2009-12-31": "7178.48300", "2009-09-30": "7065.31700", "2009-06-30": "6907.90000", "2009-03-31": "6719.52000", "2008-12-31": "6423.57700", "2008-09-30": "6605.12000", "2008-06-30": "6670.05300", "2008-03-31": "6172.29500", "2007-12-31": "5796.17900", "2007-09-30": "5547.39800", "2007-06-30": "5280.29500", "2007-03-31": "5043.53600", "2006-12-31": "4874.87000", "2006-09-30": "4882.80700", "2006-06-30": "4812.60500", "2006-03-31": "4854.59800", "2005-12-31": "4574.44500", "2005-09-30": "4223.66500", "2005-06-30": "4094.49000", "2005-03-31": "4207.73300"}}, "cash flow statement": {"Net Income/Loss": {"2019-12-31": "-1553.12400", "2018-12-31": "232.85300", "2017-12-31": "226.76400", "2016-12-31": "327.44900", "2015-12-31": "475.00600", "2014-12-31": "647.54300", "2013-12-31": "823.02600", "2012-12-31": "571.06700", "2011-12-31": "698.08700", "2010-12-31": "441.08200", "2009-12-31": "732.87500", "2008-12-31": "748.90300", "2007-12-31": "546.52800", "2006-12-31": "263.45200", "2005-12-31": "227.27300"}, "Total Depreciation And Amortization - Cash Flow": {"2019-12-31": "206.55600", "2018-12-31": "259.68500", "2017-12-31": "265.93800", "2016-12-31": "265.99900", "2015-12-31": "250.79100", "2014-12-31": "240.82600", "2013-12-31": "250.00700", "2012-12-31": "249.78100", "2011-12-31": "238.69600", "2010-12-31": "237.40800", "2009-12-31": "215.63500", "2008-12-31": "205.57200", "2007-12-31": "187.81900", "2006-12-31": "160.87700", "2005-12-31": "122.61700"}, "Other Non-Cash Items": {"2019-12-31": "938.19000", "2018-12-31": "-106.11900", "2017-12-31": "74.47700", "2016-12-31": "-25.38100", "2015-12-31": "-175.18500", "2014-12-31": "162.78000", "2013-12-31": "-36.59300", "2012-12-31": "-28.73900", "2011-12-31": "-111.94300", "2010-12-31": "42.04600", "2009-12-31": "99.99300", "2008-12-31": "-245.97400", "2007-12-31": "-134.50800", "2006-12-31": "-75.63500", "2005-12-31": "-185.90100"}, "Total Non-Cash Items": {"2019-12-31": "1144.74600", "2018-12-31": "153.56600", "2017-12-31": "340.41500", "2016-12-31": "240.61800", "2015-12-31": "75.60600", "2014-12-31": "403.60600", "2013-12-31": "213.41400", "2012-12-31": "221.04200", "2011-12-31": "126.75300", "2010-12-31": "279.45400", "2009-12-31": "315.62800", "2008-12-31": "-40.40200", "2007-12-31": "53.31100", "2006-12-31": "85.24200", "2005-12-31": "-63.28400"}, "Change In Accounts Receivable": {"2019-12-31": "", "2018-12-31": "", "2017-12-31": "", "2016-12-31": "", "2015-12-31": "", "2014-12-31": "", "2013-12-31": "", "2012-12-31": "", "2011-12-31": "", "2010-12-31": "", "2009-12-31": "281.80500", "2008-12-31": "", "2007-12-31": "", "2006-12-31": "", "2005-12-31": ""}, "Change In Inventories": {"2019-12-31": "", "2018-12-31": "", "2017-12-31": "", "2016-12-31": "", "2015-12-31": "", "2014-12-31": "", "2013-12-31": "", "2012-12-31": "", "2011-12-31": "", "2010-12-31": "", "2009-12-31": "-359.99100", "2008-12-31": "", "2007-12-31": "", "2006-12-31": "", "2005-12-31": ""}, "Change In Accounts Payable": {"2019-12-31": "", "2018-12-31": "", "2017-12-31": "", "2016-12-31": "", "2015-12-31": "", "2014-12-31": "", "2013-12-31": "", "2012-12-31": "", "2011-12-31": "", "2010-12-31": "", "2009-12-31": "135.22800", "2008-12-31": "", "2007-12-31": "", "2006-12-31": "", "2005-12-31": ""}, "Change In Assets/Liabilities": {"2019-12-31": "633.02900", "2018-12-31": "-227.73200", "2017-12-31": "25.94800", "2016-12-31": "135.39300", "2015-12-31": "303.89600", "2014-12-31": "-408.86100", "2013-12-31": "-261.59600", "2012-12-31": "-195.51000", "2011-12-31": "61.59300", "2010-12-31": "-173.00700", "2009-12-31": "-190.34100", "2008-12-31": "273.39200", "2007-12-31": "317.36400", "2006-12-31": "-57.09200", "2005-12-31": "237.66600"}, "Total Change In Assets/Liabilities": {"2019-12-31": "633.02900", "2018-12-31": "-227.73200", "2017-12-31": "25.94800", "2016-12-31": "135.39300", "2015-12-31": "303.89600", "2014-12-31": "-408.86100", "2013-12-31": "-261.59600", "2012-12-31": "-195.51000", "2011-12-31": "61.59300", "2010-12-31": "-173.00700", "2009-12-31": "-143.93200", "2008-12-31": "273.39200", "2007-12-31": "317.36400", "2006-12-31": "-57.09200", "2005-12-31": "237.66600"}, "Cash Flow From Operating Activities": {"2019-12-31": "219.01800", "2018-12-31": "162.16400", "2017-12-31": "601.97100", "2016-12-31": "705.91900", "2015-12-31": "849.13200", "2014-12-31": "642.57400", "2013-12-31": "788.90600", "2012-12-31": "603.77100", "2011-12-31": "889.76900", "2010-12-31": "550.91400", "2009-12-31": "905.01200", "2008-12-31": "991.59400", "2007-12-31": "921.59200", "2006-12-31": "296.16100", "2005-12-31": "408.67500"}, "Net Change In Property, Plant, And Equipment": {"2019-12-31": "-114.86500", "2018-12-31": "-129.96000", "2017-12-31": "-187.00500", "2016-12-31": "-154.74200", "2015-12-31": "-63.81500", "2014-12-31": "-218.83200", "2013-12-31": "-214.45900", "2012-12-31": "-152.36800", "2011-12-31": "-284.41500", "2010-12-31": "-211.71800", "2009-12-31": "-195.54500", "2008-12-31": "-251.11600", "2007-12-31": "-223.84400", "2006-12-31": "-234.72900", "2005-12-31": "-143.42700"}, "Net Change In Intangible Assets": {"2019-12-31": "", "2018-12-31": "", "2017-12-31": "", "2016-12-31": "", "2015-12-31": "", "2014-12-31": "", "2013-12-31": "", "2012-12-31": "", "2011-12-31": "", "2010-12-31": "", "2009-12-31": "", "2008-12-31": "", "2007-12-31": "", "2006-12-31": "", "2005-12-31": ""}, "Net Acquisitions/Divestitures": {"2019-12-31": "", "2018-12-31": "", "2017-12-31": "", "2016-12-31": "-240.74000", "2015-12-31": "45.56600", "2014-12-31": "", "2013-12-31": "-23.07500", "2012-12-31": "-19.33700", "2011-12-31": "-27.32600", "2010-12-31": "", "2009-12-31": "", "2008-12-31": "-12.49600", "2007-12-31": "", "2006-12-31": "", "2005-12-31": ""}, "Net Change In Short-term Investments": {"2019-12-31": "207.37400", "2018-12-31": "57.59100", "2017-12-31": "-20.92400", "2016-12-31": "162.10800", "2015-12-31": "25.35900", "2014-12-31": "8.89000", "2013-12-31": "-10.25700", "2012-12-31": "143.28800", "2011-12-31": "-133.37800", "2010-12-31": "437.53700", "2009-12-31": "-623.32890", "2008-12-31": "211.25500", "2007-12-31": "-539.24200", "2006-12-31": "", "2005-12-31": ""}, "Net Change In Long-Term Investments": {"2019-12-31": "-52.30500", "2018-12-31": "51.79700", "2017-12-31": "-273.11700", "2016-12-31": "-518.22000", "2015-12-31": "-91.07800", "2014-12-31": "-38.68700", "2013-12-31": "-24.05200", "2012-12-31": "-30.78200", "2011-12-31": "-8.08900", "2010-12-31": "-10.03500", "2009-12-31": "-1.68100", "2008-12-31": "76.92100", "2007-12-31": "-9.28100", "2006-12-31": "-0.37100", "2005-12-31": "-13.21500"}, "Net Change In Investments - Total": {"2019-12-31": "155.06900", "2018-12-31": "109.38800", "2017-12-31": "-294.04100", "2016-12-31": "-356.11200", "2015-12-31": "-65.71900", "2014-12-31": "-29.79700", "2013-12-31": "-34.30900", "2012-12-31": "112.50600", "2011-12-31": "-141.46700", "2010-12-31": "427.50200", "2009-12-31": "-625.00990", "2008-12-31": "288.17600", "2007-12-31": "-548.52300", "2006-12-31": "-0.37100", "2005-12-31": "-13.21500"}, "Investing Activities - Other": {"2019-12-31": "40.26800", "2018-12-31": "21.95500", "2017-12-31": "-3.23200", "2016-12-31": "10.24300", "2015-12-31": "17.46100", "2014-12-31": "49.51400", "2013-12-31": "37.23300", "2012-12-31": "45.45900", "2011-12-31": "16.78400", "2010-12-31": "2.64600", "2009-12-31": "2.49600", "2008-12-31": "-2.03100", "2007-12-31": "-21.06500", "2006-12-31": "-2.71700", "2005-12-31": "-2.49000"}, "Cash Flow From Investing Activities": {"2019-12-31": "80.47200", "2018-12-31": "1.38300", "2017-12-31": "-484.27800", "2016-12-31": "-741.35100", "2015-12-31": "-66.50700", "2014-12-31": "-199.11500", "2013-12-31": "-234.61000", "2012-12-31": "-13.74000", "2011-12-31": "-436.42400", "2010-12-31": "218.43000", "2009-12-31": "-818.05900", "2008-12-31": "22.53300", "2007-12-31": "-793.43200", "2006-12-31": "-237.81700", "2005-12-31": "-159.13200"}, "Net Long-Term Debt": {"2019-12-31": "", "2018-12-31": "95.43700", "2017-12-31": "-53.45500", "2016-12-31": "-697.72300", "2015-12-31": "-28.42500", "2014-12-31": "494.52100", "2013-12-31": "-26.43500", "2012-12-31": "-7.51400", "2011-12-31": "418.36100", "2010-12-31": "-45.26000", "2009-12-31": "-23.78900", "2008-12-31": "-173.64400", "2007-12-31": "-22.77700", "2006-12-31": "", "2005-12-31": ""}, "Net Current Debt": {"2019-12-31": "", "2018-12-31": "", "2017-12-31": "", "2016-12-31": "882.14200", "2015-12-31": "", "2014-12-31": "", "2013-12-31": "", "2012-12-31": "", "2011-12-31": "", "2010-12-31": "", "2009-12-31": "", "2008-12-31": "", "2007-12-31": "", "2006-12-31": "", "2005-12-31": "-129.94000"}, "Debt Issuance/Retirement Net - Total": {"2019-12-31": "", "2018-12-31": "95.43700", "2017-12-31": "-53.45500", "2016-12-31": "184.41900", "2015-12-31": "-28.42500", "2014-12-31": "494.52100", "2013-12-31": "-26.43500", "2012-12-31": "-7.51400", "2011-12-31": "418.36100", "2010-12-31": "-45.26000", "2009-12-31": "-23.78900", "2008-12-31": "-173.64400", "2007-12-31": "-22.77700", "2006-12-31": "", "2005-12-31": "-129.94000"}, "Net Common Equity Issued/Repurchased": {"2019-12-31": "1.46600", "2018-12-31": "-42.76400", "2017-12-31": "9.38000", "2016-12-31": "-6.06000", "2015-12-31": "-507.87800", "2014-12-31": "-881.89400", "2013-12-31": "-147.21400", "2012-12-31": "-377.64100", "2011-12-31": "-614.14610", "2010-12-31": "-161.01800", "2009-12-31": "-122.74800", "2008-12-31": "13.00300", "2007-12-31": "12.25000", "2006-12-31": "31.77000", "2005-12-31": "92.37000"}, "Net Total Equity Issued/Repurchased": {"2019-12-31": "1.46600", "2018-12-31": "-42.76400", "2017-12-31": "9.38000", "2016-12-31": "-6.06000", "2015-12-31": "-507.87800", "2014-12-31": "-881.89400", "2013-12-31": "-147.21400", "2012-12-31": "-377.64100", "2011-12-31": "-614.14610", "2010-12-31": "-161.01800", "2009-12-31": "-122.74800", "2008-12-31": "13.00300", "2007-12-31": "12.25000", "2006-12-31": "31.77000", "2005-12-31": "92.37000"}, "Total Common And Preferred Stock Dividends Paid": {"2019-12-31": "-151.74700", "2018-12-31": "-182.25700", "2017-12-31": "-165.21000", "2016-12-31": "-175.89900", "2015-12-31": "-184.19000", "2014-12-31": "-264.25900", "2013-12-31": "-203.56900", "2012-12-31": "-229.27300", "2011-12-31": "-191.33700", "2010-12-31": "-173.74900", "2009-12-31": "-166.41900", "2008-12-31": "-113.44300", "2007-12-31": "-86.94900", "2006-12-31": "-52.86300", "2005-12-31": "-68.66500"}, "Financial Activities - Other": {"2019-12-31": "72.98200", "2018-12-31": "-10.90700", "2017-12-31": "-6.21700", "2016-12-31": "-12.81000", "2015-12-31": "-7.73700", "2014-12-31": "-14.78400", "2013-12-31": "7.64900", "2012-12-31": "-2.19800", "2011-12-31": "-8.70300", "2010-12-31": "-9.84500", "2009-12-31": "-10.04100", "2008-12-31": "3.91600", "2007-12-31": "114.64900", "2006-12-31": "139.47600", "2005-12-31": "74.13700"}, "Cash Flow From Financial Activities": {"2019-12-31": "-77.29900", "2018-12-31": "-140.49100", "2017-12-31": "-215.50200", "2016-12-31": "-10.35000", "2015-12-31": "-728.23000", "2014-12-31": "-666.41600", "2013-12-31": "-369.56900", "2012-12-31": "-616.62600", "2011-12-31": "-395.82500", "2010-12-31": "-389.87200", "2009-12-31": "-322.99700", "2008-12-31": "-270.16800", "2007-12-31": "17.17300", "2006-12-31": "118.38300", "2005-12-31": "-32.09800"}, "Net Cash Flow": {"2019-12-31": "232.45300", "2018-12-31": "-39.32900", "2017-12-31": "-46.36100", "2016-12-31": "-99.45000", "2015-12-31": "-43.23900", "2014-12-31": "-290.45700", "2013-12-31": "129.04100", "2012-12-31": "-6.87000", "2011-12-31": "26.41400", "2010-12-31": "447.96900", "2009-12-31": "-147.29600", "2008-12-31": "659.18000", "2007-12-31": "199.09400", "2006-12-31": "187.03400", "2005-12-31": "184.49900"}, "Stock-Based Compensation": {"2019-12-31": "", "2018-12-31": "", "2017-12-31": "", "2016-12-31": "", "2015-12-31": "", "2014-12-31": "", "2013-12-31": "", "2012-12-31": "", "2011-12-31": "", "2010-12-31": "", "2009-12-31": "", "2008-12-31": "", "2007-12-31": "", "2006-12-31": "", "2005-12-31": ""}, "Common Stock Dividends Paid": {"2019-12-31": "-151.74700", "2018-12-31": "-182.25700", "2017-12-31": "-165.21000", "2016-12-31": "-175.89900", "2015-12-31": "-184.19000", "2014-12-31": "-264.25900", "2013-12-31": "-203.56900", "2012-12-31": "-229.27300", "2011-12-31": "-191.33700", "2010-12-31": "-173.74900", "2009-12-31": "-166.41900", "2008-12-31": "-113.44300", "2007-12-31": "-86.94900", "2006-12-31": "-52.86300", "2005-12-31": "-68.66500"}}, "cash flow statement, quarterly": {"Net Income/Loss": {"2020-09-30": 23.64, "2020-06-30": -18.262, "2020-03-31": "-256.45000", "2019-12-31": -324.726, "2019-09-30": -730.653, "2019-06-30": -452.7, "2019-03-31": "-45.04500", "2018-12-31": 17.725, "2018-09-30": 96.025, "2018-06-30": 131.164, "2018-03-31": "-12.06100", "2017-12-31": 43.153, "2017-09-30": 112.889, "2017-06-30": -6.632, "2017-03-31": "77.35400", "2016-12-31": 70.978, "2016-09-30": 17.406, "2016-06-30": 120.054, "2016-03-31": "119.01100", "2015-12-31": -33.078, "2015-09-30": 181.736, "2015-06-30": 160.744, "2015-03-31": "165.60400", "2014-12-31": 229.363, "2014-09-30": 114.89, "2014-06-30": 109.98, "2014-03-31": "193.31000", "2013-12-31": 185.079, "2013-09-30": 217.351, "2013-06-30": 207.34, "2013-03-31": "213.25600", "2012-12-31": 29.033, "2012-09-30": 172.338, "2012-06-30": 192.521, "2012-03-31": "177.17500", "2011-12-31": 183.826, "2011-09-30": 161.589, "2011-06-30": 191.459, "2011-03-31": "161.21300", "2010-12-31": 139.081, "2010-09-30": -30.088, "2010-06-30": 178.417, "2010-03-31": "153.67200", "2009-12-31": 161.245, "2009-09-30": 174.004, "2009-06-30": 176.339, "2009-03-31": "221.28700", "2008-12-31": 197.356, "2008-09-30": 189.331, "2008-06-30": 217.877, "2008-03-31": "144.33900", "2007-12-31": 272.672, "2007-09-30": 93.676, "2007-06-30": 95.564, "2007-03-31": "84.61600", "2006-12-31": 80.708, "2006-09-30": 27.338, "2006-06-30": 66.552, "2006-03-31": "88.85400", "2005-12-31": 65.123, "2005-09-30": 131.189, "2005-06-30": -16.432, "2005-03-31": "47.39300"}, "Total Depreciation And Amortization - Cash Flow": {"2020-09-30": 24.586, "2020-06-30": 31.583, "2020-03-31": "34.69400", "2019-12-31": 36.997, "2019-09-30": 42.842, "2019-06-30": 63.644, "2019-03-31": "63.07300", "2018-12-31": 60.031, "2018-09-30": 63.758, "2018-06-30": 65.325, "2018-03-31": "70.57100", "2017-12-31": 66.907, "2017-09-30": 65.36, "2017-06-30": 62.228, "2017-03-31": "71.44300", "2016-12-31": 66.618, "2016-09-30": 66.888, "2016-06-30": 71.203, "2016-03-31": "61.29000", "2015-12-31": 67.738, "2015-09-30": 60.139, "2015-06-30": 62.342, "2015-03-31": "60.57200", "2014-12-31": 60.076, "2014-09-30": 61.68, "2014-06-30": 59.563, "2014-03-31": "59.50700", "2013-12-31": 55.306, "2013-09-30": 64.616, "2013-06-30": 65.508, "2013-03-31": "64.57700", "2012-12-31": 64.505, "2012-09-30": 62.725, "2012-06-30": 61.649, "2012-03-31": "60.90200", "2011-12-31": 59.933, "2011-09-30": 59.213, "2011-06-30": 58.92, "2011-03-31": "60.63000", "2010-12-31": 62.551, "2010-09-30": 59.763, "2010-06-30": 59.145, "2010-03-31": "55.94900", "2009-12-31": 54.897, "2009-09-30": 54.626, "2009-06-30": 53.876, "2009-03-31": "52.23600", "2008-12-31": 55.843, "2008-09-30": 52.272, "2008-06-30": 50.895, "2008-03-31": "46.56200", "2007-12-31": 56.84, "2007-09-30": 44.25, "2007-06-30": 44.694, "2007-03-31": "42.03500", "2006-12-31": 47.298, "2006-09-30": 39.191, "2006-06-30": 37.945, "2006-03-31": "36.44300", "2005-12-31": 32.478, "2005-09-30": 30.9, "2005-06-30": 30.758, "2005-03-31": "28.48100"}, "Other Non-Cash Items": {"2020-09-30": -9.065, "2020-06-30": -1.762, "2020-03-31": "382.52400", "2019-12-31": 266.155, "2019-09-30": 755.892, "2019-06-30": -61.802, "2019-03-31": "-22.05500", "2018-12-31": 15.09, "2018-09-30": -128.663, "2018-06-30": 48.953, "2018-03-31": "-41.49900", "2017-12-31": -4.81, "2017-09-30": 19.681, "2017-06-30": 17.675, "2017-03-31": "41.93100", "2016-12-31": -78.913, "2016-09-30": -4.257, "2016-06-30": 3.178, "2016-03-31": "54.61100", "2015-12-31": 126.138, "2015-09-30": -162.254, "2015-06-30": -3.112, "2015-03-31": "-135.95700", "2014-12-31": -24.527, "2014-09-30": 141.286, "2014-06-30": 32.458, "2014-03-31": "13.56300", "2013-12-31": 4.65, "2013-09-30": -60.817, "2013-06-30": 8.093, "2013-03-31": "11.48100", "2012-12-31": 7.635, "2012-09-30": -59.42, "2012-06-30": 26.612, "2012-03-31": "-3.56600", "2011-12-31": -94.072, "2011-09-30": -65.144, "2011-06-30": 13.613, "2011-03-31": "33.66000", "2010-12-31": 27.931, "2010-09-30": -30.339, "2010-06-30": 20.683, "2010-03-31": "23.77100", "2009-12-31": 137.928, "2009-09-30": -18.198, "2009-06-30": -0.847, "2009-03-31": "-18.89000", "2008-12-31": -102.2, "2008-09-30": -38.167, "2008-06-30": -87.428, "2008-03-31": "-18.17900", "2007-12-31": -152.196, "2007-09-30": -50.703, "2007-06-30": 106.826, "2007-03-31": "-38.43500", "2006-12-31": 53.646, "2006-09-30": -34.973, "2006-06-30": -42.093, "2006-03-31": "-52.21500", "2005-12-31": -126.967, "2005-09-30": -34.61, "2005-06-30": -4.482, "2005-03-31": "-19.84200"}, "Total Non-Cash Items": {"2020-09-30": 15.521, "2020-06-30": 29.821, "2020-03-31": "417.21800", "2019-12-31": 303.152, "2019-09-30": 798.734, "2019-06-30": 1.842, "2019-03-31": "41.01800", "2018-12-31": 75.121, "2018-09-30": -64.905, "2018-06-30": 114.278, "2018-03-31": "29.07200", "2017-12-31": 62.097, "2017-09-30": 85.041, "2017-06-30": 79.903, "2017-03-31": "113.37400", "2016-12-31": -12.295, "2016-09-30": 62.631, "2016-06-30": 74.381, "2016-03-31": "115.90100", "2015-12-31": 193.876, "2015-09-30": -102.115, "2015-06-30": 59.23, "2015-03-31": "-75.38500", "2014-12-31": 35.549, "2014-09-30": 202.966, "2014-06-30": 92.021, "2014-03-31": "73.07000", "2013-12-31": 59.956, "2013-09-30": 3.799, "2013-06-30": 73.601, "2013-03-31": "76.05800", "2012-12-31": 72.14, "2012-09-30": 3.305, "2012-06-30": 88.261, "2012-03-31": "57.33600", "2011-12-31": -34.139, "2011-09-30": -5.931, "2011-06-30": 72.533, "2011-03-31": "94.29000", "2010-12-31": 90.482, "2010-09-30": 29.424, "2010-06-30": 79.828, "2010-03-31": "79.72000", "2009-12-31": 192.825, "2009-09-30": 36.428, "2009-06-30": 53.029, "2009-03-31": "33.34600", "2008-12-31": -46.357, "2008-09-30": 14.105, "2008-06-30": -36.533, "2008-03-31": "28.38300", "2007-12-31": -95.356, "2007-09-30": -6.453, "2007-06-30": 151.52, "2007-03-31": "3.60000", "2006-12-31": 100.944, "2006-09-30": 4.218, "2006-06-30": -4.148, "2006-03-31": "-15.77200", "2005-12-31": -94.489, "2005-09-30": -3.71, "2005-06-30": 26.276, "2005-03-31": "8.63900"}, "Change In Accounts Receivable": {"2020-09-30": 0, "2020-06-30": 0, "2020-03-31": "", "2019-12-31": 0, "2019-09-30": 0, "2019-06-30": 0, "2019-03-31": "", "2018-12-31": 0, "2018-09-30": 0, "2018-06-30": 0, "2018-03-31": "", "2017-12-31": 0, "2017-09-30": 0, "2017-06-30": 0, "2017-03-31": "", "2016-12-31": 0, "2016-09-30": 0, "2016-06-30": 0, "2016-03-31": "", "2015-12-31": 0, "2015-09-30": 0, "2015-06-30": 0, "2015-03-31": "", "2014-12-31": 0, "2014-09-30": 0, "2014-06-30": 0, "2014-03-31": "", "2013-12-31": 0, "2013-09-30": 0, "2013-06-30": 0, "2013-03-31": "", "2012-12-31": 0, "2012-09-30": 0, "2012-06-30": 0, "2012-03-31": "", "2011-12-31": 0, "2011-09-30": 0, "2011-06-30": 0, "2011-03-31": "", "2010-12-31": 0, "2010-09-30": 0, "2010-06-30": 0, "2010-03-31": "", "2009-12-31": 281.805, "2009-09-30": 0, "2009-06-30": 0, "2009-03-31": "", "2008-12-31": 0, "2008-09-30": 0, "2008-06-30": 0, "2008-03-31": "", "2007-12-31": 0, "2007-09-30": 0, "2007-06-30": 0, "2007-03-31": "", "2006-12-31": 0, "2006-09-30": 0, "2006-06-30": 0, "2006-03-31": "", "2005-12-31": 0, "2005-09-30": 0, "2005-06-30": 0, "2005-03-31": ""}, "Change In Inventories": {"2020-09-30": 0, "2020-06-30": 0, "2020-03-31": "", "2019-12-31": 0, "2019-09-30": 0, "2019-06-30": 0, "2019-03-31": "", "2018-12-31": 0, "2018-09-30": 0, "2018-06-30": 0, "2018-03-31": "", "2017-12-31": 0, "2017-09-30": 0, "2017-06-30": 0, "2017-03-31": "", "2016-12-31": 0, "2016-09-30": 0, "2016-06-30": 0, "2016-03-31": "", "2015-12-31": 0, "2015-09-30": 0, "2015-06-30": 0, "2015-03-31": "", "2014-12-31": 0, "2014-09-30": 0, "2014-06-30": 0, "2014-03-31": "", "2013-12-31": 0, "2013-09-30": 0, "2013-06-30": 0, "2013-03-31": "", "2012-12-31": 0, "2012-09-30": 0, "2012-06-30": 0, "2012-03-31": "", "2011-12-31": 0, "2011-09-30": 0, "2011-06-30": 0, "2011-03-31": "", "2010-12-31": 0, "2010-09-30": 0, "2010-06-30": 0, "2010-03-31": "", "2009-12-31": -359.991, "2009-09-30": 0, "2009-06-30": 0, "2009-03-31": "", "2008-12-31": 0, "2008-09-30": 0, "2008-06-30": 0, "2008-03-31": "", "2007-12-31": 0, "2007-09-30": 0, "2007-06-30": 0, "2007-03-31": "", "2006-12-31": 0, "2006-09-30": 0, "2006-06-30": 0, "2006-03-31": "", "2005-12-31": 0, "2005-09-30": 0, "2005-06-30": 0, "2005-03-31": ""}, "Change In Accounts Payable": {"2020-09-30": 0, "2020-06-30": 0, "2020-03-31": "", "2019-12-31": 0, "2019-09-30": 0, "2019-06-30": 0, "2019-03-31": "", "2018-12-31": 0, "2018-09-30": 0, "2018-06-30": 0, "2018-03-31": "", "2017-12-31": 0, "2017-09-30": 0, "2017-06-30": 0, "2017-03-31": "", "2016-12-31": 0, "2016-09-30": 0, "2016-06-30": 0, "2016-03-31": "", "2015-12-31": 0, "2015-09-30": 0, "2015-06-30": 0, "2015-03-31": "", "2014-12-31": 0, "2014-09-30": 0, "2014-06-30": 0, "2014-03-31": "", "2013-12-31": 0, "2013-09-30": 0, "2013-06-30": 0, "2013-03-31": "", "2012-12-31": 0, "2012-09-30": 0, "2012-06-30": 0, "2012-03-31": "", "2011-12-31": 0, "2011-09-30": 0, "2011-06-30": 0, "2011-03-31": "", "2010-12-31": 0, "2010-09-30": 0, "2010-06-30": 0, "2010-03-31": "", "2009-12-31": 135.228, "2009-09-30": 0, "2009-06-30": 0, "2009-03-31": "", "2008-12-31": 0, "2008-09-30": 0, "2008-06-30": 0, "2008-03-31": "", "2007-12-31": 0, "2007-09-30": 0, "2007-06-30": 0, "2007-03-31": "", "2006-12-31": 0, "2006-09-30": 0, "2006-06-30": 0, "2006-03-31": "", "2005-12-31": 0, "2005-09-30": 0, "2005-06-30": 0, "2005-03-31": ""}, "Change In Assets/Liabilities": {"2020-09-30": 52.94, "2020-06-30": 112.334, "2020-03-31": "-227.50400", "2019-12-31": 189.366, "2019-09-30": -97.88, "2019-06-30": 558.109, "2019-03-31": "-16.56600", "2018-12-31": 77.735, "2018-09-30": 88.895, "2018-06-30": -243.311, "2018-03-31": "-151.05100", "2017-12-31": -60.867, "2017-09-30": -79.813, "2017-06-30": 83.849, "2017-03-31": "82.77900", "2016-12-31": 192.931, "2016-09-30": 284.121, "2016-06-30": -215.61, "2016-03-31": "-126.04900", "2015-12-31": 125.615, "2015-09-30": 290.238, "2015-06-30": -59.182, "2015-03-31": "-52.77500", "2014-12-31": -34.754, "2014-09-30": -335.322, "2014-06-30": 37.671, "2014-03-31": "-76.45600", "2013-12-31": -171.779, "2013-09-30": 250.599, "2013-06-30": -25.95, "2013-03-31": "-314.46600", "2012-12-31": -9.132, "2012-09-30": 254.083, "2012-06-30": -153.456, "2012-03-31": "-287.00500", "2011-12-31": 35.024, "2011-09-30": 121.239, "2011-06-30": -200.248, "2011-03-31": "105.57800", "2010-12-31": 113.949, "2010-09-30": 438.108, "2010-06-30": -238.984, "2010-03-31": "-486.08000", "2009-12-31": -44.712, "2009-09-30": -51.442, "2009-06-30": 84.201, "2009-03-31": "-178.38800", "2008-12-31": -34.634, "2008-09-30": -22.738, "2008-06-30": 292.525, "2008-03-31": "38.23900", "2007-12-31": 90.467, "2007-09-30": 40.959, "2007-06-30": 107.559, "2007-03-31": "78.37900", "2006-12-31": -76.506, "2006-09-30": 406.275, "2006-06-30": -158.534, "2006-03-31": "-228.32700", "2005-12-31": -224.379, "2005-09-30": 348.995, "2005-06-30": 126.87, "2005-03-31": "-13.82000"}, "Total Change In Assets/Liabilities": {"2020-09-30": 52.94, "2020-06-30": 112.334, "2020-03-31": "-227.50400", "2019-12-31": 189.366, "2019-09-30": -97.88, "2019-06-30": 558.109, "2019-03-31": "-16.56600", "2018-12-31": 77.735, "2018-09-30": 88.895, "2018-06-30": -243.311, "2018-03-31": "-151.05100", "2017-12-31": -60.867, "2017-09-30": -79.813, "2017-06-30": 83.849, "2017-03-31": "82.77900", "2016-12-31": 192.931, "2016-09-30": 284.121, "2016-06-30": -215.61, "2016-03-31": "-126.04900", "2015-12-31": 125.615, "2015-09-30": 290.238, "2015-06-30": -59.182, "2015-03-31": "-52.77500", "2014-12-31": -34.754, "2014-09-30": -335.322, "2014-06-30": 37.671, "2014-03-31": "-76.45600", "2013-12-31": -171.779, "2013-09-30": 250.599, "2013-06-30": -25.95, "2013-03-31": "-314.46600", "2012-12-31": -9.132, "2012-09-30": 254.083, "2012-06-30": -153.456, "2012-03-31": "-287.00500", "2011-12-31": 35.024, "2011-09-30": 121.239, "2011-06-30": -200.248, "2011-03-31": "105.57800", "2010-12-31": 113.949, "2010-09-30": 438.108, "2010-06-30": -238.984, "2010-03-31": "-486.08000", "2009-12-31": 1.697, "2009-09-30": -51.442, "2009-06-30": 84.201, "2009-03-31": "-178.38800", "2008-12-31": -34.634, "2008-09-30": -22.738, "2008-06-30": 292.525, "2008-03-31": "38.23900", "2007-12-31": 90.467, "2007-09-30": 40.959, "2007-06-30": 107.559, "2007-03-31": "78.37900", "2006-12-31": -76.506, "2006-09-30": 406.275, "2006-06-30": -158.534, "2006-03-31": "-228.32700", "2005-12-31": -224.379, "2005-09-30": 348.995, "2005-06-30": 126.87, "2005-03-31": "-13.82000"}, "Cash Flow From Operating Activities": {"2020-09-30": 80.152, "2020-06-30": 127.831, "2020-03-31": "-63.74300", "2019-12-31": 152.12, "2019-09-30": -24.537, "2019-06-30": 108.911, "2019-03-31": "-17.47600", "2018-12-31": 173.449, "2018-09-30": 121.315, "2018-06-30": 3.402, "2018-03-31": "-136.00200", "2017-12-31": 51.334, "2017-09-30": 122.711, "2017-06-30": 157.691, "2017-03-31": "270.23500", "2016-12-31": 253.435, "2016-09-30": 361.94, "2016-06-30": -24.111, "2016-03-31": "114.65500", "2015-12-31": 278.709, "2015-09-30": 366.234, "2015-06-30": 164.907, "2015-03-31": "39.28200", "2014-12-31": 235.225, "2014-09-30": -18.38, "2014-06-30": 239.015, "2014-03-31": "186.71400", "2013-12-31": 86.363, "2013-09-30": 467.011, "2013-06-30": 257.256, "2013-03-31": "-21.72400", "2012-12-31": 93.469, "2012-09-30": 428.639, "2012-06-30": 128.741, "2012-03-31": "-47.07800", "2011-12-31": 178.59, "2011-09-30": 283.269, "2011-06-30": 57.377, "2011-03-31": "370.53300", "2010-12-31": 340.498, "2010-09-30": 437.8, "2010-06-30": 18.683, "2010-03-31": "-246.06700", "2009-12-31": 359.465, "2009-09-30": 160.743, "2009-06-30": 308.719, "2009-03-31": "76.08500", "2008-12-31": 117.692, "2008-09-30": 183.602, "2008-06-30": 476.531, "2008-03-31": "213.76900", "2007-12-31": 272.549, "2007-09-30": 133.336, "2007-06-30": 347.945, "2007-03-31": "167.76200", "2006-12-31": 110.106, "2006-09-30": 429.943, "2006-06-30": -85.589, "2006-03-31": "-158.29900", "2005-12-31": -250.84, "2005-09-30": 482.675, "2005-06-30": 139.905, "2005-03-31": "36.93500"}, "Net Change In Property, Plant, And Equipment": {"2020-09-30": 13.137, "2020-06-30": -42.33, "2020-03-31": "-16.62900", "2019-12-31": -31.238, "2019-09-30": 17.213, "2019-06-30": -63.388, "2019-03-31": "-37.45200", "2018-12-31": -42.152, "2018-09-30": -17.442, "2018-06-30": -21.778, "2018-03-31": "-48.58800", "2017-12-31": -26.527, "2017-09-30": -46.833, "2017-06-30": -61.413, "2017-03-31": "-52.23200", "2016-12-31": -50.001, "2016-09-30": -36.443, "2016-06-30": -45.603, "2016-03-31": "-22.69500", "2015-12-31": 46.86, "2015-09-30": -32.078, "2015-06-30": -34.619, "2015-03-31": "-43.97800", "2014-12-31": -68.739, "2014-09-30": -48.282, "2014-06-30": -59.74, "2014-03-31": "-42.07100", "2013-12-31": -77.137, "2013-09-30": -48.006, "2013-06-30": -48.112, "2013-03-31": "-41.20400", "2012-12-31": -29.115, "2012-09-30": -53.44, "2012-06-30": -52.742, "2012-03-31": "-17.07100", "2011-12-31": -101.646, "2011-09-30": -64.515, "2011-06-30": -75.505, "2011-03-31": "-42.74900", "2010-12-31": -39.55, "2010-09-30": -65.541, "2010-06-30": -68.207, "2010-03-31": "-38.42000", "2009-12-31": -45.417, "2009-09-30": -46.723, "2009-06-30": -60.423, "2009-03-31": "-42.98200", "2008-12-31": -77.377, "2008-09-30": -66.915, "2008-06-30": -58.655, "2008-03-31": "-48.16900", "2007-12-31": -67.354, "2007-09-30": -64.164, "2007-06-30": -54.974, "2007-03-31": "-37.35200", "2006-12-31": -75.458, "2006-09-30": -64.725, "2006-06-30": -45.173, "2006-03-31": "-49.37300", "2005-12-31": -60.219, "2005-09-30": -24.69, "2005-06-30": -30.677, "2005-03-31": "-27.84100"}, "Net Change In Intangible Assets": {"2020-09-30": 0, "2020-06-30": 0, "2020-03-31": "", "2019-12-31": 0, "2019-09-30": 0, "2019-06-30": 0, "2019-03-31": "", "2018-12-31": 0, "2018-09-30": 0, "2018-06-30": 0, "2018-03-31": "", "2017-12-31": 0, "2017-09-30": 0, "2017-06-30": 0, "2017-03-31": "", "2016-12-31": 0, "2016-09-30": 0, "2016-06-30": 0, "2016-03-31": "", "2015-12-31": 0, "2015-09-30": 0, "2015-06-30": 0, "2015-03-31": "", "2014-12-31": 0, "2014-09-30": 0, "2014-06-30": 0, "2014-03-31": "", "2013-12-31": 0, "2013-09-30": 0, "2013-06-30": 0, "2013-03-31": "", "2012-12-31": 0, "2012-09-30": 0, "2012-06-30": 0, "2012-03-31": "", "2011-12-31": 0, "2011-09-30": 0, "2011-06-30": 0, "2011-03-31": "", "2010-12-31": 0, "2010-09-30": 0, "2010-06-30": 0, "2010-03-31": "", "2009-12-31": 0, "2009-09-30": 0, "2009-06-30": 0, "2009-03-31": "", "2008-12-31": 0, "2008-09-30": 0, "2008-06-30": 0, "2008-03-31": "", "2007-12-31": 0, "2007-09-30": 0, "2007-06-30": 0, "2007-03-31": "", "2006-12-31": 0, "2006-09-30": 0, "2006-06-30": 0, "2006-03-31": "", "2005-12-31": 0, "2005-09-30": 0, "2005-06-30": 0, "2005-03-31": ""}, "Net Acquisitions/Divestitures": {"2020-09-30": 19.885, "2020-06-30": 0, "2020-03-31": "", "2019-12-31": 0, "2019-09-30": 0, "2019-06-30": 0, "2019-03-31": "", "2018-12-31": 0, "2018-09-30": 0, "2018-06-30": 0, "2018-03-31": "", "2017-12-31": 0, "2017-09-30": 0, "2017-06-30": 0, "2017-03-31": "", "2016-12-31": 0, "2016-09-30": 0, "2016-06-30": 0.014, "2016-03-31": "-240.75400", "2015-12-31": 0, "2015-09-30": 45.566, "2015-06-30": 0, "2015-03-31": "", "2014-12-31": 0, "2014-09-30": 0, "2014-06-30": 0, "2014-03-31": "", "2013-12-31": -15.401, "2013-09-30": 0, "2013-06-30": 0, "2013-03-31": "-7.67400", "2012-12-31": 0, "2012-09-30": -19.337, "2012-06-30": 0, "2012-03-31": "", "2011-12-31": -12.026, "2011-09-30": -15.3, "2011-06-30": 0, "2011-03-31": "", "2010-12-31": 0, "2010-09-30": 0, "2010-06-30": 0, "2010-03-31": "", "2009-12-31": 0, "2009-09-30": 0, "2009-06-30": 0, "2009-03-31": "", "2008-12-31": -12.496, "2008-09-30": 0, "2008-06-30": 0, "2008-03-31": "", "2007-12-31": 0, "2007-09-30": 0, "2007-06-30": 0, "2007-03-31": "", "2006-12-31": 0, "2006-09-30": 0, "2006-06-30": 0, "2006-03-31": "", "2005-12-31": 0, "2005-09-30": 0, "2005-06-30": 0, "2005-03-31": ""}, "Net Change In Short-term Investments": {"2020-09-30": -4.75, "2020-06-30": -6.306, "2020-03-31": "0.80600", "2019-12-31": 40.616, "2019-09-30": 25.203, "2019-06-30": 25.436, "2019-03-31": "116.11900", "2018-12-31": 28.207, "2018-09-30": -142.043, "2018-06-30": 40.511, "2018-03-31": "130.91600", "2017-12-31": 33.027, "2017-09-30": 16.464, "2017-06-30": -111.794, "2017-03-31": "41.37900", "2016-12-31": 25.633, "2016-09-30": 6.873, "2016-06-30": 30.903, "2016-03-31": "98.69900", "2015-12-31": 64.092, "2015-09-30": -76.9, "2015-06-30": -9.4, "2015-03-31": "47.56700", "2014-12-31": 51.291, "2014-09-30": -9.648, "2014-06-30": 12.868, "2014-03-31": "-45.62100", "2013-12-31": -22.392, "2013-09-30": 51.028, "2013-06-30": -13.825, "2013-03-31": "-25.06800", "2012-12-31": 232.093, "2012-09-30": 63.536, "2012-06-30": -19.166, "2012-03-31": "-133.17500", "2011-12-31": -228.604, "2011-09-30": 166.728, "2011-06-30": -78.927, "2011-03-31": "7.42500", "2010-12-31": 22.451, "2010-09-30": 147.944, "2010-06-30": -15.063, "2010-03-31": "282.20500", "2009-12-31": 91.7871, "2009-09-30": 119.308, "2009-06-30": -534.853, "2009-03-31": "-299.57100", "2008-12-31": 409.18, "2008-09-30": 145.019, "2008-06-30": -124.096, "2008-03-31": "-218.84800", "2007-12-31": -142.544, "2007-09-30": -162.398, "2007-06-30": -234.3, "2007-03-31": "", "2006-12-31": 0, "2006-09-30": 0, "2006-06-30": 0, "2006-03-31": "", "2005-12-31": 0, "2005-09-30": 0, "2005-06-30": 0, "2005-03-31": ""}, "Net Change In Long-Term Investments": {"2020-09-30": -1.23, "2020-06-30": -18.051, "2020-03-31": "-5.97100", "2019-12-31": -17.803, "2019-09-30": -7.446, "2019-06-30": -15.055, "2019-03-31": "-12.00100", "2018-12-31": 85.596, "2018-09-30": -17.109, "2018-06-30": -1.116, "2018-03-31": "-15.57400", "2017-12-31": -31.54, "2017-09-30": -50.453, "2017-06-30": -105.098, "2017-03-31": "-86.02600", "2016-12-31": -0.211, "2016-09-30": -117.358, "2016-06-30": 1.783, "2016-03-31": "-402.43400", "2015-12-31": -10.192, "2015-09-30": -33.428, "2015-06-30": -25.921, "2015-03-31": "-21.53700", "2014-12-31": -48.502, "2014-09-30": -16.186, "2014-06-30": 30.979, "2014-03-31": "-4.97800", "2013-12-31": 10.483, "2013-09-30": -4.712, "2013-06-30": -22.409, "2013-03-31": "-7.41400", "2012-12-31": -18.754, "2012-09-30": -8.825, "2012-06-30": -2.814, "2012-03-31": "-0.38900", "2011-12-31": -0.527, "2011-09-30": -3.401, "2011-06-30": -2.335, "2011-03-31": "-1.82600", "2010-12-31": -1.8, "2010-09-30": -3.181, "2010-06-30": -2.271, "2010-03-31": "-2.78300", "2009-12-31": -0.091, "2009-09-30": -0.551, "2009-06-30": -0.585, "2009-03-31": "-0.45400", "2008-12-31": -0.078, "2008-09-30": -0.087, "2008-06-30": 77.807, "2008-03-31": "-0.72100", "2007-12-31": -9.224, "2007-09-30": 0, "2007-06-30": 0, "2007-03-31": "-0.05700", "2006-12-31": -0.057, "2006-09-30": -0.314, "2006-06-30": 0, "2006-03-31": "", "2005-12-31": 0.389, "2005-09-30": 0, "2005-06-30": -13.604, "2005-03-31": ""}, "Net Change In Investments - Total": {"2020-09-30": -5.98, "2020-06-30": -24.357, "2020-03-31": "-5.16500", "2019-12-31": 22.813, "2019-09-30": 17.757, "2019-06-30": 10.381, "2019-03-31": "104.11800", "2018-12-31": 113.803, "2018-09-30": -159.152, "2018-06-30": 39.395, "2018-03-31": "115.34200", "2017-12-31": 1.487, "2017-09-30": -33.989, "2017-06-30": -216.892, "2017-03-31": "-44.64700", "2016-12-31": 25.422, "2016-09-30": -110.485, "2016-06-30": 32.686, "2016-03-31": "-303.73500", "2015-12-31": 53.9, "2015-09-30": -110.328, "2015-06-30": -35.321, "2015-03-31": "26.03000", "2014-12-31": 2.789, "2014-09-30": -25.834, "2014-06-30": 43.847, "2014-03-31": "-50.59900", "2013-12-31": -11.909, "2013-09-30": 46.316, "2013-06-30": -36.234, "2013-03-31": "-32.48200", "2012-12-31": 213.339, "2012-09-30": 54.711, "2012-06-30": -21.98, "2012-03-31": "-133.56400", "2011-12-31": -229.131, "2011-09-30": 163.327, "2011-06-30": -81.262, "2011-03-31": "5.59900", "2010-12-31": 20.651, "2010-09-30": 144.763, "2010-06-30": -17.334, "2010-03-31": "279.42200", "2009-12-31": 91.6961, "2009-09-30": 118.757, "2009-06-30": -535.438, "2009-03-31": "-300.02500", "2008-12-31": 409.102, "2008-09-30": 144.932, "2008-06-30": -46.289, "2008-03-31": "-219.56900", "2007-12-31": -151.768, "2007-09-30": -162.398, "2007-06-30": -234.3, "2007-03-31": "-0.05700", "2006-12-31": -0.057, "2006-09-30": -0.314, "2006-06-30": 0, "2006-03-31": "", "2005-12-31": 0.389, "2005-09-30": 0, "2005-06-30": -13.604, "2005-03-31": ""}, "Investing Activities - Other": {"2020-09-30": -24.192, "2020-06-30": 28.826, "2020-03-31": "0.05600", "2019-12-31": 14.219, "2019-09-30": -4.294, "2019-06-30": 29.253, "2019-03-31": "1.09000", "2018-12-31": 1.472, "2018-09-30": 20.866, "2018-06-30": -0.511, "2018-03-31": "0.12800", "2017-12-31": -3.226, "2017-09-30": -2.558, "2017-06-30": 1.941, "2017-03-31": "0.61100", "2016-12-31": 0.006, "2016-09-30": 3.195, "2016-06-30": -0.194, "2016-03-31": "7.23600", "2015-12-31": 2.982, "2015-09-30": 13.568, "2015-06-30": 1.108, "2015-03-31": "-0.19700", "2014-12-31": 47.555, "2014-09-30": 0, "2014-06-30": 3.029, "2014-03-31": "-1.07000", "2013-12-31": 3.57, "2013-09-30": 6.425, "2013-06-30": -1.783, "2013-03-31": "29.02100", "2012-12-31": 53.156, "2012-09-30": -3.204, "2012-06-30": -2.918, "2012-03-31": "-1.57500", "2011-12-31": 11.041, "2011-09-30": 3.38, "2011-06-30": -1.399, "2011-03-31": "3.76200", "2010-12-31": 5.222, "2010-09-30": 1.06, "2010-06-30": 1.321, "2010-03-31": "-4.95700", "2009-12-31": -0.365, "2009-09-30": 0.85, "2009-06-30": -0.558, "2009-03-31": "2.56900", "2008-12-31": -1.251, "2008-09-30": 0.468, "2008-06-30": 0.429, "2008-03-31": "-1.67700", "2007-12-31": -18.518, "2007-09-30": -1.751, "2007-06-30": 0.265, "2007-03-31": "-1.06100", "2006-12-31": -0.865, "2006-09-30": -0.206, "2006-06-30": 0.13, "2006-03-31": "-1.77600", "2005-12-31": -0.535, "2005-09-30": -0.344, "2005-06-30": 2.066, "2005-03-31": "-3.67700"}, "Cash Flow From Investing Activities": {"2020-09-30": 2.85, "2020-06-30": -37.861, "2020-03-31": "-21.73800", "2019-12-31": 5.794, "2019-09-30": 30.676, "2019-06-30": -23.754, "2019-03-31": "67.75600", "2018-12-31": 73.123, "2018-09-30": -155.728, "2018-06-30": 17.106, "2018-03-31": "66.88200", "2017-12-31": -28.266, "2017-09-30": -83.38, "2017-06-30": -276.364, "2017-03-31": "-96.26800", "2016-12-31": -24.573, "2016-09-30": -143.733, "2016-06-30": -13.097, "2016-03-31": "-559.94800", "2015-12-31": 103.742, "2015-09-30": -83.272, "2015-06-30": -68.832, "2015-03-31": "-18.14500", "2014-12-31": -18.395, "2014-09-30": -74.116, "2014-06-30": -12.864, "2014-03-31": "-93.74000", "2013-12-31": -100.877, "2013-09-30": 4.735, "2013-06-30": -86.129, "2013-03-31": "-52.33900", "2012-12-31": 237.38, "2012-09-30": -21.27, "2012-06-30": -77.64, "2012-03-31": "-152.21000", "2011-12-31": -331.762, "2011-09-30": 86.892, "2011-06-30": -158.166, "2011-03-31": "-33.38800", "2010-12-31": -13.677, "2010-09-30": 80.282, "2010-06-30": -84.22, "2010-03-31": "236.04500", "2009-12-31": 45.914, "2009-09-30": 72.884, "2009-06-30": -596.419, "2009-03-31": "-340.43800", "2008-12-31": 317.978, "2008-09-30": 78.485, "2008-06-30": -104.515, "2008-03-31": "-269.41500", "2007-12-31": -237.64, "2007-09-30": -228.313, "2007-06-30": -289.009, "2007-03-31": "-38.47000", "2006-12-31": -76.38, "2006-09-30": -65.245, "2006-06-30": -45.043, "2006-03-31": "-51.14900", "2005-12-31": -60.365, "2005-09-30": -25.034, "2005-06-30": -42.215, "2005-03-31": "-31.51800"}, "Net Long-Term Debt": {"2020-09-30": 0, "2020-06-30": 0, "2020-03-31": "", "2019-12-31": 0, "2019-09-30": 0, "2019-06-30": 0, "2019-03-31": "", "2018-12-31": 0, "2018-09-30": 45.792, "2018-06-30": 49.645, "2018-03-31": "", "2017-12-31": 0, "2017-09-30": 0, "2017-06-30": 0, "2017-03-31": "-53.45500", "2016-12-31": -34.5381, "2016-09-30": -32.0399, "2016-06-30": -97.824, "2016-03-31": "-533.32100", "2015-12-31": 0, "2015-09-30": 0, "2015-06-30": -28.425, "2015-03-31": "", "2014-12-31": 494.595, "2014-09-30": -0.001, "2014-06-30": -0.073, "2014-03-31": "", "2013-12-31": 0, "2013-09-30": -0.071, "2013-06-30": -0.003, "2013-03-31": "-26.36100", "2012-12-31": -6.611, "2012-09-30": -0.6, "2012-06-30": -0.002, "2012-03-31": "-0.30100", "2011-12-31": -4.195, "2011-09-30": 493.752, "2011-06-30": -39.691, "2011-03-31": "-31.50500", "2010-12-31": -2.53, "2010-09-30": -0.42, "2010-06-30": -32.23, "2010-03-31": "-10.08000", "2009-12-31": -8.788, "2009-09-30": -3.136, "2009-06-30": -2.101, "2009-03-31": "-9.76400", "2008-12-31": -6.551, "2008-09-30": -161.988, "2008-06-30": -5.105, "2008-03-31": "", "2007-12-31": -101.066, "2007-09-30": 27.139, "2007-06-30": 22.919, "2007-03-31": "28.23100", "2006-12-31": -76.05, "2006-09-30": 43.689, "2006-06-30": 18.067, "2006-03-31": "14.29400", "2005-12-31": 0, "2005-09-30": 0, "2005-06-30": 0, "2005-03-31": ""}, "Net Current Debt": {"2020-09-30": 0, "2020-06-30": 0, "2020-03-31": "", "2019-12-31": 0, "2019-09-30": 0, "2019-06-30": 0, "2019-03-31": "", "2018-12-31": -4.555, "2018-09-30": 4.555, "2018-06-30": 0, "2018-03-31": "", "2017-12-31": 0, "2017-09-30": 0, "2017-06-30": 0, "2017-03-31": "", "2016-12-31": -1.146, "2016-09-30": -0.462, "2016-06-30": 123.75, "2016-03-31": "760.00000", "2015-12-31": 0, "2015-09-30": 0, "2015-06-30": 0, "2015-03-31": "", "2014-12-31": 0, "2014-09-30": 0, "2014-06-30": 0, "2014-03-31": "", "2013-12-31": 0, "2013-09-30": 0, "2013-06-30": 0, "2013-03-31": "", "2012-12-31": 0, "2012-09-30": 0, "2012-06-30": 0, "2012-03-31": "", "2011-12-31": 0, "2011-09-30": 0, "2011-06-30": 0, "2011-03-31": "", "2010-12-31": 0, "2010-09-30": 0, "2010-06-30": 0, "2010-03-31": "", "2009-12-31": 0, "2009-09-30": 0, "2009-06-30": 0, "2009-03-31": "", "2008-12-31": 0, "2008-09-30": 0, "2008-06-30": 0, "2008-03-31": "", "2007-12-31": 0, "2007-09-30": 0, "2007-06-30": 0, "2007-03-31": "", "2006-12-31": 0, "2006-09-30": -99.969, "2006-06-30": 54.882, "2006-03-31": "45.08700", "2005-12-31": 0, "2005-09-30": -99.91, "2005-06-30": -19.995, "2005-03-31": "-10.03500"}, "Debt Issuance/Retirement Net - Total": {"2020-09-30": 0, "2020-06-30": 0, "2020-03-31": "", "2019-12-31": 0, "2019-09-30": 0, "2019-06-30": 0, "2019-03-31": "", "2018-12-31": -4.555, "2018-09-30": 50.347, "2018-06-30": 49.645, "2018-03-31": "", "2017-12-31": 0, "2017-09-30": 0, "2017-06-30": 0, "2017-03-31": "-53.45500", "2016-12-31": -35.6841, "2016-09-30": -32.5019, "2016-06-30": 25.926, "2016-03-31": "226.67900", "2015-12-31": 0, "2015-09-30": 0, "2015-06-30": -28.425, "2015-03-31": "", "2014-12-31": 494.595, "2014-09-30": -0.001, "2014-06-30": -0.073, "2014-03-31": "", "2013-12-31": 0, "2013-09-30": -0.071, "2013-06-30": -0.003, "2013-03-31": "-26.36100", "2012-12-31": -6.611, "2012-09-30": -0.6, "2012-06-30": -0.002, "2012-03-31": "-0.30100", "2011-12-31": -4.195, "2011-09-30": 493.752, "2011-06-30": -39.691, "2011-03-31": "-31.50500", "2010-12-31": -2.53, "2010-09-30": -0.42, "2010-06-30": -32.23, "2010-03-31": "-10.08000", "2009-12-31": -8.788, "2009-09-30": -3.136, "2009-06-30": -2.101, "2009-03-31": "-9.76400", "2008-12-31": -6.551, "2008-09-30": -161.988, "2008-06-30": -5.105, "2008-03-31": "", "2007-12-31": -101.066, "2007-09-30": 27.139, "2007-06-30": 22.919, "2007-03-31": "28.23100", "2006-12-31": -76.05, "2006-09-30": -56.28, "2006-06-30": 72.949, "2006-03-31": "59.38100", "2005-12-31": 0, "2005-09-30": -99.91, "2005-06-30": -19.995, "2005-03-31": "-10.03500"}, "Net Common Equity Issued/Repurchased": {"2020-09-30": 0, "2020-06-30": 0, "2020-03-31": "", "2019-12-31": 0, "2019-09-30": 1.466, "2019-06-30": -1.466, "2019-03-31": "1.46600", "2018-12-31": -74.383, "2018-09-30": 26.236, "2018-06-30": 1.364, "2018-03-31": "4.01900", "2017-12-31": 0.577, "2017-09-30": 0.507, "2017-06-30": 2.509, "2017-03-31": "5.78700", "2016-12-31": 0.343, "2016-09-30": 0.171, "2016-06-30": 0.463, "2016-03-31": "-7.03700", "2015-12-31": -149.48, "2015-09-30": -145.307, "2015-06-30": -102.356, "2015-03-31": "-110.73500", "2014-12-31": -495.218, "2014-09-30": -78.554, "2014-06-30": -129.891, "2014-03-31": "-178.23100", "2013-12-31": -168.827, "2013-09-30": 9.711, "2013-06-30": 6.095, "2013-03-31": "5.80700", "2012-12-31": -223.609, "2012-09-30": -26.834, "2012-06-30": -104.718, "2012-03-31": "-22.48000", "2011-12-31": -39.5981, "2011-09-30": -241.236, "2011-06-30": -107.941, "2011-03-31": "-225.37100", "2010-12-31": -146.254, "2010-09-30": 0.676, "2010-06-30": 1.104, "2010-03-31": "-16.54400", "2009-12-31": -11.227, "2009-09-30": -50.981, "2009-06-30": -0.989, "2009-03-31": "-59.55100", "2008-12-31": 0.291, "2008-09-30": 0.509, "2008-06-30": 9.558, "2008-03-31": "2.64500", "2007-12-31": 1.287, "2007-09-30": 4.583, "2007-06-30": 5.201, "2007-03-31": "1.17900", "2006-12-31": 0.044, "2006-09-30": 17.272, "2006-06-30": 2.546, "2006-03-31": "11.90800", "2005-12-31": 10.352, "2005-09-30": 5.567, "2005-06-30": 3.63, "2005-03-31": "72.82100"}, "Net Total Equity Issued/Repurchased": {"2020-09-30": 0, "2020-06-30": 0, "2020-03-31": "", "2019-12-31": 0, "2019-09-30": 1.466, "2019-06-30": -1.466, "2019-03-31": "1.46600", "2018-12-31": -74.383, "2018-09-30": 26.236, "2018-06-30": 1.364, "2018-03-31": "4.01900", "2017-12-31": 0.577, "2017-09-30": 0.507, "2017-06-30": 2.509, "2017-03-31": "5.78700", "2016-12-31": 0.343, "2016-09-30": 0.171, "2016-06-30": 0.463, "2016-03-31": "-7.03700", "2015-12-31": -149.48, "2015-09-30": -145.307, "2015-06-30": -102.356, "2015-03-31": "-110.73500", "2014-12-31": -495.218, "2014-09-30": -78.554, "2014-06-30": -129.891, "2014-03-31": "-178.23100", "2013-12-31": -168.827, "2013-09-30": 9.711, "2013-06-30": 6.095, "2013-03-31": "5.80700", "2012-12-31": -223.609, "2012-09-30": -26.834, "2012-06-30": -104.718, "2012-03-31": "-22.48000", "2011-12-31": -39.5981, "2011-09-30": -241.236, "2011-06-30": -107.941, "2011-03-31": "-225.37100", "2010-12-31": -146.254, "2010-09-30": 0.676, "2010-06-30": 1.104, "2010-03-31": "-16.54400", "2009-12-31": -11.227, "2009-09-30": -50.981, "2009-06-30": -0.989, "2009-03-31": "-59.55100", "2008-12-31": 0.291, "2008-09-30": 0.509, "2008-06-30": 9.558, "2008-03-31": "2.64500", "2007-12-31": 1.287, "2007-09-30": 4.583, "2007-06-30": 5.201, "2007-03-31": "1.17900", "2006-12-31": 0.044, "2006-09-30": 17.272, "2006-06-30": 2.546, "2006-03-31": "11.90800", "2005-12-31": 10.352, "2005-09-30": 5.567, "2005-06-30": 3.63, "2005-03-31": "72.82100"}, "Total Common And Preferred Stock Dividends Paid": {"2020-09-30": -8.457, "2020-06-30": -22.1, "2020-03-31": "-17.45100", "2019-12-31": -36.916, "2019-09-30": -39.935, "2019-06-30": -34.739, "2019-03-31": "-40.15700", "2018-12-31": -58.376, "2018-09-30": -31.988, "2018-06-30": -38.425, "2018-03-31": "-53.46800", "2017-12-31": -52.745, "2017-09-30": -32.008, "2017-06-30": -38.21, "2017-03-31": "-42.24700", "2016-12-31": -61.245, "2016-09-30": -30.994, "2016-06-30": -40.89, "2016-03-31": "-42.77000", "2015-12-31": -45.06, "2015-09-30": -33.833, "2015-06-30": -69.426, "2015-03-31": "-35.87100", "2014-12-31": -95.774, "2014-09-30": -64.52, "2014-06-30": -62.101, "2014-03-31": "-41.86400", "2013-12-31": -71.563, "2013-09-30": -59.991, "2013-06-30": -54.073, "2013-03-31": "-17.94200", "2012-12-31": -91.71, "2012-09-30": -48.818, "2012-06-30": -47.59, "2012-03-31": "-41.15500", "2011-12-31": -52.716, "2011-09-30": -54.165, "2011-06-30": -34.496, "2011-03-31": "-49.96000", "2010-12-31": -50.611, "2010-09-30": -44.786, "2010-06-30": -38.55, "2010-03-31": "-39.80200", "2009-12-31": -55.534, "2009-09-30": -51.169, "2009-06-30": -30.307, "2009-03-31": "-29.40900", "2008-12-31": -27.557, "2008-09-30": -32.711, "2008-06-30": -30.065, "2008-03-31": "-23.11000", "2007-12-31": -34.286, "2007-09-30": -17.675, "2007-06-30": 0, "2007-03-31": "-34.98800", "2006-12-31": -17.609, "2006-09-30": -17.406, "2006-06-30": -17.848, "2006-03-31": "", "2005-12-31": -27.188, "2005-09-30": -13.888, "2005-06-30": -13.865, "2005-03-31": "-13.72400"}, "Financial Activities - Other": {"2020-09-30": 36.628, "2020-06-30": 17.26, "2020-03-31": "40.07900", "2019-12-31": 46.757, "2019-09-30": 9.138, "2019-06-30": 8.216, "2019-03-31": "8.87100", "2018-12-31": 5.197, "2018-09-30": -12.521, "2018-06-30": 4.947, "2018-03-31": "-8.53000", "2017-12-31": -3.152, "2017-09-30": -5.53, "2017-06-30": -9.961, "2017-03-31": "12.42600", "2016-12-31": -11.573, "2016-09-30": -7.307, "2016-06-30": 12.121, "2016-03-31": "-6.05100", "2015-12-31": 0.519, "2015-09-30": 1.337, "2015-06-30": -2.229, "2015-03-31": "-7.36400", "2014-12-31": -7.745, "2014-09-30": 1.925, "2014-06-30": -4.042, "2014-03-31": "-4.92200", "2013-12-31": 6.536, "2013-09-30": 8.142, "2013-06-30": -2.421, "2013-03-31": "-4.60800", "2012-12-31": -5.218, "2012-09-30": 1.495, "2012-06-30": 1.774, "2012-03-31": "-0.24900", "2011-12-31": 0.152, "2011-09-30": -21.964, "2011-06-30": 21.71, "2011-03-31": "-8.60100", "2010-12-31": -1.383, "2010-09-30": 0.966, "2010-06-30": -2.982, "2010-03-31": "-6.44600", "2009-12-31": 0.082, "2009-09-30": -3.095, "2009-06-30": -6.631, "2009-03-31": "-0.39700", "2008-12-31": -15.636, "2008-09-30": -0.174, "2008-06-30": 6.123, "2008-03-31": "13.60300", "2007-12-31": 92.315, "2007-09-30": 12.738, "2007-06-30": 4.365, "2007-03-31": "5.23100", "2006-12-31": 127.663, "2006-09-30": 1.243, "2006-06-30": 2.713, "2006-03-31": "7.85700", "2005-12-31": 75.43, "2005-09-30": -0.553, "2005-06-30": -0.583, "2005-03-31": "-0.15700"}, "Cash Flow From Financial Activities": {"2020-09-30": 28.171, "2020-06-30": -4.84, "2020-03-31": "22.62800", "2019-12-31": 9.841, "2019-09-30": -29.331, "2019-06-30": -27.989, "2019-03-31": "-29.82000", "2018-12-31": -132.117, "2018-09-30": 32.074, "2018-06-30": 17.531, "2018-03-31": "-57.97900", "2017-12-31": -55.32, "2017-09-30": -37.031, "2017-06-30": -45.662, "2017-03-31": "-77.48900", "2016-12-31": -108.159, "2016-09-30": -70.632, "2016-06-30": -2.38, "2016-03-31": "170.82100", "2015-12-31": -194.021, "2015-09-30": -177.803, "2015-06-30": -202.436, "2015-03-31": "-153.97000", "2014-12-31": -104.142, "2014-09-30": -141.15, "2014-06-30": -196.107, "2014-03-31": "-225.01700", "2013-12-31": -233.854, "2013-09-30": -42.209, "2013-06-30": -50.402, "2013-03-31": "-43.10400", "2012-12-31": -327.148, "2012-09-30": -74.757, "2012-06-30": -150.536, "2012-03-31": "-64.18500", "2011-12-31": -96.357, "2011-09-30": 176.387, "2011-06-30": -160.418, "2011-03-31": "-315.43700", "2010-12-31": -200.778, "2010-09-30": -43.564, "2010-06-30": -72.658, "2010-03-31": "-72.87200", "2009-12-31": -75.467, "2009-09-30": -108.381, "2009-06-30": -40.028, "2009-03-31": "-99.12100", "2008-12-31": -49.453, "2008-09-30": -194.364, "2008-06-30": -19.489, "2008-03-31": "-6.86200", "2007-12-31": -41.75, "2007-09-30": 26.785, "2007-06-30": 32.485, "2007-03-31": "-0.34700", "2006-12-31": 34.048, "2006-09-30": -55.171, "2006-06-30": 60.36, "2006-03-31": "79.14600", "2005-12-31": 58.594, "2005-09-30": -108.784, "2005-06-30": -30.813, "2005-03-31": "48.90500"}, "Net Cash Flow": {"2020-09-30": 124.189, "2020-06-30": 98.719, "2020-03-31": "-126.32500", "2019-12-31": 192.095, "2019-09-30": -52.181, "2019-06-30": 51.508, "2019-03-31": "41.03100", "2018-12-31": 84.95, "2018-09-30": -2.164, "2018-06-30": -3.994, "2018-03-31": "-118.12100", "2017-12-31": -22.954, "2017-09-30": 7.23, "2017-06-30": -147.782, "2017-03-31": "117.14500", "2016-12-31": 70.062, "2016-09-30": 153.32, "2016-06-30": -70.437, "2016-03-31": "-252.39500", "2015-12-31": 168.487, "2015-09-30": 57.639, "2015-06-30": -87.533, "2015-03-31": "-181.83200", "2014-12-31": 92.928, "2014-09-30": -282.612, "2014-06-30": 40.751, "2014-03-31": "-141.52400", "2013-12-31": -253.988, "2013-09-30": 432.494, "2013-06-30": 90.276, "2013-03-31": "-139.74100", "2012-12-31": 3.515, "2012-09-30": 347.457, "2012-06-30": -118.717, "2012-03-31": "-239.12500", "2011-12-31": -224.878, "2011-09-30": 440.324, "2011-06-30": -245.7, "2011-03-31": "56.66800", "2010-12-31": 157.852, "2010-09-30": 540.027, "2010-06-30": -171.871, "2010-03-31": "-78.03900", "2009-12-31": 359.011, "2009-09-30": 146.123, "2009-06-30": -288.432, "2009-03-31": "-363.99800", "2008-12-31": 319.381, "2008-09-30": 29.36, "2008-06-30": 356.31, "2008-03-31": "-45.87100", "2007-12-31": 1.248, "2007-09-30": -45.759, "2007-06-30": 111.396, "2007-03-31": "132.20900", "2006-12-31": 81.003, "2006-09-30": 310.213, "2006-06-30": -69.15, "2006-03-31": "-135.03200", "2005-12-31": -258.296, "2005-09-30": 358.327, "2005-06-30": 45.935, "2005-03-31": "38.53300"}, "Stock-Based Compensation": {"2020-09-30": 0, "2020-06-30": 0, "2020-03-31": "", "2019-12-31": 0, "2019-09-30": 0, "2019-06-30": 0, "2019-03-31": "", "2018-12-31": 0, "2018-09-30": 0, "2018-06-30": 0, "2018-03-31": "", "2017-12-31": 0, "2017-09-30": 0, "2017-06-30": 0, "2017-03-31": "", "2016-12-31": 0, "2016-09-30": 0, "2016-06-30": 0, "2016-03-31": "", "2015-12-31": 0, "2015-09-30": 0, "2015-06-30": 0, "2015-03-31": "", "2014-12-31": 0, "2014-09-30": 0, "2014-06-30": 0, "2014-03-31": "", "2013-12-31": 0, "2013-09-30": 0, "2013-06-30": 0, "2013-03-31": "", "2012-12-31": 0, "2012-09-30": 0, "2012-06-30": 0, "2012-03-31": "", "2011-12-31": 0, "2011-09-30": 0, "2011-06-30": 0, "2011-03-31": "", "2010-12-31": 0, "2010-09-30": 0, "2010-06-30": 0, "2010-03-31": "", "2009-12-31": 0, "2009-09-30": 0, "2009-06-30": 0, "2009-03-31": "", "2008-12-31": 0, "2008-09-30": 0, "2008-06-30": 0, "2008-03-31": "", "2007-12-31": 0, "2007-09-30": 0, "2007-06-30": 0, "2007-03-31": "", "2006-12-31": 0, "2006-09-30": 0, "2006-06-30": 0, "2006-03-31": "", "2005-12-31": 0, "2005-09-30": 0, "2005-06-30": 0, "2005-03-31": ""}, "Common Stock Dividends Paid": {"2020-09-30": -8.457, "2020-06-30": -22.1, "2020-03-31": "-17.45100", "2019-12-31": -36.916, "2019-09-30": -39.935, "2019-06-30": -34.739, "2019-03-31": "-40.15700", "2018-12-31": -58.376, "2018-09-30": -31.988, "2018-06-30": -38.425, "2018-03-31": "-53.46800", "2017-12-31": -52.745, "2017-09-30": -32.008, "2017-06-30": -38.21, "2017-03-31": "-42.24700", "2016-12-31": -61.245, "2016-09-30": -30.994, "2016-06-30": -40.89, "2016-03-31": "-42.77000", "2015-12-31": -45.06, "2015-09-30": -33.833, "2015-06-30": -69.426, "2015-03-31": "-35.87100", "2014-12-31": -95.774, "2014-09-30": -64.52, "2014-06-30": -62.101, "2014-03-31": "-41.86400", "2013-12-31": -71.563, "2013-09-30": -59.991, "2013-06-30": -54.073, "2013-03-31": "-17.94200", "2012-12-31": -91.71, "2012-09-30": -48.818, "2012-06-30": -47.59, "2012-03-31": "-41.15500", "2011-12-31": -52.716, "2011-09-30": -54.165, "2011-06-30": -34.496, "2011-03-31": "-49.96000", "2010-12-31": -50.611, "2010-09-30": -44.786, "2010-06-30": -38.55, "2010-03-31": "-39.80200", "2009-12-31": -55.534, "2009-09-30": -51.169, "2009-06-30": -30.307, "2009-03-31": "-29.40900", "2008-12-31": -27.557, "2008-09-30": -32.711, "2008-06-30": -30.065, "2008-03-31": "-23.11000", "2007-12-31": -34.286, "2007-09-30": -17.675, "2007-06-30": 0, "2007-03-31": "-34.98800", "2006-12-31": -17.609, "2006-09-30": -17.406, "2006-06-30": -17.848, "2006-03-31": "", "2005-12-31": -27.188, "2005-09-30": -13.888, "2005-06-30": -13.865, "2005-03-31": "-13.72400"}}, "financial ratios": {"Current Ratio": {"2019-12-31": "1.40290", "2018-12-31": "1.46770", "2017-12-31": "1.56710", "2016-12-31": "1.47020", "2015-12-31": "1.73930", "2014-12-31": "1.72870", "2013-12-31": "1.76210", "2012-12-31": "1.56780", "2011-12-31": "1.53160", "2010-12-31": "1.57880", "2009-12-31": "1.55150", "2008-12-31": "1.47630", "2007-12-31": "1.41940", "2006-12-31": "1.38120", "2005-12-31": "1.32870"}, "Long-term Debt / Capital": {"2019-12-31": "0.51050", "2018-12-31": "0.35800", "2017-12-31": "0.31310", "2016-12-31": "0.31880", "2015-12-31": "0.24060", "2014-12-31": "0.23520", "2013-12-31": "0.11340", "2012-12-31": "0.13180", "2011-12-31": "0.12920", "2010-12-31": "0.00500", "2009-12-31": "0.00530", "2008-12-31": "0.00650", "2007-12-31": "0.00770", "2006-12-31": "0.09760", "2005-12-31": "0.05340"}, "Debt/Equity Ratio": {"2019-12-31": "1.06720", "2018-12-31": "0.56650", "2017-12-31": "0.46360", "2016-12-31": "0.49350", "2015-12-31": "0.31690", "2014-12-31": "0.31650", "2013-12-31": "0.13570", "2012-12-31": "0.15790", "2011-12-31": "0.15400", "2010-12-31": "0.03240", "2009-12-31": "0.03830", "2008-12-31": "0.05540", "2007-12-31": "0.14290", "2006-12-31": "0.32340", "2005-12-31": "0.25880"}, "Gross Margin": {"2019-12-31": "-2.97870", "2018-12-31": "2.43350", "2017-12-31": "1.87570", "2016-12-31": "4.15160", "2015-12-31": "6.04340", "2014-12-31": "6.49760", "2013-12-31": "4.99130", "2012-12-31": "3.20920", "2011-12-31": "4.91380", "2010-12-31": "3.38260", "2009-12-31": "5.91690", "2008-12-31": "5.57210", "2007-12-31": "4.92380", "2006-12-31": "3.95260", "2005-12-31": "3.31230"}, "Operating Margin": {"2019-12-31": "-8.76060", "2018-12-31": "1.50860", "2017-12-31": "0.63380", "2016-12-31": "3.14790", "2015-12-31": "3.78970", "2014-12-31": "5.64900", "2013-12-31": "4.35090", "2012-12-31": "2.66160", "2011-12-31": "4.21470", "2010-12-31": "2.63310", "2009-12-31": "5.10510", "2008-12-31": "4.89810", "2007-12-31": "3.76300", "2006-12-31": "2.68250", "2005-12-31": "2.22020"}, "EBIT Margin": {"2019-12-31": "-8.76060", "2018-12-31": "1.50860", "2017-12-31": "0.63380", "2016-12-31": "3.14790", "2015-12-31": "3.78970", "2014-12-31": "5.64900", "2013-12-31": "4.35090", "2012-12-31": "2.66160", "2011-12-31": "4.21470", "2010-12-31": "2.63310", "2009-12-31": "5.10510", "2008-12-31": "4.89810", "2007-12-31": "3.76300", "2006-12-31": "2.68250", "2005-12-31": "2.22020"}, "EBITDA Margin": {"2019-12-31": "-7.32100", "2018-12-31": "3.22020", "2017-12-31": "2.42990", "2016-12-31": "4.54520", "2015-12-31": "5.17420", "2014-12-31": "6.76750", "2013-12-31": "5.26500", "2012-12-31": "3.56730", "2011-12-31": "5.23560", "2010-12-31": "3.77180", "2009-12-31": "6.08560", "2008-12-31": "5.81890", "2007-12-31": "4.88830", "2006-12-31": "3.82520", "2005-12-31": "3.15190"}, "Pre-Tax Profit Margin": {"2019-12-31": "-8.89810", "2018-12-31": "1.23910", "2017-12-31": "0.36340", "2016-12-31": "2.87130", "2015-12-31": "4.01100", "2014-12-31": "5.59600", "2013-12-31": "4.30540", "2012-12-31": "2.65980", "2011-12-31": "4.28470", "2010-12-31": "2.68400", "2009-12-31": "5.16950", "2008-12-31": "5.11380", "2007-12-31": "3.95360", "2006-12-31": "2.71330", "2005-12-31": "2.27630"}, "Net Profit Margin": {"2019-12-31": "-10.60890", "2018-12-31": "1.14330", "2017-12-31": "1.03790", "2016-12-31": "1.47820", "2015-12-31": "2.27730", "2014-12-31": "2.37280", "2013-12-31": "2.44120", "2012-12-31": "1.65470", "2011-12-31": "2.53930", "2010-12-31": "1.71470", "2009-12-31": "3.11450", "2008-12-31": "3.20730", "2007-12-31": "3.16310", "2006-12-31": "1.87130", "2005-12-31": "1.72690"}, "Asset Turnover": {"2019-12-31": "1.80100", "2018-12-31": "1.70810", "2017-12-31": "1.58740", "2016-12-31": "2.06550", "2015-12-31": "2.37550", "2014-12-31": "2.62760", "2013-12-31": "3.28590", "2012-12-31": "3.33220", "2011-12-31": "2.82780", "2010-12-31": "2.73800", "2009-12-31": "3.06340", "2008-12-31": "3.47560", "2007-12-31": "2.87970", "2006-12-31": "2.88800", "2005-12-31": "2.87710"}, "Inventory Turnover Ratio": {"2019-12-31": "", "2018-12-31": "", "2017-12-31": "9.96120", "2016-12-31": "11.86910", "2015-12-31": "12.36450", "2014-12-31": "12.68370", "2013-12-31": "14.92770", "2012-12-31": "13.73990", "2011-12-31": "11.42030", "2010-12-31": "13.69510", "2009-12-31": "14.71720", "2008-12-31": "21.48740", "2007-12-31": "16.22710", "2006-12-31": "14.68090", "2005-12-31": "11.45740"}, "Receiveable Turnover": {"2019-12-31": "13.34380", "2018-12-31": "12.26310", "2017-12-31": "9.23820", "2016-12-31": "11.19650", "2015-12-31": "15.05710", "2014-12-31": "14.63040", "2013-12-31": "21.46870", "2012-12-31": "22.19150", "2011-12-31": "18.94730", "2010-12-31": "17.15990", "2009-12-31": "22.23510", "2008-12-31": "18.19220", "2007-12-31": "17.63330", "2006-12-31": "15.56730", "2005-12-31": "15.47990"}, "Days Sales In Receivables": {"2019-12-31": "27.35350", "2018-12-31": "29.76420", "2017-12-31": "39.50990", "2016-12-31": "32.59950", "2015-12-31": "24.24110", "2014-12-31": "24.94810", "2013-12-31": "17.00150", "2012-12-31": "16.44780", "2011-12-31": "19.26400", "2010-12-31": "21.27060", "2009-12-31": "16.41550", "2008-12-31": "20.06360", "2007-12-31": "20.69950", "2006-12-31": "23.44660", "2005-12-31": "23.57900"}, "ROE - Return On Equity": {"2019-12-31": "-108.43320", "2018-12-31": "1.87060", "2017-12-31": "1.07240", "2016-12-31": "10.09760", "2015-12-31": "15.43810", "2014-12-31": "26.43110", "2013-12-31": "21.20750", "2012-12-31": "16.66330", "2011-12-31": "20.17650", "2010-12-31": "12.50010", "2009-12-31": "21.98260", "2008-12-31": "27.50100", "2007-12-31": "24.02890", "2006-12-31": "15.22430", "2005-12-31": "13.93840"}, "Return On Tangible Equity": {"2019-12-31": "-151.51030", "2018-12-31": "2.21780", "2017-12-31": "1.27930", "2016-12-31": "12.08040", "2015-12-31": "16.01230", "2014-12-31": "27.39080", "2013-12-31": "21.85000", "2012-12-31": "17.17100", "2011-12-31": "20.75200", "2010-12-31": "12.81930", "2009-12-31": "22.57890", "2008-12-31": "28.41050", "2007-12-31": "24.88320", "2006-12-31": "15.93940", "2005-12-31": "14.63060"}, "ROA - Return On Assets": {"2019-12-31": "-21.56090", "2018-12-31": "0.62760", "2017-12-31": "0.40150", "2016-12-31": "3.55290", "2015-12-31": "6.30350", "2014-12-31": "10.39850", "2013-12-31": "9.88760", "2012-12-31": "6.90020", "2011-12-31": "8.44290", "2010-12-31": "5.79230", "2009-12-31": "10.20930", "2008-12-31": "11.65870", "2007-12-31": "9.42910", "2006-12-31": "5.40430", "2005-12-31": "4.96830"}, "ROI - Return On Investment": {"2019-12-31": "-53.08320", "2018-12-31": "1.20100", "2017-12-31": "0.73670", "2016-12-31": "6.87810", "2015-12-31": "11.72330", "2014-12-31": "20.21330", "2013-12-31": "18.80160", "2012-12-31": "14.46730", "2011-12-31": "17.56900", "2010-12-31": "12.43750", "2009-12-31": "21.86620", "2008-12-31": "27.32320", "2007-12-31": "23.84330", "2006-12-31": "13.73860", "2005-12-31": "13.19380"}, "Book Value Per Share": {"2019-12-31": "11.30090", "2018-12-31": "21.34030", "2017-12-31": "24.96030", "2016-12-31": "23.28650", "2015-12-31": "22.39640", "2014-12-31": "21.68970", "2013-12-31": "24.06150", "2012-12-31": "21.10800", "2011-12-31": "20.47540", "2010-12-31": "20.00070", "2009-12-31": "18.64330", "2008-12-31": "14.99910", "2007-12-31": "12.82360", "2006-12-31": "9.82760", "2005-12-31": "9.36160"}, "Operating Cash Flow Per Share": {"2019-12-31": 0.4158, "2018-12-31": -3.1246, "2017-12-31": -0.7371, "2016-12-31": -0.7778, "2015-12-31": 1.7617, "2014-12-31": -0.7743, "2013-12-31": 1.2166, "2012-12-31": -1.5137, "2011-12-31": 2.0532, "2010-12-31": -1.96, "2009-12-31": -0.4262, "2008-12-31": 0.3396, "2007-12-31": 3.4303, "2006-12-31": -0.6978, "2005-12-31": 2.358}, "Free Cash Flow Per Share": {"2019-12-31": 0.5156, "2018-12-31": -2.7173, "2017-12-31": -0.9662, "2016-12-31": -1.4409, "2015-12-31": 2.6976, "2014-12-31": -0.8404, "2013-12-31": 0.8161, "2012-12-31": -0.7887, "2011-12-31": 1.5937, "2010-12-31": -2.0486, "2009-12-31": -0.1322, "2008-12-31": 0.2009, "2007-12-31": 3.5096, "2006-12-31": -1.1861, "2005-12-31": 1.5305}}, "financial ratios, quarterly": {"Current Ratio": {"2020-09-30": "1.41350", "2020-06-30": "1.39450", "2020-03-31": "1.38240", "2019-12-31": "1.37430", "2019-09-30": "1.38240", "2019-06-30": "1.27110", "2019-03-31": "1.48600", "2018-12-31": "1.46770", "2018-09-30": "1.52490", "2018-06-30": "1.45430", "2018-03-31": "1.39640", "2017-12-31": "1.56710", "2017-09-30": "1.55630", "2017-06-30": "1.50370", "2017-03-31": "1.51250", "2016-12-31": "1.47020", "2016-09-30": "1.48120", "2016-06-30": "1.49500", "2016-03-31": "1.50500", "2015-12-31": "1.73930", "2015-09-30": "1.82740", "2015-06-30": "1.89700", "2015-03-31": "1.90770", "2014-12-31": "1.72870", "2014-09-30": "1.71330", "2014-06-30": "1.68170", "2014-03-31": "1.78540", "2013-12-31": "1.76210", "2013-09-30": "1.68970", "2013-06-30": "1.67540", "2013-03-31": "1.59680", "2012-12-31": "1.56780", "2012-09-30": "1.65140", "2012-06-30": "1.64830", "2012-03-31": "1.57910", "2011-12-31": "1.53160", "2011-09-30": "1.59370", "2011-06-30": "1.57920", "2011-03-31": "1.54230", "2010-12-31": "1.57880", "2010-09-30": "1.54640", "2010-06-30": "1.63460", "2010-03-31": "1.61280", "2009-12-31": "1.55150", "2009-09-30": "1.47530", "2009-06-30": "1.49160", "2009-03-31": "1.54040", "2008-12-31": "1.47630", "2008-09-30": "1.48930", "2008-06-30": "1.44810", "2008-03-31": "1.42230", "2007-12-31": "1.41940", "2007-09-30": "1.43820", "2007-06-30": "1.42210", "2007-03-31": "1.39120", "2006-12-31": "1.38120", "2006-09-30": "1.37390", "2006-06-30": "1.37600", "2006-03-31": "1.34500", "2005-12-31": "1.32870", "2005-09-30": "1.57310", "2005-06-30": "1.53440", "2005-03-31": "1.53030"}, "Long-term Debt / Capital": {"2020-09-30": "0.56210", "2020-06-30": "0.57350", "2020-03-31": "0.57650", "2019-12-31": "0.51050", "2019-09-30": "0.49290", "2019-06-30": "0.39890", "2019-03-31": "0.34630", "2018-12-31": "0.35800", "2018-09-30": "0.34260", "2018-06-30": "0.33090", "2018-03-31": "0.33940", "2017-12-31": "0.31310", "2017-09-30": "0.31530", "2017-06-30": "0.32030", "2017-03-31": "0.31320", "2016-12-31": "0.31880", "2016-09-30": "0.32340", "2016-06-30": "0.32030", "2016-03-31": "0.32800", "2015-12-31": "0.24060", "2015-09-30": "0.32960", "2015-06-30": "0.23550", "2015-03-31": "0.23660", "2014-12-31": "0.23520", "2014-09-30": "0.11810", "2014-06-30": "0.11590", "2014-03-31": "0.11470", "2013-12-31": "0.11340", "2013-09-30": "0.11180", "2013-06-30": "0.11720", "2013-03-31": "0.12100", "2012-12-31": "0.13180", "2012-09-30": "0.12220", "2012-06-30": "0.12370", "2012-03-31": "0.12450", "2011-12-31": "0.12920", "2011-09-30": "0.13230", "2011-06-30": "0.00500", "2011-03-31": "0.00510", "2010-12-31": "0.00500", "2010-09-30": "0.00500", "2010-06-30": "0.00500", "2010-03-31": "0.00510", "2009-12-31": "0.00530", "2009-09-30": "0.00560", "2009-06-30": "0.00580", "2009-03-31": "0.04650", "2008-12-31": "0.00650", "2008-09-30": "0.00640", "2008-06-30": "0.00670", "2008-03-31": "0.00730", "2007-12-31": "0.00770", "2007-09-30": "0.12280", "2007-06-30": "0.11250", "2007-03-31": "0.10760", "2006-12-31": "0.09760", "2006-09-30": "0.06840", "2006-06-30": "0.06770", "2006-03-31": "0.05840", "2005-12-31": "0.05340", "2005-09-30": "0.18460", "2005-06-30": "0.19990", "2005-03-31": "0.19550"}, "Debt/Equity Ratio": {"2020-09-30": "1.31600", "2020-06-30": "1.38760", "2020-03-31": "1.40340", "2019-12-31": "1.06720", "2019-09-30": "0.99890", "2019-06-30": "0.68020", "2019-03-31": "0.54140", "2018-12-31": "0.56650", "2018-09-30": "0.53890", "2018-06-30": "0.51990", "2018-03-31": "0.52290", "2017-12-31": "0.46360", "2017-09-30": "0.47110", "2017-06-30": "0.48230", "2017-03-31": "0.46830", "2016-12-31": "0.49350", "2016-09-30": "0.51900", "2016-06-30": "0.52180", "2016-03-31": "0.52500", "2015-12-31": "0.31690", "2015-09-30": "0.49170", "2015-06-30": "0.30810", "2015-03-31": "0.31860", "2014-12-31": "0.31650", "2014-09-30": "0.14200", "2014-06-30": "0.13880", "2014-03-31": "0.13720", "2013-12-31": "0.13570", "2013-09-30": "0.13230", "2013-06-30": "0.13770", "2013-03-31": "0.14280", "2012-12-31": "0.15790", "2012-09-30": "0.14550", "2012-06-30": "0.14650", "2012-03-31": "0.14750", "2011-12-31": "0.15400", "2011-09-30": "0.15960", "2011-06-30": "0.01220", "2011-03-31": "0.02410", "2010-12-31": "0.03240", "2010-09-30": "0.03290", "2010-06-30": "0.03300", "2010-03-31": "0.03410", "2009-12-31": "0.03830", "2009-09-30": "0.04300", "2009-06-30": "0.04560", "2009-03-31": "0.04950", "2008-12-31": "0.05540", "2008-09-30": "0.05760", "2008-06-30": "0.12210", "2008-03-31": "0.13510", "2007-12-31": "0.14290", "2007-09-30": "0.31350", "2007-06-30": "0.32770", "2007-03-31": "0.33480", "2006-12-31": "0.32340", "2006-09-30": "0.27630", "2006-06-30": "0.31280", "2006-03-31": "0.28070", "2005-12-31": "0.25880", "2005-09-30": "0.22640", "2005-06-30": "0.32170", "2005-03-31": "0.32680"}, "Gross Margin": {"2020-09-30": "3.51480", "2020-06-30": "1.64910", "2020-03-31": "1.49070", "2019-12-31": "-10.43350", "2019-09-30": "1.97150", "2019-06-30": "-10.39950", "2019-03-31": "1.51810", "2018-12-31": "-5.30050", "2018-09-30": "4.87430", "2018-06-30": "4.30300", "2018-03-31": "1.19810", "2017-12-31": "-40.21060", "2017-09-30": "4.48360", "2017-06-30": "0.67800", "2017-03-31": "3.10180", "2016-12-31": "4.99070", "2016-09-30": "0.78090", "2016-06-30": "5.11210", "2016-03-31": "5.78270", "2015-12-31": "5.77630", "2015-09-30": "5.71980", "2015-06-30": "6.11170", "2015-03-31": "6.53950", "2014-12-31": "6.62240", "2014-09-30": "6.98740", "2014-06-30": "6.57530", "2014-03-31": "5.80040", "2013-12-31": "5.33950", "2013-09-30": "5.30400", "2013-06-30": "4.62920", "2013-03-31": "4.75780", "2012-12-31": "-0.22270", "2012-09-30": "4.29190", "2012-06-30": "4.46770", "2012-03-31": "4.38620", "2011-12-31": "4.95440", "2011-09-30": "4.34090", "2011-06-30": "5.08540", "2011-03-31": "5.34290", "2010-12-31": "1.88190", "2010-09-30": "1.12140", "2010-06-30": "5.50780", "2010-03-31": "5.29710", "2009-12-31": "5.88780", "2009-09-30": "5.76230", "2009-06-30": "5.98780", "2009-03-31": "6.02410", "2008-12-31": "5.45600", "2008-09-30": "5.84920", "2008-06-30": "5.60500", "2008-03-31": "5.35220", "2007-12-31": "5.67890", "2007-09-30": "4.60540", "2007-06-30": "4.43460", "2007-03-31": "4.87350", "2006-12-31": "4.51120", "2006-09-30": "1.38630", "2006-06-30": "4.67420", "2006-03-31": "5.08640", "2005-12-31": "2.64040", "2005-09-30": "5.29110", "2005-06-30": "1.09070", "2005-03-31": "4.14610"}, "Operating Margin": {"2020-09-30": "1.72460", "2020-06-30": "0.55410", "2020-03-31": "-5.39400", "2019-12-31": "-32.79240", "2019-09-30": "-5.48560", "2019-06-30": "-12.24690", "2019-03-31": "-0.56210", "2018-12-31": "-5.56080", "2018-09-30": "3.28520", "2018-06-30": "3.93910", "2018-03-31": "0.01090", "2017-12-31": "-54.76730", "2017-09-30": "3.55330", "2017-06-30": "-0.32530", "2017-03-31": "2.17030", "2016-12-31": "3.86490", "2016-09-30": "0.21150", "2016-06-30": "4.02810", "2016-03-31": "4.53690", "2015-12-31": "-0.72530", "2015-09-30": "4.91780", "2015-06-30": "5.11830", "2015-03-31": "5.63570", "2014-12-31": "5.64910", "2014-09-30": "6.34160", "2014-06-30": "5.49540", "2014-03-31": "5.09890", "2013-12-31": "4.31330", "2013-09-30": "4.61480", "2013-06-30": "4.18530", "2013-03-31": "4.30400", "2012-12-31": "-0.80770", "2012-09-30": "3.71900", "2012-06-30": "4.02990", "2012-03-31": "3.78460", "2011-12-31": "3.97440", "2011-09-30": "3.72380", "2011-06-30": "4.56980", "2011-03-31": "4.67410", "2010-12-31": "0.78130", "2010-09-30": "0.40360", "2010-06-30": "4.96770", "2010-03-31": "4.66880", "2009-12-31": "4.76580", "2009-09-30": "4.84680", "2009-06-30": "5.19410", "2009-03-31": "5.58580", "2008-12-31": "5.38750", "2008-09-30": "5.05450", "2008-06-30": "4.53610", "2008-03-31": "4.53010", "2007-12-31": "4.58190", "2007-09-30": "3.51350", "2007-06-30": "3.20870", "2007-03-31": "3.62780", "2006-12-31": "3.13230", "2006-09-30": "0.41580", "2006-06-30": "3.10310", "2006-03-31": "3.93410", "2005-12-31": "1.30680", "2005-09-30": "4.55650", "2005-06-30": "0.14370", "2005-03-31": "2.81350"}, "EBIT Margin": {"2020-09-30": "1.72460", "2020-06-30": "0.55410", "2020-03-31": "-5.39400", "2019-12-31": "-32.79250", "2019-09-30": "-5.48560", "2019-06-30": "-12.24690", "2019-03-31": "-0.56210", "2018-12-31": "-5.56080", "2018-09-30": "3.28520", "2018-06-30": "3.93910", "2018-03-31": "0.01090", "2017-12-31": "-54.76730", "2017-09-30": "3.55330", "2017-06-30": "-0.32530", "2017-03-31": "2.17030", "2016-12-31": "3.86490", "2016-09-30": "0.21150", "2016-06-30": "4.02810", "2016-03-31": "4.53690", "2015-12-31": "-0.72530", "2015-09-30": "4.91780", "2015-06-30": "5.11830", "2015-03-31": "5.63570", "2014-12-31": "5.64910", "2014-09-30": "6.34160", "2014-06-30": "5.49540", "2014-03-31": "5.09890", "2013-12-31": "4.31330", "2013-09-30": "4.61480", "2013-06-30": "4.18530", "2013-03-31": "4.30400", "2012-12-31": "-0.80770", "2012-09-30": "3.71900", "2012-06-30": "4.02990", "2012-03-31": "3.78460", "2011-12-31": "3.97430", "2011-09-30": "3.72380", "2011-06-30": "4.56980", "2011-03-31": "4.67410", "2010-12-31": "0.78130", "2010-09-30": "0.40360", "2010-06-30": "4.96770", "2010-03-31": "4.66880", "2009-12-31": "4.76580", "2009-09-30": "4.84680", "2009-06-30": "5.19410", "2009-03-31": "5.58580", "2008-12-31": "5.38750", "2008-09-30": "5.05450", "2008-06-30": "4.53610", "2008-03-31": "4.53010", "2007-12-31": "4.58190", "2007-09-30": "3.51350", "2007-06-30": "3.20870", "2007-03-31": "3.62780", "2006-12-31": "3.13240", "2006-09-30": "0.41580", "2006-06-30": "3.10310", "2006-03-31": "3.93410", "2005-12-31": "1.30680", "2005-09-30": "4.55650", "2005-06-30": "0.14370", "2005-03-31": "2.81350"}, "EBITDA Margin": {"2020-09-30": "", "2020-06-30": "", "2020-03-31": "", "2019-12-31": "", "2019-09-30": "", "2019-06-30": "", "2019-03-31": "", "2018-12-31": "", "2018-09-30": "", "2018-06-30": "", "2018-03-31": "", "2017-12-31": "", "2017-09-30": "", "2017-06-30": "", "2017-03-31": "", "2016-12-31": "", "2016-09-30": "", "2016-06-30": "", "2016-03-31": "", "2015-12-31": "", "2015-09-30": "", "2015-06-30": "", "2015-03-31": "", "2014-12-31": "", "2014-09-30": "", "2014-06-30": "", "2014-03-31": "", "2013-12-31": "", "2013-09-30": "", "2013-06-30": "", "2013-03-31": "", "2012-12-31": "", "2012-09-30": "", "2012-06-30": "", "2012-03-31": "", "2011-12-31": "", "2011-09-30": "", "2011-06-30": "", "2011-03-31": "", "2010-12-31": "", "2010-09-30": "", "2010-06-30": "", "2010-03-31": "", "2009-12-31": "", "2009-09-30": "", "2009-06-30": "", "2009-03-31": "", "2008-12-31": "", "2008-09-30": "", "2008-06-30": "", "2008-03-31": "", "2007-12-31": "", "2007-09-30": "", "2007-06-30": "", "2007-03-31": "", "2006-12-31": "", "2006-09-30": "", "2006-06-30": "", "2006-03-31": "", "2005-12-31": "", "2005-09-30": "", "2005-06-30": "", "2005-03-31": ""}, "Pre-Tax Profit Margin": {"2020-09-30": "1.37330", "2020-06-30": "0.26590", "2020-03-31": "-5.54630", "2019-12-31": "-33.14240", "2019-09-30": "-5.59140", "2019-06-30": "-12.34480", "2019-03-31": "-0.70090", "2018-12-31": "-6.04380", "2018-09-30": "2.90170", "2018-06-30": "3.76010", "2018-03-31": "-0.18770", "2017-12-31": "-57.86590", "2017-09-30": "3.34670", "2017-06-30": "-0.50780", "2017-03-31": "1.93190", "2016-12-31": "3.58000", "2016-09-30": "-0.05560", "2016-06-30": "3.73550", "2016-03-31": "4.27720", "2015-12-31": "-0.90110", "2015-09-30": "6.34510", "2015-06-30": "4.96560", "2015-03-31": "5.47150", "2014-12-31": "5.58670", "2014-09-30": "6.31210", "2014-06-30": "5.43240", "2014-03-31": "5.04150", "2013-12-31": "4.25690", "2013-09-30": "4.55910", "2013-06-30": "4.15430", "2013-03-31": "4.26310", "2012-12-31": "-0.85410", "2012-09-30": "3.70660", "2012-06-30": "4.04280", "2012-03-31": "3.82820", "2011-12-31": "3.97640", "2011-09-30": "3.82500", "2011-06-30": "4.66020", "2011-03-31": "4.76650", "2010-12-31": "0.80670", "2010-09-30": "0.45140", "2010-06-30": "5.02980", "2010-03-31": "4.73870", "2009-12-31": "4.82130", "2009-09-30": "4.90480", "2009-06-30": "5.25740", "2009-03-31": "5.66590", "2008-12-31": "4.26720", "2008-09-30": "5.31380", "2008-06-30": "6.11990", "2008-03-31": "4.73840", "2007-12-31": "4.77010", "2007-09-30": "3.77290", "2007-06-30": "3.40060", "2007-03-31": "3.74250", "2006-12-31": "3.27020", "2006-09-30": "0.41170", "2006-06-30": "3.08230", "2006-03-31": "3.93920", "2005-12-31": "1.41190", "2005-09-30": "4.60620", "2005-06-30": "0.19100", "2005-03-31": "2.81800"}, "Net Profit Margin": {"2020-09-30": "0.50850", "2020-06-30": "-0.61090", "2020-03-31": "-6.45760", "2019-12-31": "-20.57350", "2019-09-30": "-16.05460", "2019-06-30": "-9.98510", "2019-03-31": "-1.66690", "2018-12-31": "-0.06900", "2018-09-30": "2.01300", "2018-06-30": "2.35130", "2018-03-31": "-0.36470", "2017-12-31": "7.23020", "2017-09-30": "1.91160", "2017-06-30": "-0.50940", "2017-03-31": "1.25340", "2016-12-31": "1.41210", "2016-09-30": "0.10080", "2016-06-30": "2.09660", "2016-03-31": "2.35820", "2015-12-31": "-1.17500", "2015-09-30": "3.90650", "2015-06-30": "3.08740", "2015-03-31": "3.16750", "2014-12-31": "3.93280", "2014-09-30": "1.27760", "2014-06-30": "1.48120", "2014-03-31": "2.76850", "2013-12-31": "2.65120", "2013-09-30": "2.58890", "2013-06-30": "2.24480", "2013-03-31": "2.31650", "2012-12-31": "-0.06160", "2012-09-30": "2.02610", "2012-06-30": "2.26130", "2012-03-31": "2.46230", "2011-12-31": "2.44970", "2011-09-30": "2.24200", "2011-06-30": "2.74280", "2011-03-31": "2.76230", "2010-12-31": "2.22370", "2010-09-30": "-0.97320", "2010-06-30": "3.05460", "2010-03-31": "2.77780", "2009-12-31": "2.71430", "2009-09-30": "2.99040", "2009-06-30": "3.19830", "2009-03-31": "3.53230", "2008-12-31": "3.12120", "2008-09-30": "3.20580", "2008-06-30": "3.60190", "2008-03-31": "2.84390", "2007-12-31": "5.39220", "2007-09-30": "2.27630", "2007-06-30": "2.26370", "2007-03-31": "2.32350", "2006-12-31": "2.22140", "2006-09-30": "0.81270", "2006-06-30": "1.92550", "2006-03-31": "2.45120", "2005-12-31": "1.64340", "2005-09-30": "3.83760", "2005-06-30": "-0.56280", "2005-03-31": "1.65720"}, "Asset Turnover": {"2020-09-30": "0.52300", "2020-06-30": "0.56500", "2020-03-31": "0.56480", "2019-12-31": "0.18070", "2019-09-30": "0.58710", "2019-06-30": "0.46210", "2019-03-31": "0.45720", "2018-12-31": "0.18270", "2018-09-30": "0.42000", "2018-06-30": "0.53550", "2018-03-31": "0.51180", "2017-12-31": "0.03350", "2017-09-30": "0.53750", "2017-06-30": "0.51140", "2017-03-31": "0.52790", "2016-12-31": "0.54140", "2016-09-30": "0.51170", "2016-06-30": "0.52550", "2016-03-31": "0.49140", "2015-12-31": "0.57320", "2015-09-30": "0.57700", "2015-06-30": "0.63620", "2015-03-31": "0.59700", "2014-12-31": "0.66570", "2014-09-30": "0.67590", "2014-06-30": "0.62530", "2014-03-31": "0.67380", "2013-12-31": "0.75580", "2013-09-30": "0.76590", "2013-06-30": "0.85930", "2013-03-31": "0.84910", "2012-12-31": "0.84860", "2012-09-30": "0.81370", "2012-06-30": "0.84940", "2012-03-31": "0.73820", "2011-12-31": "0.75620", "2011-09-30": "0.73720", "2011-06-30": "0.78680", "2011-03-31": "0.66990", "2010-12-31": "0.69170", "2010-09-30": "0.71650", "2010-06-30": "0.70890", "2010-03-31": "0.67810", "2009-12-31": "0.76330", "2009-09-30": "0.76720", "2009-06-30": "0.76620", "2009-03-31": "0.86280", "2008-12-31": "0.94520", "2008-09-30": "0.85900", "2008-06-30": "0.86560", "2008-03-31": "0.77880", "2007-12-31": "0.81300", "2007-09-30": "0.74180", "2007-06-30": "0.79950", "2007-03-31": "0.72210", "2006-12-31": "0.74530", "2006-09-30": "0.68900", "2006-06-30": "0.71820", "2006-03-31": "0.74670", "2005-12-31": "0.86630", "2005-09-30": "0.80940", "2005-06-30": "0.71310", "2005-03-31": "0.67960"}, "Inventory Turnover Ratio": {"2020-09-30": "", "2020-06-30": "", "2020-03-31": "", "2019-12-31": "", "2019-09-30": "4.55230", "2019-06-30": "3.70960", "2019-03-31": "2.56350", "2018-12-31": "", "2018-09-30": "2.49590", "2018-06-30": "2.94560", "2018-03-31": "3.05910", "2017-12-31": "0.30080", "2017-09-30": "3.55750", "2017-06-30": "3.34770", "2017-03-31": "3.24800", "2016-12-31": "3.08380", "2016-09-30": "2.91240", "2016-06-30": "2.56500", "2016-03-31": "2.59500", "2015-12-31": "2.99190", "2015-09-30": "2.73330", "2015-06-30": "2.99500", "2015-03-31": "2.85900", "2014-12-31": "3.20920", "2014-09-30": "2.90180", "2014-06-30": "2.97800", "2014-03-31": "3.07940", "2013-12-31": "3.42110", "2013-09-30": "3.01020", "2013-06-30": "3.47300", "2013-03-31": "3.54850", "2012-12-31": "3.62300", "2012-09-30": "2.98870", "2012-06-30": "3.07770", "2012-03-31": "2.89470", "2011-12-31": "3.05250", "2011-09-30": "3.18350", "2011-06-30": "3.68100", "2011-03-31": "3.29320", "2010-12-31": "3.51330", "2010-09-30": "2.94800", "2010-06-30": "2.71570", "2010-03-31": "2.74700", "2009-12-31": "3.66820", "2009-09-30": "3.90060", "2009-06-30": "4.69010", "2009-03-31": "5.20570", "2008-12-31": "5.85070", "2008-09-30": "5.00030", "2008-06-30": "4.99570", "2008-03-31": "4.32130", "2007-12-31": "4.54510", "2007-09-30": "4.21140", "2007-06-30": "4.55880", "2007-03-31": "3.67410", "2006-12-31": "3.76660", "2006-09-30": "3.12470", "2006-06-30": "2.73530", "2006-03-31": "2.44790", "2005-12-31": "3.47380", "2005-09-30": "3.43370", "2005-06-30": "2.74250", "2005-03-31": "2.21450"}, "Receiveable Turnover": {"2020-09-30": "3.51060", "2020-06-30": "3.56740", "2020-03-31": "3.75160", "2019-12-31": "1.18230", "2019-09-30": "4.42610", "2019-06-30": "2.78140", "2019-03-31": "2.99430", "2018-12-31": "1.31150", "2018-09-30": "2.22860", "2018-06-30": "3.13770", "2018-03-31": "2.79240", "2017-12-31": "0.19520", "2017-09-30": "3.22360", "2017-06-30": "3.12140", "2017-03-31": "3.03570", "2016-12-31": "2.93470", "2016-09-30": "2.85410", "2016-06-30": "2.89700", "2016-03-31": "2.95550", "2015-12-31": "3.63310", "2015-09-30": "3.67070", "2015-06-30": "3.79980", "2015-03-31": "3.62070", "2014-12-31": "3.70670", "2014-09-30": "4.72940", "2014-06-30": "3.75000", "2014-03-31": "4.79650", "2013-12-31": "4.93820", "2013-09-30": "5.78030", "2013-06-30": "5.30320", "2013-03-31": "4.54630", "2012-12-31": "5.65120", "2012-09-30": "5.86990", "2012-06-30": "5.60910", "2012-03-31": "4.42760", "2011-12-31": "5.06650", "2011-09-30": "4.49170", "2011-06-30": "4.24630", "2011-03-31": "4.14180", "2010-12-31": "4.33490", "2010-09-30": "5.04600", "2010-06-30": "4.30100", "2010-03-31": "4.32190", "2009-12-31": "5.54040", "2009-09-30": "4.63870", "2009-06-30": "4.17140", "2009-03-31": "3.99100", "2008-12-31": "4.94740", "2008-09-30": "4.95770", "2008-06-30": "5.33650", "2008-03-31": "4.40840", "2007-12-31": "4.97850", "2007-09-30": "4.63730", "2007-06-30": "4.78740", "2007-03-31": "4.07640", "2006-12-31": "4.01740", "2006-09-30": "4.48220", "2006-06-30": "3.43230", "2006-03-31": "4.15700", "2005-12-31": "4.66100", "2005-09-30": "5.09170", "2005-06-30": "3.64020", "2005-03-31": "3.63680"}, "Days Sales In Receivables": {"2020-09-30": "25.63670", "2020-06-30": "25.22820", "2020-03-31": "23.98950", "2019-12-31": "76.12200", "2019-09-30": "20.33400", "2019-06-30": "32.35800", "2019-03-31": "30.05670", "2018-12-31": "68.62360", "2018-09-30": "40.38490", "2018-06-30": "28.68370", "2018-03-31": "32.23050", "2017-12-31": "461.03110", "2017-09-30": "27.91920", "2017-06-30": "28.83310", "2017-03-31": "29.64670", "2016-12-31": "30.66750", "2016-09-30": "31.53340", "2016-06-30": "31.06630", "2016-03-31": "30.45160", "2015-12-31": "24.77240", "2015-09-30": "24.51880", "2015-06-30": "23.68540", "2015-03-31": "24.85710", "2014-12-31": "24.28020", "2014-09-30": "19.03000", "2014-06-30": "24.00010", "2014-03-31": "18.76390", "2013-12-31": "18.22520", "2013-09-30": "15.57020", "2013-06-30": "16.97080", "2013-03-31": "19.79630", "2012-12-31": "15.92580", "2012-09-30": "15.33230", "2012-06-30": "16.04540", "2012-03-31": "20.32690", "2011-12-31": "17.76390", "2011-09-30": "20.03700", "2011-06-30": "21.19480", "2011-03-31": "21.72950", "2010-12-31": "20.76190", "2010-09-30": "17.83590", "2010-06-30": "20.92540", "2010-03-31": "20.82430", "2009-12-31": "16.24440", "2009-09-30": "19.40200", "2009-06-30": "21.57540", "2009-03-31": "22.55090", "2008-12-31": "18.19150", "2008-09-30": "18.15360", "2008-06-30": "16.86510", "2008-03-31": "20.41570", "2007-12-31": "18.07780", "2007-09-30": "19.40790", "2007-06-30": "18.79950", "2007-03-31": "22.07830", "2006-12-31": "22.40270", "2006-09-30": "20.07960", "2006-06-30": "26.22140", "2006-03-31": "21.65020", "2005-12-31": "19.30910", "2005-09-30": "17.67580", "2005-06-30": "24.72420", "2005-03-31": "24.74730"}, "ROE - Return On Equity": {"2020-09-30": "1.79280", "2020-06-30": "-1.64160", "2020-03-31": "-13.35310", "2019-12-31": "-30.50550", "2019-09-30": "-44.78260", "2019-06-30": "-17.46190", "2019-03-31": "-1.41950", "2018-12-31": "-4.90340", "2018-09-30": "2.58690", "2018-06-30": "4.11840", "2018-03-31": "-0.38540", "2017-12-31": "-4.18500", "2017-09-30": "3.28750", "2017-06-30": "-0.20030", "2017-03-31": "2.31180", "2016-12-31": "2.18880", "2016-09-30": "0.53480", "2016-06-30": "3.65610", "2016-03-31": "3.69500", "2015-12-31": "-1.04310", "2015-09-30": "5.88150", "2015-06-30": "4.98960", "2015-03-31": "5.17310", "2014-12-31": "7.28550", "2014-09-30": "6.16630", "2014-06-30": "5.15070", "2014-03-31": "5.04140", "2013-12-31": "4.76910", "2013-09-30": "5.51070", "2013-06-30": "5.54410", "2013-03-31": "5.91570", "2012-12-31": "0.84720", "2012-09-30": "4.56970", "2012-06-30": "5.29130", "2012-03-31": "4.90460", "2011-12-31": "5.31300", "2011-09-30": "4.80110", "2011-06-30": "5.38780", "2011-03-31": "4.67470", "2010-12-31": "3.94150", "2010-09-30": "-0.84680", "2010-06-30": "5.01020", "2010-03-31": "4.46300", "2009-12-31": "4.83650", "2009-09-30": "5.49420", "2009-06-30": "5.76260", "2009-03-31": "7.74290", "2008-12-31": "7.24720", "2008-09-30": "6.90740", "2008-06-30": "8.32100", "2008-03-31": "6.00120", "2007-12-31": "11.98840", "2007-09-30": "4.69330", "2007-06-30": "5.08160", "2007-03-31": "4.80860", "2006-12-31": "4.66390", "2006-09-30": "1.49670", "2006-06-30": "3.71760", "2006-03-31": "5.18080", "2005-12-31": "3.99390", "2005-09-30": "8.54250", "2005-06-30": "-1.18120", "2005-03-31": "3.31290"}, "Return On Tangible Equity": {"2020-09-30": "2.39090", "2020-06-30": "-2.22470", "2020-03-31": "-17.88180", "2019-12-31": "-44.92380", "2019-09-30": "-60.60230", "2019-06-30": "-22.21550", "2019-03-31": "-1.71380", "2018-12-31": "-5.81320", "2018-09-30": "3.12770", "2018-06-30": "4.99380", "2018-03-31": "-0.47340", "2017-12-31": "-4.99220", "2017-09-30": "3.93280", "2017-06-30": "-0.24010", "2017-03-31": "2.76200", "2016-12-31": "2.61850", "2016-09-30": "0.65400", "2016-06-30": "4.41960", "2016-03-31": "3.69500", "2015-12-31": "-1.08190", "2015-09-30": "5.88150", "2015-06-30": "4.98960", "2015-03-31": "5.17310", "2014-12-31": "7.55000", "2014-09-30": "6.16630", "2014-06-30": "5.15070", "2014-03-31": "5.04140", "2013-12-31": "4.91350", "2013-09-30": "5.51070", "2013-06-30": "5.54410", "2013-03-31": "5.91570", "2012-12-31": "0.87300", "2012-09-30": "4.56970", "2012-06-30": "5.29130", "2012-03-31": "4.90460", "2011-12-31": "5.46460", "2011-09-30": "4.80110", "2011-06-30": "5.38780", "2011-03-31": "4.67470", "2010-12-31": "4.04210", "2010-09-30": "-0.84680", "2010-06-30": "5.01020", "2010-03-31": "4.46300", "2009-12-31": "4.96770", "2009-09-30": "5.49420", "2009-06-30": "5.76260", "2009-03-31": "7.74290", "2008-12-31": "7.48690", "2008-09-30": "6.90740", "2008-06-30": "8.32100", "2008-03-31": "6.00120", "2007-12-31": "12.41470", "2007-09-30": "4.69330", "2007-06-30": "5.08160", "2007-03-31": "4.80860", "2006-12-31": "4.88300", "2006-09-30": "1.49670", "2006-06-30": "3.71760", "2006-03-31": "5.18080", "2005-12-31": "4.19230", "2005-09-30": "8.54250", "2005-06-30": "-1.18120", "2005-03-31": "3.31290"}, "ROA - Return On Assets": {"2020-09-30": "0.32220", "2020-06-30": "-0.27910", "2020-03-31": "-2.21590", "2019-12-31": "-6.06570", "2019-09-30": "-9.56540", "2019-06-30": "-4.85980", "2019-03-31": "-0.48920", "2018-12-31": "-1.64520", "2018-09-30": "0.90490", "2018-06-30": "1.43830", "2018-03-31": "-0.12800", "2017-12-31": "-1.56690", "2017-09-30": "1.22790", "2017-06-30": "-0.07190", "2017-03-31": "0.84440", "2016-12-31": "0.77010", "2016-09-30": "0.18680", "2016-06-30": "1.29910", "2016-03-31": "1.32210", "2015-12-31": "-0.42590", "2015-09-30": "2.45800", "2015-06-30": "2.12610", "2015-03-31": "2.17350", "2014-12-31": "2.86620", "2014-09-30": "2.84210", "2014-06-30": "2.32370", "2014-03-31": "2.41880", "2013-12-31": "2.22350", "2013-09-30": "2.49050", "2013-06-30": "2.47790", "2013-03-31": "2.51990", "2012-12-31": "0.35080", "2012-09-30": "1.96520", "2012-06-30": "2.29410", "2012-03-31": "2.07920", "2011-12-31": "2.22320", "2011-09-30": "1.97300", "2011-06-30": "2.49650", "2011-03-31": "2.13520", "2010-12-31": "1.82640", "2010-09-30": "-0.39110", "2010-06-30": "2.45490", "2010-03-31": "2.11850", "2009-12-31": "2.24620", "2009-09-30": "2.46280", "2009-06-30": "2.55270", "2009-03-31": "3.29320", "2008-12-31": "3.07240", "2008-09-30": "2.86640", "2008-06-30": "3.26650", "2008-03-31": "2.33850", "2007-12-31": "4.70430", "2007-09-30": "1.68860", "2007-06-30": "1.80980", "2007-03-31": "1.67770", "2006-12-31": "1.65560", "2006-09-30": "0.55990", "2006-06-30": "1.38290", "2006-03-31": "1.83030", "2005-12-31": "1.42360", "2005-09-30": "3.10600", "2005-06-30": "-0.40130", "2005-03-31": "1.12630"}, "ROI - Return On Investment": {"2020-09-30": "0.78510", "2020-06-30": "-0.70020", "2020-03-31": "-5.65540", "2019-12-31": "-14.93390", "2019-09-30": "-22.70840", "2019-06-30": "-10.49670", "2019-03-31": "-0.92790", "2018-12-31": "-3.14820", "2018-09-30": "1.70070", "2018-06-30": "2.75540", "2018-03-31": "-0.25460", "2017-12-31": "-2.87490", "2017-09-30": "2.25110", "2017-06-30": "-0.13610", "2017-03-31": "1.58770", "2016-12-31": "1.49090", "2016-09-30": "0.36190", "2016-06-30": "2.48500", "2016-03-31": "2.48310", "2015-12-31": "-0.79210", "2015-09-30": "3.94280", "2015-06-30": "3.81450", "2015-03-31": "3.94910", "2014-12-31": "5.57160", "2014-09-30": "5.43780", "2014-06-30": "4.55360", "2014-03-31": "4.46330", "2013-12-31": "4.22800", "2013-09-30": "4.89450", "2013-06-30": "4.89450", "2013-03-31": "5.19990", "2012-12-31": "0.73550", "2012-09-30": "4.01130", "2012-06-30": "4.63660", "2012-03-31": "4.29410", "2011-12-31": "4.62640", "2011-09-30": "4.16570", "2011-06-30": "5.36100", "2011-03-31": "4.65070", "2010-12-31": "3.92180", "2010-09-30": "-0.84260", "2010-06-30": "4.98540", "2010-03-31": "4.44010", "2009-12-31": "4.81090", "2009-09-30": "5.46360", "2009-06-30": "5.72940", "2009-03-31": "7.38270", "2008-12-31": "7.20040", "2008-09-30": "6.86300", "2008-06-30": "8.26510", "2008-03-31": "5.95730", "2007-12-31": "11.89580", "2007-09-30": "4.11700", "2007-06-30": "4.50970", "2007-03-31": "4.29100", "2006-12-31": "4.20880", "2006-09-30": "1.39440", "2006-06-30": "3.46600", "2006-03-31": "4.87840", "2005-12-31": "3.78050", "2005-09-30": "6.96560", "2005-06-30": "-0.94500", "2005-03-31": "2.66520"}, "Book Value Per Share": {"2020-09-30": "9.29300", "2020-06-30": "8.75680", "2020-03-31": "8.61130", "2019-12-31": "11.30090", "2019-09-30": "12.01310", "2019-06-30": "17.81710", "2019-03-31": "22.23930", "2018-12-31": "21.34030", "2018-09-30": "22.73500", "2018-06-30": "22.63570", "2018-03-31": "22.25710", "2017-12-31": "24.96030", "2017-09-30": "24.54500", "2017-06-30": "23.67180", "2017-03-31": "23.93780", "2016-12-31": "23.28650", "2016-09-30": "23.37240", "2016-06-30": "23.58190", "2016-03-31": "23.13440", "2015-12-31": "22.39640", "2015-09-30": "22.33140", "2015-06-30": "22.15910", "2015-03-31": "21.78080", "2014-12-31": "21.68970", "2014-09-30": "23.69980", "2014-06-30": "24.04220", "2014-03-31": "24.06990", "2013-12-31": "24.06150", "2013-09-30": "24.15860", "2013-06-30": "22.93910", "2013-03-31": "22.13490", "2012-12-31": "21.10800", "2012-09-30": "22.64960", "2012-06-30": "21.79220", "2012-03-31": "21.38900", "2011-12-31": "20.47540", "2011-09-30": "19.83860", "2011-06-30": "20.44600", "2011-03-31": "19.77290", "2010-12-31": "20.00070", "2010-09-30": "19.87530", "2010-06-30": "19.91980", "2010-03-31": "19.26510", "2009-12-31": "18.64330", "2009-09-30": "17.69870", "2009-06-30": "17.01390", "2009-03-31": "15.89060", "2008-12-31": "14.99910", "2008-09-30": "15.11110", "2008-06-30": "14.74560", "2008-03-31": "13.57280", "2007-12-31": "12.82360", "2007-09-30": "11.29080", "2007-06-30": "10.64720", "2007-03-31": "9.98020", "2006-12-31": "9.82760", "2006-09-30": "10.37270", "2006-06-30": "10.21970", "2006-03-31": "9.79900", "2005-12-31": "9.36160", "2005-09-30": "8.84580", "2005-06-30": "8.02620", "2005-03-31": "8.26410"}, "Operating Cash Flow Per Share": {"2020-09-30": 0.5658, "2020-06-30": 0.9105, "2020-03-31": "-0.45450", "2019-12-31": 1.0864, "2019-09-30": -0.1752, "2019-06-30": 0.7775, "2019-03-31": "-0.12500", "2018-12-31": 1.2276, "2018-09-30": 0.8587, "2018-06-30": 0.0324, "2018-03-31": "-0.97080", "2017-12-31": 0.3626, "2017-09-30": 0.8493, "2017-06-30": 1.1435, "2017-03-31": "1.91710", "2016-12-31": 1.7988, "2016-09-30": 2.5677, "2016-06-30": -0.1708, "2016-03-31": "0.81390", "2015-12-31": 1.8827, "2015-09-30": 2.5243, "2015-06-30": 1.1184, "2015-03-31": "0.26200", "2014-12-31": 1.4711, "2014-09-30": -0.0987, "2014-06-30": 1.5033, "2014-03-31": "1.15000", "2013-12-31": 0.5382, "2013-09-30": 2.8268, "2013-06-30": 1.5675, "2013-03-31": "-0.13250", "2012-12-31": 0.5453, "2012-09-30": 2.5561, "2012-06-30": 0.7583, "2012-03-31": "-0.27630", "2011-12-31": 0.9905, "2011-09-30": 1.665, "2011-06-30": 0.3718, "2011-03-31": "2.06980", "2010-12-31": 1.8634, "2010-09-30": 2.4389, "2010-06-30": 0.1028, "2010-03-31": "-1.36120", "2009-12-31": 1.9919, "2009-09-30": 0.8883, "2009-06-30": 1.7038, "2009-03-31": "0.41990", "2008-12-31": 0.6048, "2008-09-30": 1.0806, "2008-06-30": 2.5748, "2008-03-31": "1.16990", "2007-12-31": 1.5527, "2007-09-30": 0.6989, "2007-06-30": 1.9064, "2007-03-31": "0.93250", "2006-12-31": 0.6142, "2006-09-30": 2.4067, "2006-06-30": -0.4704, "2006-03-31": "-0.89030", "2005-12-31": -1.4262, "2005-09-30": 2.7439, "2005-06-30": 0.8229, "2005-03-31": "0.21740"}, "Free Cash Flow Per Share": {"2020-09-30": 0.6607, "2020-06-30": 0.6095, "2020-03-31": "-0.57300", "2019-12-31": 0.863, "2019-09-30": -0.0523, "2019-06-30": 0.3259, "2019-03-31": "-0.39300", "2018-12-31": 0.9281, "2018-09-30": 0.7363, "2018-06-30": -0.1188, "2018-03-31": "-1.31760", "2017-12-31": 0.1749, "2017-09-30": 0.5226, "2017-06-30": 0.7012, "2017-03-31": "1.54660", "2016-12-31": 1.4439, "2016-09-30": 2.3096, "2016-06-30": -0.4948, "2016-03-31": "0.65280", "2015-12-31": 2.2053, "2015-09-30": 2.2981, "2015-06-30": 0.8803, "2015-03-31": "-0.03130", "2014-12-31": 1.0415, "2014-09-30": -0.4055, "2014-06-30": 1.1279, "2014-03-31": "0.89090", "2013-12-31": 0.0664, "2013-09-30": 2.538, "2013-06-30": 1.2745, "2013-03-31": "-0.38370", "2012-12-31": 0.3748, "2012-09-30": 2.2344, "2012-06-30": 0.4463, "2012-03-31": "-0.37640", "2011-12-31": 0.4165, "2011-09-30": 1.2844, "2011-06-30": -0.0641, "2011-03-31": "1.83100", "2010-12-31": 1.6595, "2010-09-30": 2.0632, "2010-06-30": -0.2748, "2010-03-31": "-1.57380", "2009-12-31": 1.7396, "2009-09-30": 0.6301, "2009-06-30": 1.3703, "2009-03-31": "0.18270", "2008-12-31": 0.1889, "2008-09-30": 0.7008, "2008-06-30": 2.2589, "2008-03-31": "0.90630", "2007-12-31": 1.1692, "2007-09-30": 0.3542, "2007-06-30": 1.6057, "2007-03-31": "0.72490", "2006-12-31": 0.1938, "2006-09-30": 2.0387, "2006-06-30": -0.7202, "2006-03-31": "-1.16790", "2005-12-31": -1.7763, "2005-09-30": 2.6107, "2005-06-30": 0.6426, "2005-03-31": "0.05350"}}, "revenue": {"Fluor Annual Revenue (Millions of US $)": {"2019": "$14,348", "2018": "$15,172", "2017": "$14,807", "2016": "$19,037", "2015": "$18,114", "2014": "$21,532", "2013": "$27,352", "2012": "$27,577", "2011": "$23,381", "2010": "$20,849", "2009": "$21,990", "2008": "$22,326", "2007": "$16,691", "2006": "$14,079", "2005": "$13,161"}, "Fluor Quarterly Revenue (Millions of US $)": {"2020-09-30": "$3,803", "2020-06-30": "$4,091", "2020-03-31": "$4,119", "2019-12-31": "$1,439", "2019-09-30": "$4,629", "2019-06-30": "$4,146", "2019-03-31": "$4,134", "2018-12-31": "$1,623", "2018-09-30": "$3,842", "2018-06-30": "$4,884", "2018-03-31": "$4,824", "2017-12-31": "$313", "2017-09-30": "$4,942", "2017-06-30": "$4,716", "2017-03-31": "$4,836", "2016-12-31": "$4,990", "2016-09-30": "$4,767", "2016-06-30": "$4,856", "2016-03-31": "$4,424", "2015-12-31": "$4,371", "2015-09-30": "$4,385", "2015-06-30": "$4,810", "2015-03-31": "$4,549", "2014-12-31": "$5,455", "2014-09-30": "$5,440", "2014-06-30": "$5,252", "2014-03-31": "$5,385", "2013-12-31": "$6,291", "2013-09-30": "$6,684", "2013-06-30": "$7,190", "2013-03-31": "$7,186", "2012-12-31": "$7,023", "2012-09-30": "$7,136", "2012-06-30": "$7,128", "2012-03-31": "$6,290", "2011-12-31": "$6,252", "2011-09-30": "$6,038", "2011-06-30": "$6,034", "2011-03-31": "$5,058", "2010-12-31": "$5,267", "2010-09-30": "$5,511", "2010-06-30": "$5,152", "2010-03-31": "$4,919", "2009-12-31": "$5,479", "2009-09-30": "$5,420", "2009-06-30": "$5,293", "2009-03-31": "$5,798", "2008-12-31": "$6,072", "2008-09-30": "$5,674", "2008-06-30": "$5,774", "2008-03-31": "$4,807", "2007-12-31": "$4,712", "2007-09-30": "$4,115", "2007-06-30": "$4,222", "2007-03-31": "$3,642", "2006-12-31": "$3,633", "2006-09-30": "$3,364", "2006-06-30": "$3,456", "2006-03-31": "$3,625", "2005-12-31": "$3,963", "2005-09-30": "$3,419", "2005-06-30": "$2,920", "2005-03-31": "$2,860"}}, "gross-profit": {"Fluor Annual Gross Profit (Millions of US $)": {"2019": "$-427", "2018": "$369", "2017": "$278", "2016": "$790", "2015": "$1,095", "2014": "$1,399", "2013": "$1,365", "2012": "$885", "2011": "$1,149", "2010": "$705", "2009": "$1,301", "2008": "$1,244", "2007": "$822", "2006": "$556", "2005": "$436"}, "Fluor Quarterly Gross Profit (Millions of US $)": {"2020-09-30": "$134", "2020-06-30": "$67", "2020-03-31": "$61", "2019-12-31": "$-150", "2019-09-30": "$91", "2019-06-30": "$-431", "2019-03-31": "$63", "2018-12-31": "$-86", "2018-09-30": "$187", "2018-06-30": "$210", "2018-03-31": "$58", "2017-12-31": "$-126", "2017-09-30": "$222", "2017-06-30": "$32", "2017-03-31": "$150", "2016-12-31": "$249", "2016-09-30": "$37", "2016-06-30": "$248", "2016-03-31": "$256", "2015-12-31": "$252", "2015-09-30": "$251", "2015-06-30": "$294", "2015-03-31": "$297", "2014-12-31": "$361", "2014-09-30": "$380", "2014-06-30": "$345", "2014-03-31": "$312", "2013-12-31": "$336", "2013-09-30": "$355", "2013-06-30": "$333", "2013-03-31": "$342", "2012-12-31": "$-16", "2012-09-30": "$306", "2012-06-30": "$318", "2012-03-31": "$276", "2011-12-31": "$310", "2011-09-30": "$262", "2011-06-30": "$307", "2011-03-31": "$270", "2010-12-31": "$99", "2010-09-30": "$62", "2010-06-30": "$284", "2010-03-31": "$261", "2009-12-31": "$323", "2009-09-30": "$312", "2009-06-30": "$317", "2009-03-31": "$349", "2008-12-31": "$331", "2008-09-30": "$332", "2008-06-30": "$324", "2008-03-31": "$257", "2007-12-31": "$268", "2007-09-30": "$190", "2007-06-30": "$187", "2007-03-31": "$177", "2006-12-31": "$164", "2006-09-30": "$47", "2006-06-30": "$162", "2006-03-31": "$184", "2005-12-31": "$105", "2005-09-30": "$181", "2005-06-30": "$32", "2005-03-31": "$119"}}, "operating-income": {"Fluor Annual Operating Income (Millions of US $)": {"2019": "$-1,257", "2018": "$229", "2017": "$94", "2016": "$599", "2015": "$686", "2014": "$1,216", "2013": "$1,190", "2012": "$734", "2011": "$985", "2010": "$549", "2009": "$1,123", "2008": "$1,094", "2007": "$628", "2006": "$378", "2005": "$292"}, "Fluor Quarterly Operating Income (Millions of US $)": {"2020-09-30": "$66", "2020-06-30": "$23", "2020-03-31": "$-222", "2019-12-31": "$-472", "2019-09-30": "$-254", "2019-06-30": "$-508", "2019-03-31": "$-23", "2018-12-31": "$-90", "2018-09-30": "$126", "2018-06-30": "$192", "2018-03-31": "$1", "2017-12-31": "$-171", "2017-09-30": "$176", "2017-06-30": "$-15", "2017-03-31": "$105", "2016-12-31": "$193", "2016-09-30": "$10", "2016-06-30": "$196", "2016-03-31": "$201", "2015-12-31": "$-32", "2015-09-30": "$216", "2015-06-30": "$246", "2015-03-31": "$256", "2014-12-31": "$308", "2014-09-30": "$345", "2014-06-30": "$289", "2014-03-31": "$275", "2013-12-31": "$271", "2013-09-30": "$308", "2013-06-30": "$301", "2013-03-31": "$309", "2012-12-31": "$-57", "2012-09-30": "$265", "2012-06-30": "$287", "2012-03-31": "$238", "2011-12-31": "$248", "2011-09-30": "$225", "2011-06-30": "$276", "2011-03-31": "$236", "2010-12-31": "$41", "2010-09-30": "$22", "2010-06-30": "$256", "2010-03-31": "$230", "2009-12-31": "$261", "2009-09-30": "$263", "2009-06-30": "$275", "2009-03-31": "$324", "2008-12-31": "$327", "2008-09-30": "$287", "2008-06-30": "$262", "2008-03-31": "$218", "2007-12-31": "$216", "2007-09-30": "$145", "2007-06-30": "$135", "2007-03-31": "$132", "2006-12-31": "$114", "2006-09-30": "$14", "2006-06-30": "$107", "2006-03-31": "$143", "2005-12-31": "$52", "2005-09-30": "$156", "2005-06-30": "$4", "2005-03-31": "$80"}}, "ebitda": {"Fluor Annual EBITDA (Millions of US $)": {"2019": "$-1,050", "2018": "$489", "2017": "$360", "2016": "$865", "2015": "$937", "2014": "$1,457", "2013": "$1,440", "2012": "$984", "2011": "$1,224", "2010": "$786", "2009": "$1,338", "2008": "$1,299", "2007": "$816", "2006": "$539", "2005": "$415"}, "Fluor Quarterly EBITDA (Millions of US $)": {"2020-09-30": "$90", "2020-06-30": "$54", "2020-03-31": "$-187", "2019-12-31": "$-435", "2019-09-30": "$-211", "2019-06-30": "$-444", "2019-03-31": "$40", "2018-12-31": "$-30", "2018-09-30": "$190", "2018-06-30": "$258", "2018-03-31": "$71", "2017-12-31": "$-104", "2017-09-30": "$241", "2017-06-30": "$47", "2017-03-31": "$176", "2016-12-31": "$259", "2016-09-30": "$77", "2016-06-30": "$267", "2016-03-31": "$262", "2015-12-31": "$36", "2015-09-30": "$276", "2015-06-30": "$309", "2015-03-31": "$317", "2014-12-31": "$368", "2014-09-30": "$407", "2014-06-30": "$348", "2014-03-31": "$334", "2013-12-31": "$327", "2013-09-30": "$373", "2013-06-30": "$366", "2013-03-31": "$374", "2012-12-31": "$8", "2012-09-30": "$328", "2012-06-30": "$349", "2012-03-31": "$299", "2011-12-31": "$308", "2011-09-30": "$284", "2011-06-30": "$335", "2011-03-31": "$297", "2010-12-31": "$104", "2010-09-30": "$82", "2010-06-30": "$315", "2010-03-31": "$286", "2009-12-31": "$316", "2009-09-30": "$317", "2009-06-30": "$329", "2009-03-31": "$376", "2008-12-31": "$383", "2008-09-30": "$339", "2008-06-30": "$313", "2008-03-31": "$264", "2007-12-31": "$273", "2007-09-30": "$189", "2007-06-30": "$180", "2007-03-31": "$174", "2006-12-31": "$161", "2006-09-30": "$53", "2006-06-30": "$145", "2006-03-31": "$179", "2005-12-31": "$84", "2005-09-30": "$187", "2005-06-30": "$35", "2005-03-31": "$109"}}, "net-income": {"Fluor Annual Net Income (Millions of US $)": {"2019": "$-1,522", "2018": "$173", "2017": "$154", "2016": "$281", "2015": "$413", "2014": "$511", "2013": "$668", "2012": "$456", "2011": "$594", "2010": "$357", "2009": "$685", "2008": "$716", "2007": "$528", "2006": "$263", "2005": "$227"}, "Fluor Quarterly Net Income (Millions of US $)": {"2020-09-30": "$19", "2020-06-30": "$-25", "2020-03-31": "$-266", "2019-12-31": "$-296", "2019-09-30": "$-743", "2019-06-30": "$-414", "2019-03-31": "$-69", "2018-12-31": "$-1", "2018-09-30": "$77", "2018-06-30": "$115", "2018-03-31": "$-18", "2017-12-31": "$23", "2017-09-30": "$94", "2017-06-30": "$-24", "2017-03-31": "$61", "2016-12-31": "$70", "2016-09-30": "$5", "2016-06-30": "$102", "2016-03-31": "$104", "2015-12-31": "$-51", "2015-09-30": "$171", "2015-06-30": "$149", "2015-03-31": "$144", "2014-12-31": "$215", "2014-09-30": "$70", "2014-06-30": "$78", "2014-03-31": "$149", "2013-12-31": "$167", "2013-09-30": "$173", "2013-06-30": "$161", "2013-03-31": "$166", "2012-12-31": "$-4", "2012-09-30": "$145", "2012-06-30": "$161", "2012-03-31": "$155", "2011-12-31": "$153", "2011-09-30": "$135", "2011-06-30": "$165", "2011-03-31": "$140", "2010-12-31": "$117", "2010-09-30": "$-54", "2010-06-30": "$157", "2010-03-31": "$137", "2009-12-31": "$149", "2009-09-30": "$162", "2009-06-30": "$169", "2009-03-31": "$205", "2008-12-31": "$190", "2008-09-30": "$182", "2008-06-30": "$208", "2008-03-31": "$137", "2007-12-31": "$254", "2007-09-30": "$94", "2007-06-30": "$96", "2007-03-31": "$85", "2006-12-31": "$81", "2006-09-30": "$27", "2006-06-30": "$67", "2006-03-31": "$89", "2005-12-31": "$65", "2005-09-30": "$131", "2005-06-30": "$-16", "2005-03-31": "$47"}}, "eps-earnings-per-share-diluted": {"Fluor Annual EPS": {"2019": "$-10.87", "2018": "$1.23", "2017": "$1.09", "2016": "$2.00", "2015": "$2.81", "2014": "$3.20", "2013": "$4.06", "2012": "$2.71", "2011": "$3.40", "2010": "$1.98", "2009": "$3.75", "2008": "$3.89", "2007": "$2.88", "2006": "$1.48", "2005": "$1.31"}, "Fluor Quarterly EPS": {"2020-09-30": "$0.14", "2020-06-30": "$-0.18", "2020-03-31": "$-1.90", "2019-12-31": "$-2.13", "2019-09-30": "$-5.30", "2019-06-30": "$-2.95", "2019-03-31": "$-0.49", "2018-12-31": "$0.00", "2018-09-30": "$0.55", "2018-06-30": "$0.81", "2018-03-31": "$-0.13", "2017-12-31": "$0.16", "2017-09-30": "$0.67", "2017-06-30": "$-0.17", "2017-03-31": "$0.43", "2016-12-31": "$0.51", "2016-09-30": "$0.03", "2016-06-30": "$0.72", "2016-03-31": "$0.74", "2015-12-31": "$-0.32", "2015-09-30": "$1.17", "2015-06-30": "$1.00", "2015-03-31": "$0.96", "2014-12-31": "$1.36", "2014-09-30": "$0.44", "2014-06-30": "$0.48", "2014-03-31": "$0.92", "2013-12-31": "$1.01", "2013-09-30": "$1.05", "2013-06-30": "$0.98", "2013-03-31": "$1.02", "2012-12-31": "$-0.01", "2012-09-30": "$0.86", "2012-06-30": "$0.95", "2012-03-31": "$0.91", "2011-12-31": "$0.90", "2011-09-30": "$0.78", "2011-06-30": "$0.94", "2011-03-31": "$0.78", "2010-12-31": "$0.65", "2010-09-30": "$-0.30", "2010-06-30": "$0.87", "2010-03-31": "$0.76", "2009-12-31": "$0.81", "2009-09-30": "$0.89", "2009-06-30": "$0.93", "2009-03-31": "$1.12", "2008-12-31": "$1.03", "2008-09-30": "$1.00", "2008-06-30": "$1.12", "2008-03-31": "$0.74", "2007-12-31": "$1.37", "2007-09-30": "$0.51", "2007-06-30": "$0.53", "2007-03-31": "$0.47", "2006-12-31": "$0.46", "2006-09-30": "$0.16", "2006-06-30": "$0.37", "2006-03-31": "$0.50", "2005-12-31": "$0.37", "2005-09-30": "$0.76", "2005-06-30": "$-0.10", "2005-03-31": "$0.28"}}, "shares-outstanding": {"Fluor Annual Shares Outstanding (Millions of Shares)": {"2019": "140", "2018": "141", "2017": "141", "2016": "141", "2015": "147", "2014": "160", "2013": "164", "2012": "168", "2011": "175", "2010": "181", "2009": "181", "2008": "183", "2007": "181", "2006": "178", "2005": "173"}, "Fluor Quarterly Shares Outstanding (Millions of Shares)": {"2020-09-30": "141", "2020-06-30": "141", "2020-03-31": "140", "2019-12-31": "140", "2019-09-30": "140", "2019-06-30": "140", "2019-03-31": "140", "2018-12-31": "141", "2018-09-30": "142", "2018-06-30": "141", "2018-03-31": "140", "2017-12-31": "141", "2017-09-30": "141", "2017-06-30": "140", "2017-03-31": "141", "2016-12-31": "141", "2016-09-30": "141", "2016-06-30": "141", "2016-03-31": "141", "2015-12-31": "147", "2015-09-30": "146", "2015-06-30": "148", "2015-03-31": "150", "2014-12-31": "160", "2014-09-30": "159", "2014-06-30": "160", "2014-03-31": "162", "2013-12-31": "164", "2013-09-30": "165", "2013-06-30": "164", "2013-03-31": "164", "2012-12-31": "168", "2012-09-30": "168", "2012-06-30": "169", "2012-03-31": "170", "2011-12-31": "175", "2011-09-30": "173", "2011-06-30": "175", "2011-03-31": "179", "2010-12-31": "181", "2010-09-30": "178", "2010-06-30": "181", "2010-03-31": "181", "2009-12-31": "181", "2009-09-30": "181", "2009-06-30": "181", "2009-03-31": "181", "2008-12-31": "183", "2008-09-30": "181", "2008-06-30": "184", "2008-03-31": "183", "2007-12-31": "181", "2007-09-30": "183", "2007-06-30": "182", "2007-03-31": "180", "2006-12-31": "178", "2006-09-30": "178", "2006-06-30": "179", "2006-03-31": "178", "2005-12-31": "173", "2005-09-30": "174", "2005-06-30": "170", "2005-03-31": "170"}}, "total-assets": {"Fluor Annual Total Assets (Millions of US $)": {"2019": "$7,967", "2018": "$8,883", "2017": "$9,328", "2016": "$9,216", "2015": "$7,625", "2014": "$8,194", "2013": "$8,324", "2012": "$8,276", "2011": "$8,268", "2010": "$7,615", "2009": "$7,178", "2008": "$6,424", "2007": "$5,796", "2006": "$4,875", "2005": "$4,574"}, "Fluor Quarterly Total Assets (Millions of US $)": {"2020-09-30": "$7,272", "2020-06-30": "$7,241", "2020-03-31": "$7,292", "2019-12-31": "$7,967", "2019-09-30": "$7,884", "2019-06-30": "$8,974", "2019-03-31": "$9,042", "2018-12-31": "$8,883", "2018-09-30": "$9,148", "2018-06-30": "$9,119", "2018-03-31": "$9,425", "2017-12-31": "$9,328", "2017-09-30": "$9,194", "2017-06-30": "$9,222", "2017-03-31": "$9,160", "2016-12-31": "$9,216", "2016-09-30": "$9,317", "2016-06-30": "$9,241", "2016-03-31": "$9,002", "2015-12-31": "$7,625", "2015-09-30": "$7,599", "2015-06-30": "$7,560", "2015-03-31": "$7,619", "2014-12-31": "$8,194", "2014-09-30": "$8,049", "2014-06-30": "$8,399", "2014-03-31": "$7,992", "2013-12-31": "$8,324", "2013-09-30": "$8,727", "2013-06-30": "$8,368", "2013-03-31": "$8,463", "2012-12-31": "$8,276", "2012-09-30": "$8,769", "2012-06-30": "$8,392", "2012-03-31": "$8,521", "2011-12-31": "$8,268", "2011-09-30": "$8,190", "2011-06-30": "$7,669", "2011-03-31": "$7,550", "2010-12-31": "$7,615", "2010-09-30": "$7,692", "2010-06-30": "$7,268", "2010-03-31": "$7,254", "2009-12-31": "$7,178", "2009-09-30": "$7,065", "2009-06-30": "$6,908", "2009-03-31": "$6,720", "2008-12-31": "$6,424", "2008-09-30": "$6,605", "2008-06-30": "$6,670", "2008-03-31": "$6,172", "2007-12-31": "$5,796", "2007-09-30": "$5,547", "2007-06-30": "$5,280", "2007-03-31": "$5,044", "2006-12-31": "$4,875", "2006-09-30": "$4,883", "2006-06-30": "$4,813", "2006-03-31": "$4,855", "2005-12-31": "$4,574", "2005-09-30": "$4,224", "2005-06-30": "$4,094", "2005-03-31": "$4,208"}}, "cash-on-hand": {"Fluor Annual Cash on Hand (Millions of US $)": {"2019": "$2,004", "2018": "$1,980", "2017": "$1,965", "2016": "$1,961", "2015": "$2,147", "2014": "$2,098", "2013": "$2,470", "2012": "$2,292", "2011": "$2,258", "2010": "$2,328", "2009": "$2,291", "2008": "$2,108", "2007": "$1,714", "2006": "$976", "2005": "$789"}, "Fluor Quarterly Cash on Hand (Millions of US $)": {"2020-09-30": "$2,111", "2020-06-30": "$1,982", "2020-03-31": "$1,877", "2019-12-31": "$2,004", "2019-09-30": "$1,853", "2019-06-30": "$1,930", "2019-03-31": "$1,905", "2018-12-31": "$1,980", "2018-09-30": "$1,923", "2018-06-30": "$1,783", "2018-03-31": "$1,828", "2017-12-31": "$1,965", "2017-09-30": "$2,005", "2017-06-30": "$2,014", "2017-03-31": "$2,043", "2016-12-31": "$1,961", "2016-09-30": "$1,911", "2016-06-30": "$1,752", "2016-03-31": "$1,865", "2015-12-31": "$2,147", "2015-09-30": "$2,027", "2015-06-30": "$1,890", "2015-03-31": "$1,957", "2014-12-31": "$2,098", "2014-09-30": "$2,068", "2014-06-30": "$2,343", "2014-03-31": "$2,326", "2013-12-31": "$2,470", "2013-09-30": "$2,695", "2013-06-30": "$2,297", "2013-03-31": "$2,175", "2012-12-31": "$2,292", "2012-09-30": "$2,529", "2012-06-30": "$2,231", "2012-03-31": "$2,228", "2011-12-31": "$2,258", "2011-09-30": "$2,465", "2011-06-30": "$2,223", "2011-03-31": "$2,346", "2010-12-31": "$2,328", "2010-09-30": "$2,167", "2010-06-30": "$1,761", "2010-03-31": "$1,968", "2009-12-31": "$2,291", "2009-09-30": "$2,020", "2009-06-30": "$2,109", "2009-03-31": "$2,047", "2008-12-31": "$2,108", "2008-09-30": "$2,225", "2008-06-30": "$2,353", "2008-03-31": "$1,885", "2007-12-31": "$1,714", "2007-09-30": "$1,571", "2007-06-30": "$1,454", "2007-03-31": "$1,108", "2006-12-31": "$976", "2006-09-30": "$895", "2006-06-30": "$585", "2006-03-31": "$654", "2005-12-31": "$789", "2005-09-30": "$1,047", "2005-06-30": "$689", "2005-03-31": "$643"}}, "long-term-debt": {"Fluor Annual Long Term Debt (Millions of US $)": {"2019": "$1,652", "2018": "$1,662", "2017": "$1,592", "2016": "$1,518", "2015": "$987", "2014": "$992", "2013": "$497", "2012": "$520", "2011": "$514", "2010": "$18", "2009": "$18", "2008": "$18", "2007": "$18", "2006": "$187", "2005": "$92"}, "Fluor Quarterly Long Term Debt (Millions of US $)": {"2020-09-30": "$1,677", "2020-06-30": "$1,655", "2020-03-31": "$1,647", "2019-12-31": "$1,652", "2019-09-30": "$1,637", "2019-06-30": "$1,657", "2019-03-31": "$1,651", "2018-12-31": "$1,662", "2018-09-30": "$1,667", "2018-06-30": "$1,575", "2018-03-31": "$1,608", "2017-12-31": "$1,592", "2017-09-30": "$1,581", "2017-06-30": "$1,560", "2017-03-31": "$1,526", "2016-12-31": "$1,518", "2016-09-30": "$1,556", "2016-06-30": "$1,547", "2016-03-31": "$1,572", "2015-12-31": "$987", "2015-09-30": "$1,562", "2015-06-30": "$992", "2015-03-31": "$992", "2014-12-31": "$992", "2014-09-30": "$497", "2014-06-30": "$497", "2014-03-31": "$497", "2013-12-31": "$497", "2013-09-30": "$496", "2013-06-30": "$496", "2013-03-31": "$496", "2012-12-31": "$520", "2012-09-30": "$525", "2012-06-30": "$514", "2012-03-31": "$514", "2011-12-31": "$514", "2011-09-30": "$513", "2011-06-30": "$18", "2011-03-31": "$18", "2010-12-31": "$18", "2010-09-30": "$18", "2010-06-30": "$18", "2010-03-31": "$18", "2009-12-31": "$18", "2009-09-30": "$18", "2009-06-30": "$18", "2009-03-31": "$139", "2008-12-31": "$18", "2008-09-30": "$18", "2008-06-30": "$18", "2008-03-31": "$18", "2007-12-31": "$18", "2007-09-30": "$279", "2007-06-30": "$238", "2007-03-31": "$212", "2006-12-31": "$187", "2006-09-30": "$134", "2006-06-30": "$130", "2006-03-31": "$106", "2005-12-31": "$92", "2005-09-30": "$348", "2005-06-30": "$348", "2005-03-31": "$348"}}, "total-liabilities": {"Fluor Annual Total Liabilities (Millions of US $)": {"2019": "$6,383", "2018": "$5,902", "2017": "$5,835", "2016": "$5,974", "2015": "$4,512", "2014": "$4,971", "2013": "$4,443", "2012": "$4,849", "2011": "$4,808", "2010": "$4,086", "2009": "$3,845", "2008": "$3,700", "2007": "$3,522", "2006": "$3,144", "2005": "$2,944"}, "Fluor Quarterly Total Liabilities (Millions of US $)": {"2020-09-30": "$5,965", "2020-06-30": "$6,010", "2020-03-31": "$6,082", "2019-12-31": "$6,383", "2019-09-30": "$6,200", "2019-06-30": "$6,476", "2019-03-31": "$5,926", "2018-12-31": "$5,902", "2018-09-30": "$5,948", "2018-06-30": "$5,934", "2018-03-31": "$6,296", "2017-12-31": "$5,835", "2017-09-30": "$5,760", "2017-06-30": "$5,911", "2017-03-31": "$5,814", "2016-12-31": "$5,974", "2016-09-30": "$6,062", "2016-06-30": "$5,958", "2016-03-31": "$5,781", "2015-12-31": "$4,512", "2015-09-30": "$4,423", "2015-06-30": "$4,339", "2015-03-31": "$4,418", "2014-12-31": "$4,971", "2014-09-30": "$4,339", "2014-06-30": "$4,610", "2014-03-31": "$4,158", "2013-12-31": "$4,443", "2013-09-30": "$4,783", "2013-06-30": "$4,628", "2013-03-31": "$4,858", "2012-12-31": "$4,849", "2012-09-30": "$4,998", "2012-06-30": "$4,754", "2012-03-31": "$4,909", "2011-12-31": "$4,808", "2011-09-30": "$4,824", "2011-06-30": "$4,115", "2011-03-31": "$4,102", "2010-12-31": "$4,086", "2010-09-30": "$4,139", "2010-06-30": "$3,707", "2010-03-31": "$3,811", "2009-12-31": "$3,845", "2009-09-30": "$3,898", "2009-06-30": "$3,848", "2009-03-31": "$3,862", "2008-12-31": "$3,700", "2008-09-30": "$3,864", "2008-06-30": "$4,052", "2008-03-31": "$3,767", "2007-12-31": "$3,522", "2007-09-30": "$3,551", "2007-06-30": "$3,400", "2007-03-31": "$3,284", "2006-12-31": "$3,144", "2006-09-30": "$3,056", "2006-06-30": "$3,022", "2006-03-31": "$3,140", "2005-12-31": "$2,944", "2005-09-30": "$2,688", "2005-06-30": "$2,703", "2005-03-31": "$2,777"}}, "total-share-holder-equity": {"Fluor Annual Share Holder Equity (Millions of US $)": {"2019": "$1,584", "2018": "$2,980", "2017": "$3,492", "2016": "$3,243", "2015": "$3,113", "2014": "$3,224", "2013": "$3,881", "2012": "$3,427", "2011": "$3,460", "2010": "$3,529", "2009": "$3,334", "2008": "$2,723", "2007": "$2,274", "2006": "$1,730", "2005": "$1,631"}, "Fluor Quarterly Share Holder Equity (Millions of US $)": {"2020-09-30": "$1,307", "2020-06-30": "$1,231", "2020-03-31": "$1,210", "2019-12-31": "$1,584", "2019-09-30": "$1,684", "2019-06-30": "$2,497", "2019-03-31": "$3,116", "2018-12-31": "$2,980", "2018-09-30": "$3,200", "2018-06-30": "$3,185", "2018-03-31": "$3,129", "2017-12-31": "$3,492", "2017-09-30": "$3,434", "2017-06-30": "$3,311", "2017-03-31": "$3,346", "2016-12-31": "$3,243", "2016-09-30": "$3,255", "2016-06-30": "$3,284", "2016-03-31": "$3,221", "2015-12-31": "$3,113", "2015-09-30": "$3,176", "2015-06-30": "$3,222", "2015-03-31": "$3,201", "2014-12-31": "$3,224", "2014-09-30": "$3,710", "2014-06-30": "$3,789", "2014-03-31": "$3,834", "2013-12-31": "$3,881", "2013-09-30": "$3,944", "2013-06-30": "$3,740", "2013-03-31": "$3,605", "2012-12-31": "$3,427", "2012-09-30": "$3,771", "2012-06-30": "$3,638", "2012-03-31": "$3,612", "2011-12-31": "$3,460", "2011-09-30": "$3,366", "2011-06-30": "$3,554", "2011-03-31": "$3,449", "2010-12-31": "$3,529", "2010-09-30": "$3,553", "2010-06-30": "$3,561", "2010-03-31": "$3,443", "2009-12-31": "$3,334", "2009-09-30": "$3,167", "2009-06-30": "$3,060", "2009-03-31": "$2,858", "2008-12-31": "$2,723", "2008-09-30": "$2,741", "2008-06-30": "$2,618", "2008-03-31": "$2,405", "2007-12-31": "$2,274", "2007-09-30": "$1,996", "2007-06-30": "$1,881", "2007-03-31": "$1,760", "2006-12-31": "$1,730", "2006-09-30": "$1,826", "2006-06-30": "$1,790", "2006-03-31": "$1,715", "2005-12-31": "$1,631", "2005-09-30": "$1,536", "2005-06-30": "$1,391", "2005-03-31": "$1,431"}}, "profit-margins": {"current": "-3.63%"}, "gross margin": {"2020-09-30": "0.83%", "2020-06-30": "0.48%", "2020-03-31": "-2.99%", "2019-12-31": "-2.98%", "2019-09-30": "-2.50%", "2019-06-30": "-1.94%", "2019-03-31": "2.58%", "2018-12-31": "2.43%", "2018-09-30": "2.37%", "2018-06-30": "2.43%", "2018-03-31": "1.26%", "2017-12-31": "1.88%", "2017-09-30": "3.35%", "2017-06-30": "2.42%", "2017-03-31": "3.52%", "2016-12-31": "4.15%", "2016-09-30": "4.31%", "2016-06-30": "5.58%", "2016-03-31": "5.85%", "2015-12-31": "6.04%", "2015-09-30": "6.27%", "2015-06-30": "6.58%", "2015-03-31": "6.68%", "2014-12-31": "6.49%", "2014-09-30": "6.14%", "2014-06-30": "5.71%", "2014-03-31": "5.23%", "2013-12-31": "4.99%", "2013-09-30": "3.61%", "2013-06-30": "3.38%", "2013-03-31": "3.34%", "2012-12-31": "3.21%", "2012-09-30": "4.51%", "2012-06-30": "4.54%", "2012-03-31": "4.69%", "2011-12-31": "4.91%", "2011-09-30": "4.19%", "2011-06-30": "3.37%", "2011-03-31": "3.41%", "2010-12-31": "3.39%", "2010-09-30": "4.42%", "2010-06-30": "5.63%", "2010-03-31": "5.75%", "2009-12-31": "5.92%", "2009-09-30": "5.80%", "2009-06-30": "5.82%", "2009-03-31": "5.73%", "2008-12-31": "5.57%", "2008-09-30": "5.63%", "2008-06-30": "5.35%", "2008-03-31": "5.05%", "2007-12-31": "4.92%", "2007-09-30": "4.60%", "2007-06-30": "3.87%", "2007-03-31": "3.90%", "2006-12-31": "3.96%", "2006-09-30": "3.46%", "2006-06-30": "4.37%", "2006-03-31": "3.60%", "2005-12-31": "3.32%"}, "operating margin": {"2020-09-30": "-4.50%", "2020-06-30": "-6.48%", "2020-03-31": "-10.16%", "2019-12-31": "-8.76%", "2019-09-30": "-6.02%", "2019-06-30": "-3.60%", "2019-03-31": "1.42%", "2018-12-31": "1.51%", "2018-09-30": "1.07%", "2018-06-30": "1.32%", "2018-03-31": "-0.06%", "2017-12-31": "0.64%", "2017-09-30": "2.36%", "2017-06-30": "1.52%", "2017-03-31": "2.59%", "2016-12-31": "3.15%", "2016-09-30": "2.04%", "2016-06-30": "3.22%", "2016-03-31": "3.51%", "2015-12-31": "3.79%", "2015-09-30": "5.34%", "2015-06-30": "5.70%", "2015-03-31": "5.79%", "2014-12-31": "5.65%", "2014-09-30": "5.28%", "2014-06-30": "4.84%", "2014-03-31": "4.52%", "2013-12-31": "4.35%", "2013-09-30": "3.07%", "2013-06-30": "2.87%", "2013-03-31": "2.82%", "2012-12-31": "2.66%", "2012-09-30": "3.87%", "2012-06-30": "3.88%", "2012-03-31": "4.01%", "2011-12-31": "4.21%", "2011-09-30": "3.47%", "2011-06-30": "2.63%", "2011-03-31": "2.64%", "2010-12-31": "2.63%", "2010-09-30": "3.65%", "2010-06-30": "4.82%", "2010-03-31": "4.87%", "2009-12-31": "5.11%", "2009-09-30": "5.27%", "2009-06-30": "5.31%", "2009-03-31": "5.15%", "2008-12-31": "4.90%", "2008-09-30": "4.69%", "2008-06-30": "4.33%", "2008-03-31": "4.00%", "2007-12-31": "3.76%", "2007-09-30": "3.37%", "2007-06-30": "2.66%", "2007-03-31": "2.60%", "2006-12-31": "2.69%", "2006-09-30": "2.19%", "2006-06-30": "3.17%", "2006-03-31": "2.55%", "2005-12-31": "2.22%"}, "ebitda margin": {"2020-09-30": "-3.55%", "2020-06-30": "-5.46%", "2020-03-31": "-8.91%", "2019-12-31": "-7.32%", "2019-09-30": "-4.44%", "2019-06-30": "-1.78%", "2019-03-31": "3.16%", "2018-12-31": "3.22%", "2018-09-30": "2.99%", "2018-06-30": "3.11%", "2018-03-31": "1.72%", "2017-12-31": "2.43%", "2017-09-30": "3.71%", "2017-06-30": "2.90%", "2017-03-31": "4.01%", "2016-12-31": "4.54%", "2016-09-30": "3.49%", "2016-06-30": "4.66%", "2016-03-31": "4.91%", "2015-12-31": "5.18%", "2015-09-30": "6.61%", "2015-06-30": "6.92%", "2015-03-31": "6.96%", "2014-12-31": "6.77%", "2014-09-30": "6.33%", "2014-06-30": "5.85%", "2014-03-31": "5.48%", "2013-12-31": "5.26%", "2013-09-30": "3.99%", "2013-06-30": "3.77%", "2013-03-31": "3.72%", "2012-12-31": "3.57%", "2012-09-30": "4.79%", "2012-06-30": "4.82%", "2012-03-31": "4.98%", "2011-12-31": "5.23%", "2011-09-30": "4.55%", "2011-06-30": "3.74%", "2011-03-31": "3.80%", "2010-12-31": "3.77%", "2010-09-30": "4.74%", "2010-06-30": "5.88%", "2010-03-31": "5.91%", "2009-12-31": "6.08%", "2009-09-30": "6.22%", "2009-06-30": "6.25%", "2009-03-31": "6.05%", "2008-12-31": "5.82%", "2008-09-30": "5.67%", "2008-06-30": "5.35%", "2008-03-31": "5.07%", "2007-12-31": "4.89%", "2007-09-30": "4.51%", "2007-06-30": "3.82%", "2007-03-31": "3.78%", "2006-12-31": "3.82%", "2006-09-30": "3.20%", "2006-06-30": "4.11%", "2006-03-31": "3.48%", "2005-12-31": "3.15%"}, "pre tax profit margin": {"2020-09-30": "-4.77%", "2020-06-30": "-6.67%", "2020-03-31": "-10.30%", "2019-12-31": "-8.90%", "2019-09-30": "-6.18%", "2019-06-30": "-3.84%", "2019-03-31": "1.16%", "2018-12-31": "1.24%", "2018-09-30": "0.76%", "2018-06-30": "1.06%", "2018-03-31": "-0.33%", "2017-12-31": "0.36%", "2017-09-30": "2.12%", "2017-06-30": "1.27%", "2017-03-31": "2.31%", "2016-12-31": "2.87%", "2016-09-30": "1.78%", "2016-06-30": "3.38%", "2016-03-31": "3.71%", "2015-12-31": "4.01%", "2015-09-30": "5.58%", "2015-06-30": "5.61%", "2015-03-31": "5.71%", "2014-12-31": "5.59%", "2014-09-30": "5.22%", "2014-06-30": "4.78%", "2014-03-31": "4.47%", "2013-12-31": "4.31%", "2013-09-30": "3.03%", "2013-06-30": "2.84%", "2013-03-31": "2.81%", "2012-12-31": "2.66%", "2012-09-30": "3.89%", "2012-06-30": "3.92%", "2012-03-31": "4.07%", "2011-12-31": "4.29%", "2011-09-30": "3.55%", "2011-06-30": "2.69%", "2011-03-31": "2.70%", "2010-12-31": "2.68%", "2010-09-30": "3.71%", "2010-06-30": "4.87%", "2010-03-31": "4.93%", "2009-12-31": "5.17%", "2009-09-30": "5.01%", "2009-06-30": "5.11%", "2009-03-31": "5.33%", "2008-12-31": "5.11%", "2008-09-30": "5.28%", "2008-06-30": "4.95%", "2008-03-31": "4.21%", "2007-12-31": "3.95%", "2007-09-30": "3.55%", "2007-06-30": "2.78%", "2007-03-31": "2.67%", "2006-12-31": "2.72%", "2006-09-30": "2.22%", "2006-06-30": "3.20%", "2006-03-31": "2.60%", "2005-12-31": "2.28%"}, "net profit margin": {"2020-09-30": "-4.22%", "2020-06-30": "-9.32%", "2020-03-31": "-11.99%", "2019-12-31": "-10.61%", "2019-09-30": "-8.44%", "2019-06-30": "-2.96%", "2019-03-31": "0.84%", "2018-12-31": "1.14%", "2018-09-30": "1.42%", "2018-06-30": "1.43%", "2018-03-31": "0.51%", "2017-12-31": "1.04%", "2017-09-30": "1.03%", "2017-06-30": "0.58%", "2017-03-31": "1.22%", "2016-12-31": "1.48%", "2016-09-30": "0.87%", "2016-06-30": "1.81%", "2016-03-31": "2.07%", "2015-12-31": "2.28%", "2015-09-30": "3.54%", "2015-06-30": "2.85%", "2015-03-31": "2.45%", "2014-12-31": "2.38%", "2014-09-30": "2.07%", "2014-06-30": "2.40%", "2014-03-31": "2.54%", "2013-12-31": "2.44%", "2013-09-30": "1.77%", "2013-06-30": "1.64%", "2013-03-31": "1.64%", "2012-12-31": "1.66%", "2012-09-30": "2.29%", "2012-06-30": "2.35%", "2012-03-31": "2.47%", "2011-12-31": "2.54%", "2011-09-30": "2.49%", "2011-06-30": "1.68%", "2011-03-31": "1.72%", "2010-12-31": "1.71%", "2010-09-30": "1.85%", "2010-06-30": "2.89%", "2010-03-31": "2.92%", "2009-12-31": "3.12%", "2009-09-30": "3.21%", "2009-06-30": "3.27%", "2009-03-31": "3.37%", "2008-12-31": "3.21%", "2008-09-30": "3.72%", "2008-06-30": "3.57%", "2008-03-31": "3.25%", "2007-12-31": "3.17%", "2007-09-30": "2.28%", "2007-06-30": "1.94%", "2007-03-31": "1.84%", "2006-12-31": "1.88%", "2006-09-30": "1.72%", "2006-06-30": "2.43%", "2006-03-31": "1.93%", "2005-12-31": "1.72%"}, "pe ratio": {"current": "19.17", "2021-02-05": "0.00", "2020-09-30": "0.00", "2020-06-30": "0.00", "2020-03-31": "0.00", "2019-12-31": "0.00", "2019-09-30": "0.00", "2019-06-30": "0.00", "2019-03-31": "27.31", "2018-12-31": "19.43", "2018-09-30": "33.40", "2018-06-30": "26.06", "2018-03-31": "67.72", "2017-12-31": "35.83", "2017-09-30": "27.66", "2017-06-30": "54.14", "2017-03-31": "29.13", "2016-12-31": "24.45", "2016-09-30": "41.91", "2016-06-30": "19.95", "2016-03-31": "19.28", "2015-12-31": "15.53", "2015-09-30": "8.54", "2015-06-30": "12.70", "2015-03-31": "15.83", "2014-12-31": "16.93", "2014-09-30": "20.94", "2014-06-30": "19.80", "2014-03-31": "17.44", "2013-12-31": "17.52", "2013-09-30": "20.78", "2013-06-30": "18.49", "2013-03-31": "20.84", "2012-12-31": "19.16", "2012-09-30": "13.60", "2012-06-30": "12.12", "2012-03-31": "14.74", "2011-12-31": "12.78", "2011-09-30": "12.75", "2011-06-30": "26.89", "2011-03-31": "31.64", "2010-12-31": "28.70", "2010-09-30": "19.71", "2010-06-30": "10.86", "2010-03-31": "11.64", "2009-12-31": "10.17", "2009-09-30": "10.81", "2009-06-30": "10.56", "2009-03-31": "6.76", "2008-12-31": "9.58", "2008-09-30": "10.82", "2008-06-30": "20.42", "2008-03-31": "18.39", "2007-12-31": "20.77", "2007-09-30": "30.61", "2007-06-30": "28.88", "2007-03-31": "25.72", "2006-12-31": "22.88"}, "price sales": {"2021-02-05": "0.20", "2020-09-30": "0.09", "2020-06-30": "0.12", "2020-03-31": "0.07", "2019-12-31": "0.18", "2019-09-30": "0.18", "2019-06-30": "0.33", "2019-03-31": "0.35", "2018-12-31": "0.29", "2018-09-30": "0.56", "2018-06-30": "0.44", "2018-03-31": "0.51", "2017-12-31": "0.46", "2017-09-30": "0.29", "2017-06-30": "0.31", "2017-03-31": "0.35", "2016-12-31": "0.36", "2016-09-30": "0.37", "2016-06-30": "0.36", "2016-03-31": "0.40", "2015-12-31": "0.35", "2015-09-30": "0.30", "2015-06-30": "0.37", "2015-03-31": "0.39", "2014-12-31": "0.41", "2014-09-30": "0.43", "2014-06-30": "0.47", "2014-03-31": "0.44", "2013-12-31": "0.43", "2013-09-30": "0.37", "2013-06-30": "0.30", "2013-03-31": "0.34", "2012-12-31": "0.32", "2012-09-30": "0.31", "2012-06-30": "0.29", "2012-03-31": "0.37", "2011-12-31": "0.33", "2011-09-30": "0.32", "2011-06-30": "0.45", "2011-03-31": "0.54", "2010-12-31": "0.49", "2010-09-30": "0.36", "2010-06-30": "0.31", "2010-03-31": "0.34", "2009-12-31": "0.31", "2009-09-30": "0.35", "2009-06-30": "0.34", "2009-03-31": "0.23", "2008-12-31": "0.31", "2008-09-30": "0.41", "2008-06-30": "0.73", "2008-03-31": "0.60", "2007-12-31": "0.66", "2007-09-30": "0.69", "2007-06-30": "0.56", "2007-03-31": "0.47", "2006-12-31": "0.43"}, "price book": {"current": "2.08", "2021-02-05": "2.08", "2020-09-30": "0.95", "2020-06-30": "1.38", "2020-03-31": "0.80", "2019-12-31": "1.65", "2019-09-30": "1.57", "2019-06-30": "1.84", "2019-03-31": "1.60", "2018-12-31": "1.45", "2018-09-30": "2.44", "2018-06-30": "2.05", "2018-03-31": "2.43", "2017-12-31": "1.95", "2017-09-30": "1.61", "2017-06-30": "1.81", "2017-03-31": "2.04", "2016-12-31": "2.09", "2016-09-30": "2.03", "2016-06-30": "1.92", "2016-03-31": "2.12", "2015-12-31": "1.92", "2015-09-30": "1.72", "2015-06-30": "2.16", "2015-03-31": "2.36", "2014-12-31": "2.51", "2014-09-30": "2.52", "2014-06-30": "2.85", "2014-03-31": "2.87", "2013-12-31": "2.96", "2013-09-30": "2.60", "2013-06-30": "2.28", "2013-03-31": "2.64", "2012-12-31": "2.44", "2012-09-30": "2.17", "2012-06-30": "1.97", "2012-03-31": "2.43", "2011-12-31": "2.12", "2011-09-30": "2.02", "2011-06-30": "2.72", "2011-03-31": "3.20", "2010-12-31": "2.84", "2010-09-30": "2.13", "2010-06-30": "1.82", "2010-03-31": "2.05", "2009-12-31": "2.05", "2009-09-30": "2.43", "2009-06-30": "2.54", "2009-03-31": "1.83", "2008-12-31": "2.51", "2008-09-30": "3.08", "2008-06-30": "5.27", "2008-03-31": "4.34", "2007-12-31": "4.73", "2007-09-30": "5.30", "2007-06-30": "4.34", "2007-03-31": "3.72", "2006-12-31": "3.43", "2006-09-30": "3.06", "2006-06-30": "3.74", "2006-03-31": "3.59"}, "price fcf": {"2021-02-05": "", "2020-09-30": "$1.56", "2020-06-30": "$0.85", "2020-03-31": "$0.56", "2019-12-31": "$0.74", "2019-09-30": "$0.81", "2019-06-30": "$1.60", "2019-03-31": "$1.15", "2018-12-31": "$0.23", "2018-09-30": "$-0.53", "2018-06-30": "$-0.74", "2018-03-31": "$0.08", "2017-12-31": "$2.95", "2017-09-30": "$4.21", "2017-06-30": "$6.00", "2017-03-31": "$4.81", "2016-12-31": "$3.91", "2016-09-30": "$4.67", "2016-06-30": "$4.66", "2016-03-31": "$6.04", "2015-12-31": "$5.35", "2015-09-30": "$4.19", "2015-06-30": "$1.49", "2015-03-31": "$1.73", "2014-12-31": "$2.65", "2014-09-30": "$1.68", "2014-06-30": "$4.62", "2014-03-31": "$4.77", "2013-12-31": "$3.50", "2013-09-30": "$3.80", "2013-06-30": "$3.50", "2013-03-31": "$2.67", "2012-12-31": "$2.68", "2012-09-30": "$2.72", "2012-06-30": "$1.77", "2012-03-31": "$1.26", "2011-12-31": "$3.47", "2011-09-30": "$4.71", "2011-06-30": "$5.49", "2011-03-31": "$5.28", "2010-12-31": "$1.87", "2010-09-30": "$1.95", "2010-06-30": "$0.52", "2010-03-31": "$2.17", "2009-12-31": "$3.92", "2009-09-30": "$2.37", "2009-06-30": "$2.44", "2009-03-31": "$3.33", "2008-12-31": "$4.05", "2008-09-30": "$5.04", "2008-06-30": "$4.69", "2008-03-31": "$4.04", "2007-12-31": "$3.85", "2007-09-30": "$2.88", "2007-06-30": "$4.56", "2007-03-31": "$2.24", "2006-12-31": "$0.34"}, "net worth": {"value": "$2.72B"}, "current ratio": {"2020-09-30": "1.41", "2020-06-30": "1.40", "2020-03-31": "1.38", "2019-12-31": "1.37", "2019-09-30": "1.38", "2019-06-30": "1.27", "2019-03-31": "1.49", "2018-12-31": "1.47", "2018-09-30": "1.53", "2018-06-30": "1.45", "2018-03-31": "1.40", "2017-12-31": "1.57", "2017-09-30": "1.56", "2017-06-30": "1.50", "2017-03-31": "1.51", "2016-12-31": "1.47", "2016-09-30": "1.48", "2016-06-30": "1.50", "2016-03-31": "1.51", "2015-12-31": "1.74", "2015-09-30": "1.83", "2015-06-30": "1.90", "2015-03-31": "1.91", "2014-12-31": "1.73", "2014-09-30": "1.71", "2014-06-30": "1.68", "2014-03-31": "1.79", "2013-12-31": "1.76", "2013-09-30": "1.69", "2013-06-30": "1.68", "2013-03-31": "1.60", "2012-12-31": "1.57", "2012-09-30": "1.65", "2012-06-30": "1.65", "2012-03-31": "1.58", "2011-12-31": "1.53", "2011-09-30": "1.59", "2011-06-30": "1.58", "2011-03-31": "1.54", "2010-12-31": "1.58", "2010-09-30": "1.55", "2010-06-30": "1.64", "2010-03-31": "1.61", "2009-12-31": "1.55", "2009-09-30": "1.48", "2009-06-30": "1.49", "2009-03-31": "1.54", "2008-12-31": "1.48", "2008-09-30": "1.49", "2008-06-30": "1.45", "2008-03-31": "1.42", "2007-12-31": "1.42", "2007-09-30": "1.44", "2007-06-30": "1.42", "2007-03-31": "1.39", "2006-12-31": "1.38", "2006-09-30": "1.37", "2006-06-30": "1.38", "2006-03-31": "1.35", "2005-12-31": "1.33", "2005-09-30": "1.57", "2005-06-30": "1.53", "2005-03-31": "1.53"}, "quick ratio": {"2020-09-30": "0.00", "2020-06-30": "0.00", "2020-03-31": "0.00", "2019-12-31": "0.00", "2019-09-30": "1.12", "2019-06-30": "0.97", "2019-03-31": "1.04", "2018-12-31": "0.00", "2018-09-30": "1.13", "2018-06-30": "1.03", "2018-03-31": "1.01", "2017-12-31": "1.16", "2017-09-30": "1.18", "2017-06-30": "1.13", "2017-03-31": "1.12", "2016-12-31": "1.07", "2016-09-30": "1.06", "2016-06-30": "1.02", "2016-03-31": "1.06", "2015-12-31": "1.27", "2015-09-30": "1.30", "2015-06-30": "1.35", "2015-03-31": "1.38", "2014-12-31": "1.25", "2014-09-30": "1.19", "2014-06-30": "1.22", "2014-03-31": "1.26", "2013-12-31": "1.25", "2013-09-30": "1.14", "2013-06-30": "1.14", "2013-03-31": "1.11", "2012-12-31": "1.07", "2012-09-30": "1.07", "2012-06-30": "1.06", "2012-03-31": "1.05", "2011-12-31": "1.02", "2011-09-30": "1.12", "2011-06-30": "1.14", "2011-03-31": "1.13", "2010-12-31": "1.16", "2010-09-30": "1.03", "2010-06-30": "1.07", "2010-03-31": "1.09", "2009-12-31": "1.13", "2009-09-30": "1.08", "2009-06-30": "1.17", "2009-03-31": "1.22", "2008-12-31": "1.17", "2008-09-30": "1.16", "2008-06-30": "1.13", "2008-03-31": "1.09", "2007-12-31": "1.08", "2007-09-30": "1.09", "2007-06-30": "1.07", "2007-03-31": "1.01", "2006-12-31": "1.00", "2006-09-30": "0.93", "2006-06-30": "0.87", "2006-03-31": "0.79", "2005-12-31": "0.85", "2005-09-30": "1.06", "2005-06-30": "0.96", "2005-03-31": "0.89"}, "debt equity ratio": {"current": "1.28", "2020-09-30": "4.57", "2020-06-30": "4.88", "2020-03-31": "5.03", "2019-12-31": "4.03", "2019-09-30": "3.68", "2019-06-30": "2.59", "2019-03-31": "1.90", "2018-12-31": "1.98", "2018-09-30": "1.86", "2018-06-30": "1.86", "2018-03-31": "2.01", "2017-12-31": "1.67", "2017-09-30": "1.68", "2017-06-30": "1.79", "2017-03-31": "1.74", "2016-12-31": "1.84", "2016-09-30": "1.86", "2016-06-30": "1.81", "2016-03-31": "1.80", "2015-12-31": "1.45", "2015-09-30": "1.39", "2015-06-30": "1.35", "2015-03-31": "1.38", "2014-12-31": "1.54", "2014-09-30": "1.17", "2014-06-30": "1.22", "2014-03-31": "1.08", "2013-12-31": "1.15", "2013-09-30": "1.21", "2013-06-30": "1.24", "2013-03-31": "1.35", "2012-12-31": "1.42", "2012-09-30": "1.33", "2012-06-30": "1.31", "2012-03-31": "1.36", "2011-12-31": "1.39", "2011-09-30": "1.43", "2011-06-30": "1.16", "2011-03-31": "1.19", "2010-12-31": "1.16", "2010-09-30": "1.17", "2010-06-30": "1.04", "2010-03-31": "1.11", "2009-12-31": "1.15", "2009-09-30": "1.23", "2009-06-30": "1.26", "2009-03-31": "1.35", "2008-12-31": "1.36", "2008-09-30": "1.41", "2008-06-30": "1.55", "2008-03-31": "1.57", "2007-12-31": "1.55", "2007-09-30": "1.78", "2007-06-30": "1.81", "2007-03-31": "1.87", "2006-12-31": "1.82", "2006-09-30": "1.67", "2006-06-30": "1.69", "2006-03-31": "1.83", "2005-12-31": "1.81", "2005-09-30": "1.75", "2005-06-30": "1.94", "2005-03-31": "1.94"}, "return on equity": {"2020-09-30": "-42.61%", "2020-06-30": "-93.19%", "2020-03-31": "-98.58%", "2019-12-31": "-68.55%", "2019-09-30": "-47.76%", "2019-06-30": "-13.80%", "2019-03-31": "3.91%", "2018-12-31": "5.54%", "2018-09-30": "6.06%", "2018-06-30": "6.47%", "2018-03-31": "2.24%", "2017-12-31": "4.54%", "2017-09-30": "6.03%", "2017-06-30": "3.41%", "2017-03-31": "7.25%", "2016-12-31": "8.64%", "2016-09-30": "4.97%", "2016-06-30": "10.19%", "2016-03-31": "11.72%", "2015-12-31": "13.00%", "2015-09-30": "21.18%", "2015-06-30": "17.31%", "2015-03-31": "14.56%", "2014-12-31": "14.07%", "2014-09-30": "12.20%", "2014-06-30": "14.68%", "2014-03-31": "16.88%", "2013-12-31": "17.59%", "2013-09-30": "13.48%", "2013-06-30": "12.87%", "2013-03-31": "12.96%", "2012-12-31": "12.65%", "2012-09-30": "16.96%", "2012-06-30": "17.16%", "2012-03-31": "17.38%", "2011-12-31": "17.15%", "2011-09-30": "16.03%", "2011-06-30": "10.45%", "2011-03-31": "10.22%", "2010-12-31": "10.14%", "2010-09-30": "11.20%", "2010-06-30": "17.92%", "2010-03-31": "18.98%", "2009-12-31": "22.06%", "2009-09-30": "24.59%", "2009-06-30": "26.22%", "2009-03-31": "28.70%", "2008-12-31": "27.35%", "2008-09-30": "31.12%", "2008-06-30": "29.83%", "2008-03-31": "27.16%", "2007-12-31": "26.75%", "2007-09-30": "19.33%", "2007-06-30": "16.06%", "2007-03-31": "14.64%", "2006-12-31": "14.96%", "2006-09-30": "14.25%", "2006-06-30": "21.10%", "2006-03-31": "17.15%", "2005-12-31": "15.16%"}, "return on assets": {"2020-09-30": "-7.63%", "2020-06-30": "-17.51%", "2020-03-31": "-21.41%", "2019-12-31": "-17.98%", "2019-09-30": "-14.11%", "2019-06-30": "-4.52%", "2019-03-31": "1.35%", "2018-12-31": "1.89%", "2018-09-30": "2.13%", "2018-06-30": "2.31%", "2018-03-31": "0.81%", "2017-12-31": "1.67%", "2017-09-30": "2.19%", "2017-06-30": "1.21%", "2017-03-31": "2.58%", "2016-12-31": "3.06%", "2016-09-30": "1.82%", "2016-06-30": "3.90%", "2016-03-31": "4.69%", "2015-12-31": "5.43%", "2015-09-30": "8.77%", "2015-06-30": "7.36%", "2015-03-31": "6.29%", "2014-12-31": "6.28%", "2014-09-30": "5.66%", "2014-06-30": "6.78%", "2014-03-31": "7.78%", "2013-12-31": "7.87%", "2013-09-30": "5.86%", "2013-06-30": "5.53%", "2013-03-31": "5.52%", "2012-12-31": "5.38%", "2012-09-30": "7.23%", "2012-06-30": "7.24%", "2012-03-31": "7.45%", "2011-12-31": "7.49%", "2011-09-30": "7.18%", "2011-06-30": "4.82%", "2011-03-31": "4.78%", "2010-12-31": "4.79%", "2010-09-30": "5.29%", "2010-06-30": "8.41%", "2010-03-31": "8.69%", "2009-12-31": "9.83%", "2009-09-30": "10.71%", "2009-06-30": "11.19%", "2009-03-31": "11.89%", "2008-12-31": "11.09%", "2008-09-30": "12.38%", "2008-06-30": "11.46%", "2008-03-31": "10.20%", "2007-12-31": "9.77%", "2007-09-30": "6.86%", "2007-06-30": "5.76%", "2007-03-31": "5.30%", "2006-12-31": "5.44%", "2006-09-30": "5.19%", "2006-06-30": "7.62%", "2006-03-31": "6.06%", "2005-12-31": "5.31%"}, "return on investments": {"2020-09-30": "-20.23%", "2020-06-30": "-30.08%", "2020-03-31": "-42.92%", "2019-12-31": "-32.48%", "2019-09-30": "-20.73%", "2019-06-30": "-10.74%", "2019-03-31": "4.31%", "2018-12-31": "4.82%", "2018-09-30": "3.04%", "2018-06-30": "4.04%", "2018-03-31": "-0.18%", "2017-12-31": "1.92%", "2017-09-30": "9.41%", "2017-06-30": "6.07%", "2017-03-31": "10.46%", "2016-12-31": "12.50%", "2016-09-30": "8.09%", "2016-06-30": "12.59%", "2016-03-31": "14.14%", "2015-12-31": "15.91%", "2015-09-30": "23.64%", "2015-06-30": "27.45%", "2015-03-31": "28.35%", "2014-12-31": "28.57%", "2014-09-30": "27.44%", "2014-06-30": "26.22%", "2014-03-31": "26.57%", "2013-12-31": "27.72%", "2013-09-30": "20.59%", "2013-06-30": "19.73%", "2013-03-31": "19.50%", "2012-12-31": "17.75%", "2012-09-30": "25.09%", "2012-06-30": "24.75%", "2012-03-31": "25.39%", "2011-12-31": "26.46%", "2011-09-30": "21.52%", "2011-06-30": "16.25%", "2011-03-31": "15.68%", "2010-12-31": "15.51%", "2010-09-30": "22.03%", "2010-06-30": "29.76%", "2010-03-31": "31.48%", "2009-12-31": "35.62%", "2009-09-30": "39.63%", "2009-06-30": "41.92%", "2009-03-31": "43.12%", "2008-12-31": "41.44%", "2008-09-30": "38.89%", "2008-06-30": "34.95%", "2008-03-31": "31.35%", "2007-12-31": "29.01%", "2007-09-30": "25.40%", "2007-06-30": "19.82%", "2007-03-31": "18.89%", "2006-12-31": "19.84%", "2006-09-30": "17.02%", "2006-06-30": "24.94%", "2006-03-31": "19.82%", "2005-12-31": "16.40%"}, "return on tangible equity": {"2020-09-30": "-58.74%", "2020-06-30": "-128.75%", "2020-03-31": "-132.56%", "2019-12-31": "-88.69%", "2019-09-30": "-59.12%", "2019-06-30": "-16.77%", "2019-03-31": "4.71%", "2018-12-31": "6.70%", "2018-09-30": "7.33%", "2018-06-30": "7.80%", "2018-03-31": "2.70%", "2017-12-31": "5.42%", "2017-09-30": "7.21%", "2017-06-30": "4.10%", "2017-03-31": "8.74%", "2016-12-31": "9.94%", "2016-09-30": "5.52%", "2016-06-30": "10.76%", "2016-03-31": "11.82%", "2015-12-31": "13.11%", "2015-09-30": "21.37%", "2015-06-30": "17.46%", "2015-03-31": "14.68%", "2014-12-31": "14.18%", "2014-09-30": "12.29%", "2014-06-30": "14.79%", "2014-03-31": "17.01%", "2013-12-31": "17.72%", "2013-09-30": "13.58%", "2013-06-30": "12.96%", "2013-03-31": "13.05%", "2012-12-31": "12.74%", "2012-09-30": "17.07%", "2012-06-30": "17.28%", "2012-03-31": "17.50%", "2011-12-31": "17.27%", "2011-09-30": "16.13%", "2011-06-30": "10.52%", "2011-03-31": "10.28%", "2010-12-31": "10.20%", "2010-09-30": "11.27%", "2010-06-30": "18.04%", "2010-03-31": "19.11%", "2009-12-31": "22.22%", "2009-09-30": "24.78%", "2009-06-30": "26.42%", "2009-03-31": "28.93%", "2008-12-31": "27.58%", "2008-09-30": "31.37%", "2008-06-30": "30.08%", "2008-03-31": "27.41%", "2007-12-31": "27.01%", "2007-09-30": "19.53%", "2007-06-30": "16.24%", "2007-03-31": "14.80%", "2006-12-31": "15.12%", "2006-09-30": "14.41%", "2006-06-30": "21.35%", "2006-03-31": "17.37%", "2005-12-31": "15.36%"}, "dividend yield history": {"last payout": "$0.00", "last yield": "0.00%"}}