{"ticker": "FMC", "price": {"title": "FMC Historical Annual Stock Price Data", "value": 110.26, "historical": {"2021": {"Average Stock Price": "114.9654", "Year Open": "113.1200", "Year High": "122.2500", "Year Low": "107.5400", "Year Close": "110.2600", "Annual % Change": "-4.06%"}, "2020": {"Average Stock Price": "100.9580", "Year Open": "99.8800", "Year High": "121.6900", "Year Low": "59.8200", "Year Close": "114.9300", "Annual % Change": "15.14%"}, "2019": {"Average Stock Price": "84.5749", "Year Open": "75.0700", "Year High": "101.4900", "Year Low": "70.9200", "Year Close": "99.8200", "Annual % Change": "34.96%"}, "2018": {"Average Stock Price": "84.7982", "Year Open": "95.7300", "Year High": "98.1700", "Year Low": "70.0900", "Year Close": "73.9600", "Annual % Change": "-21.87%"}, "2017": {"Average Stock Price": "77.4048", "Year Open": "57.0300", "Year High": "95.5400", "Year Low": "57.0300", "Year Close": "94.6600", "Annual % Change": "67.36%"}, "2016": {"Average Stock Price": "45.7538", "Year Open": "37.9800", "Year High": "59.0000", "Year Low": "33.5300", "Year Close": "56.5600", "Annual % Change": "44.54%"}, "2015": {"Average Stock Price": "50.2357", "Year Open": "56.9700", "Year High": "64.5900", "Year Low": "32.9300", "Year Close": "39.1300", "Annual % Change": "-31.39%"}, "2014": {"Average Stock Price": "67.9418", "Year Open": "74.5300", "Year High": "83.1000", "Year Low": "51.6000", "Year Close": "57.0300", "Annual % Change": "-24.42%"}, "2013": {"Average Stock Price": "65.1200", "Year Open": "59.4200", "Year High": "75.4600", "Year Low": "55.4500", "Year Close": "75.4600", "Annual % Change": "28.95%"}, "2012": {"Average Stock Price": "52.4147", "Year Open": "43.7700", "Year High": "58.5900", "Year Low": "43.4750", "Year Close": "58.5200", "Annual % Change": "36.03%"}, "2011": {"Average Stock Price": "40.0759", "Year Open": "40.2900", "Year High": "46.4300", "Year Low": "32.9150", "Year Close": "43.0200", "Annual % Change": "7.70%"}, "2010": {"Average Stock Price": "32.2038", "Year Open": "28.4100", "Year High": "40.7000", "Year Low": "25.4000", "Year Close": "39.9450", "Annual % Change": "43.27%"}, "2009": {"Average Stock Price": "24.6524", "Year Open": "22.7100", "Year High": "28.9950", "Year Low": "17.6350", "Year Close": "27.8800", "Annual % Change": "24.66%"}, "2008": {"Average Stock Price": "28.8959", "Year Open": "26.9750", "Year High": "39.8300", "Year Low": "15.0000", "Year Close": "22.3650", "Annual % Change": "-18.00%"}, "2007": {"Average Stock Price": "22.3539", "Year Open": "19.1175", "Year High": "29.4250", "Year Low": "17.8175", "Year Close": "27.2750", "Annual % Change": "42.52%"}, "2006": {"Average Stock Price": "15.9121", "Year Open": "13.5225", "Year High": "19.2875", "Year Low": "13.0500", "Year Close": "19.1375", "Annual % Change": "43.97%"}, "2005": {"Average Stock Price": "13.3382", "Year Open": "11.8650", "Year High": "15.6500", "Year Low": "10.8550", "Year Close": "13.2925", "Annual % Change": "10.08%"}, "2004": {"Average Stock Price": "10.6231", "Year Open": "8.5625", "Year High": "12.5000", "Year Low": "8.2900", "Year Close": "12.0750", "Annual % Change": "41.52%"}, "2003": {"Average Stock Price": "5.8651", "Year Open": "6.8750", "Year High": "8.7125", "Year Low": "3.5950", "Year Close": "8.5325", "Annual % Change": "24.93%"}, "2002": {"Average Stock Price": "7.9195", "Year Open": "8.2675", "Year High": "10.4800", "Year Low": "5.8650", "Year Close": "6.8300", "Annual % Change": "-54.08%"}, "2001": {"Average Stock Price": "16.3998", "Year Open": "17.2500", "Year High": "20.9100", "Year Low": "11.7325", "Year Close": "14.8750", "Annual % Change": "-17.00%"}, "2000": {"Average Stock Price": "15.4394", "Year Open": "13.7500", "Year High": "19.1100", "Year Low": "11.6725", "Year Close": "17.9225", "Annual % Change": "25.09%"}, "1999": {"Average Stock Price": "14.2405", "Year Open": "14.5625", "Year High": "18.5775", "Year Low": "9.9075", "Year Close": "14.3275", "Annual % Change": "2.34%"}, "1998": {"Average Stock Price": "16.1797", "Year Open": "16.9225", "Year High": "20.5000", "Year Low": "12.2025", "Year Close": "14.0000", "Annual % Change": "-16.80%"}, "1997": {"Average Stock Price": "18.6817", "Year Open": "17.1875", "Year High": "22.6575", "Year Low": "14.9075", "Year Close": "16.8275", "Annual % Change": "-4.01%"}, "1996": {"Average Stock Price": "17.4180", "Year Open": "16.9375", "Year High": "19.4375", "Year Low": "15.6875", "Year Close": "17.5300", "Annual % Change": "3.68%"}, "1995": {"Average Stock Price": "16.7290", "Year Open": "14.5000", "Year High": "19.8750", "Year Low": "14.3450", "Year Close": "16.9075", "Annual % Change": "17.11%"}, "1994": {"Average Stock Price": "13.3882", "Year Open": "11.8125", "Year High": "16.1875", "Year Low": "11.3750", "Year Close": "14.4375", "Annual % Change": "22.53%"}, "1993": {"Average Stock Price": "11.7963", "Year Open": "12.2200", "Year High": "13.2500", "Year Low": "10.3750", "Year Close": "11.7825", "Annual % Change": "-4.79%"}, "1992": {"Average Stock Price": "11.8686", "Year Open": "11.8750", "Year High": "13.2500", "Year Low": "10.6575", "Year Close": "12.3750", "Annual % Change": "3.38%"}, "1991": {"Average Stock Price": "10.6800", "Year Open": "7.8450", "Year High": "12.8450", "Year Low": "7.4375", "Year Close": "11.9700", "Annual % Change": "50.19%"}, "1990": {"Average Stock Price": "8.3814", "Year Open": "8.9700", "Year High": "9.5625", "Year Low": "6.4075", "Year Close": "7.9700", "Annual % Change": "-9.56%"}, "1989": {"Average Stock Price": "9.7460", "Year Open": "7.9700", "Year High": "12.2500", "Year Low": "7.9700", "Year Close": "8.8125", "Annual % Change": "10.16%"}, "1988": {"Average Stock Price": "8.1542", "Year Open": "8.5925", "Year High": "9.6250", "Year Low": "6.1250", "Year Close": "8.0000", "Annual % Change": "-5.19%"}, "1987": {"Average Stock Price": "9.2219", "Year Open": "6.6250", "Year High": "14.6575", "Year Low": "6.0000", "Year Close": "8.4375", "Annual % Change": "31.07%"}, "1986": {"Average Stock Price": "11.4234", "Year Open": "16.3650", "Year High": "24.9075", "Year Low": "4.0625", "Year Close": "6.4375", "Annual % Change": "-60.44%"}}}, "market cap": {"value": "$15.1B"}, "income statement": {"Revenue": {"2019-12-31": "4609.80000", "2018-12-31": "4285.30000", "2017-12-31": "2531.20000", "2016-12-31": "2538.90000", "2015-12-31": "2491.00000", "2014-12-31": "3258.70000", "2013-12-31": "3130.70000", "2012-12-31": "3409.90000", "2011-12-31": "3036.30000", "2010-12-31": "3116.30000", "2009-12-31": "2826.20000", "2008-12-31": "3115.30000", "2007-12-31": "2632.90000", "2006-12-31": "2345.90000", "2005-12-31": "2146.00000"}, "Cost Of Goods Sold": {"2019-12-31": "2526.20000", "2018-12-31": "2405.50000", "2017-12-31": "1579.40000", "2016-12-31": "1607.70000", "2015-12-31": "1690.60000", "2014-12-31": "2047.80000", "2013-12-31": "1929.80000", "2012-12-31": "2141.60000", "2011-12-31": "1935.70000", "2010-12-31": "2065.60000", "2009-12-31": "1943.60000", "2008-12-31": "2134.40000", "2007-12-31": "1830.10000", "2006-12-31": "1636.50000", "2005-12-31": "1505.50000"}, "Gross Profit": {"2019-12-31": "2083.60000", "2018-12-31": "1879.80000", "2017-12-31": "951.79990", "2016-12-31": "931.20000", "2015-12-31": "800.40000", "2014-12-31": "1210.90000", "2013-12-31": "1200.90000", "2012-12-31": "1268.30000", "2011-12-31": "1100.60000", "2010-12-31": "1050.70000", "2009-12-31": "882.60000", "2008-12-31": "980.90010", "2007-12-31": "802.79990", "2006-12-31": "709.39990", "2005-12-31": "640.50000"}, "Research And Development Expenses": {"2019-12-31": "298.10000", "2018-12-31": "287.70000", "2017-12-31": "138.40000", "2016-12-31": "134.50000", "2015-12-31": "135.90000", "2014-12-31": "126.30000", "2013-12-31": "115.60000", "2012-12-31": "112.00000", "2011-12-31": "101.10000", "2010-12-31": "100.50000", "2009-12-31": "92.80000", "2008-12-31": "93.80000", "2007-12-31": "94.60000", "2006-12-31": "96.90000", "2005-12-31": "94.40000"}, "SG&A Expenses": {"2019-12-31": "792.90000", "2018-12-31": "790.00000", "2017-12-31": "581.70000", "2016-12-31": "435.10000", "2015-12-31": "660.70000", "2014-12-31": "589.80000", "2013-12-31": "496.10000", "2012-12-31": "489.70000", "2011-12-31": "405.80000", "2010-12-31": "411.20000", "2009-12-31": "322.30000", "2008-12-31": "336.80000", "2007-12-31": "315.30000", "2006-12-31": "284.90000", "2005-12-31": "270.40000"}, "Other Operating Income Or Expenses": {"2019-12-31": "", "2018-12-31": "", "2017-12-31": "", "2016-12-31": "", "2015-12-31": "", "2014-12-31": "-23.60000", "2013-12-31": "", "2012-12-31": "", "2011-12-31": "", "2010-12-31": "", "2009-12-31": "", "2008-12-31": "", "2007-12-31": "", "2006-12-31": "", "2005-12-31": ""}, "Operating Expenses": {"2019-12-31": "3788.20000", "2018-12-31": "3544.40000", "2017-12-31": "2372.70000", "2016-12-31": "2272.30000", "2015-12-31": "2637.50000", "2014-12-31": "2843.90000", "2013-12-31": "2541.50000", "2012-12-31": "2743.30000", "2011-12-31": "2448.90000", "2010-12-31": "2577.30000", "2009-12-31": "2358.70000", "2008-12-31": "2614.60000", "2007-12-31": "2404.90000", "2006-12-31": "2095.10000", "2005-12-31": "1870.30000"}, "Operating Income": {"2019-12-31": "821.59960", "2018-12-31": "740.89990", "2017-12-31": "158.50000", "2016-12-31": "266.59990", "2015-12-31": "-146.50000", "2014-12-31": "414.79980", "2013-12-31": "589.20000", "2012-12-31": "666.59990", "2011-12-31": "587.40010", "2010-12-31": "539.00000", "2009-12-31": "467.50000", "2008-12-31": "500.70000", "2007-12-31": "228.00000", "2006-12-31": "250.79980", "2005-12-31": "275.70000"}, "Total Non-Operating Income/Expense": {"2019-12-31": "-166.60000", "2018-12-31": "-132.50000", "2017-12-31": "-62.70000", "2016-12-31": "-85.80000", "2015-12-31": "-60.90000", "2014-12-31": "-51.00000", "2013-12-31": "-86.00000", "2012-12-31": "-68.90000", "2011-12-31": "-34.20000", "2010-12-31": "-188.50000", "2009-12-31": "-157.50000", "2008-12-31": "-28.80000", "2007-12-31": "-32.70000", "2006-12-31": "-38.40000", "2005-12-31": "-86.60000"}, "Pre-Tax Income": {"2019-12-31": "655.00000", "2018-12-31": "608.40000", "2017-12-31": "95.80000", "2016-12-31": "180.80000", "2015-12-31": "-207.40000", "2014-12-31": "363.80000", "2013-12-31": "503.20000", "2012-12-31": "597.70000", "2011-12-31": "553.20000", "2010-12-31": "350.50000", "2009-12-31": "310.00000", "2008-12-31": "471.90000", "2007-12-31": "195.30000", "2006-12-31": "212.40000", "2005-12-31": "189.10000"}, "Income Taxes": {"2019-12-31": "111.50000", "2018-12-31": "70.80000", "2017-12-31": "228.90000", "2016-12-31": "50.10000", "2015-12-31": "5.20000", "2014-12-31": "56.20000", "2013-12-31": "131.60000", "2012-12-31": "134.50000", "2011-12-31": "132.90000", "2010-12-31": "132.00000", "2009-12-31": "53.00000", "2008-12-31": "125.40000", "2007-12-31": "29.00000", "2006-12-31": "68.30000", "2005-12-31": "80.70000"}, "Income After Taxes": {"2019-12-31": "543.50000", "2018-12-31": "537.60000", "2017-12-31": "-133.10000", "2016-12-31": "130.70000", "2015-12-31": "-212.60000", "2014-12-31": "307.60000", "2013-12-31": "371.60000", "2012-12-31": "463.20000", "2011-12-31": "420.30000", "2010-12-31": "218.50000", "2009-12-31": "257.00000", "2008-12-31": "346.50000", "2007-12-31": "166.30000", "2006-12-31": "144.10000", "2005-12-31": "108.40000"}, "Other Income": {"2019-12-31": "", "2018-12-31": "", "2017-12-31": "", "2016-12-31": "", "2015-12-31": "", "2014-12-31": "", "2013-12-31": "", "2012-12-31": "", "2011-12-31": "", "2010-12-31": "", "2009-12-31": "", "2008-12-31": "", "2007-12-31": "", "2006-12-31": "", "2005-12-31": ""}, "Income From Continuous Operations": {"2019-12-31": "543.50000", "2018-12-31": "537.60000", "2017-12-31": "-133.10000", "2016-12-31": "130.70000", "2015-12-31": "-212.60000", "2014-12-31": "307.60000", "2013-12-31": "371.60000", "2012-12-31": "463.20000", "2011-12-31": "420.30000", "2010-12-31": "218.50000", "2009-12-31": "257.00000", "2008-12-31": "346.50000", "2007-12-31": "166.30000", "2006-12-31": "144.10000", "2005-12-31": "108.40000"}, "Income From Discontinued Operations": {"2019-12-31": "-63.30000", "2018-12-31": "-26.10000", "2017-12-31": "671.50000", "2016-12-31": "81.00000", "2015-12-31": "711.10000", "2014-12-31": "14.50000", "2013-12-31": "-63.60000", "2012-12-31": "-27.50000", "2011-12-31": "-38.10000", "2010-12-31": "-33.60000", "2009-12-31": "-18.20000", "2008-12-31": "-24.90000", "2007-12-31": "-24.30000", "2006-12-31": "-12.80000", "2005-12-31": "6.10000"}, "Net Income": {"2019-12-31": "477.40000", "2018-12-31": "502.10000", "2017-12-31": "535.80000", "2016-12-31": "209.10000", "2015-12-31": "489.00000", "2014-12-31": "307.50000", "2013-12-31": "292.30000", "2012-12-31": "414.20000", "2011-12-31": "365.90000", "2010-12-31": "172.50000", "2009-12-31": "227.40000", "2008-12-31": "303.10000", "2007-12-31": "131.50000", "2006-12-31": "131.30000", "2005-12-31": "114.00000"}, "EBITDA": {"2019-12-31": "971.69960", "2018-12-31": "891.09990", "2017-12-31": "256.30000", "2016-12-31": "367.19990", "2015-12-31": "-69.70000", "2014-12-31": "508.29980", "2013-12-31": "677.20000", "2012-12-31": "782.49990", "2011-12-31": "687.00010", "2010-12-31": "672.60000", "2009-12-31": "594.70000", "2008-12-31": "624.90000", "2007-12-31": "361.70000", "2006-12-31": "382.59980", "2005-12-31": "411.99990"}, "EBIT": {"2019-12-31": "821.59960", "2018-12-31": "740.89990", "2017-12-31": "158.50000", "2016-12-31": "266.59990", "2015-12-31": "-146.50000", "2014-12-31": "414.79980", "2013-12-31": "589.20000", "2012-12-31": "666.59990", "2011-12-31": "587.40010", "2010-12-31": "539.00000", "2009-12-31": "467.50000", "2008-12-31": "500.70000", "2007-12-31": "228.00000", "2006-12-31": "250.79980", "2005-12-31": "275.70000"}, "Basic Shares Outstanding": {"2019-12-31": "130.76100", "2018-12-31": "134.40600", "2017-12-31": "134.25500", "2016-12-31": "133.89000", "2015-12-31": "133.69600", "2014-12-31": "133.32700", "2013-12-31": "135.20900", "2012-12-31": "137.70100", "2011-12-31": "142.05600", "2010-12-31": "144.42000", "2009-12-31": "144.32600", "2008-12-31": "148.01200", "2007-12-31": "151.21000", "2006-12-31": "153.28000", "2005-12-31": "150.59600"}, "Shares Outstanding": {"2019-12-31": "132.00200", "2018-12-31": "135.87900", "2017-12-31": "134.25500", "2016-12-31": "134.53800", "2015-12-31": "133.69600", "2014-12-31": "134.28200", "2013-12-31": "136.13700", "2012-12-31": "138.81300", "2011-12-31": "143.30800", "2010-12-31": "146.16000", "2009-12-31": "146.60200", "2008-12-31": "151.59200", "2007-12-31": "155.19800", "2006-12-31": "158.15200", "2005-12-31": "156.74400"}, "Basic EPS": {"2019-12-31": "3.64000", "2018-12-31": "3.72000", "2017-12-31": "3.99000", "2016-12-31": "1.56000", "2015-12-31": "3.66000", "2014-12-31": "2.30000", "2013-12-31": "2.16000", "2012-12-31": "3.01000", "2011-12-31": "2.57000", "2010-12-31": "1.19000", "2009-12-31": "1.57500", "2008-12-31": "2.05000", "2007-12-31": "0.87000", "2006-12-31": "0.85500", "2005-12-31": "0.75500"}, "EPS - Earnings Per Share": {"2019-12-31": "3.62000", "2018-12-31": "3.69000", "2017-12-31": "3.99000", "2016-12-31": "1.56000", "2015-12-31": "3.66000", "2014-12-31": "2.29000", "2013-12-31": "2.16000", "2012-12-31": "3.00000", "2011-12-31": "2.55000", "2010-12-31": "1.18000", "2009-12-31": "1.56000", "2008-12-31": "2.01000", "2007-12-31": "0.85500", "2006-12-31": "0.83000", "2005-12-31": "0.72500"}}, "income statement, quarterly": {"Revenue": {"2020-09-30": "1084.60000", "2020-06-30": "1155.30000", "2020-03-31": "1250.00000", "2019-12-31": "1197.30000", "2019-09-30": "1014.30000", "2019-06-30": "1206.10000", "2019-03-31": "1192.10000", "2018-12-31": "1099.40000", "2018-09-30": "923.60000", "2018-06-30": "1154.40000", "2018-03-31": "1107.90000", "2017-12-31": "632.20000", "2017-09-30": "646.20000", "2017-06-30": "656.80000", "2017-03-31": "596.00000", "2016-12-31": "688.39980", "2016-09-30": "628.80000", "2016-06-30": "615.30000", "2016-03-31": "606.40000", "2015-12-31": "113.80000", "2015-09-30": "830.70000", "2015-06-30": "887.10000", "2015-03-31": "659.40000", "2014-12-31": "1092.20000", "2014-09-30": "819.10000", "2014-06-30": "794.90000", "2014-03-31": "756.90000", "2013-12-31": "1130.70000", "2013-09-30": "957.40000", "2013-06-30": "876.00000", "2013-03-31": "910.70000", "2012-12-31": "742.10000", "2012-09-30": "821.90000", "2012-06-30": "905.20000", "2012-03-31": "940.70000", "2011-12-31": "567.00020", "2011-09-30": "862.10000", "2011-06-30": "812.20000", "2011-03-31": "795.00000", "2010-12-31": "810.50000", "2010-09-30": "772.50000", "2010-06-30": "776.80000", "2010-03-31": "756.50000", "2009-12-31": "722.09990", "2009-09-30": "713.30000", "2009-06-30": "700.30000", "2009-03-31": "690.50000", "2008-12-31": "737.70000", "2008-09-30": "820.80000", "2008-06-30": "806.60000", "2008-03-31": "750.20000", "2007-12-31": "674.29990", "2007-09-30": "626.60000", "2007-06-30": "657.90000", "2007-03-31": "674.10000", "2006-12-31": "587.29990", "2006-09-30": "572.20000", "2006-06-30": "592.30000", "2006-03-31": "594.10000", "2005-12-31": "518.00000", "2005-09-30": "510.00000", "2005-06-30": "565.60000", "2005-03-31": "552.40000"}, "Cost Of Goods Sold": {"2020-09-30": "618.20000", "2020-06-30": "632.60000", "2020-03-31": "688.50000", "2019-12-31": "641.29990", "2019-09-30": "581.90000", "2019-06-30": "655.60000", "2019-03-31": "647.40000", "2018-12-31": "607.70000", "2018-09-30": "528.40000", "2018-06-30": "664.00000", "2018-03-31": "605.40000", "2017-12-31": "396.90010", "2017-09-30": "380.30000", "2017-06-30": "422.40000", "2017-03-31": "379.80000", "2016-12-31": "423.20000", "2016-09-30": "414.20000", "2016-06-30": "379.90000", "2016-03-31": "390.40000", "2015-12-31": "90.20000", "2015-09-30": "610.40000", "2015-06-30": "581.30000", "2015-03-31": "408.70000", "2014-12-31": "727.00000", "2014-09-30": "535.60000", "2014-06-30": "478.80000", "2014-03-31": "463.90000", "2013-12-31": "775.80000", "2013-09-30": "653.00000", "2013-06-30": "548.50000", "2013-03-31": "557.10000", "2012-12-31": "456.90000", "2012-09-30": "523.90000", "2012-06-30": "567.40000", "2012-03-31": "593.40000", "2011-12-31": "340.70000", "2011-09-30": "574.70000", "2011-06-30": "513.40000", "2011-03-31": "506.90000", "2010-12-31": "546.10010", "2010-09-30": "517.80000", "2010-06-30": "512.20000", "2010-03-31": "489.50000", "2009-12-31": "502.40000", "2009-09-30": "510.00000", "2009-06-30": "477.30000", "2009-03-31": "453.90000", "2008-12-31": "517.99980", "2008-09-30": "580.80000", "2008-06-30": "536.40000", "2008-03-31": "499.20000", "2007-12-31": "478.69990", "2007-09-30": "440.20000", "2007-06-30": "447.90000", "2007-03-31": "463.30000", "2006-12-31": "415.60000", "2006-09-30": "412.60000", "2006-06-30": "407.90000", "2006-03-31": "400.40000", "2005-12-31": "360.09990", "2005-09-30": "367.80000", "2005-06-30": "387.40000", "2005-03-31": "390.20000"}, "Gross Profit": {"2020-09-30": "466.40000", "2020-06-30": "522.70010", "2020-03-31": "561.50000", "2019-12-31": "556.00000", "2019-09-30": "432.40000", "2019-06-30": "550.50000", "2019-03-31": "544.70000", "2018-12-31": "491.69980", "2018-09-30": "395.20000", "2018-06-30": "490.40000", "2018-03-31": "502.50000", "2017-12-31": "235.29990", "2017-09-30": "265.90000", "2017-06-30": "234.40000", "2017-03-31": "216.20000", "2016-12-31": "265.19980", "2016-09-30": "214.60000", "2016-06-30": "235.40000", "2016-03-31": "216.00000", "2015-12-31": "23.60010", "2015-09-30": "220.30000", "2015-06-30": "305.80000", "2015-03-31": "250.70000", "2014-12-31": "365.20000", "2014-09-30": "283.50000", "2014-06-30": "316.10000", "2014-03-31": "293.00000", "2013-12-31": "354.90000", "2013-09-30": "304.40000", "2013-06-30": "327.50000", "2013-03-31": "353.60000", "2012-12-31": "285.20000", "2012-09-30": "298.00000", "2012-06-30": "337.80000", "2012-03-31": "347.30000", "2011-12-31": "226.30030", "2011-09-30": "287.40000", "2011-06-30": "298.80000", "2011-03-31": "288.10000", "2010-12-31": "264.39990", "2010-09-30": "254.70000", "2010-06-30": "264.60000", "2010-03-31": "267.00000", "2009-12-31": "219.69990", "2009-09-30": "203.30000", "2009-06-30": "223.00000", "2009-03-31": "236.60000", "2008-12-31": "219.70020", "2008-09-30": "240.00000", "2008-06-30": "270.20000", "2008-03-31": "251.00000", "2007-12-31": "195.60000", "2007-09-30": "186.40000", "2007-06-30": "210.00000", "2007-03-31": "210.80000", "2006-12-31": "171.69990", "2006-09-30": "159.60000", "2006-06-30": "184.40000", "2006-03-31": "193.70000", "2005-12-31": "157.90010", "2005-09-30": "142.20000", "2005-06-30": "178.20000", "2005-03-31": "162.20000"}, "Research And Development Expenses": {"2020-09-30": "71.70000", "2020-06-30": "64.30000", "2020-03-31": "67.30000", "2019-12-31": "76.40000", "2019-09-30": "77.40000", "2019-06-30": "73.10000", "2019-03-31": "71.20000", "2018-12-31": "76.80000", "2018-09-30": "70.10000", "2018-06-30": "75.90000", "2018-03-31": "64.90000", "2017-12-31": "48.00000", "2017-09-30": "30.20000", "2017-06-30": "32.00000", "2017-03-31": "28.20000", "2016-12-31": "36.50000", "2016-09-30": "30.60000", "2016-06-30": "33.20000", "2016-03-31": "34.20000", "2015-12-31": "33.10000", "2015-09-30": "37.20000", "2015-06-30": "39.00000", "2015-03-31": "26.60000", "2014-12-31": "38.40000", "2014-09-30": "30.20000", "2014-06-30": "32.50000", "2014-03-31": "25.80000", "2013-12-31": "33.00000", "2013-09-30": "29.00000", "2013-06-30": "27.70000", "2013-03-31": "28.00000", "2012-12-31": "27.00000", "2012-09-30": "28.10000", "2012-06-30": "28.40000", "2012-03-31": "28.50000", "2011-12-31": "25.60000", "2011-09-30": "27.80000", "2011-06-30": "25.00000", "2011-03-31": "22.70000", "2010-12-31": "30.70000", "2010-09-30": "24.00000", "2010-06-30": "22.30000", "2010-03-31": "23.50000", "2009-12-31": "28.60000", "2009-09-30": "23.20000", "2009-06-30": "21.00000", "2009-03-31": "20.00000", "2008-12-31": "25.60000", "2008-09-30": "23.40000", "2008-06-30": "23.00000", "2008-03-31": "21.80000", "2007-12-31": "27.20000", "2007-09-30": "20.50000", "2007-06-30": "23.70000", "2007-03-31": "23.20000", "2006-12-31": "26.70000", "2006-09-30": "25.60000", "2006-06-30": "22.60000", "2006-03-31": "22.00000", "2005-12-31": "23.20000", "2005-09-30": "22.90000", "2005-06-30": "23.70000", "2005-03-31": "24.60000"}, "SG&A Expenses": {"2020-09-30": "187.70000", "2020-06-30": "171.00000", "2020-03-31": "189.40000", "2019-12-31": "223.80000", "2019-09-30": "188.30000", "2019-06-30": "196.90000", "2019-03-31": "183.90000", "2018-12-31": "202.60000", "2018-09-30": "194.60000", "2018-06-30": "200.30000", "2018-03-31": "192.50000", "2017-12-31": "182.40000", "2017-09-30": "154.50000", "2017-06-30": "130.50000", "2017-03-31": "114.30000", "2016-12-31": "114.50000", "2016-09-30": "99.90000", "2016-06-30": "110.60000", "2016-03-31": "110.10000", "2015-12-31": "69.80000", "2015-09-30": "137.00000", "2015-06-30": "156.00000", "2015-03-31": "297.90000", "2014-12-31": "229.40000", "2014-09-30": "140.70000", "2014-06-30": "119.60000", "2014-03-31": "114.60000", "2013-12-31": "141.70000", "2013-09-30": "124.90000", "2013-06-30": "127.30000", "2013-03-31": "121.90000", "2012-12-31": "113.60000", "2012-09-30": "118.70000", "2012-06-30": "128.30000", "2012-03-31": "129.10000", "2011-12-31": "80.40000", "2011-09-30": "110.60000", "2011-06-30": "108.90000", "2011-03-31": "105.90000", "2010-12-31": "124.80000", "2010-09-30": "99.90000", "2010-06-30": "95.60000", "2010-03-31": "90.90000", "2009-12-31": "87.70000", "2009-09-30": "79.80000", "2009-06-30": "74.70000", "2009-03-31": "80.10000", "2008-12-31": "81.20000", "2008-09-30": "81.90000", "2008-06-30": "90.00000", "2008-03-31": "83.70000", "2007-12-31": "86.20000", "2007-09-30": "73.80000", "2007-06-30": "77.90000", "2007-03-31": "77.40000", "2006-12-31": "77.40000", "2006-09-30": "69.50000", "2006-06-30": "70.50000", "2006-03-31": "67.50000", "2005-12-31": "73.30000", "2005-09-30": "63.10000", "2005-06-30": "68.50000", "2005-03-31": "65.50000"}, "Other Operating Income Or Expenses": {"2020-09-30": "", "2020-06-30": "", "2020-03-31": "", "2019-12-31": "", "2019-09-30": "", "2019-06-30": "", "2019-03-31": "", "2018-12-31": "", "2018-09-30": "", "2018-06-30": "", "2018-03-31": "", "2017-12-31": "", "2017-09-30": "", "2017-06-30": "", "2017-03-31": "", "2016-12-31": "", "2016-09-30": "", "2016-06-30": "", "2016-03-31": "", "2015-12-31": "", "2015-09-30": "", "2015-06-30": "", "2015-03-31": "", "2014-12-31": "0.00000", "2014-09-30": "-6.80000", "2014-06-30": "-13.80000", "2014-03-31": "-3.00000", "2013-12-31": "", "2013-09-30": "", "2013-06-30": "", "2013-03-31": "", "2012-12-31": "", "2012-09-30": "", "2012-06-30": "", "2012-03-31": "", "2011-12-31": "", "2011-09-30": "", "2011-06-30": "", "2011-03-31": "", "2010-12-31": "", "2010-09-30": "", "2010-06-30": "", "2010-03-31": "", "2009-12-31": "", "2009-09-30": "", "2009-06-30": "", "2009-03-31": "", "2008-12-31": "", "2008-09-30": "", "2008-06-30": "", "2008-03-31": "", "2007-12-31": "", "2007-09-30": "", "2007-06-30": "", "2007-03-31": "", "2006-12-31": "", "2006-09-30": "", "2006-06-30": "", "2006-03-31": "", "2005-12-31": "", "2005-09-30": "", "2005-06-30": "", "2005-03-31": ""}, "Operating Expenses": {"2020-09-30": "888.60000", "2020-06-30": "887.40000", "2020-03-31": "958.60000", "2019-12-31": "1085.20000", "2019-09-30": "854.40000", "2019-06-30": "938.30000", "2019-03-31": "910.30000", "2018-12-31": "921.89980", "2018-09-30": "818.50000", "2018-06-30": "1021.10000", "2018-03-31": "782.90000", "2017-12-31": "678.20000", "2017-09-30": "572.10000", "2017-06-30": "591.80000", "2017-03-31": "530.60000", "2016-12-31": "636.49990", "2016-09-30": "558.80000", "2016-06-30": "532.80000", "2016-03-31": "544.20000", "2015-12-31": "265.20010", "2015-09-30": "830.20000", "2015-06-30": "786.60000", "2015-03-31": "755.50000", "2014-12-31": "1006.30000", "2014-09-30": "713.30000", "2014-06-30": "644.70000", "2014-03-31": "607.30000", "2013-12-31": "951.10000", "2013-09-30": "806.90000", "2013-06-30": "703.50000", "2013-03-31": "707.00000", "2012-12-31": "597.50000", "2012-09-30": "670.70000", "2012-06-30": "724.10000", "2012-03-31": "751.00000", "2011-12-31": "452.99990", "2011-09-30": "713.10000", "2011-06-30": "647.30000", "2011-03-31": "635.50000", "2010-12-31": "701.60010", "2010-09-30": "641.70000", "2010-06-30": "630.10000", "2010-03-31": "603.90000", "2009-12-31": "618.70000", "2009-09-30": "613.00000", "2009-06-30": "573.00000", "2009-03-31": "554.00000", "2008-12-31": "674.40000", "2008-09-30": "686.10000", "2008-06-30": "649.40000", "2008-03-31": "604.70000", "2007-12-31": "754.99990", "2007-09-30": "535.50000", "2007-06-30": "549.50000", "2007-03-31": "564.90000", "2006-12-31": "594.50010", "2006-09-30": "507.70000", "2006-06-30": "503.00000", "2006-03-31": "489.90000", "2005-12-31": "456.60000", "2005-09-30": "453.80000", "2005-06-30": "479.60000", "2005-03-31": "480.30000"}, "Operating Income": {"2020-09-30": "195.99990", "2020-06-30": "267.90010", "2020-03-31": "291.40000", "2019-12-31": "112.09970", "2019-09-30": "159.90000", "2019-06-30": "267.80000", "2019-03-31": "281.80000", "2018-12-31": "177.50000", "2018-09-30": "105.10000", "2018-06-30": "133.30000", "2018-03-31": "325.00000", "2017-12-31": "-46.00000", "2017-09-30": "74.10000", "2017-06-30": "64.99990", "2017-03-31": "65.40000", "2016-12-31": "51.89980", "2016-09-30": "70.00000", "2016-06-30": "82.50000", "2016-03-31": "62.20000", "2015-12-31": "-151.40000", "2015-09-30": "0.50000", "2015-06-30": "100.50000", "2015-03-31": "-96.10000", "2014-12-31": "85.89990", "2014-09-30": "105.80000", "2014-06-30": "150.20010", "2014-03-31": "149.60000", "2013-12-31": "179.60000", "2013-09-30": "150.50000", "2013-06-30": "172.50000", "2013-03-31": "203.70000", "2012-12-31": "144.60000", "2012-09-30": "151.20000", "2012-06-30": "181.10000", "2012-03-31": "189.70000", "2011-12-31": "114.00040", "2011-09-30": "149.00000", "2011-06-30": "164.90000", "2011-03-31": "159.50000", "2010-12-31": "108.89990", "2010-09-30": "130.80000", "2010-06-30": "146.70000", "2010-03-31": "152.60000", "2009-12-31": "103.39990", "2009-09-30": "100.30000", "2009-06-30": "127.30000", "2009-03-31": "136.50000", "2008-12-31": "63.30010", "2008-09-30": "134.70000", "2008-06-30": "157.20000", "2008-03-31": "145.50000", "2007-12-31": "-80.70000", "2007-09-30": "91.10000", "2007-06-30": "108.40000", "2007-03-31": "109.20000", "2006-12-31": "-7.20020", "2006-09-30": "64.50000", "2006-06-30": "89.30000", "2006-03-31": "104.20000", "2005-12-31": "61.40000", "2005-09-30": "56.20000", "2005-06-30": "86.00000", "2005-03-31": "72.10000"}, "Total Non-Operating Income/Expense": {"2020-09-30": "-47.10000", "2020-06-30": "-42.90000", "2020-03-31": "-43.00000", "2019-12-31": "-45.50000", "2019-09-30": "-40.40000", "2019-06-30": "-42.80000", "2019-03-31": "-37.90000", "2018-12-31": "-31.40000", "2018-09-30": "-32.20000", "2018-06-30": "-34.60000", "2018-03-31": "-34.30000", "2017-12-31": "-23.90000", "2017-09-30": "-14.80000", "2017-06-30": "-13.00000", "2017-03-31": "-11.00000", "2016-12-31": "-39.80000", "2016-09-30": "-15.00000", "2016-06-30": "-15.20000", "2016-03-31": "-15.80000", "2015-12-31": "-2.00000", "2015-09-30": "-20.20000", "2015-06-30": "-24.60000", "2015-03-31": "-14.10000", "2014-12-31": "-16.10000", "2014-09-30": "-48.50000", "2014-06-30": "-15.80000", "2014-03-31": "-18.00000", "2013-12-31": "-11.20000", "2013-09-30": "-42.00000", "2013-06-30": "-17.10000", "2013-03-31": "-20.10000", "2012-12-31": "-23.10000", "2012-09-30": "-15.50000", "2012-06-30": "-17.40000", "2012-03-31": "-12.90000", "2011-12-31": "19.40000", "2011-09-30": "-22.00000", "2011-06-30": "-18.10000", "2011-03-31": "-13.50000", "2010-12-31": "-125.70000", "2010-09-30": "-12.30000", "2010-06-30": "-24.70000", "2010-03-31": "-25.80000", "2009-12-31": "-55.30000", "2009-09-30": "-37.60000", "2009-06-30": "-36.80000", "2009-03-31": "-27.80000", "2008-12-31": "10.80000", "2008-09-30": "-20.80000", "2008-06-30": "-18.70000", "2008-03-31": "-0.10000", "2007-12-31": "138.40000", "2007-09-30": "-35.20000", "2007-06-30": "-102.10000", "2007-03-31": "-33.80000", "2006-12-31": "59.10000", "2006-09-30": "-9.90000", "2006-06-30": "-46.70000", "2006-03-31": "-40.90000", "2005-12-31": "28.60000", "2005-09-30": "-64.40000", "2005-06-30": "-33.50000", "2005-03-31": "-17.30000"}, "Pre-Tax Income": {"2020-09-30": "148.90000", "2020-06-30": "225.00000", "2020-03-31": "248.40000", "2019-12-31": "66.60000", "2019-09-30": "119.50000", "2019-06-30": "225.00000", "2019-03-31": "243.90000", "2018-12-31": "146.10000", "2018-09-30": "72.90000", "2018-06-30": "98.70000", "2018-03-31": "290.70000", "2017-12-31": "-69.90000", "2017-09-30": "59.30000", "2017-06-30": "52.00000", "2017-03-31": "54.40000", "2016-12-31": "12.10000", "2016-09-30": "55.00000", "2016-06-30": "67.30000", "2016-03-31": "46.40000", "2015-12-31": "-153.40000", "2015-09-30": "-19.70000", "2015-06-30": "75.90000", "2015-03-31": "-110.20000", "2014-12-31": "69.80000", "2014-09-30": "57.30000", "2014-06-30": "134.40000", "2014-03-31": "131.60000", "2013-12-31": "168.40000", "2013-09-30": "108.50000", "2013-06-30": "155.40000", "2013-03-31": "183.60000", "2012-12-31": "121.50000", "2012-09-30": "135.70000", "2012-06-30": "163.70000", "2012-03-31": "176.80000", "2011-12-31": "133.40000", "2011-09-30": "127.00000", "2011-06-30": "146.80000", "2011-03-31": "146.00000", "2010-12-31": "-16.80000", "2010-09-30": "118.50000", "2010-06-30": "122.00000", "2010-03-31": "126.80000", "2009-12-31": "48.10000", "2009-09-30": "62.70000", "2009-06-30": "90.50000", "2009-03-31": "108.70000", "2008-12-31": "74.10000", "2008-09-30": "113.90000", "2008-06-30": "138.50000", "2008-03-31": "145.40000", "2007-12-31": "57.70000", "2007-09-30": "55.90000", "2007-06-30": "6.30000", "2007-03-31": "75.40000", "2006-12-31": "51.90000", "2006-09-30": "54.60000", "2006-06-30": "42.60000", "2006-03-31": "63.30000", "2005-12-31": "90.00000", "2005-09-30": "-8.20000", "2005-06-30": "52.50000", "2005-03-31": "54.80000"}, "Income Taxes": {"2020-09-30": "18.40000", "2020-06-30": "29.20000", "2020-03-31": "34.70000", "2019-12-31": "35.90000", "2019-09-30": "8.70000", "2019-06-30": "30.60000", "2019-03-31": "36.30000", "2018-12-31": "-10.60000", "2018-09-30": "22.00000", "2018-06-30": "-1.10000", "2018-03-31": "60.50000", "2017-12-31": "227.80000", "2017-09-30": "-11.60000", "2017-06-30": "3.30000", "2017-03-31": "9.40000", "2016-12-31": "2.70000", "2016-09-30": "6.50000", "2016-06-30": "20.50000", "2016-03-31": "20.40000", "2015-12-31": "61.60000", "2015-09-30": "-25.10000", "2015-06-30": "17.80000", "2015-03-31": "-49.10000", "2014-12-31": "-14.70000", "2014-09-30": "3.60000", "2014-06-30": "36.40000", "2014-03-31": "34.60000", "2013-12-31": "35.50000", "2013-09-30": "32.00000", "2013-06-30": "35.70000", "2013-03-31": "45.40000", "2012-12-31": "14.50000", "2012-09-30": "29.90000", "2012-06-30": "45.30000", "2012-03-31": "44.80000", "2011-12-31": "36.80000", "2011-09-30": "29.80000", "2011-06-30": "25.70000", "2011-03-31": "40.60000", "2010-12-31": "25.20000", "2010-09-30": "32.30000", "2010-06-30": "33.80000", "2010-03-31": "40.70000", "2009-12-31": "-21.20000", "2009-09-30": "27.20000", "2009-06-30": "13.60000", "2009-03-31": "33.40000", "2008-12-31": "17.40000", "2008-09-30": "23.30000", "2008-06-30": "42.50000", "2008-03-31": "42.20000", "2007-12-31": "2.20000", "2007-09-30": "14.50000", "2007-06-30": "-8.00000", "2007-03-31": "20.30000", "2006-12-31": "20.00000", "2006-09-30": "16.00000", "2006-06-30": "7.30000", "2006-03-31": "25.00000", "2005-12-31": "47.40000", "2005-09-30": "-5.20000", "2005-06-30": "19.20000", "2005-03-31": "19.30000"}, "Income After Taxes": {"2020-09-30": "130.50000", "2020-06-30": "195.80000", "2020-03-31": "213.70000", "2019-12-31": "30.70000", "2019-09-30": "110.80000", "2019-06-30": "194.40000", "2019-03-31": "207.60000", "2018-12-31": "156.70000", "2018-09-30": "50.90000", "2018-06-30": "99.80000", "2018-03-31": "230.20000", "2017-12-31": "-297.70000", "2017-09-30": "70.90000", "2017-06-30": "48.70000", "2017-03-31": "45.00000", "2016-12-31": "9.40000", "2016-09-30": "48.50000", "2016-06-30": "46.80000", "2016-03-31": "26.00000", "2015-12-31": "-215.00000", "2015-09-30": "5.40000", "2015-06-30": "58.10000", "2015-03-31": "-61.10000", "2014-12-31": "84.50000", "2014-09-30": "53.70000", "2014-06-30": "98.00000", "2014-03-31": "97.00000", "2013-12-31": "132.90000", "2013-09-30": "76.50000", "2013-06-30": "119.70000", "2013-03-31": "138.20000", "2012-12-31": "107.00000", "2012-09-30": "105.80000", "2012-06-30": "118.40000", "2012-03-31": "132.00000", "2011-12-31": "96.60000", "2011-09-30": "97.20000", "2011-06-30": "121.10000", "2011-03-31": "105.40000", "2010-12-31": "-42.00000", "2010-09-30": "86.20000", "2010-06-30": "88.20000", "2010-03-31": "86.10000", "2009-12-31": "69.30000", "2009-09-30": "35.50000", "2009-06-30": "76.90000", "2009-03-31": "75.30000", "2008-12-31": "56.70000", "2008-09-30": "90.60000", "2008-06-30": "96.00000", "2008-03-31": "103.20000", "2007-12-31": "55.50000", "2007-09-30": "41.40000", "2007-06-30": "14.30000", "2007-03-31": "55.10000", "2006-12-31": "31.90000", "2006-09-30": "38.60000", "2006-06-30": "35.30000", "2006-03-31": "38.30000", "2005-12-31": "42.60000", "2005-09-30": "-3.00000", "2005-06-30": "33.30000", "2005-03-31": "35.50000"}, "Other Income": {"2020-09-30": "", "2020-06-30": "", "2020-03-31": "", "2019-12-31": "", "2019-09-30": "", "2019-06-30": "", "2019-03-31": "", "2018-12-31": "", "2018-09-30": "", "2018-06-30": "", "2018-03-31": "", "2017-12-31": "", "2017-09-30": "", "2017-06-30": "", "2017-03-31": "", "2016-12-31": "", "2016-09-30": "", "2016-06-30": "", "2016-03-31": "", "2015-12-31": "", "2015-09-30": "", "2015-06-30": "", "2015-03-31": "", "2014-12-31": "", "2014-09-30": "", "2014-06-30": "", "2014-03-31": "", "2013-12-31": "", "2013-09-30": "", "2013-06-30": "", "2013-03-31": "", "2012-12-31": "", "2012-09-30": "", "2012-06-30": "", "2012-03-31": "", "2011-12-31": "", "2011-09-30": "", "2011-06-30": "", "2011-03-31": "", "2010-12-31": "", "2010-09-30": "", "2010-06-30": "", "2010-03-31": "", "2009-12-31": "", "2009-09-30": "", "2009-06-30": "", "2009-03-31": "", "2008-12-31": "", "2008-09-30": "", "2008-06-30": "", "2008-03-31": "", "2007-12-31": "", "2007-09-30": "", "2007-06-30": "", "2007-03-31": "", "2006-12-31": "", "2006-09-30": "", "2006-06-30": "", "2006-03-31": "", "2005-12-31": "", "2005-09-30": "", "2005-06-30": "", "2005-03-31": ""}, "Income From Continuous Operations": {"2020-09-30": "130.50000", "2020-06-30": "195.80000", "2020-03-31": "213.70000", "2019-12-31": "30.70000", "2019-09-30": "110.80000", "2019-06-30": "194.40000", "2019-03-31": "207.60000", "2018-12-31": "156.70000", "2018-09-30": "50.90000", "2018-06-30": "99.80000", "2018-03-31": "230.20000", "2017-12-31": "-297.70000", "2017-09-30": "70.90000", "2017-06-30": "48.70000", "2017-03-31": "45.00000", "2016-12-31": "9.40000", "2016-09-30": "48.50000", "2016-06-30": "46.80000", "2016-03-31": "26.00000", "2015-12-31": "-215.00000", "2015-09-30": "5.40000", "2015-06-30": "58.10000", "2015-03-31": "-61.10000", "2014-12-31": "84.50000", "2014-09-30": "53.70000", "2014-06-30": "98.00000", "2014-03-31": "97.00000", "2013-12-31": "132.90000", "2013-09-30": "76.50000", "2013-06-30": "119.70000", "2013-03-31": "138.20000", "2012-12-31": "107.00000", "2012-09-30": "105.80000", "2012-06-30": "118.40000", "2012-03-31": "132.00000", "2011-12-31": "96.60000", "2011-09-30": "97.20000", "2011-06-30": "121.10000", "2011-03-31": "105.40000", "2010-12-31": "-42.00000", "2010-09-30": "86.20000", "2010-06-30": "88.20000", "2010-03-31": "86.10000", "2009-12-31": "69.30000", "2009-09-30": "35.50000", "2009-06-30": "76.90000", "2009-03-31": "75.30000", "2008-12-31": "56.70000", "2008-09-30": "90.60000", "2008-06-30": "96.00000", "2008-03-31": "103.20000", "2007-12-31": "55.50000", "2007-09-30": "41.40000", "2007-06-30": "14.30000", "2007-03-31": "55.10000", "2006-12-31": "31.90000", "2006-09-30": "38.60000", "2006-06-30": "35.30000", "2006-03-31": "38.30000", "2005-12-31": "42.60000", "2005-09-30": "-3.00000", "2005-06-30": "33.30000", "2005-03-31": "35.50000"}, "Income From Discontinued Operations": {"2020-09-30": "-18.40000", "2020-06-30": "-10.80000", "2020-03-31": "-7.50000", "2019-12-31": "-33.50000", "2019-09-30": "-21.30000", "2019-06-30": "-18.10000", "2019-03-31": "9.60000", "2018-12-31": "-122.10000", "2018-09-30": "23.90000", "2018-06-30": "32.70000", "2018-03-31": "39.40000", "2017-12-31": "828.80000", "2017-09-30": "-15.10000", "2017-06-30": "26.60000", "2017-03-31": "-168.80000", "2016-12-31": "7.00000", "2016-09-30": "31.10000", "2016-06-30": "20.20000", "2016-03-31": "22.70000", "2015-12-31": "12.30000", "2015-09-30": "-5.00000", "2015-06-30": "688.20000", "2015-03-31": "15.60000", "2014-12-31": "-6.20000", "2014-09-30": "6.40000", "2014-06-30": "15.30000", "2014-03-31": "-26.60000", "2013-12-31": "-101.00000", "2013-09-30": "-56.60000", "2013-06-30": "1.50000", "2013-03-31": "-3.20000", "2012-12-31": "-0.80000", "2012-09-30": "-11.20000", "2012-06-30": "-8.10000", "2012-03-31": "-7.40000", "2011-12-31": "-14.90000", "2011-09-30": "-6.30000", "2011-06-30": "-8.90000", "2011-03-31": "-8.00000", "2010-12-31": "-8.30000", "2010-09-30": "-0.30000", "2010-06-30": "-19.30000", "2010-03-31": "-5.70000", "2009-12-31": "-2.50000", "2009-09-30": "-6.10000", "2009-06-30": "-5.20000", "2009-03-31": "-4.40000", "2008-12-31": "-4.80000", "2008-09-30": "-5.90000", "2008-06-30": "-7.80000", "2008-03-31": "-6.40000", "2007-12-31": "-5.00000", "2007-09-30": "-4.30000", "2007-06-30": "-5.70000", "2007-03-31": "-9.30000", "2006-12-31": "-19.70000", "2006-09-30": "-3.50000", "2006-06-30": "11.00000", "2006-03-31": "-0.60000", "2005-12-31": "-19.40000", "2005-09-30": "-1.40000", "2005-06-30": "-2.10000", "2005-03-31": "29.00000"}, "Net Income": {"2020-09-30": "111.40000", "2020-06-30": "184.40000", "2020-03-31": "206.20000", "2019-12-31": "-3.20000", "2019-09-30": "90.40000", "2019-06-30": "174.50000", "2019-03-31": "215.70000", "2018-12-31": "32.40000", "2018-09-30": "72.80000", "2018-06-30": "129.70000", "2018-03-31": "267.20000", "2017-12-31": "530.10000", "2017-09-30": "55.20000", "2017-06-30": "74.70000", "2017-03-31": "-124.20000", "2016-12-31": "15.90000", "2016-09-30": "79.70000", "2016-06-30": "65.20000", "2016-03-31": "48.30000", "2015-12-31": "-204.10000", "2015-09-30": "-2.40000", "2015-06-30": "742.30000", "2015-03-31": "-46.80000", "2014-12-31": "76.50000", "2014-09-30": "56.10000", "2014-06-30": "109.10000", "2014-03-31": "65.40000", "2013-12-31": "27.10000", "2013-09-30": "17.70000", "2013-06-30": "118.00000", "2013-03-31": "130.40000", "2012-12-31": "101.70000", "2012-09-30": "89.60000", "2012-06-30": "104.40000", "2012-03-31": "118.50000", "2011-12-31": "79.30000", "2011-09-30": "86.40000", "2011-06-30": "106.70000", "2011-03-31": "93.50000", "2010-12-31": "-52.00000", "2010-09-30": "82.40000", "2010-06-30": "65.20000", "2010-03-31": "76.90000", "2009-12-31": "62.00000", "2009-09-30": "27.80000", "2009-06-30": "68.90000", "2009-03-31": "68.70000", "2008-12-31": "46.30000", "2008-09-30": "79.50000", "2008-06-30": "83.90000", "2008-03-31": "93.40000", "2007-12-31": "40.00000", "2007-09-30": "37.10000", "2007-06-30": "8.60000", "2007-03-31": "45.80000", "2006-12-31": "12.20000", "2006-09-30": "35.10000", "2006-06-30": "46.30000", "2006-03-31": "37.70000", "2005-12-31": "22.70000", "2005-09-30": "-4.40000", "2005-06-30": "31.20000", "2005-03-31": "64.50000"}, "EBITDA": {"2020-09-30": "237.49990", "2020-06-30": "308.00010", "2020-03-31": "330.50000", "2019-12-31": "151.09970", "2019-09-30": "196.50000", "2019-06-30": "305.00000", "2019-03-31": "319.10000", "2018-12-31": "216.30000", "2018-09-30": "142.90000", "2018-06-30": "172.10000", "2018-03-31": "359.80000", "2017-12-31": "-19.40000", "2017-09-30": "99.20000", "2017-06-30": "87.49990", "2017-03-31": "89.00000", "2016-12-31": "77.29980", "2016-09-30": "95.60000", "2016-06-30": "107.20000", "2016-03-31": "87.10000", "2015-12-31": "-166.80000", "2015-09-30": "38.50000", "2015-06-30": "131.90000", "2015-03-31": "-73.30000", "2014-12-31": "108.49990", "2014-09-30": "128.80000", "2014-06-30": "174.20010", "2014-03-31": "173.50000", "2013-12-31": "175.90000", "2013-09-30": "184.70000", "2013-06-30": "201.40000", "2013-03-31": "232.30000", "2012-12-31": "175.90000", "2012-09-30": "169.10000", "2012-06-30": "215.60000", "2012-03-31": "221.90000", "2011-12-31": "119.30040", "2011-09-30": "180.60000", "2011-06-30": "197.20000", "2011-03-31": "189.90000", "2010-12-31": "143.49990", "2010-09-30": "163.30000", "2010-06-30": "179.30000", "2010-03-31": "186.50000", "2009-12-31": "137.09990", "2009-09-30": "132.60000", "2009-06-30": "158.20000", "2009-03-31": "166.80000", "2008-12-31": "93.20000", "2008-09-30": "167.30000", "2008-06-30": "187.89990", "2008-03-31": "176.50000", "2007-12-31": "-47.70000", "2007-09-30": "123.40000", "2007-06-30": "142.30000", "2007-03-31": "143.70000", "2006-12-31": "26.59980", "2006-09-30": "96.90000", "2006-06-30": "122.80000", "2006-03-31": "136.30000", "2005-12-31": "93.90000", "2005-09-30": "89.90000", "2005-06-30": "121.50000", "2005-03-31": "106.70000"}, "EBIT": {"2020-09-30": "195.99990", "2020-06-30": "267.90010", "2020-03-31": "291.40000", "2019-12-31": "112.09970", "2019-09-30": "159.90000", "2019-06-30": "267.80000", "2019-03-31": "281.80000", "2018-12-31": "177.49990", "2018-09-30": "105.10000", "2018-06-30": "133.30000", "2018-03-31": "325.00000", "2017-12-31": "-46.00000", "2017-09-30": "74.10000", "2017-06-30": "64.99990", "2017-03-31": "65.40000", "2016-12-31": "51.89980", "2016-09-30": "70.00000", "2016-06-30": "82.50000", "2016-03-31": "62.20000", "2015-12-31": "-151.40000", "2015-09-30": "0.50000", "2015-06-30": "100.50000", "2015-03-31": "-96.10000", "2014-12-31": "85.89990", "2014-09-30": "105.80000", "2014-06-30": "150.20010", "2014-03-31": "149.60000", "2013-12-31": "179.60000", "2013-09-30": "150.50000", "2013-06-30": "172.50000", "2013-03-31": "203.70000", "2012-12-31": "144.59990", "2012-09-30": "151.20000", "2012-06-30": "181.10000", "2012-03-31": "189.70000", "2011-12-31": "114.00020", "2011-09-30": "149.00000", "2011-06-30": "164.90000", "2011-03-31": "159.50000", "2010-12-31": "108.90000", "2010-09-30": "130.80000", "2010-06-30": "146.70000", "2010-03-31": "152.60000", "2009-12-31": "103.40000", "2009-09-30": "100.30000", "2009-06-30": "127.30000", "2009-03-31": "136.50000", "2008-12-31": "63.30010", "2008-09-30": "134.70000", "2008-06-30": "157.20000", "2008-03-31": "145.50000", "2007-12-31": "-80.70000", "2007-09-30": "91.10000", "2007-06-30": "108.40000", "2007-03-31": "109.20000", "2006-12-31": "-7.20020", "2006-09-30": "64.50000", "2006-06-30": "89.30000", "2006-03-31": "104.20000", "2005-12-31": "61.40000", "2005-09-30": "56.20000", "2005-06-30": "86.00000", "2005-03-31": "72.10000"}, "Basic Shares Outstanding": {"2020-09-30": "129.88800", "2020-06-30": "129.72500", "2020-03-31": "129.52700", "2019-12-31": "130.76100", "2019-09-30": "130.39000", "2019-06-30": "131.09800", "2019-03-31": "131.88700", "2018-12-31": "134.40600", "2018-09-30": "134.85200", "2018-06-30": "134.76700", "2018-03-31": "134.58900", "2017-12-31": "134.25500", "2017-09-30": "134.37100", "2017-06-30": "134.23700", "2017-03-31": "133.96600", "2016-12-31": "133.89000", "2016-09-30": "133.97300", "2016-06-30": "133.92900", "2016-03-31": "133.80200", "2015-12-31": "133.69600", "2015-09-30": "133.76400", "2015-06-30": "133.71400", "2015-03-31": "133.57700", "2014-12-31": "133.50000", "2014-09-30": "133.40900", "2014-06-30": "133.33900", "2014-03-31": "133.13900", "2013-12-31": "133.30000", "2013-09-30": "134.14600", "2013-06-30": "136.32800", "2013-03-31": "137.13300", "2012-12-31": "137.70100", "2012-09-30": "137.37300", "2012-06-30": "137.24700", "2012-03-31": "138.33600", "2011-12-31": "142.05600", "2011-09-30": "141.94200", "2011-06-30": "143.21200", "2011-03-31": "142.95400", "2010-12-31": "144.42000", "2010-09-30": "144.68200", "2010-06-30": "144.96600", "2010-03-31": "144.61600", "2009-12-31": "144.32600", "2009-09-30": "144.13000", "2009-06-30": "144.48800", "2009-03-31": "144.50400", "2008-12-31": "148.01200", "2008-09-30": "148.39400", "2008-06-30": "149.13400", "2008-03-31": "149.29800", "2007-12-31": "151.21000", "2007-09-30": "150.42000", "2007-06-30": "151.43200", "2007-03-31": "151.72800", "2006-12-31": "153.28000", "2006-09-30": "153.49600", "2006-06-30": "154.64000", "2006-03-31": "153.37600", "2005-12-31": "150.59600", "2005-09-30": "151.46000", "2005-06-30": "150.36400", "2005-03-31": "148.76800"}, "Shares Outstanding": {"2020-09-30": "130.79900", "2020-06-30": "130.55800", "2020-03-31": "130.46600", "2019-12-31": "132.00200", "2019-09-30": "131.60000", "2019-06-30": "132.26900", "2019-03-31": "133.21400", "2018-12-31": "135.87900", "2018-09-30": "136.35700", "2018-06-30": "136.24600", "2018-03-31": "136.15700", "2017-12-31": "134.25500", "2017-09-30": "135.94700", "2017-06-30": "135.60300", "2017-03-31": "135.08200", "2016-12-31": "134.53800", "2016-09-30": "134.69800", "2016-06-30": "134.57600", "2016-03-31": "134.30400", "2015-12-31": "133.69600", "2015-09-30": "134.37500", "2015-06-30": "134.44500", "2015-03-31": "133.57700", "2014-12-31": "134.30000", "2014-09-30": "134.34500", "2014-06-30": "134.35400", "2014-03-31": "134.25300", "2013-12-31": "134.30000", "2013-09-30": "134.96200", "2013-06-30": "137.14100", "2013-03-31": "138.08300", "2012-12-31": "138.81300", "2012-09-30": "138.38800", "2012-06-30": "138.25300", "2012-03-31": "139.47400", "2011-12-31": "143.30800", "2011-09-30": "143.06800", "2011-06-30": "144.37000", "2011-03-31": "144.21800", "2010-12-31": "146.16000", "2010-09-30": "146.11000", "2010-06-30": "146.79600", "2010-03-31": "146.66000", "2009-12-31": "146.60200", "2009-09-30": "146.29000", "2009-06-30": "146.73600", "2009-03-31": "146.78600", "2008-12-31": "151.59200", "2008-09-30": "152.02800", "2008-06-30": "152.94600", "2008-03-31": "153.15000", "2007-12-31": "155.19800", "2007-09-30": "154.65600", "2007-06-30": "155.50800", "2007-03-31": "156.36800", "2006-12-31": "158.15200", "2006-09-30": "158.03200", "2006-06-30": "159.56800", "2006-03-31": "158.60400", "2005-12-31": "156.74400", "2005-09-30": "151.46000", "2005-06-30": "156.66800", "2005-03-31": "154.84000"}, "Basic EPS": {"2020-09-30": "0.86000", "2020-06-30": "1.42000", "2020-03-31": "1.59000", "2019-12-31": "", "2019-09-30": "0.69000", "2019-06-30": "1.32000", "2019-03-31": "1.63000", "2018-12-31": "0.24000", "2018-09-30": "0.54000", "2018-06-30": "0.96000", "2018-03-31": "1.98000", "2017-12-31": "3.95000", "2017-09-30": "0.41000", "2017-06-30": "0.56000", "2017-03-31": "-0.93000", "2016-12-31": "0.12000", "2016-09-30": "0.59000", "2016-06-30": "0.49000", "2016-03-31": "0.36000", "2015-12-31": "-1.51000", "2015-09-30": "-0.02000", "2015-06-30": "5.54000", "2015-03-31": "-0.35000", "2014-12-31": "0.57000", "2014-09-30": "0.42000", "2014-06-30": "0.82000", "2014-03-31": "0.49000", "2013-12-31": "0.20000", "2013-09-30": "0.13000", "2013-06-30": "0.86000", "2013-03-31": "0.95000", "2012-12-31": "0.74000", "2012-09-30": "0.65000", "2012-06-30": "0.76000", "2012-03-31": "0.86000", "2011-12-31": "0.55500", "2011-09-30": "0.61000", "2011-06-30": "0.75000", "2011-03-31": "0.65500", "2010-12-31": "-0.36000", "2010-09-30": "0.57000", "2010-06-30": "0.45000", "2010-03-31": "0.53000", "2009-12-31": "0.43000", "2009-09-30": "0.19500", "2009-06-30": "0.47500", "2009-03-31": "0.47500", "2008-12-31": "0.32500", "2008-09-30": "0.53500", "2008-06-30": "0.56500", "2008-03-31": "0.62500", "2007-12-31": "0.27000", "2007-09-30": "0.24500", "2007-06-30": "0.05500", "2007-03-31": "0.30000", "2006-12-31": "0.07750", "2006-09-30": "0.23000", "2006-06-30": "0.30000", "2006-03-31": "0.24750", "2005-12-31": "0.14500", "2005-09-30": "-0.03000", "2005-06-30": "0.20750", "2005-03-31": "0.43250"}, "EPS - Earnings Per Share": {"2020-09-30": "0.85000", "2020-06-30": "1.41000", "2020-03-31": "1.58000", "2019-12-31": "-0.01000", "2019-09-30": "0.69000", "2019-06-30": "1.32000", "2019-03-31": "1.62000", "2018-12-31": "0.23000", "2018-09-30": "0.54000", "2018-06-30": "0.96000", "2018-03-31": "1.96000", "2017-12-31": "3.94000", "2017-09-30": "0.41000", "2017-06-30": "0.56000", "2017-03-31": "-0.92000", "2016-12-31": "0.12000", "2016-09-30": "0.59000", "2016-06-30": "0.49000", "2016-03-31": "0.36000", "2015-12-31": "-1.49000", "2015-09-30": "-0.02000", "2015-06-30": "5.52000", "2015-03-31": "-0.35000", "2014-12-31": "0.57000", "2014-09-30": "0.42000", "2014-06-30": "0.81000", "2014-03-31": "0.49000", "2013-12-31": "0.20000", "2013-09-30": "0.13000", "2013-06-30": "0.86000", "2013-03-31": "0.94000", "2012-12-31": "0.74000", "2012-09-30": "0.65000", "2012-06-30": "0.76000", "2012-03-31": "0.85000", "2011-12-31": "0.55000", "2011-09-30": "0.61000", "2011-06-30": "0.74000", "2011-03-31": "0.65000", "2010-12-31": "-0.36500", "2010-09-30": "0.56500", "2010-06-30": "0.45000", "2010-03-31": "0.53000", "2009-12-31": "0.43000", "2009-09-30": "0.19000", "2009-06-30": "0.47000", "2009-03-31": "0.47000", "2008-12-31": "0.32000", "2008-09-30": "0.52500", "2008-06-30": "0.55000", "2008-03-31": "0.61500", "2007-12-31": "0.26500", "2007-09-30": "0.24000", "2007-06-30": "0.05500", "2007-03-31": "0.29500", "2006-12-31": "0.08250", "2006-09-30": "0.22000", "2006-06-30": "0.29000", "2006-03-31": "0.23750", "2005-12-31": "0.13750", "2005-09-30": "-0.03000", "2005-06-30": "0.20000", "2005-03-31": "0.41750"}}, "balance sheet": {"Cash On Hand": {"2019-12-31": "339.10000", "2018-12-31": "134.40000", "2017-12-31": "283.00000", "2016-12-31": "64.20000", "2015-12-31": "78.60000", "2014-12-31": "109.50000", "2013-12-31": "123.20000", "2012-12-31": "77.10000", "2011-12-31": "158.90000", "2010-12-31": "161.50000", "2009-12-31": "76.60000", "2008-12-31": "52.40000", "2007-12-31": "75.50000", "2006-12-31": "165.50000", "2005-12-31": "206.40000"}, "Receivables": {"2019-12-31": "2231.20000", "2018-12-31": "2143.80000", "2017-12-31": "2043.50000", "2016-12-31": "1692.50000", "2015-12-31": "1851.40000", "2014-12-31": "1602.50000", "2013-12-31": "1484.30000", "2012-12-31": "1073.70000", "2011-12-31": "931.30000", "2010-12-31": "852.90000", "2009-12-31": "749.60000", "2008-12-31": "687.70000", "2007-12-31": "599.70000", "2006-12-31": "537.90000", "2005-12-31": "494.30000"}, "Inventory": {"2019-12-31": "1017.00000", "2018-12-31": "1025.50000", "2017-12-31": "992.50000", "2016-12-31": "478.90000", "2015-12-31": "800.20000", "2014-12-31": "607.60000", "2013-12-31": "688.40000", "2012-12-31": "642.40000", "2011-12-31": "470.30000", "2010-12-31": "347.80000", "2009-12-31": "350.50000", "2008-12-31": "380.80000", "2007-12-31": "275.00000", "2006-12-31": "219.40000", "2005-12-31": "216.30000"}, "Pre-Paid Expenses": {"2019-12-31": "487.50000", "2018-12-31": "432.60000", "2017-12-31": "326.40000", "2016-12-31": "232.10000", "2015-12-31": "241.70000", "2014-12-31": "188.80000", "2013-12-31": "236.80000", "2012-12-31": "172.90000", "2011-12-31": "173.40000", "2010-12-31": "175.30000", "2009-12-31": "138.00000", "2008-12-31": "135.00000", "2007-12-31": "126.90000", "2006-12-31": "91.30000", "2005-12-31": "115.50000"}, "Other Current Assets": {"2019-12-31": "", "2018-12-31": "", "2017-12-31": "", "2016-12-31": "", "2015-12-31": "", "2014-12-31": "", "2013-12-31": "", "2012-12-31": "", "2011-12-31": "", "2010-12-31": "", "2009-12-31": "", "2008-12-31": "", "2007-12-31": "", "2006-12-31": "", "2005-12-31": ""}, "Total Current Assets": {"2019-12-31": "4074.80000", "2018-12-31": "4030.20000", "2017-12-31": "3652.70000", "2016-12-31": "2849.20000", "2015-12-31": "2971.90000", "2014-12-31": "2934.40000", "2013-12-31": "2945.00000", "2012-12-31": "2181.90000", "2011-12-31": "1869.40000", "2010-12-31": "1646.20000", "2009-12-31": "1487.70000", "2008-12-31": "1432.80000", "2007-12-31": "1194.10000", "2006-12-31": "1067.80000", "2005-12-31": "1064.40000"}, "Property, Plant, And Equipment": {"2019-12-31": "758.00000", "2018-12-31": "756.90000", "2017-12-31": "1025.20000", "2016-12-31": "538.10000", "2015-12-31": "1016.40000", "2014-12-31": "930.00000", "2013-12-31": "1248.30000", "2012-12-31": "956.20000", "2011-12-31": "986.80000", "2010-12-31": "918.50000", "2009-12-31": "964.50000", "2008-12-31": "939.20000", "2007-12-31": "934.70000", "2006-12-31": "1025.10000", "2005-12-31": "1012.00000"}, "Long-Term Investments": {"2019-12-31": "0.70000", "2018-12-31": "0.70000", "2017-12-31": "1.40000", "2016-12-31": "1.00000", "2015-12-31": "2.50000", "2014-12-31": "5.50000", "2013-12-31": "26.80000", "2012-12-31": "26.10000", "2011-12-31": "28.30000", "2010-12-31": "22.40000", "2009-12-31": "22.40000", "2008-12-31": "20.60000", "2007-12-31": "20.60000", "2006-12-31": "22.10000", "2005-12-31": "25.30000"}, "Goodwill And Intangible Assets": {"2019-12-31": "4096.50000", "2018-12-31": "4171.50000", "2017-12-31": "3830.70000", "2016-12-31": "1218.60000", "2015-12-31": "1613.10000", "2014-12-31": "599.40000", "2013-12-31": "661.70000", "2012-12-31": "483.30000", "2011-12-31": "413.20000", "2010-12-31": "248.40000", "2009-12-31": "209.50000", "2008-12-31": "197.00000", "2007-12-31": "180.20000", "2006-12-31": "163.60000", "2005-12-31": "148.60000"}, "Other Long-Term Assets": {"2019-12-31": "685.30000", "2018-12-31": "383.40000", "2017-12-31": "443.60000", "2016-12-31": "454.70000", "2015-12-31": "435.10000", "2014-12-31": "255.10000", "2013-12-31": "262.00000", "2012-12-31": "247.60000", "2011-12-31": "198.90000", "2010-12-31": "169.70000", "2009-12-31": "211.40000", "2008-12-31": "160.70000", "2007-12-31": "144.80000", "2006-12-31": "125.60000", "2005-12-31": "115.10000"}, "Total Long-Term Assets": {"2019-12-31": "5797.90000", "2018-12-31": "5944.10000", "2017-12-31": "5553.60100", "2016-12-31": "3290.10000", "2015-12-31": "3354.00000", "2014-12-31": "2391.60000", "2013-12-31": "2290.20000", "2012-12-31": "2192.00000", "2011-12-31": "1874.10000", "2010-12-31": "1673.70000", "2009-12-31": "1648.50000", "2008-12-31": "1561.10000", "2007-12-31": "1539.30000", "2006-12-31": "1672.90000", "2005-12-31": "1675.60000"}, "Total Assets": {"2019-12-31": "9872.70000", "2018-12-31": "9974.30000", "2017-12-31": "9206.30000", "2016-12-31": "6139.30000", "2015-12-31": "6325.90000", "2014-12-31": "5326.00000", "2013-12-31": "5235.20000", "2012-12-31": "4373.90000", "2011-12-31": "3743.50000", "2010-12-31": "3319.90000", "2009-12-31": "3136.20000", "2008-12-31": "2993.90000", "2007-12-31": "2733.40000", "2006-12-31": "2740.70000", "2005-12-31": "2740.00000"}, "Total Current Liabilities": {"2019-12-31": "2723.90000", "2018-12-31": "2993.40000", "2017-12-31": "2209.40000", "2016-12-31": "1438.20000", "2015-12-31": "1453.30000", "2014-12-31": "1910.40000", "2013-12-31": "1986.70000", "2012-12-31": "1135.50000", "2011-12-31": "919.90000", "2010-12-31": "963.40000", "2009-12-31": "709.20000", "2008-12-31": "759.10000", "2007-12-31": "751.40000", "2006-12-31": "717.50000", "2005-12-31": "659.30000"}, "Long Term Debt": {"2019-12-31": "3031.10000", "2018-12-31": "2145.00000", "2017-12-31": "2993.00000", "2016-12-31": "1798.80000", "2015-12-31": "2036.30000", "2014-12-31": "1138.90000", "2013-12-31": "1154.10000", "2012-12-31": "908.80000", "2011-12-31": "779.10000", "2010-12-31": "503.00000", "2009-12-31": "588.00000", "2008-12-31": "592.90000", "2007-12-31": "419.60000", "2006-12-31": "523.50000", "2005-12-31": "639.80000"}, "Other Non-Current Liabilities": {"2019-12-31": "1178.90000", "2018-12-31": "1201.40000", "2017-12-31": "1064.30000", "2016-12-31": "573.90000", "2015-12-31": "560.60000", "2014-12-31": "418.00000", "2013-12-31": "391.40000", "2012-12-31": "395.70000", "2011-12-31": "330.10000", "2010-12-31": "318.20000", "2009-12-31": "299.40000", "2008-12-31": "271.90000", "2007-12-31": "306.00000", "2006-12-31": "261.30000", "2005-12-31": "231.80000"}, "Total Long Term Liabilities": {"2019-12-31": "4587.40000", "2018-12-31": "3770.50000", "2017-12-31": "4289.80000", "2016-12-31": "2708.10000", "2015-12-31": "2964.30000", "2014-12-31": "1851.60000", "2013-12-31": "1676.40000", "2012-12-31": "1683.60000", "2011-12-31": "1519.50000", "2010-12-31": "1167.30000", "2009-12-31": "1293.90000", "2008-12-31": "1268.40000", "2007-12-31": "917.70000", "2006-12-31": "1013.00000", "2005-12-31": "1121.40000"}, "Total Liabilities": {"2019-12-31": "7311.30000", "2018-12-31": "6763.90000", "2017-12-31": "6499.20000", "2016-12-31": "4146.30000", "2015-12-31": "4417.60000", "2014-12-31": "3762.00000", "2013-12-31": "3663.10000", "2012-12-31": "2819.10000", "2011-12-31": "2439.40000", "2010-12-31": "2130.70000", "2009-12-31": "2003.10000", "2008-12-31": "2027.50000", "2007-12-31": "1669.10000", "2006-12-31": "1730.50000", "2005-12-31": "1780.70000"}, "Common Stock Net": {"2019-12-31": "18.60000", "2018-12-31": "18.60000", "2017-12-31": "18.60000", "2016-12-31": "18.60000", "2015-12-31": "18.60000", "2014-12-31": "18.60000", "2013-12-31": "18.60000", "2012-12-31": "18.60000", "2011-12-31": "18.60000", "2010-12-31": "9.30000", "2009-12-31": "9.30000", "2008-12-31": "9.30000", "2007-12-31": "9.30000", "2006-12-31": "9.30000", "2005-12-31": "4.60000"}, "Retained Earnings (Accumulated Deficit)": {"2019-12-31": "4188.80000", "2018-12-31": "4334.30000", "2017-12-31": "3952.40000", "2016-12-31": "3505.50000", "2015-12-31": "3385.00000", "2014-12-31": "2984.50000", "2013-12-31": "2757.30000", "2012-12-31": "2536.50000", "2011-12-31": "2176.20000", "2010-12-31": "1853.00000", "2009-12-31": "1716.90000", "2008-12-31": "1524.70000", "2007-12-31": "1255.80000", "2006-12-31": "1157.10000", "2005-12-31": "1062.20000"}, "Comprehensive Income": {"2019-12-31": "-412.00000", "2018-12-31": "-308.90000", "2017-12-31": "-240.30000", "2016-12-31": "-478.40000", "2015-12-31": "-457.30000", "2014-12-31": "-375.80000", "2013-12-31": "-201.90000", "2012-12-31": "-408.90000", "2011-12-31": "-390.00000", "2010-12-31": "-311.70000", "2009-12-31": "-279.20000", "2008-12-31": "-276.10000", "2007-12-31": "-9.90000", "2006-12-31": "-57.10000", "2005-12-31": "-46.10000"}, "Other Share Holders Equity": {"2019-12-31": "", "2018-12-31": "", "2017-12-31": "", "2016-12-31": "", "2015-12-31": "", "2014-12-31": "", "2013-12-31": "", "2012-12-31": "", "2011-12-31": "", "2010-12-31": "", "2009-12-31": "", "2008-12-31": "", "2007-12-31": "", "2006-12-31": "", "2005-12-31": ""}, "Share Holder Equity": {"2019-12-31": "2561.40000", "2018-12-31": "3210.40000", "2017-12-31": "2707.10000", "2016-12-31": "1993.00000", "2015-12-31": "1908.30000", "2014-12-31": "1564.00000", "2013-12-31": "1572.10000", "2012-12-31": "1554.80000", "2011-12-31": "1304.10000", "2010-12-31": "1189.20000", "2009-12-31": "1133.10000", "2008-12-31": "966.40000", "2007-12-31": "1064.30000", "2006-12-31": "1010.20000", "2005-12-31": "959.30000"}, "Total Liabilities And Share Holders Equity": {"2019-12-31": "9872.70000", "2018-12-31": "9974.30000", "2017-12-31": "9206.30000", "2016-12-31": "6139.30000", "2015-12-31": "6325.90000", "2014-12-31": "5326.00000", "2013-12-31": "5235.20000", "2012-12-31": "4373.90000", "2011-12-31": "3743.50000", "2010-12-31": "3319.90000", "2009-12-31": "3136.20000", "2008-12-31": "2993.90000", "2007-12-31": "2733.40000", "2006-12-31": "2740.70000", "2005-12-31": "2740.00000"}}, "balance sheet, quarterly": {"Cash On Hand": {"2020-09-30": "297.10000", "2020-06-30": "342.70000", "2020-03-31": "436.20000", "2019-12-31": "339.10000", "2019-09-30": "419.70000", "2019-06-30": "83.40000", "2019-03-31": "109.50000", "2018-12-31": "134.40000", "2018-09-30": "176.50000", "2018-06-30": "326.40000", "2018-03-31": "359.70000", "2017-12-31": "283.00000", "2017-09-30": "93.80000", "2017-06-30": "113.20000", "2017-03-31": "96.10000", "2016-12-31": "64.20000", "2016-09-30": "130.70000", "2016-06-30": "93.60000", "2016-03-31": "64.30000", "2015-12-31": "78.60000", "2015-09-30": "173.70000", "2015-06-30": "477.50000", "2015-03-31": "105.20000", "2014-12-31": "109.50000", "2014-09-30": "124.30000", "2014-06-30": "114.40000", "2014-03-31": "92.50000", "2013-12-31": "123.20000", "2013-09-30": "109.60000", "2013-06-30": "77.40000", "2013-03-31": "82.60000", "2012-12-31": "77.10000", "2012-09-30": "84.40000", "2012-06-30": "75.50000", "2012-03-31": "70.80000", "2011-12-31": "158.90000", "2011-09-30": "109.40000", "2011-06-30": "186.60000", "2011-03-31": "86.00000", "2010-12-31": "161.50000", "2010-09-30": "267.30000", "2010-06-30": "162.40000", "2010-03-31": "86.70000", "2009-12-31": "76.60000", "2009-09-30": "59.90000", "2009-06-30": "67.00000", "2009-03-31": "54.90000", "2008-12-31": "52.40000", "2008-09-30": "95.00000", "2008-06-30": "123.30000", "2008-03-31": "70.40000", "2007-12-31": "75.50000", "2007-09-30": "115.90000", "2007-06-30": "63.20000", "2007-03-31": "49.20000", "2006-12-31": "165.50000", "2006-09-30": "282.50000", "2006-06-30": "203.80000", "2006-03-31": "184.10000", "2005-12-31": "206.40000", "2005-09-30": "93.80000", "2005-06-30": "269.10000", "2005-03-31": "229.30000"}, "Receivables": {"2020-09-30": "2137.90000", "2020-06-30": "2342.40000", "2020-03-31": "2460.10000", "2019-12-31": "2231.20000", "2019-09-30": "2001.10000", "2019-06-30": "2384.00000", "2019-03-31": "2530.20000", "2018-12-31": "2143.80000", "2018-09-30": "1901.90000", "2018-06-30": "2194.10000", "2018-03-31": "2399.70000", "2017-12-31": "2043.50000", "2017-09-30": "1457.60000", "2017-06-30": "1442.30000", "2017-03-31": "1630.60000", "2016-12-31": "1692.50000", "2016-09-30": "1603.40000", "2016-06-30": "1627.60000", "2016-03-31": "1769.20000", "2015-12-31": "1851.40000", "2015-09-30": "1689.60000", "2015-06-30": "1865.50000", "2015-03-31": "1537.40000", "2014-12-31": "1602.50000", "2014-09-30": "1572.60000", "2014-06-30": "1500.00000", "2014-03-31": "1568.30000", "2013-12-31": "1484.30000", "2013-09-30": "1179.60000", "2013-06-30": "1092.10000", "2013-03-31": "1223.10000", "2012-12-31": "1073.70000", "2012-09-30": "1009.20000", "2012-06-30": "993.70000", "2012-03-31": "1051.10000", "2011-12-31": "931.30000", "2011-09-30": "854.30000", "2011-06-30": "858.40000", "2011-03-31": "973.90000", "2010-12-31": "852.90000", "2010-09-30": "813.70000", "2010-06-30": "830.90000", "2010-03-31": "892.50000", "2009-12-31": "749.60000", "2009-09-30": "715.40000", "2009-06-30": "701.50000", "2009-03-31": "724.80000", "2008-12-31": "687.70000", "2008-09-30": "719.70000", "2008-06-30": "754.00000", "2008-03-31": "759.00000", "2007-12-31": "599.70000", "2007-09-30": "613.10000", "2007-06-30": "683.20000", "2007-03-31": "690.10000", "2006-12-31": "537.90000", "2006-09-30": "538.10000", "2006-06-30": "599.90000", "2006-03-31": "591.60000", "2005-12-31": "494.30000", "2005-09-30": "482.10000", "2005-06-30": "535.70000", "2005-03-31": "564.80000"}, "Inventory": {"2020-09-30": "1155.50000", "2020-06-30": "1138.50000", "2020-03-31": "1062.70000", "2019-12-31": "1017.00000", "2019-09-30": "1167.40000", "2019-06-30": "1153.40000", "2019-03-31": "1137.10000", "2018-12-31": "1025.50000", "2018-09-30": "995.40000", "2018-06-30": "958.70000", "2018-03-31": "1035.20000", "2017-12-31": "992.50000", "2017-09-30": "614.80000", "2017-06-30": "546.30000", "2017-03-31": "526.40000", "2016-12-31": "478.90000", "2016-09-30": "817.40000", "2016-06-30": "881.90000", "2016-03-31": "854.90000", "2015-12-31": "800.20000", "2015-09-30": "906.10000", "2015-06-30": "1041.10000", "2015-03-31": "640.80000", "2014-12-31": "607.60000", "2014-09-30": "754.50000", "2014-06-30": "738.20000", "2014-03-31": "702.80000", "2013-12-31": "688.40000", "2013-09-30": "707.70000", "2013-06-30": "661.20000", "2013-03-31": "678.90000", "2012-12-31": "642.40000", "2012-09-30": "620.50000", "2012-06-30": "559.60000", "2012-03-31": "509.90000", "2011-12-31": "470.30000", "2011-09-30": "444.30000", "2011-06-30": "421.30000", "2011-03-31": "379.60000", "2010-12-31": "347.80000", "2010-09-30": "366.90000", "2010-06-30": "346.00000", "2010-03-31": "345.50000", "2009-12-31": "350.50000", "2009-09-30": "380.60000", "2009-06-30": "390.40000", "2009-03-31": "409.60000", "2008-12-31": "380.80000", "2008-09-30": "361.10000", "2008-06-30": "321.20000", "2008-03-31": "300.50000", "2007-12-31": "275.00000", "2007-09-30": "256.60000", "2007-06-30": "230.10000", "2007-03-31": "217.40000", "2006-12-31": "219.40000", "2006-09-30": "193.80000", "2006-06-30": "196.00000", "2006-03-31": "209.50000", "2005-12-31": "216.30000", "2005-09-30": "204.40000", "2005-06-30": "202.90000", "2005-03-31": "202.90000"}, "Pre-Paid Expenses": {"2020-09-30": "424.70000", "2020-06-30": "464.60000", "2020-03-31": "513.00000", "2019-12-31": "487.50000", "2019-09-30": "489.40000", "2019-06-30": "476.20000", "2019-03-31": "427.30000", "2018-12-31": "432.60000", "2018-09-30": "417.40000", "2018-06-30": "513.80000", "2018-03-31": "534.50000", "2017-12-31": "326.40000", "2017-09-30": "280.70000", "2017-06-30": "261.40000", "2017-03-31": "248.00000", "2016-12-31": "232.10000", "2016-09-30": "252.60000", "2016-06-30": "296.00000", "2016-03-31": "266.80000", "2015-12-31": "241.70000", "2015-09-30": "251.30000", "2015-06-30": "268.90000", "2015-03-31": "287.30000", "2014-12-31": "188.80000", "2014-09-30": "210.60000", "2014-06-30": "183.00000", "2014-03-31": "176.00000", "2013-12-31": "236.80000", "2013-09-30": "205.40000", "2013-06-30": "223.40000", "2013-03-31": "180.50000", "2012-12-31": "172.90000", "2012-09-30": "157.10000", "2012-06-30": "171.60000", "2012-03-31": "168.30000", "2011-12-31": "173.40000", "2011-09-30": "181.10000", "2011-06-30": "185.80000", "2011-03-31": "185.80000", "2010-12-31": "175.30000", "2010-09-30": "169.40000", "2010-06-30": "160.30000", "2010-03-31": "154.10000", "2009-12-31": "138.00000", "2009-09-30": "145.20000", "2009-06-30": "132.80000", "2009-03-31": "136.50000", "2008-12-31": "135.00000", "2008-09-30": "120.90000", "2008-06-30": "172.60000", "2008-03-31": "142.50000", "2007-12-31": "126.90000", "2007-09-30": "120.80000", "2007-06-30": "101.40000", "2007-03-31": "100.30000", "2006-12-31": "91.30000", "2006-09-30": "81.60000", "2006-06-30": "97.30000", "2006-03-31": "105.30000", "2005-12-31": "115.50000", "2005-09-30": "", "2005-06-30": "", "2005-03-31": ""}, "Other Current Assets": {"2020-09-30": "", "2020-06-30": "", "2020-03-31": "", "2019-12-31": "", "2019-09-30": "", "2019-06-30": "", "2019-03-31": "", "2018-12-31": "", "2018-09-30": "", "2018-06-30": "", "2018-03-31": "", "2017-12-31": "", "2017-09-30": "", "2017-06-30": "", "2017-03-31": "", "2016-12-31": "", "2016-09-30": "", "2016-06-30": "", "2016-03-31": "", "2015-12-31": "", "2015-09-30": "", "2015-06-30": "", "2015-03-31": "", "2014-12-31": "", "2014-09-30": "", "2014-06-30": "", "2014-03-31": "", "2013-12-31": "", "2013-09-30": "", "2013-06-30": "", "2013-03-31": "", "2012-12-31": "", "2012-09-30": "", "2012-06-30": "", "2012-03-31": "", "2011-12-31": "", "2011-09-30": "", "2011-06-30": "", "2011-03-31": "", "2010-12-31": "", "2010-09-30": "", "2010-06-30": "", "2010-03-31": "", "2009-12-31": "", "2009-09-30": "", "2009-06-30": "", "2009-03-31": "", "2008-12-31": "", "2008-09-30": "", "2008-06-30": "", "2008-03-31": "", "2007-12-31": "", "2007-09-30": "", "2007-06-30": "", "2007-03-31": "", "2006-12-31": "", "2006-09-30": "", "2006-06-30": "", "2006-03-31": "", "2005-12-31": "", "2005-09-30": "156.50000", "2005-06-30": "123.70000", "2005-03-31": "120.40000"}, "Total Current Assets": {"2020-09-30": "4015.20000", "2020-06-30": "4288.20000", "2020-03-31": "4472.00000", "2019-12-31": "4074.80000", "2019-09-30": "4077.60000", "2019-06-30": "4097.00000", "2019-03-31": "4204.10000", "2018-12-31": "4030.20000", "2018-09-30": "3491.20000", "2018-06-30": "3993.00000", "2018-03-31": "4335.60000", "2017-12-31": "3652.70000", "2017-09-30": "3574.20000", "2017-06-30": "3485.80000", "2017-03-31": "3554.20000", "2016-12-31": "2849.20000", "2016-09-30": "2804.10000", "2016-06-30": "2899.10000", "2016-03-31": "2955.20000", "2015-12-31": "2971.90000", "2015-09-30": "3238.10000", "2015-06-30": "3805.70000", "2015-03-31": "3329.60000", "2014-12-31": "2934.40000", "2014-09-30": "2857.30000", "2014-06-30": "2752.00000", "2014-03-31": "2752.50000", "2013-12-31": "2945.00000", "2013-09-30": "2610.70000", "2013-06-30": "2182.70000", "2013-03-31": "2285.30000", "2012-12-31": "2181.90000", "2012-09-30": "2025.50000", "2012-06-30": "1952.70000", "2012-03-31": "1943.30000", "2011-12-31": "1869.40000", "2011-09-30": "1690.30000", "2011-06-30": "1753.10000", "2011-03-31": "1717.50000", "2010-12-31": "1646.20000", "2010-09-30": "1762.40000", "2010-06-30": "1658.60000", "2010-03-31": "1637.90000", "2009-12-31": "1487.70000", "2009-09-30": "1435.10000", "2009-06-30": "1423.70000", "2009-03-31": "1480.90000", "2008-12-31": "1432.80000", "2008-09-30": "1432.90000", "2008-06-30": "1515.50000", "2008-03-31": "1410.40000", "2007-12-31": "1194.10000", "2007-09-30": "1174.20000", "2007-06-30": "1149.60000", "2007-03-31": "1123.40000", "2006-12-31": "1067.80000", "2006-09-30": "1131.30000", "2006-06-30": "1133.80000", "2006-03-31": "1118.60000", "2005-12-31": "1064.40000", "2005-09-30": "941.30000", "2005-06-30": "1136.00000", "2005-03-31": "1126.00000"}, "Property, Plant, And Equipment": {"2020-09-30": "739.20000", "2020-06-30": "733.80000", "2020-03-31": "735.70000", "2019-12-31": "758.00000", "2019-09-30": "728.40000", "2019-06-30": "730.30000", "2019-03-31": "733.80000", "2018-12-31": "756.90000", "2018-09-30": "1002.70000", "2018-06-30": "1014.30000", "2018-03-31": "1030.40000", "2017-12-31": "1025.20000", "2017-09-30": "547.00000", "2017-06-30": "538.30000", "2017-03-31": "535.10000", "2016-12-31": "538.10000", "2016-09-30": "1031.00000", "2016-06-30": "1025.90000", "2016-03-31": "1027.80000", "2015-12-31": "1016.40000", "2015-09-30": "1082.80000", "2015-06-30": "1112.80000", "2015-03-31": "902.60000", "2014-12-31": "930.00000", "2014-09-30": "1283.30000", "2014-06-30": "1284.90000", "2014-03-31": "1268.70000", "2013-12-31": "1248.30000", "2013-09-30": "1163.50000", "2013-06-30": "1147.30000", "2013-03-31": "1127.30000", "2012-12-31": "956.20000", "2012-09-30": "1071.30000", "2012-06-30": "1021.00000", "2012-03-31": "1011.80000", "2011-12-31": "986.80000", "2011-09-30": "954.80000", "2011-06-30": "957.40000", "2011-03-31": "938.80000", "2010-12-31": "918.50000", "2010-09-30": "943.20000", "2010-06-30": "917.00000", "2010-03-31": "937.50000", "2009-12-31": "964.50000", "2009-09-30": "948.80000", "2009-06-30": "948.40000", "2009-03-31": "915.60000", "2008-12-31": "939.20000", "2008-09-30": "930.80000", "2008-06-30": "917.50000", "2008-03-31": "920.20000", "2007-12-31": "934.70000", "2007-09-30": "935.10000", "2007-06-30": "946.90000", "2007-03-31": "1017.20000", "2006-12-31": "1025.10000", "2006-09-30": "1009.00000", "2006-06-30": "1001.90000", "2006-03-31": "1002.90000", "2005-12-31": "1012.00000", "2005-09-30": "1017.20000", "2005-06-30": "1023.80000", "2005-03-31": "1076.70000"}, "Long-Term Investments": {"2020-09-30": "1.70000", "2020-06-30": "1.70000", "2020-03-31": "0.70000", "2019-12-31": "0.70000", "2019-09-30": "0.70000", "2019-06-30": "0.70000", "2019-03-31": "0.70000", "2018-12-31": "0.70000", "2018-09-30": "0.70000", "2018-06-30": "1.50000", "2018-03-31": "1.50000", "2017-12-31": "1.40000", "2017-09-30": "1.40000", "2017-06-30": "1.30000", "2017-03-31": "1.00000", "2016-12-31": "1.00000", "2016-09-30": "1.10000", "2016-06-30": "2.80000", "2016-03-31": "2.80000", "2015-12-31": "2.50000", "2015-09-30": "3.70000", "2015-06-30": "4.80000", "2015-03-31": "4.70000", "2014-12-31": "5.50000", "2014-09-30": "26.40000", "2014-06-30": "26.70000", "2014-03-31": "26.80000", "2013-12-31": "26.80000", "2013-09-30": "29.50000", "2013-06-30": "43.40000", "2013-03-31": "44.50000", "2012-12-31": "26.10000", "2012-09-30": "35.60000", "2012-06-30": "33.00000", "2012-03-31": "31.00000", "2011-12-31": "28.30000", "2011-09-30": "26.00000", "2011-06-30": "25.40000", "2011-03-31": "23.80000", "2010-12-31": "22.40000", "2010-09-30": "22.40000", "2010-06-30": "21.40000", "2010-03-31": "21.70000", "2009-12-31": "22.40000", "2009-09-30": "22.20000", "2009-06-30": "21.00000", "2009-03-31": "20.50000", "2008-12-31": "20.60000", "2008-09-30": "23.40000", "2008-06-30": "21.40000", "2008-03-31": "20.90000", "2007-12-31": "20.60000", "2007-09-30": "21.30000", "2007-06-30": "21.20000", "2007-03-31": "19.80000", "2006-12-31": "22.10000", "2006-09-30": "25.40000", "2006-06-30": "26.10000", "2006-03-31": "25.60000", "2005-12-31": "25.30000", "2005-09-30": "37.50000", "2005-06-30": "34.60000", "2005-03-31": "36.40000"}, "Goodwill And Intangible Assets": {"2020-09-30": "4074.80000", "2020-06-30": "4064.60000", "2020-03-31": "4071.30000", "2019-12-31": "4096.50000", "2019-09-30": "4098.70000", "2019-06-30": "4142.80000", "2019-03-31": "4150.60000", "2018-12-31": "4171.50000", "2018-09-30": "4206.30000", "2018-06-30": "3974.00000", "2018-03-31": "4048.00000", "2017-12-31": "3830.70000", "2017-09-30": "1276.90000", "2017-06-30": "1264.60000", "2017-03-31": "1235.40000", "2016-12-31": "1218.60000", "2016-09-30": "1647.80000", "2016-06-30": "1646.70000", "2016-03-31": "1670.50000", "2015-12-31": "1613.10000", "2015-09-30": "1581.20000", "2015-06-30": "1572.30000", "2015-03-31": "557.60000", "2014-12-31": "599.40000", "2014-09-30": "625.50000", "2014-06-30": "653.40000", "2014-03-31": "659.10000", "2013-12-31": "661.70000", "2013-09-30": "668.30000", "2013-06-30": "496.60000", "2013-03-31": "496.90000", "2012-12-31": "483.30000", "2012-09-30": "481.60000", "2012-06-30": "474.80000", "2012-03-31": "416.00000", "2011-12-31": "413.20000", "2011-09-30": "204.20000", "2011-06-30": "210.20000", "2011-03-31": "206.40000", "2010-12-31": "248.40000", "2010-09-30": "199.20000", "2010-06-30": "184.10000", "2010-03-31": "197.70000", "2009-12-31": "209.50000", "2009-09-30": "212.80000", "2009-06-30": "201.90000", "2009-03-31": "194.90000", "2008-12-31": "197.00000", "2008-09-30": "192.40000", "2008-06-30": "193.00000", "2008-03-31": "193.50000", "2007-12-31": "180.20000", "2007-09-30": "175.40000", "2007-06-30": "168.00000", "2007-03-31": "166.40000", "2006-12-31": "163.60000", "2006-09-30": "159.80000", "2006-06-30": "157.50000", "2006-03-31": "150.70000", "2005-12-31": "148.60000", "2005-09-30": "151.20000", "2005-06-30": "151.90000", "2005-03-31": "162.10000"}, "Other Long-Term Assets": {"2020-09-30": "684.60000", "2020-06-30": "655.80000", "2020-03-31": "675.00000", "2019-12-31": "685.30000", "2019-09-30": "609.30000", "2019-06-30": "564.80000", "2019-03-31": "578.80000", "2018-12-31": "383.40000", "2018-09-30": "416.40000", "2018-06-30": "448.20000", "2018-03-31": "472.20000", "2017-12-31": "443.60000", "2017-09-30": "418.50000", "2017-06-30": "457.10000", "2017-03-31": "475.20000", "2016-12-31": "454.70000", "2016-09-30": "457.20000", "2016-06-30": "430.40000", "2016-03-31": "451.50000", "2015-12-31": "435.10000", "2015-09-30": "333.10000", "2015-06-30": "334.00000", "2015-03-31": "281.50000", "2014-12-31": "255.10000", "2014-09-30": "338.80000", "2014-06-30": "309.00000", "2014-03-31": "282.80000", "2013-12-31": "262.00000", "2013-09-30": "250.00000", "2013-06-30": "275.70000", "2013-03-31": "275.30000", "2012-12-31": "247.60000", "2012-09-30": "265.60000", "2012-06-30": "222.30000", "2012-03-31": "215.60000", "2011-12-31": "198.90000", "2011-09-30": "248.30000", "2011-06-30": "245.30000", "2011-03-31": "234.70000", "2010-12-31": "169.70000", "2010-09-30": "221.90000", "2010-06-30": "222.30000", "2010-03-31": "213.60000", "2009-12-31": "211.40000", "2009-09-30": "204.80000", "2009-06-30": "194.20000", "2009-03-31": "171.20000", "2008-12-31": "160.70000", "2008-09-30": "191.90000", "2008-06-30": "169.70000", "2008-03-31": "151.00000", "2007-12-31": "144.80000", "2007-09-30": "140.40000", "2007-06-30": "132.20000", "2007-03-31": "130.40000", "2006-12-31": "125.60000", "2006-09-30": "117.80000", "2006-06-30": "113.80000", "2006-03-31": "112.90000", "2005-12-31": "115.10000", "2005-09-30": "124.50000", "2005-06-30": "136.20000", "2005-03-31": "135.40000"}, "Total Long-Term Assets": {"2020-09-30": "5757.00000", "2020-06-30": "5705.50000", "2020-03-31": "5717.20000", "2019-12-31": "5797.90000", "2019-09-30": "5726.20000", "2019-06-30": "5727.50000", "2019-03-31": "5741.89900", "2018-12-31": "5944.10000", "2018-09-30": "5915.70000", "2018-06-30": "5725.20000", "2018-03-31": "5813.50000", "2017-12-31": "5553.60100", "2017-09-30": "2482.60000", "2017-06-30": "2498.50000", "2017-03-31": "2482.10000", "2016-12-31": "3290.10000", "2016-09-30": "3405.70000", "2016-06-30": "3383.10000", "2016-03-31": "3435.20000", "2015-12-31": "3354.00000", "2015-09-30": "3208.90000", "2015-06-30": "3269.50000", "2015-03-31": "1982.10000", "2014-12-31": "2391.60000", "2014-09-30": "2393.80000", "2014-06-30": "2375.30000", "2014-03-31": "2338.20000", "2013-12-31": "2290.20000", "2013-09-30": "2320.10000", "2013-06-30": "2167.00000", "2013-03-31": "2162.70000", "2012-12-31": "2192.00000", "2012-09-30": "2040.40000", "2012-06-30": "1954.90000", "2012-03-31": "1908.30000", "2011-12-31": "1874.10000", "2011-09-30": "1699.30000", "2011-06-30": "1713.10000", "2011-03-31": "1698.70000", "2010-12-31": "1673.70000", "2010-09-30": "1641.40000", "2010-06-30": "1560.50000", "2010-03-31": "1595.10000", "2009-12-31": "1648.50000", "2009-09-30": "1610.40000", "2009-06-30": "1604.80000", "2009-03-31": "1539.10000", "2008-12-31": "1561.10000", "2008-09-30": "1497.50000", "2008-06-30": "1463.20000", "2008-03-31": "1492.10000", "2007-12-31": "1539.30000", "2007-09-30": "1564.00000", "2007-06-30": "1580.40000", "2007-03-31": "1641.10000", "2006-12-31": "1672.90000", "2006-09-30": "1654.90000", "2006-06-30": "1647.40000", "2006-03-31": "1660.00000", "2005-12-31": "1675.60000", "2005-09-30": "1743.00000", "2005-06-30": "1770.00000", "2005-03-31": "1844.10000"}, "Total Assets": {"2020-09-30": "9772.20000", "2020-06-30": "9993.70000", "2020-03-31": "10189.20000", "2019-12-31": "9872.70000", "2019-09-30": "9803.80000", "2019-06-30": "9824.50000", "2019-03-31": "9946.00000", "2018-12-31": "9974.30000", "2018-09-30": "9406.90000", "2018-06-30": "9718.20000", "2018-03-31": "10149.10000", "2017-12-31": "9206.30000", "2017-09-30": "6056.80000", "2017-06-30": "5984.30000", "2017-03-31": "6036.30000", "2016-12-31": "6139.30000", "2016-09-30": "6209.80000", "2016-06-30": "6282.20000", "2016-03-31": "6390.40000", "2015-12-31": "6325.90000", "2015-09-30": "6447.00000", "2015-06-30": "7075.20000", "2015-03-31": "5311.70000", "2014-12-31": "5326.00000", "2014-09-30": "5251.10000", "2014-06-30": "5127.30000", "2014-03-31": "5090.70000", "2013-12-31": "5235.20000", "2013-09-30": "4930.80000", "2013-06-30": "4349.70000", "2013-03-31": "4448.00000", "2012-12-31": "4373.90000", "2012-09-30": "4065.90000", "2012-06-30": "3907.60000", "2012-03-31": "3851.60000", "2011-12-31": "3743.50000", "2011-09-30": "3389.60000", "2011-06-30": "3466.20000", "2011-03-31": "3416.20000", "2010-12-31": "3319.90000", "2010-09-30": "3403.80000", "2010-06-30": "3219.10000", "2010-03-31": "3233.00000", "2009-12-31": "3136.20000", "2009-09-30": "3045.50000", "2009-06-30": "3028.50000", "2009-03-31": "3020.00000", "2008-12-31": "2993.90000", "2008-09-30": "2930.40000", "2008-06-30": "2978.70000", "2008-03-31": "2902.50000", "2007-12-31": "2733.40000", "2007-09-30": "2738.20000", "2007-06-30": "2730.00000", "2007-03-31": "2764.50000", "2006-12-31": "2740.70000", "2006-09-30": "2786.20000", "2006-06-30": "2781.20000", "2006-03-31": "2778.60000", "2005-12-31": "2740.00000", "2005-09-30": "2684.30000", "2005-06-30": "2906.00000", "2005-03-31": "2970.10000"}, "Total Current Liabilities": {"2020-09-30": "2368.30000", "2020-06-30": "2682.90000", "2020-03-31": "2456.50000", "2019-12-31": "2723.90000", "2019-09-30": "2521.50000", "2019-06-30": "3230.10000", "2019-03-31": "3337.60000", "2018-12-31": "2993.40000", "2018-09-30": "2271.50000", "2018-06-30": "2448.30000", "2018-03-31": "2686.00000", "2017-12-31": "2209.40000", "2017-09-30": "1630.60000", "2017-06-30": "1541.90000", "2017-03-31": "1488.80000", "2016-12-31": "1438.20000", "2016-09-30": "1308.80000", "2016-06-30": "1354.10000", "2016-03-31": "1451.30000", "2015-12-31": "1453.30000", "2015-09-30": "1455.00000", "2015-06-30": "1980.60000", "2015-03-31": "2015.60000", "2014-12-31": "1910.40000", "2014-09-30": "1741.50000", "2014-06-30": "1692.90000", "2014-03-31": "1726.70000", "2013-12-31": "1986.70000", "2013-09-30": "2066.50000", "2013-06-30": "1268.90000", "2013-03-31": "987.70000", "2012-12-31": "1135.50000", "2012-09-30": "1087.30000", "2012-06-30": "996.40000", "2012-03-31": "917.20000", "2011-12-31": "919.90000", "2011-09-30": "909.50000", "2011-06-30": "925.30000", "2011-03-31": "906.30000", "2010-12-31": "963.40000", "2010-09-30": "834.50000", "2010-06-30": "737.20000", "2010-03-31": "734.50000", "2009-12-31": "709.20000", "2009-09-30": "765.20000", "2009-06-30": "717.20000", "2009-03-31": "722.70000", "2008-12-31": "759.10000", "2008-09-30": "760.80000", "2008-06-30": "776.90000", "2008-03-31": "781.20000", "2007-12-31": "751.40000", "2007-09-30": "771.30000", "2007-06-30": "732.30000", "2007-03-31": "669.10000", "2006-12-31": "717.50000", "2006-09-30": "708.40000", "2006-06-30": "681.00000", "2006-03-31": "677.90000", "2005-12-31": "659.30000", "2005-09-30": "669.20000", "2005-06-30": "717.40000", "2005-03-31": "754.90000"}, "Long Term Debt": {"2020-09-30": "3028.30000", "2020-06-30": "3027.50000", "2020-03-31": "3531.80000", "2019-12-31": "3031.10000", "2019-09-30": "3032.40000", "2019-06-30": "2144.30000", "2019-03-31": "2145.00000", "2018-12-31": "2145.00000", "2018-09-30": "2593.30000", "2018-06-30": "2892.90000", "2018-03-31": "2993.20000", "2017-12-31": "2993.00000", "2017-09-30": "1492.90000", "2017-06-30": "1592.30000", "2017-03-31": "1790.40000", "2016-12-31": "1798.80000", "2016-09-30": "1913.30000", "2016-06-30": "1988.90000", "2016-03-31": "1986.20000", "2015-12-31": "2036.30000", "2015-09-30": "2048.50000", "2015-06-30": "2050.90000", "2015-03-31": "1150.90000", "2014-12-31": "1138.90000", "2014-09-30": "1151.90000", "2014-06-30": "1153.70000", "2014-03-31": "1154.00000", "2013-12-31": "1154.10000", "2013-09-30": "771.80000", "2013-06-30": "762.40000", "2013-03-31": "1233.90000", "2012-12-31": "908.80000", "2012-09-30": "807.90000", "2012-06-30": "810.00000", "2012-03-31": "910.40000", "2011-12-31": "779.10000", "2011-09-30": "493.60000", "2011-06-30": "485.50000", "2011-03-31": "533.90000", "2010-12-31": "503.00000", "2010-09-30": "535.30000", "2010-06-30": "562.90000", "2010-03-31": "609.90000", "2009-12-31": "588.00000", "2009-09-30": "541.90000", "2009-06-30": "561.20000", "2009-03-31": "617.80000", "2008-12-31": "592.90000", "2008-09-30": "542.10000", "2008-06-30": "491.70000", "2008-03-31": "482.90000", "2007-12-31": "419.60000", "2007-09-30": "416.40000", "2007-06-30": "440.20000", "2007-03-31": "515.50000", "2006-12-31": "523.50000", "2006-09-30": "577.90000", "2006-06-30": "574.50000", "2006-03-31": "603.50000", "2005-12-31": "639.80000", "2005-09-30": "618.70000", "2005-06-30": "804.10000", "2005-03-31": "819.10000"}, "Other Non-Current Liabilities": {"2020-09-30": "1019.80000", "2020-06-30": "1052.60000", "2020-03-31": "1121.20000", "2019-12-31": "1178.90000", "2019-09-30": "1190.20000", "2019-06-30": "1268.40000", "2019-03-31": "1295.90000", "2018-12-31": "1201.40000", "2018-09-30": "1117.70000", "2018-06-30": "1150.30000", "2018-03-31": "1221.70000", "2017-12-31": "1064.30000", "2017-09-30": "580.00000", "2017-06-30": "583.60000", "2017-03-31": "606.30000", "2016-12-31": "573.90000", "2016-09-30": "559.20000", "2016-06-30": "567.80000", "2016-03-31": "580.20000", "2015-12-31": "560.60000", "2015-09-30": "376.20000", "2015-06-30": "399.90000", "2015-03-31": "392.30000", "2014-12-31": "418.00000", "2014-09-30": "451.30000", "2014-06-30": "388.20000", "2014-03-31": "383.40000", "2013-12-31": "391.40000", "2013-09-30": "357.70000", "2013-06-30": "329.00000", "2013-03-31": "339.00000", "2012-12-31": "395.70000", "2012-09-30": "339.30000", "2012-06-30": "333.70000", "2012-03-31": "333.20000", "2011-12-31": "330.10000", "2011-09-30": "315.70000", "2011-06-30": "325.10000", "2011-03-31": "330.10000", "2010-12-31": "318.20000", "2010-09-30": "351.90000", "2010-06-30": "347.40000", "2010-03-31": "309.80000", "2009-12-31": "299.40000", "2009-09-30": "281.50000", "2009-06-30": "269.00000", "2009-03-31": "267.40000", "2008-12-31": "271.90000", "2008-09-30": "291.60000", "2008-06-30": "305.20000", "2008-03-31": "303.30000", "2007-12-31": "306.00000", "2007-09-30": "305.50000", "2007-06-30": "316.50000", "2007-03-31": "304.50000", "2006-12-31": "261.30000", "2006-09-30": "257.70000", "2006-06-30": "248.50000", "2006-03-31": "250.80000", "2005-12-31": "231.80000", "2005-09-30": "199.60000", "2005-06-30": "201.90000", "2005-03-31": "204.80000"}, "Total Long Term Liabilities": {"2020-09-30": "4435.50000", "2020-06-30": "4459.90000", "2020-03-31": "5030.00000", "2019-12-31": "4587.40000", "2019-09-30": "4603.00000", "2019-06-30": "3799.50000", "2019-03-31": "3816.60000", "2018-12-31": "3770.50000", "2018-09-30": "4057.10000", "2018-06-30": "4244.20000", "2018-03-31": "4448.40000", "2017-12-31": "4289.80000", "2017-09-30": "2291.00000", "2017-06-30": "2415.70000", "2017-03-31": "2656.10000", "2016-12-31": "2708.10000", "2016-09-30": "2780.30000", "2016-06-30": "2886.20000", "2016-03-31": "2935.80000", "2015-12-31": "2964.30000", "2015-09-30": "2837.40000", "2015-06-30": "2886.30000", "2015-03-31": "1826.70000", "2014-12-31": "1851.60000", "2014-09-30": "1725.30000", "2014-06-30": "1666.00000", "2014-03-31": "1676.60000", "2013-12-31": "1676.40000", "2013-09-30": "1490.70000", "2013-06-30": "1482.20000", "2013-03-31": "1977.10000", "2012-12-31": "1683.60000", "2012-09-30": "1490.50000", "2012-06-30": "1524.70000", "2012-03-31": "1634.80000", "2011-12-31": "1519.50000", "2011-09-30": "1101.80000", "2011-06-30": "1119.60000", "2011-03-31": "1192.50000", "2010-12-31": "1167.30000", "2010-09-30": "1212.20000", "2010-06-30": "1269.30000", "2010-03-31": "1311.50000", "2009-12-31": "1293.90000", "2009-09-30": "1158.60000", "2009-06-30": "1210.10000", "2009-03-31": "1289.60000", "2008-12-31": "1268.40000", "2008-09-30": "1020.00000", "2008-06-30": "986.30000", "2008-03-31": "971.20000", "2007-12-31": "917.70000", "2007-09-30": "911.80000", "2007-06-30": "962.70000", "2007-03-31": "1035.70000", "2006-12-31": "1013.00000", "2006-09-30": "1054.20000", "2006-06-30": "1056.80000", "2006-03-31": "1092.80000", "2005-12-31": "1121.40000", "2005-09-30": "1051.10000", "2005-06-30": "1250.50000", "2005-03-31": "1272.20000"}, "Total Liabilities": {"2020-09-30": "6803.80000", "2020-06-30": "7142.80000", "2020-03-31": "7486.50000", "2019-12-31": "7311.30000", "2019-09-30": "7124.50000", "2019-06-30": "7029.60000", "2019-03-31": "7154.20000", "2018-12-31": "6763.90000", "2018-09-30": "6328.60000", "2018-06-30": "6692.50000", "2018-03-31": "7134.40000", "2017-12-31": "6499.20000", "2017-09-30": "3921.60000", "2017-06-30": "3957.60000", "2017-03-31": "4144.90000", "2016-12-31": "4146.30000", "2016-09-30": "4089.10000", "2016-06-30": "4240.30000", "2016-03-31": "4387.10000", "2015-12-31": "4417.60000", "2015-09-30": "4292.40000", "2015-06-30": "4866.90000", "2015-03-31": "3842.30000", "2014-12-31": "3762.00000", "2014-09-30": "3466.80000", "2014-06-30": "3358.90000", "2014-03-31": "3403.30000", "2013-12-31": "3663.10000", "2013-09-30": "3557.20000", "2013-06-30": "2751.10000", "2013-03-31": "2964.80000", "2012-12-31": "2819.10000", "2012-09-30": "2577.80000", "2012-06-30": "2521.10000", "2012-03-31": "2552.00000", "2011-12-31": "2439.40000", "2011-09-30": "2011.30000", "2011-06-30": "2044.90000", "2011-03-31": "2098.80000", "2010-12-31": "2130.70000", "2010-09-30": "2046.70000", "2010-06-30": "2006.50000", "2010-03-31": "2046.00000", "2009-12-31": "2003.10000", "2009-09-30": "1923.80000", "2009-06-30": "1927.30000", "2009-03-31": "2012.30000", "2008-12-31": "2027.50000", "2008-09-30": "1780.80000", "2008-06-30": "1763.20000", "2008-03-31": "1752.40000", "2007-12-31": "1669.10000", "2007-09-30": "1683.10000", "2007-06-30": "1695.00000", "2007-03-31": "1704.80000", "2006-12-31": "1730.50000", "2006-09-30": "1762.60000", "2006-06-30": "1737.80000", "2006-03-31": "1770.70000", "2005-12-31": "1780.70000", "2005-09-30": "1720.30000", "2005-06-30": "1967.90000", "2005-03-31": "2027.10000"}, "Common Stock Net": {"2020-09-30": "18.60000", "2020-06-30": "18.60000", "2020-03-31": "18.60000", "2019-12-31": "18.60000", "2019-09-30": "18.60000", "2019-06-30": "18.60000", "2019-03-31": "18.60000", "2018-12-31": "18.60000", "2018-09-30": "18.60000", "2018-06-30": "18.60000", "2018-03-31": "18.60000", "2017-12-31": "18.60000", "2017-09-30": "18.60000", "2017-06-30": "18.60000", "2017-03-31": "18.60000", "2016-12-31": "18.60000", "2016-09-30": "18.60000", "2016-06-30": "18.60000", "2016-03-31": "18.60000", "2015-12-31": "18.60000", "2015-09-30": "18.60000", "2015-06-30": "18.60000", "2015-03-31": "18.60000", "2014-12-31": "18.60000", "2014-09-30": "18.60000", "2014-06-30": "18.60000", "2014-03-31": "18.60000", "2013-12-31": "18.60000", "2013-09-30": "18.60000", "2013-06-30": "18.60000", "2013-03-31": "18.60000", "2012-12-31": "18.60000", "2012-09-30": "18.60000", "2012-06-30": "18.60000", "2012-03-31": "9.30000", "2011-12-31": "18.60000", "2011-09-30": "9.30000", "2011-06-30": "9.30000", "2011-03-31": "9.30000", "2010-12-31": "9.30000", "2010-09-30": "9.30000", "2010-06-30": "9.30000", "2010-03-31": "9.30000", "2009-12-31": "9.30000", "2009-09-30": "9.30000", "2009-06-30": "9.30000", "2009-03-31": "9.30000", "2008-12-31": "9.30000", "2008-09-30": "9.30000", "2008-06-30": "9.30000", "2008-03-31": "9.30000", "2007-12-31": "9.30000", "2007-09-30": "9.30000", "2007-06-30": "4.60000", "2007-03-31": "4.60000", "2006-12-31": "9.30000", "2006-09-30": "4.60000", "2006-06-30": "4.60000", "2006-03-31": "4.60000", "2005-12-31": "4.60000", "2005-09-30": "4.60000", "2005-06-30": "4.50000", "2005-03-31": "4.50000"}, "Retained Earnings (Accumulated Deficit)": {"2020-09-30": "4519.30000", "2020-06-30": "4465.10000", "2020-03-31": "4337.90000", "2019-12-31": "4188.80000", "2019-09-30": "4249.00000", "2019-06-30": "4210.50000", "2019-03-31": "4088.40000", "2018-12-31": "4334.30000", "2018-09-30": "4355.10000", "2018-06-30": "4304.70000", "2018-03-31": "4197.30000", "2017-12-31": "3952.40000", "2017-09-30": "3444.60000", "2017-06-30": "3411.70000", "2017-03-31": "3359.10000", "2016-12-31": "3505.50000", "2016-09-30": "3511.80000", "2016-06-30": "3454.20000", "2016-03-31": "3411.10000", "2015-12-31": "3385.00000", "2015-09-30": "3611.20000", "2015-06-30": "3635.70000", "2015-03-31": "2915.50000", "2014-12-31": "2984.50000", "2014-09-30": "2928.30000", "2014-06-30": "2891.80000", "2014-03-31": "2802.80000", "2013-12-31": "2757.30000", "2013-09-30": "2748.20000", "2013-06-30": "2748.40000", "2013-03-31": "2649.00000", "2012-12-31": "2536.50000", "2012-09-30": "2453.00000", "2012-06-30": "2375.40000", "2012-03-31": "2282.90000", "2011-12-31": "2176.20000", "2011-09-30": "2108.80000", "2011-06-30": "2032.70000", "2011-03-31": "1936.30000", "2010-12-31": "1853.00000", "2010-09-30": "1915.60000", "2010-06-30": "1841.80000", "2010-03-31": "1785.10000", "2009-12-31": "1716.90000", "2009-09-30": "1664.20000", "2009-06-30": "1644.90000", "2009-03-31": "1584.70000", "2008-12-31": "1524.70000", "2008-09-30": "1487.60000", "2008-06-30": "1416.80000", "2008-03-31": "1341.80000", "2007-12-31": "1255.80000", "2007-09-30": "1232.20000", "2007-06-30": "1203.10000", "2007-03-31": "1207.90000", "2006-12-31": "1157.10000", "2006-09-30": "1160.40000", "2006-06-30": "1132.20000", "2006-03-31": "1092.80000", "2005-12-31": "1062.20000", "2005-09-30": "1036.90000", "2005-06-30": "1041.30000", "2005-03-31": "1010.10000"}, "Comprehensive Income": {"2020-09-30": "-357.90000", "2020-06-30": "-415.20000", "2020-03-31": "-426.80000", "2019-12-31": "-412.00000", "2019-09-30": "-426.80000", "2019-06-30": "-353.50000", "2019-03-31": "-324.40000", "2018-12-31": "-308.90000", "2018-09-30": "-299.50000", "2018-06-30": "-293.20000", "2018-03-31": "-185.50000", "2017-12-31": "-240.30000", "2017-09-30": "-288.60000", "2017-06-30": "-353.40000", "2017-03-31": "-425.50000", "2016-12-31": "-478.40000", "2016-09-30": "-381.50000", "2016-06-30": "-406.90000", "2016-03-31": "-394.10000", "2015-12-31": "-457.30000", "2015-09-30": "-432.70000", "2015-06-30": "-399.90000", "2015-03-31": "-409.20000", "2014-12-31": "-375.80000", "2014-09-30": "-163.90000", "2014-06-30": "-135.70000", "2014-03-31": "-142.20000", "2013-12-31": "-201.90000", "2013-09-30": "-385.40000", "2013-06-30": "-406.70000", "2013-03-31": "-406.50000", "2012-12-31": "-408.90000", "2012-09-30": "-369.20000", "2012-06-30": "-390.80000", "2012-03-31": "-370.70000", "2011-12-31": "-390.00000", "2011-09-30": "-293.50000", "2011-06-30": "-270.00000", "2011-03-31": "-277.70000", "2010-12-31": "-311.70000", "2010-09-30": "-290.80000", "2010-06-30": "-323.80000", "2010-03-31": "-298.30000", "2009-12-31": "-279.20000", "2009-09-30": "-227.30000", "2009-06-30": "-249.70000", "2009-03-31": "-291.30000", "2008-12-31": "-276.10000", "2008-09-30": "-50.70000", "2008-06-30": "25.10000", "2008-03-31": "13.10000", "2007-12-31": "-9.90000", "2007-09-30": "-23.70000", "2007-06-30": "-39.00000", "2007-03-31": "-44.70000", "2006-12-31": "-57.10000", "2006-09-30": "-54.40000", "2006-06-30": "-49.10000", "2006-03-31": "-55.40000", "2005-12-31": "-46.10000", "2005-09-30": "-10.80000", "2005-06-30": "-30.60000", "2005-03-31": "15.90000"}, "Other Share Holders Equity": {"2020-09-30": "", "2020-06-30": "", "2020-03-31": "", "2019-12-31": "", "2019-09-30": "", "2019-06-30": "", "2019-03-31": "", "2018-12-31": "", "2018-09-30": "", "2018-06-30": "", "2018-03-31": "", "2017-12-31": "", "2017-09-30": "", "2017-06-30": "", "2017-03-31": "", "2016-12-31": "", "2016-09-30": "", "2016-06-30": "", "2016-03-31": "", "2015-12-31": "", "2015-09-30": "", "2015-06-30": "", "2015-03-31": "", "2014-12-31": "", "2014-09-30": "", "2014-06-30": "", "2014-03-31": "", "2013-12-31": "", "2013-09-30": "", "2013-06-30": "", "2013-03-31": "", "2012-12-31": "", "2012-09-30": "", "2012-06-30": "", "2012-03-31": "", "2011-12-31": "", "2011-09-30": "", "2011-06-30": "", "2011-03-31": "", "2010-12-31": "", "2010-09-30": "", "2010-06-30": "", "2010-03-31": "", "2009-12-31": "", "2009-09-30": "", "2009-06-30": "", "2009-03-31": "", "2008-12-31": "", "2008-09-30": "", "2008-06-30": "", "2008-03-31": "", "2007-12-31": "", "2007-09-30": "", "2007-06-30": "", "2007-03-31": "", "2006-12-31": "", "2006-09-30": "", "2006-06-30": "", "2006-03-31": "", "2005-12-31": "", "2005-09-30": "", "2005-06-30": "", "2005-03-31": ""}, "Share Holder Equity": {"2020-09-30": "2968.40000", "2020-06-30": "2850.90000", "2020-03-31": "2702.70000", "2019-12-31": "2561.40000", "2019-09-30": "2679.30000", "2019-06-30": "2794.90000", "2019-03-31": "2791.80000", "2018-12-31": "3210.40000", "2018-09-30": "3078.30000", "2018-06-30": "3025.70000", "2018-03-31": "3014.70000", "2017-12-31": "2707.10000", "2017-09-30": "2135.20000", "2017-06-30": "2026.70000", "2017-03-31": "1891.40000", "2016-12-31": "1993.00000", "2016-09-30": "2120.70000", "2016-06-30": "2041.90000", "2016-03-31": "2003.30000", "2015-12-31": "1908.30000", "2015-09-30": "2154.60000", "2015-06-30": "2208.30000", "2015-03-31": "1469.40000", "2014-12-31": "1564.00000", "2014-09-30": "1784.30000", "2014-06-30": "1768.40000", "2014-03-31": "1687.40000", "2013-12-31": "1572.10000", "2013-09-30": "1373.60000", "2013-06-30": "1598.60000", "2013-03-31": "1483.20000", "2012-12-31": "1554.80000", "2012-09-30": "1488.10000", "2012-06-30": "1386.50000", "2012-03-31": "1299.60000", "2011-12-31": "1304.10000", "2011-09-30": "1378.30000", "2011-06-30": "1421.30000", "2011-03-31": "1317.40000", "2010-12-31": "1189.20000", "2010-09-30": "1357.10000", "2010-06-30": "1212.60000", "2010-03-31": "1187.00000", "2009-12-31": "1133.10000", "2009-09-30": "1121.70000", "2009-06-30": "1101.20000", "2009-03-31": "1007.70000", "2008-12-31": "966.40000", "2008-09-30": "1149.60000", "2008-06-30": "1215.50000", "2008-03-31": "1150.10000", "2007-12-31": "1064.30000", "2007-09-30": "1055.10000", "2007-06-30": "1035.00000", "2007-03-31": "1059.70000", "2006-12-31": "1010.20000", "2006-09-30": "1023.60000", "2006-06-30": "1043.40000", "2006-03-31": "1007.90000", "2005-12-31": "959.30000", "2005-09-30": "964.00000", "2005-06-30": "938.10000", "2005-03-31": "943.00000"}, "Total Liabilities And Share Holders Equity": {"2020-09-30": "9772.20000", "2020-06-30": "9993.70000", "2020-03-31": "10189.20000", "2019-12-31": "9872.70000", "2019-09-30": "9803.80000", "2019-06-30": "9824.50000", "2019-03-31": "9946.00000", "2018-12-31": "9974.30000", "2018-09-30": "9406.90000", "2018-06-30": "9718.20000", "2018-03-31": "10149.10000", "2017-12-31": "9206.30000", "2017-09-30": "6056.80000", "2017-06-30": "5984.30000", "2017-03-31": "6036.30000", "2016-12-31": "6139.30000", "2016-09-30": "6209.80000", "2016-06-30": "6282.20000", "2016-03-31": "6390.40000", "2015-12-31": "6325.90000", "2015-09-30": "6447.00000", "2015-06-30": "7075.20000", "2015-03-31": "5311.70000", "2014-12-31": "5326.00000", "2014-09-30": "5251.10000", "2014-06-30": "5127.30000", "2014-03-31": "5090.70000", "2013-12-31": "5235.20000", "2013-09-30": "4930.80000", "2013-06-30": "4349.70000", "2013-03-31": "4448.00000", "2012-12-31": "4373.90000", "2012-09-30": "4065.90000", "2012-06-30": "3907.60000", "2012-03-31": "3851.60000", "2011-12-31": "3743.50000", "2011-09-30": "3389.60000", "2011-06-30": "3466.20000", "2011-03-31": "3416.20000", "2010-12-31": "3319.90000", "2010-09-30": "3403.80000", "2010-06-30": "3219.10000", "2010-03-31": "3233.00000", "2009-12-31": "3136.20000", "2009-09-30": "3045.50000", "2009-06-30": "3028.50000", "2009-03-31": "3020.00000", "2008-12-31": "2993.90000", "2008-09-30": "2930.40000", "2008-06-30": "2978.70000", "2008-03-31": "2902.50000", "2007-12-31": "2733.40000", "2007-09-30": "2738.20000", "2007-06-30": "2730.00000", "2007-03-31": "2764.50000", "2006-12-31": "2740.70000", "2006-09-30": "2786.20000", "2006-06-30": "2781.20000", "2006-03-31": "2778.60000", "2005-12-31": "2740.00000", "2005-09-30": "2684.30000", "2005-06-30": "2906.00000", "2005-03-31": "2970.10000"}}, "cash flow statement": {"Net Income/Loss": {"2019-12-31": "480.20000", "2018-12-31": "511.50000", "2017-12-31": "538.40000", "2016-12-31": "211.70000", "2015-12-31": "498.50000", "2014-12-31": "322.10000", "2013-12-31": "308.00000", "2012-12-31": "435.70000", "2011-12-31": "382.20000", "2010-12-31": "184.90000", "2009-12-31": "238.80000", "2008-12-31": "321.60000", "2007-12-31": "142.00000", "2006-12-31": "131.30000", "2005-12-31": "114.00000"}, "Total Depreciation And Amortization - Cash Flow": {"2019-12-31": "150.10000", "2018-12-31": "150.20000", "2017-12-31": "97.80000", "2016-12-31": "100.60000", "2015-12-31": "76.80000", "2014-12-31": "93.50000", "2013-12-31": "88.00000", "2012-12-31": "115.90000", "2011-12-31": "99.60000", "2010-12-31": "133.60000", "2009-12-31": "127.20000", "2008-12-31": "124.20000", "2007-12-31": "133.70000", "2006-12-31": "131.80000", "2005-12-31": "136.30000"}, "Other Non-Cash Items": {"2019-12-31": "251.50000", "2018-12-31": "77.60000", "2017-12-31": "-369.20000", "2016-12-31": "248.00000", "2015-12-31": "-373.00000", "2014-12-31": "112.40000", "2013-12-31": "268.50000", "2012-12-31": "90.30000", "2011-12-31": "43.80000", "2010-12-31": "167.50000", "2009-12-31": "182.10000", "2008-12-31": "136.00000", "2007-12-31": "155.20000", "2006-12-31": "119.60000", "2005-12-31": "94.80000"}, "Total Non-Cash Items": {"2019-12-31": "401.60000", "2018-12-31": "227.80000", "2017-12-31": "-271.40000", "2016-12-31": "348.60000", "2015-12-31": "-296.20000", "2014-12-31": "205.90000", "2013-12-31": "356.50000", "2012-12-31": "206.20000", "2011-12-31": "143.40000", "2010-12-31": "301.10000", "2009-12-31": "309.30000", "2008-12-31": "260.20000", "2007-12-31": "288.90000", "2006-12-31": "251.40000", "2005-12-31": "231.10000"}, "Change In Accounts Receivable": {"2019-12-31": "-123.50000", "2018-12-31": "-281.50000", "2017-12-31": "-191.10000", "2016-12-31": "11.80000", "2015-12-31": "140.60000", "2014-12-31": "-274.70000", "2013-12-31": "-382.20000", "2012-12-31": "-191.60000", "2011-12-31": "-107.80000", "2010-12-31": "-109.90000", "2009-12-31": "-59.30000", "2008-12-31": "-99.00000", "2007-12-31": "-48.60000", "2006-12-31": "-31.20000", "2005-12-31": "-27.50000"}, "Change In Inventories": {"2019-12-31": "6.40000", "2018-12-31": "-200.70000", "2017-12-31": "-102.80000", "2016-12-31": "79.00000", "2015-12-31": "27.80000", "2014-12-31": "36.20000", "2013-12-31": "2.40000", "2012-12-31": "-194.50000", "2011-12-31": "-109.90000", "2010-12-31": "-7.90000", "2009-12-31": "35.40000", "2008-12-31": "-83.70000", "2007-12-31": "-39.60000", "2006-12-31": "21.90000", "2005-12-31": "4.70000"}, "Change In Accounts Payable": {"2019-12-31": "103.00000", "2018-12-31": "166.70000", "2017-12-31": "304.30000", "2016-12-31": "-29.70000", "2015-12-31": "-294.40000", "2014-12-31": "-16.20000", "2013-12-31": "44.80000", "2012-12-31": "51.40000", "2011-12-31": "65.40000", "2010-12-31": "91.10000", "2009-12-31": "-71.50000", "2008-12-31": "52.00000", "2007-12-31": "10.50000", "2006-12-31": "-12.30000", "2005-12-31": "-25.60000"}, "Change In Assets/Liabilities": {"2019-12-31": "-71.30000", "2018-12-31": "-51.00000", "2017-12-31": "-20.00000", "2016-12-31": "-20.70000", "2015-12-31": "-103.20000", "2014-12-31": "121.70000", "2013-12-31": "19.90000", "2012-12-31": "68.90000", "2011-12-31": "19.50000", "2010-12-31": "-103.80000", "2009-12-31": "-40.50000", "2008-12-31": "-87.30000", "2007-12-31": "-50.00000", "2006-12-31": "-71.10000", "2005-12-31": "-17.50000"}, "Total Change In Assets/Liabilities": {"2019-12-31": "-393.30000", "2018-12-31": "-370.90000", "2017-12-31": "68.50000", "2016-12-31": "-62.50000", "2015-12-31": "-560.40000", "2014-12-31": "-154.30000", "2013-12-31": "-335.80000", "2012-12-31": "-282.20000", "2011-12-31": "-144.30000", "2010-12-31": "-131.50000", "2009-12-31": "-246.60000", "2008-12-31": "-274.20000", "2007-12-31": "-161.30000", "2006-12-31": "-118.70000", "2005-12-31": "-128.10000"}, "Cash Flow From Operating Activities": {"2019-12-31": "488.50000", "2018-12-31": "368.40000", "2017-12-31": "335.50000", "2016-12-31": "497.80000", "2015-12-31": "-358.10000", "2014-12-31": "373.70000", "2013-12-31": "328.70000", "2012-12-31": "359.70000", "2011-12-31": "381.30000", "2010-12-31": "354.50000", "2009-12-31": "301.50000", "2008-12-31": "307.60000", "2007-12-31": "269.60000", "2006-12-31": "264.00000", "2005-12-31": "217.00000"}, "Net Change In Property, Plant, And Equipment": {"2019-12-31": "-93.90000", "2018-12-31": "-83.00000", "2017-12-31": "-38.30000", "2016-12-31": "-89.30000", "2015-12-31": "-51.50000", "2014-12-31": "-182.00000", "2013-12-31": "-162.90000", "2012-12-31": "-174.50000", "2011-12-31": "-155.60000", "2010-12-31": "-139.70000", "2009-12-31": "-157.30000", "2008-12-31": "-93.00000", "2007-12-31": "-109.80000", "2006-12-31": "-110.30000", "2005-12-31": "-89.60000"}, "Net Change In Intangible Assets": {"2019-12-31": "", "2018-12-31": "", "2017-12-31": "", "2016-12-31": "", "2015-12-31": "", "2014-12-31": "", "2013-12-31": "", "2012-12-31": "", "2011-12-31": "", "2010-12-31": "", "2009-12-31": "", "2008-12-31": "", "2007-12-31": "", "2006-12-31": "-9.00000", "2005-12-31": ""}, "Net Acquisitions/Divestitures": {"2019-12-31": "26.20000", "2018-12-31": "107.60000", "2017-12-31": "-1187.60000", "2016-12-31": "", "2015-12-31": "444.70010", "2014-12-31": "199.10000", "2013-12-31": "-339.60000", "2012-12-31": "-142.80000", "2011-12-31": "-124.80000", "2010-12-31": "-7.50000", "2009-12-31": "-34.30000", "2008-12-31": "-90.60000", "2007-12-31": "", "2006-12-31": "", "2005-12-31": ""}, "Net Change In Short-term Investments": {"2019-12-31": "", "2018-12-31": "", "2017-12-31": "", "2016-12-31": "", "2015-12-31": "", "2014-12-31": "", "2013-12-31": "", "2012-12-31": "-13.90000", "2011-12-31": "", "2010-12-31": "", "2009-12-31": "", "2008-12-31": "", "2007-12-31": "", "2006-12-31": "", "2005-12-31": ""}, "Net Change In Long-Term Investments": {"2019-12-31": "-48.00000", "2018-12-31": "-48.50000", "2017-12-31": "", "2016-12-31": "", "2015-12-31": "66.40000", "2014-12-31": "27.50000", "2013-12-31": "", "2012-12-31": "", "2011-12-31": "-3.20000", "2010-12-31": "", "2009-12-31": "", "2008-12-31": "", "2007-12-31": "", "2006-12-31": "11.70000", "2005-12-31": "13.70000"}, "Net Change In Investments - Total": {"2019-12-31": "-48.00000", "2018-12-31": "-48.50000", "2017-12-31": "", "2016-12-31": "", "2015-12-31": "66.40000", "2014-12-31": "27.50000", "2013-12-31": "", "2012-12-31": "-13.90000", "2011-12-31": "-3.20000", "2010-12-31": "", "2009-12-31": "", "2008-12-31": "", "2007-12-31": "", "2006-12-31": "11.70000", "2005-12-31": "13.70000"}, "Investing Activities - Other": {"2019-12-31": "-71.00000", "2018-12-31": "-107.00000", "2017-12-31": "-107.90000", "2016-12-31": "-45.90000", "2015-12-31": "-110.90000", "2014-12-31": "-79.90000", "2013-12-31": "-150.70000", "2012-12-31": "-62.40000", "2011-12-31": "-74.40000", "2010-12-31": "-6.80000", "2009-12-31": "-9.10000", "2008-12-31": "-8.10000", "2007-12-31": "-10.80000", "2006-12-31": "-2.20000", "2005-12-31": "69.50000"}, "Cash Flow From Investing Activities": {"2019-12-31": "-186.70000", "2018-12-31": "-130.90000", "2017-12-31": "-1333.80000", "2016-12-31": "-135.20000", "2015-12-31": "348.70000", "2014-12-31": "-35.30000", "2013-12-31": "-653.20000", "2012-12-31": "-393.60000", "2011-12-31": "-358.00000", "2010-12-31": "-154.00000", "2009-12-31": "-200.70000", "2008-12-31": "-191.70000", "2007-12-31": "-120.60000", "2006-12-31": "-109.80000", "2005-12-31": "-6.40000"}, "Net Long-Term Debt": {"2019-12-31": "598.10000", "2018-12-31": "-154.40000", "2017-12-31": "1296.60000", "2016-12-31": "-239.80000", "2015-12-31": "613.40000", "2014-12-31": "-31.60000", "2013-12-31": "405.60000", "2012-12-31": "-14.50000", "2011-12-31": "178.90000", "2010-12-31": "9.00000", "2009-12-31": "375.60000", "2008-12-31": "-90.90000", "2007-12-31": "-53.90000", "2006-12-31": "-91.50000", "2005-12-31": "-255.50000"}, "Net Current Debt": {"2019-12-31": "-11.90000", "2018-12-31": "79.50000", "2017-12-31": "-3.10000", "2016-12-31": "-19.40000", "2015-12-31": "-547.30000", "2014-12-31": "-139.60000", "2013-12-31": "483.30000", "2012-12-31": "152.60000", "2011-12-31": "9.00000", "2010-12-31": "-14.90000", "2009-12-31": "-374.30000", "2008-12-31": "174.10000", "2007-12-31": "-47.10000", "2006-12-31": "-27.10000", "2005-12-31": ""}, "Debt Issuance/Retirement Net - Total": {"2019-12-31": "586.20000", "2018-12-31": "-74.90000", "2017-12-31": "1293.50000", "2016-12-31": "-259.20000", "2015-12-31": "66.10000", "2014-12-31": "-171.20000", "2013-12-31": "888.90000", "2012-12-31": "138.10000", "2011-12-31": "187.90000", "2010-12-31": "-5.90000", "2009-12-31": "1.30000", "2008-12-31": "83.20000", "2007-12-31": "-101.00000", "2006-12-31": "-118.60000", "2005-12-31": "-255.50000"}, "Net Common Equity Issued/Repurchased": {"2019-12-31": "-365.50000", "2018-12-31": "-196.10000", "2017-12-31": "19.90000", "2016-12-31": "-8.90000", "2015-12-31": "2.20000", "2014-12-31": "3.90000", "2013-12-31": "-356.30000", "2012-12-31": "-130.30000", "2011-12-31": "-158.00000", "2010-12-31": "-119.60000", "2009-12-31": "-26.40000", "2008-12-31": "-173.80000", "2007-12-31": "-101.80000", "2006-12-31": "-51.60000", "2005-12-31": "40.20000"}, "Net Total Equity Issued/Repurchased": {"2019-12-31": "-365.50000", "2018-12-31": "-196.10000", "2017-12-31": "19.90000", "2016-12-31": "-8.90000", "2015-12-31": "2.20000", "2014-12-31": "3.90000", "2013-12-31": "-356.30000", "2012-12-31": "-130.30000", "2011-12-31": "-158.00000", "2010-12-31": "-119.60000", "2009-12-31": "-26.40000", "2008-12-31": "-173.80000", "2007-12-31": "-101.80000", "2006-12-31": "-51.60000", "2005-12-31": "40.20000"}, "Total Common And Preferred Stock Dividends Paid": {"2019-12-31": "-210.30000", "2018-12-31": "-89.20000", "2017-12-31": "-88.80000", "2016-12-31": "-88.60000", "2015-12-31": "-86.40000", "2014-12-31": "-78.10000", "2013-12-31": "-73.60000", "2012-12-31": "-47.80000", "2011-12-31": "-41.20000", "2010-12-31": "-36.40000", "2009-12-31": "-36.30000", "2008-12-31": "-34.40000", "2007-12-31": "-29.70000", "2006-12-31": "-21.00000", "2005-12-31": ""}, "Financial Activities - Other": {"2019-12-31": "-134.60000", "2018-12-31": "-3.10000", "2017-12-31": "-11.50000", "2016-12-31": "-20.30000", "2015-12-31": "1.40000", "2014-12-31": "-104.50000", "2013-12-31": "-87.80000", "2012-12-31": "-8.20000", "2011-12-31": "-14.00000", "2010-12-31": "45.30000", "2009-12-31": "-16.40000", "2008-12-31": "-12.50000", "2007-12-31": "-10.90000", "2006-12-31": "-7.30000", "2005-12-31": ""}, "Cash Flow From Financial Activities": {"2019-12-31": "-124.20000", "2018-12-31": "-363.30000", "2017-12-31": "1213.10000", "2016-12-31": "-377.00000", "2015-12-31": "-16.70000", "2014-12-31": "-349.90000", "2013-12-31": "371.20000", "2012-12-31": "-48.20000", "2011-12-31": "-25.30000", "2010-12-31": "-116.60000", "2009-12-31": "-77.80000", "2008-12-31": "-137.50000", "2007-12-31": "-243.40000", "2006-12-31": "-198.50000", "2005-12-31": "-215.30000"}, "Net Cash Flow": {"2019-12-31": "177.40000", "2018-12-31": "-121.30000", "2017-12-31": "218.80000", "2016-12-31": "-14.40000", "2015-12-31": "-30.90000", "2014-12-31": "-13.70000", "2013-12-31": "46.10000", "2012-12-31": "-81.80000", "2011-12-31": "-2.60000", "2010-12-31": "84.90000", "2009-12-31": "24.20000", "2008-12-31": "-23.10000", "2007-12-31": "-90.00000", "2006-12-31": "-40.90000", "2005-12-31": "-6.00000"}, "Stock-Based Compensation": {"2019-12-31": "25.60000", "2018-12-31": "22.50000", "2017-12-31": "21.10000", "2016-12-31": "20.20000", "2015-12-31": "15.40000", "2014-12-31": "14.80000", "2013-12-31": "14.20000", "2012-12-31": "16.00000", "2011-12-31": "14.80000", "2010-12-31": "14.70000", "2009-12-31": "11.20000", "2008-12-31": "10.60000", "2007-12-31": "", "2006-12-31": "", "2005-12-31": ""}, "Common Stock Dividends Paid": {"2019-12-31": "-210.30000", "2018-12-31": "-89.20000", "2017-12-31": "-88.80000", "2016-12-31": "-88.60000", "2015-12-31": "-86.40000", "2014-12-31": "-78.10000", "2013-12-31": "-73.60000", "2012-12-31": "-47.80000", "2011-12-31": "-41.20000", "2010-12-31": "-36.40000", "2009-12-31": "-36.30000", "2008-12-31": "-34.40000", "2007-12-31": "-29.70000", "2006-12-31": "-21.00000", "2005-12-31": ""}}, "cash flow statement, quarterly": {"Net Income/Loss": {"2020-09-30": 112.1, "2020-06-30": 185, "2020-03-31": "206.20000", "2019-12-31": -2.8, "2019-09-30": 89.5, "2019-06-30": 176.3, "2019-03-31": "217.20000", "2018-12-31": 34.6, "2018-09-30": 74.8, "2018-06-30": 132.5, "2018-03-31": "269.60000", "2017-12-31": 531.1, "2017-09-30": 55.8, "2017-06-30": 75.3, "2017-03-31": "-123.80000", "2016-12-31": 16.4, "2016-09-30": 79.6, "2016-06-30": 67, "2016-03-31": "48.70000", "2015-12-31": -202.7, "2015-09-30": 0.4, "2015-06-30": 746.3, "2015-03-31": "-45.50000", "2014-12-31": 78.3, "2014-09-30": 60.1, "2014-06-30": 113.3, "2014-03-31": "70.40000", "2013-12-31": 31.9, "2013-09-30": 19.9, "2013-06-30": 121.2, "2013-03-31": "135.00000", "2012-12-31": 106.2, "2012-09-30": 94.6, "2012-06-30": 110.3, "2012-03-31": "124.60000", "2011-12-31": 81.7, "2011-09-30": 90.9, "2011-06-30": 112.2, "2011-03-31": "97.40000", "2010-12-31": -50.3, "2010-09-30": 85.9, "2010-06-30": 68.9, "2010-03-31": "80.40000", "2009-12-31": 66.8, "2009-09-30": 29.4, "2009-06-30": 71.7, "2009-03-31": "70.90000", "2008-12-31": 63.3, "2008-09-30": 80, "2008-06-30": 84.4, "2008-03-31": "93.90000", "2007-12-31": 50.5, "2007-09-30": 37.1, "2007-06-30": 8.6, "2007-03-31": "45.80000", "2006-12-31": 12.2, "2006-09-30": 35.1, "2006-06-30": 46.3, "2006-03-31": "37.70000", "2005-12-31": 22.7, "2005-09-30": -4.4, "2005-06-30": 31.2, "2005-03-31": "64.50000"}, "Total Depreciation And Amortization - Cash Flow": {"2020-09-30": 41.5, "2020-06-30": 40.1, "2020-03-31": "39.10000", "2019-12-31": 39, "2019-09-30": 36.6, "2019-06-30": 37.2, "2019-03-31": "37.30000", "2018-12-31": 38.8, "2018-09-30": 37.8, "2018-06-30": 38.8, "2018-03-31": "34.80000", "2017-12-31": 26.6, "2017-09-30": 25.1, "2017-06-30": 22.5, "2017-03-31": "23.60000", "2016-12-31": 25.4, "2016-09-30": 25.6, "2016-06-30": 24.7, "2016-03-31": "24.90000", "2015-12-31": -15.4, "2015-09-30": 38, "2015-06-30": 31.4, "2015-03-31": "22.80000", "2014-12-31": 22.6, "2014-09-30": 23, "2014-06-30": 24, "2014-03-31": "23.90000", "2013-12-31": -3.7, "2013-09-30": 34.2, "2013-06-30": 28.9, "2013-03-31": "28.60000", "2012-12-31": 31.3, "2012-09-30": 17.9, "2012-06-30": 34.5, "2012-03-31": "32.20000", "2011-12-31": 5.3, "2011-09-30": 31.6, "2011-06-30": 32.3, "2011-03-31": "30.40000", "2010-12-31": 34.6, "2010-09-30": 32.5, "2010-06-30": 32.6, "2010-03-31": "33.90000", "2009-12-31": 33.7, "2009-09-30": 32.3, "2009-06-30": 30.9, "2009-03-31": "30.30000", "2008-12-31": 29.9, "2008-09-30": 32.6, "2008-06-30": 30.7, "2008-03-31": "31.00000", "2007-12-31": 33, "2007-09-30": 32.3, "2007-06-30": 33.9, "2007-03-31": "34.50000", "2006-12-31": 33.8, "2006-09-30": 32.4, "2006-06-30": 33.5, "2006-03-31": "32.10000", "2005-12-31": 32.5, "2005-09-30": 33.7, "2005-06-30": 35.5, "2005-03-31": "34.60000"}, "Other Non-Cash Items": {"2020-09-30": 28.5, "2020-06-30": -3.2, "2020-03-31": "26.50000", "2019-12-31": 206.8, "2019-09-30": 4.8, "2019-06-30": 31.4, "2019-03-31": "8.50000", "2018-12-31": 131, "2018-09-30": 55.5, "2018-06-30": 35, "2018-03-31": "-143.90000", "2017-12-31": -610.2, "2017-09-30": 14.7, "2017-06-30": 5.4, "2017-03-31": "220.90000", "2016-12-31": 137.4, "2016-09-30": 57.3, "2016-06-30": 21.6, "2016-03-31": "31.70000", "2015-12-31": 217.8, "2015-09-30": 80.4001, "2015-06-30": -728.5001, "2015-03-31": "57.30000", "2014-12-31": -11.4, "2014-09-30": 80, "2014-06-30": -8.7, "2014-03-31": "52.50000", "2013-12-31": 112.3, "2013-09-30": 100.1, "2013-06-30": 27, "2013-03-31": "29.10000", "2012-12-31": 11.9, "2012-09-30": 19.1, "2012-06-30": 33.5, "2012-03-31": "25.80000", "2011-12-31": -76.7, "2011-09-30": 45.9, "2011-06-30": 26.1, "2011-03-31": "48.50000", "2010-12-31": 102.6, "2010-09-30": -63.8, "2010-06-30": 64.8, "2010-03-31": "63.90000", "2009-12-31": 21.4, "2009-09-30": 56.9, "2009-06-30": 40.9, "2009-03-31": "62.90000", "2008-12-31": 26, "2008-09-30": 32.6, "2008-06-30": 44.3, "2008-03-31": "33.10000", "2007-12-31": 2.9, "2007-09-30": 16.5, "2007-06-30": 85.3, "2007-03-31": "50.50000", "2006-12-31": -0.8, "2006-09-30": 22, "2006-06-30": 52.8, "2006-03-31": "47.60000", "2005-12-31": -5.4, "2005-09-30": 43.1, "2005-06-30": 27.8, "2005-03-31": "29.30000"}, "Total Non-Cash Items": {"2020-09-30": 70, "2020-06-30": 36.9, "2020-03-31": "65.60000", "2019-12-31": 245.8, "2019-09-30": 41.4, "2019-06-30": 68.6, "2019-03-31": "45.80000", "2018-12-31": 169.8, "2018-09-30": 93.3, "2018-06-30": 73.8, "2018-03-31": "-109.10000", "2017-12-31": -583.6, "2017-09-30": 39.8, "2017-06-30": 27.9, "2017-03-31": "244.50000", "2016-12-31": 162.8, "2016-09-30": 82.9, "2016-06-30": 46.3, "2016-03-31": "56.60000", "2015-12-31": 202.4, "2015-09-30": 118.4001, "2015-06-30": -697.1001, "2015-03-31": "80.10000", "2014-12-31": 11.2, "2014-09-30": 103, "2014-06-30": 15.3, "2014-03-31": "76.40000", "2013-12-31": 108.6, "2013-09-30": 134.3, "2013-06-30": 55.9, "2013-03-31": "57.70000", "2012-12-31": 43.2, "2012-09-30": 37, "2012-06-30": 68, "2012-03-31": "58.00000", "2011-12-31": -71.4, "2011-09-30": 77.5, "2011-06-30": 58.4, "2011-03-31": "78.90000", "2010-12-31": 137.2, "2010-09-30": -31.3, "2010-06-30": 97.4, "2010-03-31": "97.80000", "2009-12-31": 55.1, "2009-09-30": 89.2, "2009-06-30": 71.8, "2009-03-31": "93.20000", "2008-12-31": 55.9, "2008-09-30": 65.2, "2008-06-30": 75, "2008-03-31": "64.10000", "2007-12-31": 35.9, "2007-09-30": 48.8, "2007-06-30": 119.2, "2007-03-31": "85.00000", "2006-12-31": -202, "2006-09-30": 54.4, "2006-06-30": 86.3, "2006-03-31": "79.70000", "2005-12-31": 27.1, "2005-09-30": 76.8, "2005-06-30": 63.3, "2005-03-31": "63.90000"}, "Change In Accounts Receivable": {"2020-09-30": 209.4, "2020-06-30": 152.3, "2020-03-31": "-283.80000", "2019-12-31": -242.2, "2019-09-30": 347.8, "2019-06-30": 160.3, "2019-03-31": "-389.40000", "2018-12-31": -396.2, "2018-09-30": 309.9, "2018-06-30": 136.2, "2018-03-31": "-331.40000", "2017-12-31": -477.9, "2017-09-30": 7.5, "2017-06-30": 200.5, "2017-03-31": "78.80000", "2016-12-31": -233.8, "2016-09-30": 7.7, "2016-06-30": 134.8, "2016-03-31": "103.10000", "2015-12-31": -174.9, "2015-09-30": 74.1, "2015-06-30": 188.9, "2015-03-31": "52.50000", "2014-12-31": -176.7, "2014-09-30": -79.3, "2014-06-30": 61.6, "2014-03-31": "-80.30000", "2013-12-31": -288.3, "2013-09-30": -123.8, "2013-06-30": 130.5, "2013-03-31": "-100.60000", "2012-12-31": -109, "2012-09-30": -18.5, "2012-06-30": 53.2, "2012-03-31": "-117.30000", "2011-12-31": -107.8, "2011-09-30": -3.4, "2011-06-30": 117.3, "2011-03-31": "-113.90000", "2010-12-31": -41.5, "2010-09-30": 25.9, "2010-06-30": 54, "2010-03-31": "-148.30000", "2009-12-31": -34.3, "2009-09-30": -14.3, "2009-06-30": 32.9, "2009-03-31": "-43.60000", "2008-12-31": 29.3, "2008-09-30": 15.6, "2008-06-30": 4.4, "2008-03-31": "-148.30000", "2007-12-31": 15.8, "2007-09-30": 76.8, "2007-06-30": 9.3, "2007-03-31": "-150.50000", "2006-12-31": 5.4, "2006-09-30": 61.9, "2006-06-30": -3.4, "2006-03-31": "-95.10000", "2005-12-31": -14.5, "2005-09-30": 53.4, "2005-06-30": 23.6, "2005-03-31": "-90.00000"}, "Change In Inventories": {"2020-09-30": -9.3, "2020-06-30": -69.1, "2020-03-31": "-63.30000", "2019-12-31": 158.2, "2019-09-30": -24.8, "2019-06-30": -17.3, "2019-03-31": "-109.70000", "2018-12-31": -88.5, "2018-09-30": -53.2, "2018-06-30": 0.8, "2018-03-31": "-59.80000", "2017-12-31": 5.3, "2017-09-30": -59.5, "2017-06-30": -10.7, "2017-03-31": "-37.90000", "2016-12-31": 115.2, "2016-09-30": 60.1, "2016-06-30": -33.8, "2016-03-31": "-62.50000", "2015-12-31": 35.8, "2015-09-30": 32.8, "2015-06-30": 9.2, "2015-03-31": "-50.00000", "2014-12-31": 109.6, "2014-09-30": -29.4, "2014-06-30": -34.5, "2014-03-31": "-9.50000", "2013-12-31": 16.4, "2013-09-30": -24.4, "2013-06-30": 15, "2013-03-31": "-4.60000", "2012-12-31": -50.6, "2012-09-30": -53.2, "2012-06-30": -54.4, "2012-03-31": "-36.30000", "2011-12-31": -15.7, "2011-09-30": -30.6, "2011-06-30": -38.6, "2011-03-31": "-25.00000", "2010-12-31": 17.6, "2010-09-30": -12, "2010-06-30": -6.6, "2010-03-31": "-6.90000", "2009-12-31": 29, "2009-09-30": 12.2, "2009-06-30": 29.2, "2009-03-31": "-35.00000", "2008-12-31": -33.6, "2008-09-30": -10.8, "2008-06-30": -21.4, "2008-03-31": "-17.90000", "2007-12-31": -15.5, "2007-09-30": -16.3, "2007-06-30": -11.3, "2007-03-31": "3.50000", "2006-12-31": -6.1, "2006-09-30": 3.3, "2006-06-30": 16.8, "2006-03-31": "7.90000", "2005-12-31": 1.8, "2005-09-30": -2.2, "2005-06-30": -5.3, "2005-03-31": "10.40000"}, "Change In Accounts Payable": {"2020-09-30": -77.7, "2020-06-30": 3, "2020-03-31": "-68.10000", "2019-12-31": 222.4, "2019-09-30": -110.2, "2019-06-30": -100.2, "2019-03-31": "91.00000", "2018-12-31": 62.8, "2018-09-30": -161, "2018-06-30": 57.6, "2018-03-31": "207.30000", "2017-12-31": 199.7, "2017-09-30": 1.8, "2017-06-30": 34.8, "2017-03-31": "68.00000", "2016-12-31": -9, "2016-09-30": -45, "2016-06-30": -79.6, "2016-03-31": "103.90000", "2015-12-31": -93.3, "2015-09-30": -89.2, "2015-06-30": -76.3, "2015-03-31": "-35.60000", "2014-12-31": -18.8, "2014-09-30": 55.6, "2014-06-30": 24.7, "2014-03-31": "-77.70000", "2013-12-31": 44.2, "2013-09-30": 72.3, "2013-06-30": -16.2, "2013-03-31": "-55.50000", "2012-12-31": 47.7, "2012-09-30": 19.8, "2012-06-30": -3.4, "2012-03-31": "-12.70000", "2011-12-31": 110.7, "2011-09-30": 29.9, "2011-06-30": -30.8, "2011-03-31": "-44.40000", "2010-12-31": 53.1, "2010-09-30": 29.7, "2010-06-30": 22.3, "2010-03-31": "-14.00000", "2009-12-31": 31.7, "2009-09-30": 2.4, "2009-06-30": -45.4, "2009-03-31": "-60.20000", "2008-12-31": 12, "2008-09-30": 11, "2008-06-30": 35.7, "2008-03-31": "-6.70000", "2007-12-31": 26.4, "2007-09-30": 0.7, "2007-06-30": 2.2, "2007-03-31": "-18.80000", "2006-12-31": 24.3, "2006-09-30": 18.1, "2006-06-30": -22.5, "2006-03-31": "-32.20000", "2005-12-31": 72.2, "2005-09-30": -24.4, "2005-06-30": -15.3, "2005-03-31": "-58.10000"}, "Change In Assets/Liabilities": {"2020-09-30": -36.3, "2020-06-30": -188.7, "2020-03-31": "-299.10000", "2019-12-31": 447.4, "2019-09-30": -73.4, "2019-06-30": -252.1, "2019-03-31": "-193.20000", "2018-12-31": 417.8, "2018-09-30": -74.7, "2018-06-30": -179.7, "2018-03-31": "-214.40000", "2017-12-31": 313, "2017-09-30": -38.8, "2017-06-30": -70, "2017-03-31": "-224.20000", "2016-12-31": 258.3, "2016-09-30": -36.6, "2016-06-30": -64.2, "2016-03-31": "-178.20000", "2015-12-31": 114, "2015-09-30": 204.1, "2015-06-30": -266.7, "2015-03-31": "-154.60000", "2014-12-31": 295.1, "2014-09-30": -13.4, "2014-06-30": -37, "2014-03-31": "-123.00000", "2013-12-31": 165.2, "2013-09-30": 38, "2013-06-30": -38.8, "2013-03-31": "-144.50000", "2012-12-31": 167.2, "2012-09-30": -11.7, "2012-06-30": -22.2, "2012-03-31": "-64.40000", "2011-12-31": 132, "2011-09-30": -56.3, "2011-06-30": -22, "2011-03-31": "-34.20000", "2010-12-31": 5.1, "2010-09-30": -38.6, "2010-06-30": -35, "2010-03-31": "-35.30000", "2009-12-31": -24.5, "2009-09-30": -16, "2009-06-30": 3.9, "2009-03-31": "-3.90000", "2008-12-31": -23.6, "2008-09-30": -12.7, "2008-06-30": -16.2, "2008-03-31": "-34.80000", "2007-12-31": -19.8, "2007-09-30": 26.6, "2007-06-30": -32.2, "2007-03-31": "-24.60000", "2006-12-31": 11.1, "2006-09-30": -18.3, "2006-06-30": -21.6, "2006-03-31": "-17.30000", "2005-12-31": 3, "2005-09-30": -3.6, "2005-06-30": -24.4, "2005-03-31": "7.50000"}, "Total Change In Assets/Liabilities": {"2020-09-30": 158.8, "2020-06-30": 12.7, "2020-03-31": "-600.10000", "2019-12-31": 215.9, "2019-09-30": 124.2001, "2019-06-30": -193.2001, "2019-03-31": "-540.20000", "2018-12-31": -250, "2018-09-30": 52.5, "2018-06-30": 65.5, "2018-03-31": "-238.90000", "2017-12-31": 68.5, "2017-09-30": -36.2, "2017-06-30": 191.8, "2017-03-31": "-155.60000", "2016-12-31": -69.5, "2016-09-30": 1.1, "2016-06-30": 11.2, "2016-03-31": "-5.30000", "2015-12-31": -47.3, "2015-09-30": -256.7, "2015-06-30": 75.4, "2015-03-31": "-331.80000", "2014-12-31": 82.5, "2014-09-30": -76, "2014-06-30": 82.8, "2014-03-31": "-243.60000", "2013-12-31": -161, "2013-09-30": -38.1, "2013-06-30": 100.5, "2013-03-31": "-237.20000", "2012-12-31": -122.3, "2012-09-30": -46, "2012-06-30": 56.3, "2012-03-31": "-170.20000", "2011-12-31": 73, "2011-09-30": -14.2, "2011-06-30": 32.8, "2011-03-31": "-235.90000", "2010-12-31": -17.2, "2010-09-30": 42.9, "2010-06-30": 28.7, "2010-03-31": "-185.90000", "2009-12-31": -63.6, "2009-09-30": -29.2, "2009-06-30": -4.9, "2009-03-31": "-148.90000", "2008-12-31": -91, "2008-09-30": 22.5, "2008-06-30": 18.7, "2008-03-31": "-224.40000", "2007-12-31": -17.3, "2007-09-30": 78.9, "2007-06-30": -33.9, "2007-03-31": "-189.00000", "2006-12-31": 52.1, "2006-09-30": 66.1, "2006-06-30": -21.4, "2006-03-31": "-142.90000", "2005-12-31": 4.7, "2005-09-30": -22.3, "2005-06-30": -7.9, "2005-03-31": "-102.60000"}, "Cash Flow From Operating Activities": {"2020-09-30": 340.9, "2020-06-30": 234.6, "2020-03-31": "-328.30000", "2019-12-31": 458.9, "2019-09-30": 255.1, "2019-06-30": 51.7, "2019-03-31": "-277.20000", "2018-12-31": -45.6, "2018-09-30": 220.6, "2018-06-30": 271.8, "2018-03-31": "-78.40000", "2017-12-31": 16, "2017-09-30": 59.4, "2017-06-30": 295, "2017-03-31": "-34.90000", "2016-12-31": 109.7, "2016-09-30": 163.6, "2016-06-30": 124.5, "2016-03-31": "100.00000", "2015-12-31": -47.6, "2015-09-30": -137.9, "2015-06-30": 124.6, "2015-03-31": "-297.20000", "2014-12-31": 172, "2014-09-30": 87.1, "2014-06-30": 211.4, "2014-03-31": "-96.80000", "2013-12-31": -20.5, "2013-09-30": 116.1, "2013-06-30": 277.6, "2013-03-31": "-44.50000", "2012-12-31": 27.1, "2012-09-30": 85.6, "2012-06-30": 234.6, "2012-03-31": "12.40000", "2011-12-31": 83.3, "2011-09-30": 154.2, "2011-06-30": 203.4, "2011-03-31": "-59.60000", "2010-12-31": 69.7, "2010-09-30": 97.5, "2010-06-30": 195, "2010-03-31": "-7.70000", "2009-12-31": 58.3, "2009-09-30": 89.4, "2009-06-30": 138.6, "2009-03-31": "15.20000", "2008-12-31": 28.2, "2008-09-30": 167.7, "2008-06-30": 178.1, "2008-03-31": "-66.40000", "2007-12-31": 69.1, "2007-09-30": 164.8, "2007-06-30": 93.9, "2007-03-31": "-58.20000", "2006-12-31": -269, "2006-09-30": 155.6, "2006-06-30": 111.2, "2006-03-31": "-25.50000", "2005-12-31": 54.5, "2005-09-30": 50.1, "2005-06-30": 86.6, "2005-03-31": "25.80000"}, "Net Change In Property, Plant, And Equipment": {"2020-09-30": -12, "2020-06-30": -6.6, "2020-03-31": "-15.50000", "2019-12-31": -63.3, "2019-09-30": -21.3, "2019-06-30": -16.4, "2019-03-31": "7.10000", "2018-12-31": -37, "2018-09-30": -15.7, "2018-06-30": -15.5, "2018-03-31": "-14.80000", "2017-12-31": -2.6, "2017-09-30": -15.6, "2017-06-30": -12.2, "2017-03-31": "-7.90000", "2016-12-31": -16, "2016-09-30": -33.9, "2016-06-30": -4.5, "2016-03-31": "-34.90000", "2015-12-31": 34.6, "2015-09-30": -22.5, "2015-06-30": -27, "2015-03-31": "-36.60000", "2014-12-31": -39, "2014-09-30": -41.8, "2014-06-30": -37.9, "2014-03-31": "-63.30000", "2013-12-31": -5.4, "2013-09-30": -74.2, "2013-06-30": -45.6, "2013-03-31": "-37.70000", "2012-12-31": -66.3, "2012-09-30": -27.1, "2012-06-30": -42.3, "2012-03-31": "-38.80000", "2011-12-31": -37.2, "2011-09-30": -47.5, "2011-06-30": -40.7, "2011-03-31": "-30.20000", "2010-12-31": -47.1, "2010-09-30": -36, "2010-06-30": -26.8, "2010-03-31": "-29.80000", "2009-12-31": -57.5, "2009-09-30": -29.6, "2009-06-30": -40.1, "2009-03-31": "-30.10000", "2008-12-31": -46.7, "2008-09-30": -58.5, "2008-06-30": -32.9, "2008-03-31": "45.10000", "2007-12-31": -34.6, "2007-09-30": -31.4, "2007-06-30": -24.7, "2007-03-31": "-19.10000", "2006-12-31": -34.4, "2006-09-30": -33.1, "2006-06-30": -27.3, "2006-03-31": "-15.50000", "2005-12-31": -32.6, "2005-09-30": -21.7, "2005-06-30": -24.3, "2005-03-31": "-11.00000"}, "Net Change In Intangible Assets": {"2020-09-30": 0, "2020-06-30": 0, "2020-03-31": "", "2019-12-31": 0, "2019-09-30": 0, "2019-06-30": 0, "2019-03-31": "", "2018-12-31": 0, "2018-09-30": 0, "2018-06-30": 0, "2018-03-31": "", "2017-12-31": 0, "2017-09-30": 0, "2017-06-30": 0, "2017-03-31": "", "2016-12-31": 0, "2016-09-30": 0, "2016-06-30": 0, "2016-03-31": "", "2015-12-31": 0, "2015-09-30": 0, "2015-06-30": 0, "2015-03-31": "", "2014-12-31": 0, "2014-09-30": 0, "2014-06-30": 0, "2014-03-31": "", "2013-12-31": 0, "2013-09-30": 0, "2013-06-30": 0, "2013-03-31": "", "2012-12-31": 0, "2012-09-30": 0, "2012-06-30": 0, "2012-03-31": "", "2011-12-31": 0, "2011-09-30": 0, "2011-06-30": 0, "2011-03-31": "", "2010-12-31": 0, "2010-09-30": 0, "2010-06-30": 0, "2010-03-31": "", "2009-12-31": 0, "2009-09-30": 0, "2009-06-30": 0, "2009-03-31": "", "2008-12-31": 0, "2008-09-30": 0, "2008-06-30": 0, "2008-03-31": "", "2007-12-31": 0, "2007-09-30": 0, "2007-06-30": 0, "2007-03-31": "", "2006-12-31": -9, "2006-09-30": 0, "2006-06-30": 0, "2006-03-31": "", "2005-12-31": 0, "2005-09-30": 0, "2005-06-30": 0, "2005-03-31": ""}, "Net Acquisitions/Divestitures": {"2020-09-30": 0, "2020-06-30": 0, "2020-03-31": "", "2019-12-31": 26.2, "2019-09-30": 0, "2019-06-30": 0, "2019-03-31": "", "2018-12-31": 0, "2018-09-30": 9.4, "2018-06-30": 0, "2018-03-31": "98.20000", "2017-12-31": -1225.6, "2017-09-30": 38, "2017-06-30": 0, "2017-03-31": "", "2016-12-31": 0, "2016-09-30": 0, "2016-06-30": 0, "2016-03-31": "", "2015-12-31": 0, "2015-09-30": -3.3999, "2015-06-30": 448.1, "2015-03-31": "", "2014-12-31": 0, "2014-09-30": 18.3, "2014-06-30": -18.3, "2014-03-31": "199.10000", "2013-12-31": 0, "2013-09-30": -339.4, "2013-06-30": 0, "2013-03-31": "-0.20000", "2012-12-31": -28.6, "2012-09-30": -15.8, "2012-06-30": -77.2, "2012-03-31": "-21.20000", "2011-12-31": -123.3, "2011-09-30": -1.5, "2011-06-30": 0, "2011-03-31": "", "2010-12-31": -7.5, "2010-09-30": 0, "2010-06-30": 0, "2010-03-31": "", "2009-12-31": 0, "2009-09-30": -2.5, "2009-06-30": -18.9, "2009-03-31": "-12.90000", "2008-12-31": -0.8, "2008-09-30": -89.8, "2008-06-30": 0, "2008-03-31": "", "2007-12-31": 0, "2007-09-30": 0, "2007-06-30": 0, "2007-03-31": "", "2006-12-31": 0, "2006-09-30": 0, "2006-06-30": 0, "2006-03-31": "", "2005-12-31": 0, "2005-09-30": 0, "2005-06-30": 0, "2005-03-31": ""}, "Net Change In Short-term Investments": {"2020-09-30": 0, "2020-06-30": 0, "2020-03-31": "", "2019-12-31": 0, "2019-09-30": 0, "2019-06-30": 0, "2019-03-31": "", "2018-12-31": 0, "2018-09-30": 0, "2018-06-30": 0, "2018-03-31": "", "2017-12-31": 0, "2017-09-30": 0, "2017-06-30": 0, "2017-03-31": "", "2016-12-31": 0, "2016-09-30": 0, "2016-06-30": 0, "2016-03-31": "", "2015-12-31": 0, "2015-09-30": 0, "2015-06-30": 0, "2015-03-31": "", "2014-12-31": 0, "2014-09-30": 0, "2014-06-30": 0, "2014-03-31": "", "2013-12-31": 0, "2013-09-30": 0, "2013-06-30": 0, "2013-03-31": "", "2012-12-31": -13.9, "2012-09-30": 0, "2012-06-30": 0, "2012-03-31": "", "2011-12-31": 0, "2011-09-30": 0, "2011-06-30": 0, "2011-03-31": "", "2010-12-31": 0, "2010-09-30": 0, "2010-06-30": 0, "2010-03-31": "", "2009-12-31": 0, "2009-09-30": 0, "2009-06-30": 0, "2009-03-31": "", "2008-12-31": 0, "2008-09-30": 0, "2008-06-30": 0, "2008-03-31": "", "2007-12-31": 0, "2007-09-30": 0, "2007-06-30": 0, "2007-03-31": "", "2006-12-31": 0, "2006-09-30": 0, "2006-06-30": 0, "2006-03-31": "", "2005-12-31": 0, "2005-09-30": 0, "2005-06-30": 0, "2005-03-31": ""}, "Net Change In Long-Term Investments": {"2020-09-30": -11.6, "2020-06-30": -12, "2020-03-31": "-18.60000", "2019-12-31": -6, "2019-09-30": -15.3, "2019-06-30": -14.1, "2019-03-31": "-12.60000", "2018-12-31": -18.4, "2018-09-30": -11.7, "2018-06-30": -9, "2018-03-31": "-9.40000", "2017-12-31": 0, "2017-09-30": 0, "2017-06-30": 0, "2017-03-31": "", "2016-12-31": 0, "2016-09-30": 0, "2016-06-30": 0, "2016-03-31": "", "2015-12-31": 31.9, "2015-09-30": 34.5, "2015-06-30": 0, "2015-03-31": "", "2014-12-31": 27.5, "2014-09-30": 0, "2014-06-30": 0, "2014-03-31": "", "2013-12-31": 6.2, "2013-09-30": -1.7, "2013-06-30": -1.3, "2013-03-31": "-3.20000", "2012-12-31": 9.7, "2012-09-30": -2.9, "2012-06-30": -3.8, "2012-03-31": "-3.00000", "2011-12-31": -3.2, "2011-09-30": 0, "2011-06-30": 0, "2011-03-31": "", "2010-12-31": 0, "2010-09-30": 0, "2010-06-30": 0, "2010-03-31": "", "2009-12-31": 0, "2009-09-30": 0, "2009-06-30": 0, "2009-03-31": "", "2008-12-31": 0, "2008-09-30": 0, "2008-06-30": 0, "2008-03-31": "", "2007-12-31": 0, "2007-09-30": 0, "2007-06-30": 0, "2007-03-31": "", "2006-12-31": 2.1, "2006-09-30": -0.7, "2006-06-30": 10.3, "2006-03-31": "", "2005-12-31": 0, "2005-09-30": 0, "2005-06-30": 13.7, "2005-03-31": ""}, "Net Change In Investments - Total": {"2020-09-30": -11.6, "2020-06-30": -12, "2020-03-31": "-18.60000", "2019-12-31": -6, "2019-09-30": -15.3, "2019-06-30": -14.1, "2019-03-31": "-12.60000", "2018-12-31": -18.4, "2018-09-30": -11.7, "2018-06-30": -9, "2018-03-31": "-9.40000", "2017-12-31": 0, "2017-09-30": 0, "2017-06-30": 0, "2017-03-31": "", "2016-12-31": 0, "2016-09-30": 0, "2016-06-30": 0, "2016-03-31": "", "2015-12-31": 31.9, "2015-09-30": 34.5, "2015-06-30": 0, "2015-03-31": "", "2014-12-31": 27.5, "2014-09-30": 0, "2014-06-30": 0, "2014-03-31": "", "2013-12-31": 6.2, "2013-09-30": -1.7, "2013-06-30": -1.3, "2013-03-31": "-3.20000", "2012-12-31": -4.2, "2012-09-30": -2.9, "2012-06-30": -3.8, "2012-03-31": "-3.00000", "2011-12-31": -3.2, "2011-09-30": 0, "2011-06-30": 0, "2011-03-31": "", "2010-12-31": 0, "2010-09-30": 0, "2010-06-30": 0, "2010-03-31": "", "2009-12-31": 0, "2009-09-30": 0, "2009-06-30": 0, "2009-03-31": "", "2008-12-31": 0, "2008-09-30": 0, "2008-06-30": 0, "2008-03-31": "", "2007-12-31": 0, "2007-09-30": 0, "2007-06-30": 0, "2007-03-31": "", "2006-12-31": 2.1, "2006-09-30": -0.7, "2006-06-30": 10.3, "2006-03-31": "", "2005-12-31": 0, "2005-09-30": 0, "2005-06-30": 13.7, "2005-03-31": ""}, "Investing Activities - Other": {"2020-09-30": -2.5, "2020-06-30": -11.5, "2020-03-31": "-9.10000", "2019-12-31": -33.3, "2019-09-30": -19.8, "2019-06-30": 0.8, "2019-03-31": "-18.70000", "2018-12-31": -38, "2018-09-30": -23.4, "2018-06-30": -16.7, "2018-03-31": "-28.90000", "2017-12-31": -55.8, "2017-09-30": -8.2, "2017-06-30": -20.7, "2017-03-31": "-23.20000", "2016-12-31": -22, "2016-09-30": -3.6, "2016-06-30": -11, "2016-03-31": "-9.30000", "2015-12-31": -70.4, "2015-09-30": -5.6, "2015-06-30": -1.7, "2015-03-31": "-33.20000", "2014-12-31": -24.4, "2014-09-30": -51.1, "2014-06-30": 7.8, "2014-03-31": "-12.20000", "2013-12-31": -83.5, "2013-09-30": -42.5, "2013-06-30": -10.6, "2013-03-31": "-14.10000", "2012-12-31": -24.2, "2012-09-30": -25.5, "2012-06-30": -7.8, "2012-03-31": "-4.90000", "2011-12-31": -57.4, "2011-09-30": -9, "2011-06-30": -5.7, "2011-03-31": "-2.30000", "2010-12-31": 7.9, "2010-09-30": -5.7, "2010-06-30": -8.3, "2010-03-31": "-0.70000", "2009-12-31": -2, "2009-09-30": -2.6, "2009-06-30": -3.1, "2009-03-31": "-1.40000", "2008-12-31": -2.9, "2008-09-30": -2.5, "2008-06-30": -2.2, "2008-03-31": "-0.50000", "2007-12-31": -7.4, "2007-09-30": -6.8, "2007-06-30": 0, "2007-03-31": "3.40000", "2006-12-31": -0.2, "2006-09-30": -2, "2006-06-30": 0, "2006-03-31": "", "2005-12-31": 69.5, "2005-09-30": 0, "2005-06-30": -0.2, "2005-03-31": "0.20000"}, "Cash Flow From Investing Activities": {"2020-09-30": -26.1, "2020-06-30": -30.1, "2020-03-31": "-43.20000", "2019-12-31": -76.4, "2019-09-30": -56.4, "2019-06-30": -29.7, "2019-03-31": "-24.20000", "2018-12-31": -93.4, "2018-09-30": -41.4, "2018-06-30": -41.2, "2018-03-31": "45.10000", "2017-12-31": -1284, "2017-09-30": 14.2, "2017-06-30": -32.9, "2017-03-31": "-31.10000", "2016-12-31": -38, "2016-09-30": -37.5, "2016-06-30": -15.5, "2016-03-31": "-44.20000", "2015-12-31": -3.9, "2015-09-30": 3, "2015-06-30": 419.4, "2015-03-31": "-69.80000", "2014-12-31": -35.9, "2014-09-30": -74.6, "2014-06-30": -48.4, "2014-03-31": "123.60000", "2013-12-31": -82.7, "2013-09-30": -457.8, "2013-06-30": -57.5, "2013-03-31": "-55.20000", "2012-12-31": -123.3, "2012-09-30": -71.3, "2012-06-30": -131.1, "2012-03-31": "-67.90000", "2011-12-31": -221.1, "2011-09-30": -58, "2011-06-30": -46.4, "2011-03-31": "-32.50000", "2010-12-31": -46.7, "2010-09-30": -41.7, "2010-06-30": -35.1, "2010-03-31": "-30.50000", "2009-12-31": -59.5, "2009-09-30": -34.7, "2009-06-30": -62.1, "2009-03-31": "-44.40000", "2008-12-31": -50.4, "2008-09-30": -150.8, "2008-06-30": -35.1, "2008-03-31": "44.60000", "2007-12-31": -42, "2007-09-30": -38.2, "2007-06-30": -24.7, "2007-03-31": "-15.70000", "2006-12-31": 59.3, "2006-09-30": -35.8, "2006-06-30": -17, "2006-03-31": "-15.50000", "2005-12-31": 36.9, "2005-09-30": -21.7, "2005-06-30": -10.8, "2005-03-31": "-10.80000"}, "Net Long-Term Debt": {"2020-09-30": 0.1, "2020-06-30": 17.8, "2020-03-31": "-0.70000", "2019-12-31": -300.3, "2019-09-30": 899.4, "2019-06-30": -0.5, "2019-03-31": "-0.50000", "2018-12-31": 247, "2018-09-30": -286.1, "2018-06-30": -114.7, "2018-03-31": "-0.60000", "2017-12-31": 1495.2, "2017-09-30": -95.8, "2017-06-30": -102.1, "2017-03-31": "-0.70000", "2016-12-31": -115.6, "2016-09-30": -76.2, "2016-06-30": 2.3, "2016-03-31": "-50.30000", "2015-12-31": -12.3, "2015-09-30": -0.6, "2015-06-30": 626.7, "2015-03-31": "-0.40000", "2014-12-31": -13.9, "2014-09-30": -0.4, "2014-06-30": -16.6, "2014-03-31": "-0.70000", "2013-12-31": 394.5, "2013-09-30": 11, "2013-06-30": 0, "2013-03-31": "0.10000", "2012-12-31": -2.6, "2012-09-30": -2.3, "2012-06-30": -2.7, "2012-03-31": "-6.90000", "2011-12-31": 269.3, "2011-09-30": -66.5, "2011-06-30": -16.3, "2011-03-31": "-7.60000", "2010-12-31": -21.3, "2010-09-30": 33, "2010-06-30": -1.6, "2010-03-31": "-1.10000", "2009-12-31": 354.2, "2009-09-30": 2.5, "2009-06-30": 7.1, "2009-03-31": "11.80000", "2008-12-31": -13.2, "2008-09-30": 0, "2008-06-30": -70.3, "2008-03-31": "-7.40000", "2007-12-31": 28.3, "2007-09-30": -16.2, "2007-06-30": -14.6, "2007-03-31": "-51.40000", "2006-12-31": -49.1, "2006-09-30": 0, "2006-06-30": -42.2, "2006-03-31": "-0.20000", "2005-12-31": 16, "2005-09-30": -211.3, "2005-06-30": -57.5, "2005-03-31": "-2.70000"}, "Net Current Debt": {"2020-09-30": -305.1, "2020-06-30": -261.2, "2020-03-31": "530.70000", "2019-12-31": -29.3, "2019-09-30": -531.3, "2019-06-30": 103.1, "2019-03-31": "445.60000", "2018-12-31": 98.3, "2018-09-30": -20.6, "2018-06-30": -136.2, "2018-03-31": "138.00000", "2017-12-31": -17.2, "2017-09-30": 18.1, "2017-06-30": -124.1, "2017-03-31": "120.10000", "2016-12-31": 31, "2016-09-30": 9, "2016-06-30": -61.8, "2016-03-31": "2.40000", "2015-12-31": -9.7, "2015-09-30": -143, "2015-06-30": -777.6, "2015-03-31": "383.00000", "2014-12-31": -38.4, "2014-09-30": 36.8, "2014-06-30": -98.4, "2014-03-31": "-39.60000", "2013-12-31": -256.2, "2013-09-30": 632.9, "2013-06-30": -205, "2013-03-31": "311.60000", "2012-12-31": 96.3, "2012-09-30": 14.9, "2012-06-30": -85.4, "2012-03-31": "126.80000", "2011-12-31": -13.7, "2011-09-30": 14.3, "2011-06-30": -22.1, "2011-03-31": "30.50000", "2010-12-31": -9.3, "2010-09-30": -6.6, "2010-06-30": -57.7, "2010-03-31": "58.70000", "2009-12-31": -327.5, "2009-09-30": -35.3, "2009-06-30": -49.7, "2009-03-31": "38.20000", "2008-12-31": 60.6, "2008-09-30": 38.8, "2008-06-30": 10, "2008-03-31": "64.70000", "2007-12-31": -59.1, "2007-09-30": -17.8, "2007-06-30": -6.2, "2007-03-31": "36.00000", "2006-12-31": -6.2, "2006-09-30": -6.5, "2006-06-30": -17.2, "2006-03-31": "2.80000", "2005-12-31": -40.5, "2005-09-30": 25.5, "2005-06-30": 25.5, "2005-03-31": "-10.50000"}, "Debt Issuance/Retirement Net - Total": {"2020-09-30": -305, "2020-06-30": -243.4, "2020-03-31": "530.00000", "2019-12-31": -329.6, "2019-09-30": 368.1, "2019-06-30": 102.6, "2019-03-31": "445.10000", "2018-12-31": 345.3, "2018-09-30": -306.7, "2018-06-30": -250.9, "2018-03-31": "137.40000", "2017-12-31": 1478, "2017-09-30": -77.7, "2017-06-30": -226.2, "2017-03-31": "119.40000", "2016-12-31": -84.6, "2016-09-30": -67.2, "2016-06-30": -59.5, "2016-03-31": "-47.90000", "2015-12-31": -22, "2015-09-30": -143.6, "2015-06-30": -150.9, "2015-03-31": "382.60000", "2014-12-31": -52.3, "2014-09-30": 36.4, "2014-06-30": -115, "2014-03-31": "-40.30000", "2013-12-31": 138.3, "2013-09-30": 643.9, "2013-06-30": -205, "2013-03-31": "311.70000", "2012-12-31": 93.7, "2012-09-30": 12.6, "2012-06-30": -88.1, "2012-03-31": "119.90000", "2011-12-31": 255.6, "2011-09-30": -52.2, "2011-06-30": -38.4, "2011-03-31": "22.90000", "2010-12-31": -30.6, "2010-09-30": 26.4, "2010-06-30": -59.3, "2010-03-31": "57.60000", "2009-12-31": 26.7, "2009-09-30": -32.8, "2009-06-30": -42.6, "2009-03-31": "50.00000", "2008-12-31": 47.4, "2008-09-30": 38.8, "2008-06-30": -60.3, "2008-03-31": "57.30000", "2007-12-31": -30.8, "2007-09-30": -34, "2007-06-30": -20.8, "2007-03-31": "-15.40000", "2006-12-31": 36.2, "2006-09-30": -6.5, "2006-06-30": -59.4, "2006-03-31": "2.60000", "2005-12-31": -24.5, "2005-09-30": -185.8, "2005-06-30": -32, "2005-03-31": "-13.20000"}, "Net Common Equity Issued/Repurchased": {"2020-09-30": 9.6, "2020-06-30": 4.1, "2020-03-31": "1.80000", "2019-12-31": -78, "2019-09-30": -86, "2019-06-30": -97.2, "2019-03-31": "-104.30000", "2018-12-31": -200.1, "2018-09-30": 1.1, "2018-06-30": 4.1, "2018-03-31": "-1.20000", "2017-12-31": 1.6, "2017-09-30": 5.5, "2017-06-30": 4.6, "2017-03-31": "8.20000", "2016-12-31": -9.7, "2016-09-30": -0.1, "2016-06-30": 1.5, "2016-03-31": "-0.60000", "2015-12-31": -0.4, "2015-09-30": 0.2, "2015-06-30": 1.8, "2015-03-31": "0.60000", "2014-12-31": 0.7, "2014-09-30": 0.6, "2014-06-30": 1.4, "2014-03-31": "1.20000", "2013-12-31": 0.4, "2013-09-30": -248.8, "2013-06-30": 5.5, "2013-03-31": "-113.40000", "2012-12-31": 5.8, "2012-09-30": 0.9, "2012-06-30": 3.1, "2012-03-31": "-140.10000", "2011-12-31": -52.8, "2011-09-30": -99.3, "2011-06-30": -9, "2011-03-31": "3.10000", "2010-12-31": -95, "2010-09-30": -6.3, "2010-06-30": -21.1, "2010-03-31": "2.80000", "2009-12-31": 4, "2009-09-30": -16.6, "2009-06-30": -13.4, "2009-03-31": "-0.40000", "2008-12-31": -60, "2008-09-30": -63, "2008-06-30": -23.6, "2008-03-31": "-27.20000", "2007-12-31": -30, "2007-09-30": -27.3, "2007-06-30": -28.2, "2007-03-31": "-16.30000", "2006-12-31": -11.6, "2006-09-30": -49, "2006-06-30": -9.4, "2006-03-31": "18.40000", "2005-12-31": 5.2, "2005-09-30": 11.3, "2005-06-30": 9.2, "2005-03-31": "14.50000"}, "Net Total Equity Issued/Repurchased": {"2020-09-30": 9.6, "2020-06-30": 4.1, "2020-03-31": "1.80000", "2019-12-31": -78, "2019-09-30": -86, "2019-06-30": -97.2, "2019-03-31": "-104.30000", "2018-12-31": -200.1, "2018-09-30": 1.1, "2018-06-30": 4.1, "2018-03-31": "-1.20000", "2017-12-31": 1.6, "2017-09-30": 5.5, "2017-06-30": 4.6, "2017-03-31": "8.20000", "2016-12-31": -9.7, "2016-09-30": -0.1, "2016-06-30": 1.5, "2016-03-31": "-0.60000", "2015-12-31": -0.4, "2015-09-30": 0.2, "2015-06-30": 1.8, "2015-03-31": "0.60000", "2014-12-31": 0.7, "2014-09-30": 0.6, "2014-06-30": 1.4, "2014-03-31": "1.20000", "2013-12-31": 0.4, "2013-09-30": -248.8, "2013-06-30": 5.5, "2013-03-31": "-113.40000", "2012-12-31": 5.8, "2012-09-30": 0.9, "2012-06-30": 3.1, "2012-03-31": "-140.10000", "2011-12-31": -52.8, "2011-09-30": -99.3, "2011-06-30": -9, "2011-03-31": "3.10000", "2010-12-31": -95, "2010-09-30": -6.3, "2010-06-30": -21.1, "2010-03-31": "2.80000", "2009-12-31": 4, "2009-09-30": -16.6, "2009-06-30": -13.4, "2009-03-31": "-0.40000", "2008-12-31": -60, "2008-09-30": -63, "2008-06-30": -23.6, "2008-03-31": "-27.20000", "2007-12-31": -30, "2007-09-30": -27.3, "2007-06-30": -28.2, "2007-03-31": "-16.30000", "2006-12-31": -11.6, "2006-09-30": -49, "2006-06-30": -9.4, "2006-03-31": "18.40000", "2005-12-31": 5.2, "2005-09-30": 11.3, "2005-06-30": 9.2, "2005-03-31": "14.50000"}, "Total Common And Preferred Stock Dividends Paid": {"2020-09-30": -57.2, "2020-06-30": -57.1, "2020-03-31": "-57.00000", "2019-12-31": -52, "2019-09-30": -52.3, "2019-06-30": -52.8, "2019-03-31": "-53.20000", "2018-12-31": -22.3, "2018-09-30": -22.3, "2018-06-30": -22.3, "2018-03-31": "-22.30000", "2017-12-31": -22.2, "2017-09-30": -22.3, "2017-06-30": -22.2, "2017-03-31": "-22.10000", "2016-12-31": -22.2, "2016-09-30": -22.1, "2016-06-30": -22.2, "2016-03-31": "-22.10000", "2015-12-31": -22.1, "2015-09-30": -22.1, "2015-06-30": -22.1, "2015-03-31": "-20.10000", "2014-12-31": -20, "2014-09-30": -20.1, "2014-06-30": -20, "2014-03-31": "-18.00000", "2013-12-31": -18, "2013-09-30": -18.5, "2013-06-30": -18.4, "2013-03-31": "-18.70000", "2012-12-31": -12.4, "2012-09-30": -12.5, "2012-06-30": -12.4, "2012-03-31": "-10.50000", "2011-12-31": -10.6, "2011-09-30": -10.8, "2011-06-30": -10.8, "2011-03-31": "-9.00000", "2010-12-31": -9.1, "2010-09-30": -9.1, "2010-06-30": -9.1, "2010-03-31": "-9.10000", "2009-12-31": -9, "2009-09-30": -9.1, "2009-06-30": -9.1, "2009-03-31": "-9.10000", "2008-12-31": -9.3, "2008-09-30": -9.3, "2008-06-30": -7.9, "2008-03-31": "-7.90000", "2007-12-31": -7.9, "2007-09-30": -8, "2007-06-30": -6.9, "2007-03-31": "-6.90000", "2006-12-31": -6.9, "2006-09-30": -7.1, "2006-06-30": -7, "2006-03-31": "", "2005-12-31": 0, "2005-09-30": 0, "2005-06-30": 0, "2005-03-31": ""}, "Financial Activities - Other": {"2020-09-30": -8.7, "2020-06-30": -3.5, "2020-03-31": "", "2019-12-31": -2.2, "2019-09-30": -94.1, "2019-06-30": -1.1, "2019-03-31": "-37.20000", "2018-12-31": -0.7, "2018-09-30": -2.4, "2018-06-30": 0, "2018-03-31": "", "2017-12-31": 0, "2017-09-30": 0, "2017-06-30": -2.5, "2017-03-31": "-9.00000", "2016-12-31": -20.1, "2016-09-30": 0.1, "2016-06-30": 0.1, "2016-03-31": "-0.40000", "2015-12-31": -0.2, "2015-09-30": -0.4, "2015-06-30": 0.3, "2015-03-31": "1.70000", "2014-12-31": -78.7, "2014-09-30": -18.3, "2014-06-30": -7.9, "2014-03-31": "0.40000", "2013-12-31": -3.2, "2013-09-30": -3.8, "2013-06-30": -6.5, "2013-03-31": "-74.30000", "2012-12-31": 1.8, "2012-09-30": -7.2, "2012-06-30": -0.5, "2012-03-31": "-2.30000", "2011-12-31": -3.5, "2011-09-30": -9.9, "2011-06-30": 0.4, "2011-03-31": "-1.00000", "2010-12-31": 4.8, "2010-09-30": 37.2, "2010-06-30": 5.9, "2010-03-31": "-2.60000", "2009-12-31": -3, "2009-09-30": -4.9, "2009-06-30": -0.1, "2009-03-31": "-8.40000", "2008-12-31": 0, "2008-09-30": -6.8, "2008-06-30": 0, "2008-03-31": "-5.70000", "2007-12-31": 0, "2007-09-30": -6.4, "2007-06-30": 0, "2007-03-31": "-4.50000", "2006-12-31": 0, "2006-09-30": -4.4, "2006-06-30": 0, "2006-03-31": "-2.90000", "2005-12-31": 41.6, "2005-09-30": -47.6, "2005-06-30": -2.2, "2005-03-31": "8.20000"}, "Cash Flow From Financial Activities": {"2020-09-30": -361.3, "2020-06-30": -299.9, "2020-03-31": "474.80000", "2019-12-31": -461.8, "2019-09-30": 135.7, "2019-06-30": -48.5, "2019-03-31": "250.40000", "2018-12-31": 122.2, "2018-09-30": -330.3, "2018-06-30": -269.1, "2018-03-31": "113.90000", "2017-12-31": 1457.4, "2017-09-30": -94.5, "2017-06-30": -246.3, "2017-03-31": "96.50000", "2016-12-31": -136.6, "2016-09-30": -89.3, "2016-06-30": -80.1, "2016-03-31": "-71.00000", "2015-12-31": -44.7, "2015-09-30": -165.9, "2015-06-30": -170.9, "2015-03-31": "364.80000", "2014-12-31": -150.3, "2014-09-30": -1.4, "2014-06-30": -141.5, "2014-03-31": "-56.70000", "2013-12-31": 117.5, "2013-09-30": 372.8, "2013-06-30": -224.4, "2013-03-31": "105.30000", "2012-12-31": 88.9, "2012-09-30": -6.2, "2012-06-30": -97.9, "2012-03-31": "-33.00000", "2011-12-31": 188.7, "2011-09-30": -172.2, "2011-06-30": -57.8, "2011-03-31": "16.00000", "2010-12-31": -129.9, "2010-09-30": 48.2, "2010-06-30": -83.6, "2010-03-31": "48.70000", "2009-12-31": 18.7, "2009-09-30": -63.4, "2009-06-30": -65.2, "2009-03-31": "32.10000", "2008-12-31": -21.9, "2008-09-30": -40.3, "2008-06-30": -91.8, "2008-03-31": "16.50000", "2007-12-31": -68.7, "2007-09-30": -75.7, "2007-06-30": -55.9, "2007-03-31": "-43.10000", "2006-12-31": 97.6, "2006-09-30": -67, "2006-06-30": -75.8, "2006-03-31": "18.10000", "2005-12-31": 22.3, "2005-09-30": -222.1, "2005-06-30": -25, "2005-03-31": "9.50000"}, "Net Cash Flow": {"2020-09-30": -45.6, "2020-06-30": -93.5, "2020-03-31": "97.10000", "2019-12-31": -80.6, "2019-09-30": 336.3, "2019-06-30": -26.1, "2019-03-31": "-52.20000", "2018-12-31": -14.8, "2018-09-30": -149.9, "2018-06-30": -31.9, "2018-03-31": "75.30000", "2017-12-31": 189.2, "2017-09-30": -19.4, "2017-06-30": 17.1, "2017-03-31": "31.90000", "2016-12-31": -66.5, "2016-09-30": 37.1, "2016-06-30": 29.3, "2016-03-31": "-14.30000", "2015-12-31": -95.1, "2015-09-30": -303.8, "2015-06-30": 372.3, "2015-03-31": "-4.30000", "2014-12-31": -14.8, "2014-09-30": 9.9, "2014-06-30": 21.9, "2014-03-31": "-30.70000", "2013-12-31": 13.6, "2013-09-30": 32.2, "2013-06-30": -5.2, "2013-03-31": "5.50000", "2012-12-31": -7.3, "2012-09-30": 8.9, "2012-06-30": 4.7, "2012-03-31": "-88.10000", "2011-12-31": 49.5, "2011-09-30": -77.2, "2011-06-30": 100.6, "2011-03-31": "-75.50000", "2010-12-31": -105.8, "2010-09-30": 104.9, "2010-06-30": 75.7, "2010-03-31": "10.10000", "2009-12-31": 16.7, "2009-09-30": -7.1, "2009-06-30": 12.1, "2009-03-31": "2.50000", "2008-12-31": -42.6, "2008-09-30": -28.3, "2008-06-30": 52.9, "2008-03-31": "-5.10000", "2007-12-31": -40.4, "2007-09-30": 52.7, "2007-06-30": 14, "2007-03-31": "-116.30000", "2006-12-31": -114.9, "2006-09-30": 53.7, "2006-06-30": 19.7, "2006-03-31": "-22.30000", "2005-12-31": 112.6, "2005-09-30": -175.3, "2005-06-30": 39.8, "2005-03-31": "16.90000"}, "Stock-Based Compensation": {"2020-09-30": 3.9, "2020-06-30": 3.9, "2020-03-31": "7.40000", "2019-12-31": 6.4, "2019-09-30": 6.3, "2019-06-30": 6.8, "2019-03-31": "6.10000", "2018-12-31": 5.2, "2018-09-30": 5.3, "2018-06-30": 5.7, "2018-03-31": "6.30000", "2017-12-31": 4.8, "2017-09-30": 5.1, "2017-06-30": 4.9, "2017-03-31": "6.30000", "2016-12-31": 4.6, "2016-09-30": 4.4, "2016-06-30": 5, "2016-03-31": "6.20000", "2015-12-31": 3.2, "2015-09-30": 3.9, "2015-06-30": 3.8, "2015-03-31": "4.50000", "2014-12-31": 3.3, "2014-09-30": 3.1, "2014-06-30": 4.6, "2014-03-31": "3.80000", "2013-12-31": 2, "2013-09-30": 3.4, "2013-06-30": 3.6, "2013-03-31": "5.20000", "2012-12-31": 3.3, "2012-09-30": 2.5, "2012-06-30": 4.4, "2012-03-31": "5.80000", "2011-12-31": 2.3, "2011-09-30": 3.6, "2011-06-30": 3.6, "2011-03-31": "5.30000", "2010-12-31": 3.1, "2010-09-30": 3.6, "2010-06-30": 3.8, "2010-03-31": "4.20000", "2009-12-31": 2.1, "2009-09-30": 2.5, "2009-06-30": 2.5, "2009-03-31": "4.10000", "2008-12-31": 10.6, "2008-09-30": 0, "2008-06-30": 0, "2008-03-31": "", "2007-12-31": 0, "2007-09-30": 0, "2007-06-30": 0, "2007-03-31": "", "2006-12-31": 0, "2006-09-30": 0, "2006-06-30": 0, "2006-03-31": "", "2005-12-31": 0, "2005-09-30": 0, "2005-06-30": 0, "2005-03-31": ""}, "Common Stock Dividends Paid": {"2020-09-30": -57.2, "2020-06-30": -57.1, "2020-03-31": "-57.00000", "2019-12-31": -52, "2019-09-30": -52.3, "2019-06-30": -52.8, "2019-03-31": "-53.20000", "2018-12-31": -22.3, "2018-09-30": -22.3, "2018-06-30": -22.3, "2018-03-31": "-22.30000", "2017-12-31": -22.2, "2017-09-30": -22.3, "2017-06-30": -22.2, "2017-03-31": "-22.10000", "2016-12-31": -22.2, "2016-09-30": -22.1, "2016-06-30": -22.2, "2016-03-31": "-22.10000", "2015-12-31": -22.1, "2015-09-30": -22.1, "2015-06-30": -22.1, "2015-03-31": "-20.10000", "2014-12-31": -20, "2014-09-30": -20.1, "2014-06-30": -20, "2014-03-31": "-18.00000", "2013-12-31": -18, "2013-09-30": -18.5, "2013-06-30": -18.4, "2013-03-31": "-18.70000", "2012-12-31": -12.4, "2012-09-30": -12.5, "2012-06-30": -12.4, "2012-03-31": "-10.50000", "2011-12-31": -10.6, "2011-09-30": -10.8, "2011-06-30": -10.8, "2011-03-31": "-9.00000", "2010-12-31": -9.1, "2010-09-30": -9.1, "2010-06-30": -9.1, "2010-03-31": "-9.10000", "2009-12-31": -9, "2009-09-30": -9.1, "2009-06-30": -9.1, "2009-03-31": "-9.10000", "2008-12-31": -9.3, "2008-09-30": -9.3, "2008-06-30": -7.9, "2008-03-31": "-7.90000", "2007-12-31": -7.9, "2007-09-30": -8, "2007-06-30": -6.9, "2007-03-31": "-6.90000", "2006-12-31": -6.9, "2006-09-30": -7.1, "2006-06-30": -7, "2006-03-31": "", "2005-12-31": 0, "2005-09-30": 0, "2005-06-30": 0, "2005-03-31": ""}}, "financial ratios": {"Current Ratio": {"2019-12-31": "1.49590", "2018-12-31": "1.34640", "2017-12-31": "1.65330", "2016-12-31": "1.98110", "2015-12-31": "2.04490", "2014-12-31": "1.53600", "2013-12-31": "1.48240", "2012-12-31": "1.92150", "2011-12-31": "2.03220", "2010-12-31": "1.70870", "2009-12-31": "2.09770", "2008-12-31": "1.88750", "2007-12-31": "1.58920", "2006-12-31": "1.48820", "2005-12-31": "1.61440"}, "Long-term Debt / Capital": {"2019-12-31": "0.54200", "2018-12-31": "0.40050", "2017-12-31": "0.52510", "2016-12-31": "0.47440", "2015-12-31": "0.51620", "2014-12-31": "0.42140", "2013-12-31": "0.42330", "2012-12-31": "0.36890", "2011-12-31": "0.37400", "2010-12-31": "0.29720", "2009-12-31": "0.34160", "2008-12-31": "0.38020", "2007-12-31": "0.28280", "2006-12-31": "0.34130", "2005-12-31": "0.40010"}, "Debt/Equity Ratio": {"2019-12-31": "1.27230", "2018-12-31": "0.83870", "2017-12-31": "1.17680", "2016-12-31": "0.94980", "2015-12-31": "1.12610", "2014-12-31": "1.06400", "2013-12-31": "1.17800", "2012-12-31": "0.62030", "2011-12-31": "0.63310", "2010-12-31": "0.53640", "2009-12-31": "0.56830", "2008-12-31": "0.64530", "2007-12-31": "0.51230", "2006-12-31": "0.62330", "2005-12-31": "0.75080"}, "Gross Margin": {"2019-12-31": "45.19940", "2018-12-31": "43.86630", "2017-12-31": "37.60270", "2016-12-31": "36.67730", "2015-12-31": "32.13170", "2014-12-31": "37.15900", "2013-12-31": "38.35880", "2012-12-31": "37.19460", "2011-12-31": "36.24810", "2010-12-31": "33.71630", "2009-12-31": "31.22920", "2008-12-31": "31.48650", "2007-12-31": "30.49110", "2006-12-31": "30.24000", "2005-12-31": "29.84620"}, "Operating Margin": {"2019-12-31": "17.82290", "2018-12-31": "17.28930", "2017-12-31": "6.26190", "2016-12-31": "10.50060", "2015-12-31": "-5.88120", "2014-12-31": "12.72900", "2013-12-31": "18.82010", "2012-12-31": "19.54900", "2011-12-31": "19.34590", "2010-12-31": "17.29620", "2009-12-31": "16.54170", "2008-12-31": "16.07230", "2007-12-31": "8.65970", "2006-12-31": "10.69100", "2005-12-31": "12.84720"}, "EBIT Margin": {"2019-12-31": "17.82290", "2018-12-31": "17.28930", "2017-12-31": "6.26190", "2016-12-31": "10.50060", "2015-12-31": "-5.88120", "2014-12-31": "12.72900", "2013-12-31": "18.82010", "2012-12-31": "19.54900", "2011-12-31": "19.34590", "2010-12-31": "17.29620", "2009-12-31": "16.54170", "2008-12-31": "16.07230", "2007-12-31": "8.65970", "2006-12-31": "10.69100", "2005-12-31": "12.84720"}, "EBITDA Margin": {"2019-12-31": "21.07900", "2018-12-31": "20.79430", "2017-12-31": "10.12560", "2016-12-31": "14.46300", "2015-12-31": "-2.79810", "2014-12-31": "15.59820", "2013-12-31": "21.63100", "2012-12-31": "22.94790", "2011-12-31": "22.62620", "2010-12-31": "21.58330", "2009-12-31": "21.04240", "2008-12-31": "20.05910", "2007-12-31": "13.73770", "2006-12-31": "16.30930", "2005-12-31": "19.19850"}, "Pre-Tax Profit Margin": {"2019-12-31": "14.20890", "2018-12-31": "14.19740", "2017-12-31": "3.78480", "2016-12-31": "7.12120", "2015-12-31": "-8.32600", "2014-12-31": "11.16400", "2013-12-31": "16.07310", "2012-12-31": "17.52840", "2011-12-31": "18.21950", "2010-12-31": "11.24730", "2009-12-31": "10.96880", "2008-12-31": "15.14780", "2007-12-31": "7.41770", "2006-12-31": "9.05410", "2005-12-31": "8.81170"}, "Net Profit Margin": {"2019-12-31": "10.35620", "2018-12-31": "11.71680", "2017-12-31": "21.16780", "2016-12-31": "8.23590", "2015-12-31": "19.63070", "2014-12-31": "9.43630", "2013-12-31": "9.33660", "2012-12-31": "12.14700", "2011-12-31": "12.05090", "2010-12-31": "5.53540", "2009-12-31": "8.04610", "2008-12-31": "9.72940", "2007-12-31": "4.99450", "2006-12-31": "5.59700", "2005-12-31": "5.31220"}, "Asset Turnover": {"2019-12-31": "0.46690", "2018-12-31": "0.42960", "2017-12-31": "0.27490", "2016-12-31": "0.41350", "2015-12-31": "0.39380", "2014-12-31": "0.61180", "2013-12-31": "0.59800", "2012-12-31": "0.77960", "2011-12-31": "0.81110", "2010-12-31": "0.93870", "2009-12-31": "0.90120", "2008-12-31": "1.04050", "2007-12-31": "0.96320", "2006-12-31": "0.85590", "2005-12-31": "0.78320"}, "Inventory Turnover Ratio": {"2019-12-31": "2.48400", "2018-12-31": "2.34570", "2017-12-31": "1.59130", "2016-12-31": "3.35710", "2015-12-31": "2.11270", "2014-12-31": "3.37030", "2013-12-31": "2.80330", "2012-12-31": "3.33370", "2011-12-31": "4.11590", "2010-12-31": "5.93900", "2009-12-31": "5.54520", "2008-12-31": "5.60500", "2007-12-31": "6.65490", "2006-12-31": "7.45900", "2005-12-31": "6.96020"}, "Receiveable Turnover": {"2019-12-31": "2.06610", "2018-12-31": "1.99890", "2017-12-31": "1.23870", "2016-12-31": "1.50010", "2015-12-31": "1.34550", "2014-12-31": "2.03350", "2013-12-31": "2.10920", "2012-12-31": "3.17580", "2011-12-31": "3.26030", "2010-12-31": "3.65380", "2009-12-31": "3.77030", "2008-12-31": "4.53000", "2007-12-31": "4.39040", "2006-12-31": "4.36120", "2005-12-31": "4.34150"}, "Days Sales In Receivables": {"2019-12-31": "176.66450", "2018-12-31": "182.59800", "2017-12-31": "294.67350", "2016-12-31": "243.31900", "2015-12-31": "271.28100", "2014-12-31": "179.49260", "2013-12-31": "173.05060", "2012-12-31": "114.93020", "2011-12-31": "111.95350", "2010-12-31": "99.89680", "2009-12-31": "96.80990", "2008-12-31": "80.57350", "2007-12-31": "83.13670", "2006-12-31": "83.69220", "2005-12-31": "84.07250"}, "ROE - Return On Equity": {"2019-12-31": "21.21890", "2018-12-31": "16.74560", "2017-12-31": "-4.91670", "2016-12-31": "6.55800", "2015-12-31": "-11.14080", "2014-12-31": "19.66750", "2013-12-31": "23.63720", "2012-12-31": "29.79160", "2011-12-31": "32.22910", "2010-12-31": "18.37370", "2009-12-31": "22.68110", "2008-12-31": "35.85470", "2007-12-31": "15.62530", "2006-12-31": "14.26450", "2005-12-31": "11.29990"}, "Return On Tangible Equity": {"2019-12-31": "-35.40490", "2018-12-31": "-55.93590", "2017-12-31": "11.84590", "2016-12-31": "16.87760", "2015-12-31": "-72.01900", "2014-12-31": "31.88890", "2013-12-31": "40.81720", "2012-12-31": "43.22910", "2011-12-31": "47.17700", "2010-12-31": "23.22490", "2009-12-31": "27.82590", "2008-12-31": "45.03510", "2007-12-31": "18.81010", "2006-12-31": "17.02100", "2005-12-31": "13.37120"}, "ROA - Return On Assets": {"2019-12-31": "5.50510", "2018-12-31": "5.38990", "2017-12-31": "-1.44570", "2016-12-31": "2.12890", "2015-12-31": "-3.36080", "2014-12-31": "5.77540", "2013-12-31": "7.09810", "2012-12-31": "10.59010", "2011-12-31": "11.22750", "2010-12-31": "6.58150", "2009-12-31": "8.19460", "2008-12-31": "11.57350", "2007-12-31": "6.08400", "2006-12-31": "5.25780", "2005-12-31": "3.95620"}, "ROI - Return On Investment": {"2019-12-31": "9.71840", "2018-12-31": "10.03850", "2017-12-31": "-2.33500", "2016-12-31": "3.44690", "2015-12-31": "-5.38960", "2014-12-31": "11.38040", "2013-12-31": "13.63070", "2012-12-31": "18.80180", "2011-12-31": "20.17570", "2010-12-31": "12.91220", "2009-12-31": "14.93230", "2008-12-31": "22.22150", "2007-12-31": "11.20700", "2006-12-31": "9.39560", "2005-12-31": "6.77880"}, "Book Value Per Share": {"2019-12-31": "19.83680", "2018-12-31": "24.26940", "2017-12-31": "20.15250", "2016-12-31": "14.90760", "2015-12-31": "14.27770", "2014-12-31": "11.73140", "2013-12-31": "12.01120", "2012-12-31": "11.29370", "2011-12-31": "9.33670", "2010-12-31": "8.31770", "2009-12-31": "7.81240", "2008-12-31": "6.66390", "2007-12-31": "7.08320", "2006-12-31": "6.59100", "2005-12-31": "6.22660"}, "Operating Cash Flow Per Share": {"2019-12-31": 0.9895, "2018-12-31": 0.2122, "2017-12-31": -1.2011, "2016-12-31": 6.3786, "2015-12-31": -5.4614, "2014-12-31": 0.3684, "2013-12-31": -0.1768, "2012-12-31": -0.0694, "2011-12-31": 0.2353, "2010-12-31": 0.3688, "2009-12-31": 0.0275, "2008-12-31": 0.292, "2007-12-31": 0.0678, "2006-12-31": 0.2849, "2005-12-31": 1.3844}, "Free Cash Flow Per Share": {"2019-12-31": 0.8889, "2018-12-31": -0.1133, "2017-12-31": -0.8226, "2016-12-31": 6.1, "2015-12-31": -4.4913, "2014-12-31": 0.2097, "2013-12-31": -0.1163, "2012-12-31": -0.2407, "2011-12-31": 0.1053, "2010-12-31": 0.486, "2009-12-31": -0.432, "2008-12-31": 0.3859, "2007-12-31": 0.0578, "2006-12-31": 0.1591, "2005-12-31": 0.8128}}, "financial ratios, quarterly": {"Current Ratio": {"2020-09-30": "1.69540", "2020-06-30": "1.59830", "2020-03-31": "1.82050", "2019-12-31": "1.49590", "2019-09-30": "1.61710", "2019-06-30": "1.26840", "2019-03-31": "1.25960", "2018-12-31": "1.34640", "2018-09-30": "1.53700", "2018-06-30": "1.63090", "2018-03-31": "1.61410", "2017-12-31": "1.65330", "2017-09-30": "2.19200", "2017-06-30": "2.26070", "2017-03-31": "2.38730", "2016-12-31": "1.98110", "2016-09-30": "2.14250", "2016-06-30": "2.14100", "2016-03-31": "2.03620", "2015-12-31": "2.04490", "2015-09-30": "2.22550", "2015-06-30": "1.92150", "2015-03-31": "1.65190", "2014-12-31": "1.53600", "2014-09-30": "1.64070", "2014-06-30": "1.62560", "2014-03-31": "1.59410", "2013-12-31": "1.48240", "2013-09-30": "1.26330", "2013-06-30": "1.72020", "2013-03-31": "2.31380", "2012-12-31": "1.92150", "2012-09-30": "1.86290", "2012-06-30": "1.95980", "2012-03-31": "2.11870", "2011-12-31": "2.03220", "2011-09-30": "1.85850", "2011-06-30": "1.89460", "2011-03-31": "1.89510", "2010-12-31": "1.70870", "2010-09-30": "2.11190", "2010-06-30": "2.24990", "2010-03-31": "2.23000", "2009-12-31": "2.09770", "2009-09-30": "1.87550", "2009-06-30": "1.98510", "2009-03-31": "2.04910", "2008-12-31": "1.88750", "2008-09-30": "1.88340", "2008-06-30": "1.95070", "2008-03-31": "1.80540", "2007-12-31": "1.58920", "2007-09-30": "1.52240", "2007-06-30": "1.56980", "2007-03-31": "1.67900", "2006-12-31": "1.48820", "2006-09-30": "1.59700", "2006-06-30": "1.66490", "2006-03-31": "1.65010", "2005-12-31": "1.61440", "2005-09-30": "1.40660", "2005-06-30": "1.58350", "2005-03-31": "1.49160"}, "Long-term Debt / Capital": {"2020-09-30": "0.50500", "2020-06-30": "0.51500", "2020-03-31": "0.56650", "2019-12-31": "0.54200", "2019-09-30": "0.53090", "2019-06-30": "0.43410", "2019-03-31": "0.43450", "2018-12-31": "0.40050", "2018-09-30": "0.45720", "2018-06-30": "0.48880", "2018-03-31": "0.49820", "2017-12-31": "0.52510", "2017-09-30": "0.41150", "2017-06-30": "0.44000", "2017-03-31": "0.48630", "2016-12-31": "0.47440", "2016-09-30": "0.47430", "2016-06-30": "0.49340", "2016-03-31": "0.49790", "2015-12-31": "0.51620", "2015-09-30": "0.48740", "2015-06-30": "0.48150", "2015-03-31": "0.43920", "2014-12-31": "0.42140", "2014-09-30": "0.39230", "2014-06-30": "0.39480", "2014-03-31": "0.40610", "2013-12-31": "0.42330", "2013-09-30": "0.35970", "2013-06-30": "0.32290", "2013-03-31": "0.45410", "2012-12-31": "0.36890", "2012-09-30": "0.35190", "2012-06-30": "0.36880", "2012-03-31": "0.41190", "2011-12-31": "0.37400", "2011-09-30": "0.26370", "2011-06-30": "0.25460", "2011-03-31": "0.28840", "2010-12-31": "0.29720", "2010-09-30": "0.28290", "2010-06-30": "0.31700", "2010-03-31": "0.33940", "2009-12-31": "0.34160", "2009-09-30": "0.32570", "2009-06-30": "0.33760", "2009-03-31": "0.38010", "2008-12-31": "0.38020", "2008-09-30": "0.32040", "2008-06-30": "0.28800", "2008-03-31": "0.29570", "2007-12-31": "0.28280", "2007-09-30": "0.28300", "2007-06-30": "0.29840", "2007-03-31": "0.32730", "2006-12-31": "0.34130", "2006-09-30": "0.36080", "2006-06-30": "0.35510", "2006-03-31": "0.37450", "2005-12-31": "0.40010", "2005-09-30": "0.39090", "2005-06-30": "0.46150", "2005-03-31": "0.46480"}, "Debt/Equity Ratio": {"2020-09-30": "1.08560", "2020-06-30": "1.23940", "2020-03-31": "1.39930", "2019-12-31": "1.27230", "2019-09-30": "1.33840", "2019-06-30": "1.15870", "2019-03-31": "1.12430", "2018-12-31": "0.83870", "2018-09-30": "0.89100", "2018-06-30": "1.01380", "2018-03-31": "1.10200", "2017-12-31": "1.17680", "2017-09-30": "0.79950", "2017-06-30": "0.88060", "2017-03-31": "1.06150", "2016-12-31": "0.94980", "2016-09-30": "0.93200", "2016-06-30": "1.00010", "2016-03-31": "1.04850", "2015-12-31": "1.12610", "2015-09-30": "1.00700", "2015-06-30": "1.05020", "2015-03-31": "1.40070", "2014-12-31": "1.06400", "2014-09-30": "0.97090", "2014-06-30": "0.96010", "2014-03-31": "1.07410", "2013-12-31": "1.17800", "2013-09-30": "1.24800", "2013-06-30": "0.66970", "2013-03-31": "0.86100", "2012-12-31": "0.62030", "2012-09-30": "0.58420", "2012-06-30": "0.61770", "2012-03-31": "0.72830", "2011-12-31": "0.63310", "2011-09-30": "0.41440", "2011-06-30": "0.43830", "2011-03-31": "0.50330", "2010-12-31": "0.53640", "2010-09-30": "0.49240", "2010-06-30": "0.52630", "2010-03-31": "0.58960", "2009-12-31": "0.56830", "2009-09-30": "0.54700", "2009-06-30": "0.57560", "2009-03-31": "0.66310", "2008-12-31": "0.64530", "2008-09-30": "0.50100", "2008-06-30": "0.45600", "2008-03-31": "0.53470", "2007-12-31": "0.51230", "2007-09-30": "0.54220", "2007-06-30": "0.57860", "2007-03-31": "0.58290", "2006-12-31": "0.62330", "2006-09-30": "0.66130", "2006-06-30": "0.65210", "2006-03-31": "0.72090", "2005-12-31": "0.75080", "2005-09-30": "0.72780", "2005-06-30": "0.93970", "2005-03-31": "0.96460"}, "Gross Margin": {"2020-09-30": "43.00200", "2020-06-30": "45.24370", "2020-03-31": "44.92000", "2019-12-31": "46.43780", "2019-09-30": "42.63040", "2019-06-30": "45.64300", "2019-03-31": "45.69250", "2018-12-31": "44.72440", "2018-09-30": "42.78910", "2018-06-30": "42.48090", "2018-03-31": "45.35610", "2017-12-31": "37.21920", "2017-09-30": "41.14830", "2017-06-30": "35.68820", "2017-03-31": "36.27520", "2016-12-31": "38.52410", "2016-09-30": "34.12850", "2016-06-30": "38.25780", "2016-03-31": "35.62010", "2015-12-31": "20.73820", "2015-09-30": "26.51980", "2015-06-30": "34.47190", "2015-03-31": "38.01940", "2014-12-31": "33.43710", "2014-09-30": "34.61120", "2014-06-30": "39.76600", "2014-03-31": "38.71050", "2013-12-31": "31.38760", "2013-09-30": "31.79440", "2013-06-30": "37.38590", "2013-03-31": "38.82730", "2012-12-31": "38.43150", "2012-09-30": "36.25750", "2012-06-30": "37.31770", "2012-03-31": "36.91930", "2011-12-31": "39.91180", "2011-09-30": "33.33720", "2011-06-30": "36.78900", "2011-03-31": "36.23900", "2010-12-31": "32.62180", "2010-09-30": "32.97090", "2010-06-30": "34.06280", "2010-03-31": "35.29410", "2009-12-31": "30.42520", "2009-09-30": "28.50130", "2009-06-30": "31.84350", "2009-03-31": "34.26500", "2008-12-31": "29.78180", "2008-09-30": "29.23980", "2008-06-30": "33.49860", "2008-03-31": "33.45770", "2007-12-31": "29.00790", "2007-09-30": "29.74780", "2007-06-30": "31.91980", "2007-03-31": "31.27130", "2006-12-31": "29.23550", "2006-09-30": "27.89240", "2006-06-30": "31.13290", "2006-03-31": "32.60390", "2005-12-31": "30.48260", "2005-09-30": "27.88240", "2005-06-30": "31.50640", "2005-03-31": "29.36280"}, "Operating Margin": {"2020-09-30": "18.07120", "2020-06-30": "23.18880", "2020-03-31": "23.31200", "2019-12-31": "9.36270", "2019-09-30": "15.76460", "2019-06-30": "22.20380", "2019-03-31": "23.63900", "2018-12-31": "16.14520", "2018-09-30": "11.37940", "2018-06-30": "11.54710", "2018-03-31": "29.33480", "2017-12-31": "-7.27620", "2017-09-30": "11.46700", "2017-06-30": "9.89650", "2017-03-31": "10.97320", "2016-12-31": "7.53920", "2016-09-30": "11.13230", "2016-06-30": "13.40810", "2016-03-31": "10.25730", "2015-12-31": "-133.04040", "2015-09-30": "0.06020", "2015-06-30": "11.32910", "2015-03-31": "-14.57390", "2014-12-31": "7.86490", "2014-09-30": "12.91660", "2014-06-30": "18.89550", "2014-03-31": "19.76480", "2013-12-31": "15.88400", "2013-09-30": "15.71970", "2013-06-30": "19.69180", "2013-03-31": "22.36740", "2012-12-31": "19.48530", "2012-09-30": "18.39640", "2012-06-30": "20.00660", "2012-03-31": "20.16580", "2011-12-31": "20.10590", "2011-09-30": "17.28340", "2011-06-30": "20.30290", "2011-03-31": "20.06290", "2010-12-31": "13.43610", "2010-09-30": "16.93200", "2010-06-30": "18.88520", "2010-03-31": "20.17180", "2009-12-31": "14.31930", "2009-09-30": "14.06140", "2009-06-30": "18.17790", "2009-03-31": "19.76830", "2008-12-31": "8.58070", "2008-09-30": "16.41080", "2008-06-30": "19.48920", "2008-03-31": "19.39480", "2007-12-31": "-11.96800", "2007-09-30": "14.53880", "2007-06-30": "16.47670", "2007-03-31": "16.19940", "2006-12-31": "-1.22600", "2006-09-30": "11.27230", "2006-06-30": "15.07680", "2006-03-31": "17.53910", "2005-12-31": "11.85330", "2005-09-30": "11.01960", "2005-06-30": "15.20510", "2005-03-31": "13.05210"}, "EBIT Margin": {"2020-09-30": "18.07120", "2020-06-30": "23.18880", "2020-03-31": "23.31200", "2019-12-31": "9.36270", "2019-09-30": "15.76460", "2019-06-30": "22.20380", "2019-03-31": "23.63900", "2018-12-31": "16.14520", "2018-09-30": "11.37940", "2018-06-30": "11.54710", "2018-03-31": "29.33480", "2017-12-31": "-7.27620", "2017-09-30": "11.46700", "2017-06-30": "9.89650", "2017-03-31": "10.97320", "2016-12-31": "7.53920", "2016-09-30": "11.13230", "2016-06-30": "13.40810", "2016-03-31": "10.25730", "2015-12-31": "-133.04040", "2015-09-30": "0.06020", "2015-06-30": "11.32910", "2015-03-31": "-14.57390", "2014-12-31": "7.86490", "2014-09-30": "12.91660", "2014-06-30": "18.89550", "2014-03-31": "19.76480", "2013-12-31": "15.88400", "2013-09-30": "15.71970", "2013-06-30": "19.69180", "2013-03-31": "22.36740", "2012-12-31": "19.48520", "2012-09-30": "18.39640", "2012-06-30": "20.00660", "2012-03-31": "20.16580", "2011-12-31": "20.10580", "2011-09-30": "17.28340", "2011-06-30": "20.30290", "2011-03-31": "20.06290", "2010-12-31": "13.43620", "2010-09-30": "16.93200", "2010-06-30": "18.88520", "2010-03-31": "20.17180", "2009-12-31": "14.31940", "2009-09-30": "14.06140", "2009-06-30": "18.17790", "2009-03-31": "19.76830", "2008-12-31": "8.58070", "2008-09-30": "16.41080", "2008-06-30": "19.48920", "2008-03-31": "19.39480", "2007-12-31": "-11.96800", "2007-09-30": "14.53880", "2007-06-30": "16.47670", "2007-03-31": "16.19940", "2006-12-31": "-1.22600", "2006-09-30": "11.27230", "2006-06-30": "15.07680", "2006-03-31": "17.53910", "2005-12-31": "11.85330", "2005-09-30": "11.01960", "2005-06-30": "15.20510", "2005-03-31": "13.05210"}, "EBITDA Margin": {"2020-09-30": "", "2020-06-30": "", "2020-03-31": "", "2019-12-31": "", "2019-09-30": "", "2019-06-30": "", "2019-03-31": "", "2018-12-31": "", "2018-09-30": "", "2018-06-30": "", "2018-03-31": "", "2017-12-31": "", "2017-09-30": "", "2017-06-30": "", "2017-03-31": "", "2016-12-31": "", "2016-09-30": "", "2016-06-30": "", "2016-03-31": "", "2015-12-31": "", "2015-09-30": "", "2015-06-30": "", "2015-03-31": "", "2014-12-31": "", "2014-09-30": "", "2014-06-30": "", "2014-03-31": "", "2013-12-31": "", "2013-09-30": "", "2013-06-30": "", "2013-03-31": "", "2012-12-31": "", "2012-09-30": "", "2012-06-30": "", "2012-03-31": "", "2011-12-31": "", "2011-09-30": "", "2011-06-30": "", "2011-03-31": "", "2010-12-31": "", "2010-09-30": "", "2010-06-30": "", "2010-03-31": "", "2009-12-31": "", "2009-09-30": "", "2009-06-30": "", "2009-03-31": "", "2008-12-31": "", "2008-09-30": "", "2008-06-30": "", "2008-03-31": "", "2007-12-31": "", "2007-09-30": "", "2007-06-30": "", "2007-03-31": "", "2006-12-31": "", "2006-09-30": "", "2006-06-30": "", "2006-03-31": "", "2005-12-31": "", "2005-09-30": "", "2005-06-30": "", "2005-03-31": ""}, "Pre-Tax Profit Margin": {"2020-09-30": "13.72860", "2020-06-30": "19.47550", "2020-03-31": "19.87200", "2019-12-31": "5.56250", "2019-09-30": "11.78150", "2019-06-30": "18.65520", "2019-03-31": "20.45970", "2018-12-31": "13.28910", "2018-09-30": "7.89300", "2018-06-30": "8.54990", "2018-03-31": "26.23880", "2017-12-31": "-11.05660", "2017-09-30": "9.17670", "2017-06-30": "7.91720", "2017-03-31": "9.12750", "2016-12-31": "1.75770", "2016-09-30": "8.74680", "2016-06-30": "10.93780", "2016-03-31": "7.65170", "2015-12-31": "-134.79780", "2015-09-30": "-2.37150", "2015-06-30": "8.55600", "2015-03-31": "-16.71220", "2014-12-31": "6.39080", "2014-09-30": "6.99550", "2014-06-30": "16.90780", "2014-03-31": "17.38670", "2013-12-31": "14.89340", "2013-09-30": "11.33280", "2013-06-30": "17.73970", "2013-03-31": "20.16030", "2012-12-31": "16.37250", "2012-09-30": "16.51050", "2012-06-30": "18.08440", "2012-03-31": "18.79450", "2011-12-31": "23.52730", "2011-09-30": "14.73150", "2011-06-30": "18.07440", "2011-03-31": "18.36480", "2010-12-31": "-2.07280", "2010-09-30": "15.33980", "2010-06-30": "15.70550", "2010-03-31": "16.76140", "2009-12-31": "6.66110", "2009-09-30": "8.79010", "2009-06-30": "12.92300", "2009-03-31": "15.74220", "2008-12-31": "10.04470", "2008-09-30": "13.87670", "2008-06-30": "17.17080", "2008-03-31": "19.38150", "2007-12-31": "8.55700", "2007-09-30": "8.92120", "2007-06-30": "0.95760", "2007-03-31": "11.18530", "2006-12-31": "8.83710", "2006-09-30": "9.54210", "2006-06-30": "7.19230", "2006-03-31": "10.65480", "2005-12-31": "17.37450", "2005-09-30": "-1.60780", "2005-06-30": "9.28220", "2005-03-31": "9.92030"}, "Net Profit Margin": {"2020-09-30": "10.27110", "2020-06-30": "15.96120", "2020-03-31": "16.49600", "2019-12-31": "-0.26730", "2019-09-30": "8.91260", "2019-06-30": "14.46810", "2019-03-31": "18.09410", "2018-12-31": "2.94710", "2018-09-30": "7.88220", "2018-06-30": "11.23530", "2018-03-31": "24.11770", "2017-12-31": "83.85010", "2017-09-30": "8.54220", "2017-06-30": "11.37330", "2017-03-31": "-20.83890", "2016-12-31": "2.30970", "2016-09-30": "12.67490", "2016-06-30": "10.59650", "2016-03-31": "7.96500", "2015-12-31": "-179.34970", "2015-09-30": "-0.28890", "2015-06-30": "83.67720", "2015-03-31": "-7.09740", "2014-12-31": "7.00420", "2014-09-30": "6.84900", "2014-06-30": "13.72500", "2014-03-31": "8.64050", "2013-12-31": "2.39670", "2013-09-30": "1.84880", "2013-06-30": "13.47030", "2013-03-31": "14.31870", "2012-12-31": "13.70440", "2012-09-30": "10.90160", "2012-06-30": "11.53340", "2012-03-31": "12.59700", "2011-12-31": "13.98590", "2011-09-30": "10.02200", "2011-06-30": "13.13720", "2011-03-31": "11.76100", "2010-12-31": "-6.41580", "2010-09-30": "10.66670", "2010-06-30": "8.39340", "2010-03-31": "10.16520", "2009-12-31": "8.58610", "2009-09-30": "3.89740", "2009-06-30": "9.83860", "2009-03-31": "9.94930", "2008-12-31": "6.27630", "2008-09-30": "9.68570", "2008-06-30": "10.40170", "2008-03-31": "12.45000", "2007-12-31": "5.93210", "2007-09-30": "5.92080", "2007-06-30": "1.30720", "2007-03-31": "6.79420", "2006-12-31": "2.07730", "2006-09-30": "6.13420", "2006-06-30": "7.81700", "2006-03-31": "6.34570", "2005-12-31": "4.38220", "2005-09-30": "-0.86270", "2005-06-30": "5.51630", "2005-03-31": "11.67630"}, "Asset Turnover": {"2020-09-30": "0.11100", "2020-06-30": "0.11560", "2020-03-31": "0.12270", "2019-12-31": "0.12130", "2019-09-30": "0.10350", "2019-06-30": "0.12280", "2019-03-31": "0.11990", "2018-12-31": "0.11020", "2018-09-30": "0.09820", "2018-06-30": "0.11880", "2018-03-31": "0.10920", "2017-12-31": "0.06870", "2017-09-30": "0.10670", "2017-06-30": "0.10980", "2017-03-31": "0.09870", "2016-12-31": "0.11210", "2016-09-30": "0.10130", "2016-06-30": "0.09790", "2016-03-31": "0.09490", "2015-12-31": "0.01800", "2015-09-30": "0.12890", "2015-06-30": "0.12540", "2015-03-31": "0.12410", "2014-12-31": "0.20510", "2014-09-30": "0.15600", "2014-06-30": "0.15500", "2014-03-31": "0.14870", "2013-12-31": "0.21600", "2013-09-30": "0.19420", "2013-06-30": "0.20140", "2013-03-31": "0.20470", "2012-12-31": "0.16970", "2012-09-30": "0.20210", "2012-06-30": "0.23170", "2012-03-31": "0.24420", "2011-12-31": "0.15150", "2011-09-30": "0.25430", "2011-06-30": "0.23430", "2011-03-31": "0.23270", "2010-12-31": "0.24410", "2010-09-30": "0.22700", "2010-06-30": "0.24130", "2010-03-31": "0.23400", "2009-12-31": "0.23020", "2009-09-30": "0.23420", "2009-06-30": "0.23120", "2009-03-31": "0.22860", "2008-12-31": "0.24640", "2008-09-30": "0.28010", "2008-06-30": "0.27080", "2008-03-31": "0.25850", "2007-12-31": "0.24670", "2007-09-30": "0.22880", "2007-06-30": "0.24100", "2007-03-31": "0.24380", "2006-12-31": "0.21430", "2006-09-30": "0.20540", "2006-06-30": "0.21300", "2006-03-31": "0.21380", "2005-12-31": "0.18910", "2005-09-30": "0.19000", "2005-06-30": "0.19460", "2005-03-31": "0.18600"}, "Inventory Turnover Ratio": {"2020-09-30": "0.53500", "2020-06-30": "0.55560", "2020-03-31": "0.64790", "2019-12-31": "0.63060", "2019-09-30": "0.49850", "2019-06-30": "0.56840", "2019-03-31": "0.56930", "2018-12-31": "0.59260", "2018-09-30": "0.53080", "2018-06-30": "0.69260", "2018-03-31": "0.58480", "2017-12-31": "0.39990", "2017-09-30": "0.61860", "2017-06-30": "0.77320", "2017-03-31": "0.72150", "2016-12-31": "0.88370", "2016-09-30": "0.50670", "2016-06-30": "0.43080", "2016-03-31": "0.45670", "2015-12-31": "0.11270", "2015-09-30": "0.67370", "2015-06-30": "0.55840", "2015-03-31": "0.63780", "2014-12-31": "1.19650", "2014-09-30": "0.70990", "2014-06-30": "0.64860", "2014-03-31": "0.66010", "2013-12-31": "1.12700", "2013-09-30": "0.92270", "2013-06-30": "0.82960", "2013-03-31": "0.82060", "2012-12-31": "0.71120", "2012-09-30": "0.84430", "2012-06-30": "1.01390", "2012-03-31": "1.16380", "2011-12-31": "0.72440", "2011-09-30": "1.29350", "2011-06-30": "1.21860", "2011-03-31": "1.33540", "2010-12-31": "1.57020", "2010-09-30": "1.41130", "2010-06-30": "1.48030", "2010-03-31": "1.41680", "2009-12-31": "1.43340", "2009-09-30": "1.34000", "2009-06-30": "1.22260", "2009-03-31": "1.10820", "2008-12-31": "1.36030", "2008-09-30": "1.60840", "2008-06-30": "1.67000", "2008-03-31": "1.66120", "2007-12-31": "1.74070", "2007-09-30": "1.71550", "2007-06-30": "1.94650", "2007-03-31": "2.13110", "2006-12-31": "1.89430", "2006-09-30": "2.12900", "2006-06-30": "2.08110", "2006-03-31": "1.91120", "2005-12-31": "1.66480", "2005-09-30": "1.79940", "2005-06-30": "1.90930", "2005-03-31": "1.92310"}, "Receiveable Turnover": {"2020-09-30": "0.50730", "2020-06-30": "0.49320", "2020-03-31": "0.50810", "2019-12-31": "0.53660", "2019-09-30": "0.50690", "2019-06-30": "0.50590", "2019-03-31": "0.47110", "2018-12-31": "0.51280", "2018-09-30": "0.48560", "2018-06-30": "0.52610", "2018-03-31": "0.46170", "2017-12-31": "0.30940", "2017-09-30": "0.44330", "2017-06-30": "0.45540", "2017-03-31": "0.36550", "2016-12-31": "0.40670", "2016-09-30": "0.39220", "2016-06-30": "0.37800", "2016-03-31": "0.34280", "2015-12-31": "0.06150", "2015-09-30": "0.49170", "2015-06-30": "0.47550", "2015-03-31": "0.42890", "2014-12-31": "0.68160", "2014-09-30": "0.52090", "2014-06-30": "0.52990", "2014-03-31": "0.48260", "2013-12-31": "0.76180", "2013-09-30": "0.81160", "2013-06-30": "0.80210", "2013-03-31": "0.74460", "2012-12-31": "0.69120", "2012-09-30": "0.81440", "2012-06-30": "0.91090", "2012-03-31": "0.89500", "2011-12-31": "0.60880", "2011-09-30": "1.00910", "2011-06-30": "0.94620", "2011-03-31": "0.81630", "2010-12-31": "0.95030", "2010-09-30": "0.94940", "2010-06-30": "0.93490", "2010-03-31": "0.84760", "2009-12-31": "0.96330", "2009-09-30": "0.99710", "2009-06-30": "0.99830", "2009-03-31": "0.95270", "2008-12-31": "1.07270", "2008-09-30": "1.14050", "2008-06-30": "1.06980", "2008-03-31": "0.98840", "2007-12-31": "1.12440", "2007-09-30": "1.02200", "2007-06-30": "0.96300", "2007-03-31": "0.97680", "2006-12-31": "1.09180", "2006-09-30": "1.06340", "2006-06-30": "0.98730", "2006-03-31": "1.00420", "2005-12-31": "1.04790", "2005-09-30": "1.05790", "2005-06-30": "1.05580", "2005-03-31": "0.97800"}, "Days Sales In Receivables": {"2020-09-30": "177.40270", "2020-06-30": "182.47730", "2020-03-31": "177.12720", "2019-12-31": "167.71740", "2019-09-30": "177.55990", "2019-06-30": "177.89570", "2019-03-31": "191.02260", "2018-12-31": "175.49760", "2018-09-30": "185.33020", "2018-06-30": "171.05770", "2018-03-31": "194.93910", "2017-12-31": "290.91270", "2017-09-30": "203.00830", "2017-06-30": "197.63550", "2017-03-31": "246.23150", "2016-12-31": "221.27400", "2016-09-30": "229.49430", "2016-06-30": "238.06920", "2016-03-31": "262.57920", "2015-12-31": "1464.20000", "2015-09-30": "183.05530", "2015-06-30": "189.26280", "2015-03-31": "209.83620", "2014-12-31": "132.05000", "2014-09-30": "172.79210", "2014-06-30": "169.83270", "2014-03-31": "186.48040", "2013-12-31": "118.14540", "2013-09-30": "110.88780", "2013-06-30": "112.20200", "2013-03-31": "120.87290", "2012-12-31": "130.21560", "2012-09-30": "110.50980", "2012-06-30": "98.79920", "2012-03-31": "100.56230", "2011-12-31": "147.82530", "2011-09-30": "89.18570", "2011-06-30": "95.11940", "2011-03-31": "110.25280", "2010-12-31": "94.70820", "2010-09-30": "94.80000", "2010-06-30": "96.26800", "2010-03-31": "106.17980", "2009-12-31": "93.42750", "2009-09-30": "90.26500", "2009-06-30": "90.15420", "2009-03-31": "94.47070", "2008-12-31": "83.90000", "2008-09-30": "78.91450", "2008-06-30": "84.13090", "2008-03-31": "91.05570", "2007-12-31": "80.04300", "2007-09-30": "88.06100", "2007-06-30": "93.46100", "2007-03-31": "92.13620", "2006-12-31": "82.42980", "2006-09-30": "84.63650", "2006-06-30": "91.15480", "2006-03-31": "89.62130", "2005-12-31": "85.88220", "2005-09-30": "85.07650", "2005-06-30": "85.24220", "2005-03-31": "92.02030"}, "ROE - Return On Equity": {"2020-09-30": "4.39630", "2020-06-30": "6.86800", "2020-03-31": "7.90690", "2019-12-31": "1.19860", "2019-09-30": "4.13540", "2019-06-30": "6.95550", "2019-03-31": "7.43610", "2018-12-31": "4.88100", "2018-09-30": "1.65350", "2018-06-30": "3.29840", "2018-03-31": "7.63590", "2017-12-31": "-10.99700", "2017-09-30": "3.32050", "2017-06-30": "2.40290", "2017-03-31": "2.37920", "2016-12-31": "0.47170", "2016-09-30": "2.28700", "2016-06-30": "2.29200", "2016-03-31": "1.29790", "2015-12-31": "-11.26660", "2015-09-30": "0.25060", "2015-06-30": "2.63100", "2015-03-31": "-4.15820", "2014-12-31": "5.40280", "2014-09-30": "3.00960", "2014-06-30": "5.54170", "2014-03-31": "5.74850", "2013-12-31": "8.45370", "2013-09-30": "5.56930", "2013-06-30": "7.48780", "2013-03-31": "9.31770", "2012-12-31": "6.88190", "2012-09-30": "7.10970", "2012-06-30": "8.53950", "2012-03-31": "10.15700", "2011-12-31": "7.40740", "2011-09-30": "7.05220", "2011-06-30": "8.52040", "2011-03-31": "8.00060", "2010-12-31": "-3.53180", "2010-09-30": "6.35180", "2010-06-30": "7.27360", "2010-03-31": "7.25360", "2009-12-31": "6.11600", "2009-09-30": "3.16480", "2009-06-30": "6.98330", "2009-03-31": "7.47250", "2008-12-31": "5.86710", "2008-09-30": "7.88100", "2008-06-30": "7.89800", "2008-03-31": "8.97310", "2007-12-31": "5.21470", "2007-09-30": "3.92380", "2007-06-30": "1.38160", "2007-03-31": "5.19960", "2006-12-31": "3.15780", "2006-09-30": "3.77100", "2006-06-30": "3.38320", "2006-03-31": "3.80000", "2005-12-31": "4.44070", "2005-09-30": "-0.31120", "2005-06-30": "3.54970", "2005-03-31": "3.76460"}, "Return On Tangible Equity": {"2020-09-30": "-11.79500", "2020-06-30": "-16.13250", "2020-03-31": "-15.61450", "2019-12-31": "-1.99990", "2019-09-30": "-7.80610", "2019-06-30": "-14.42240", "2019-03-31": "-15.27820", "2018-12-31": "-16.30420", "2018-09-30": "-4.51240", "2018-06-30": "-10.52410", "2018-03-31": "-22.27810", "2017-12-31": "26.49520", "2017-09-30": "8.26050", "2017-06-30": "6.39020", "2017-03-31": "6.85980", "2016-12-31": "1.21380", "2016-09-30": "10.25590", "2016-06-30": "11.84210", "2016-03-31": "7.81250", "2015-12-31": "-72.83200", "2015-09-30": "0.94180", "2015-06-30": "9.13520", "2015-03-31": "-6.70100", "2014-12-31": "8.76010", "2014-09-30": "4.63410", "2014-06-30": "8.78920", "2014-03-31": "9.43300", "2013-12-31": "14.59800", "2013-09-30": "10.84650", "2013-06-30": "10.86210", "2013-03-31": "14.01200", "2012-12-31": "9.98600", "2012-09-30": "10.51170", "2012-06-30": "12.98670", "2012-03-31": "14.93890", "2011-12-31": "10.84300", "2011-09-30": "8.27870", "2011-06-30": "9.99920", "2011-03-31": "9.48700", "2010-12-31": "-4.46430", "2010-09-30": "7.44450", "2010-06-30": "8.57560", "2010-03-31": "8.70310", "2009-12-31": "7.50320", "2009-09-30": "3.90580", "2009-06-30": "8.55110", "2009-03-31": "9.26430", "2008-12-31": "7.36940", "2008-09-30": "9.46510", "2008-06-30": "9.38880", "2008-03-31": "10.78820", "2007-12-31": "6.27760", "2007-09-30": "4.70620", "2007-06-30": "1.64940", "2007-03-31": "6.16810", "2006-12-31": "3.76800", "2006-09-30": "4.46860", "2006-06-30": "3.98460", "2006-03-31": "4.46800", "2005-12-31": "5.25470", "2005-09-30": "-0.36910", "2005-06-30": "4.23560", "2005-03-31": "4.54600"}, "ROA - Return On Assets": {"2020-09-30": "1.33540", "2020-06-30": "1.95920", "2020-03-31": "2.09730", "2019-12-31": "0.31100", "2019-09-30": "1.13020", "2019-06-30": "1.97870", "2019-03-31": "2.08730", "2018-12-31": "1.57100", "2018-09-30": "0.54110", "2018-06-30": "1.02690", "2018-03-31": "2.26820", "2017-12-31": "-3.23370", "2017-09-30": "1.17060", "2017-06-30": "0.81380", "2017-03-31": "0.74550", "2016-12-31": "0.15310", "2016-09-30": "0.78100", "2016-06-30": "0.74500", "2016-03-31": "0.40690", "2015-12-31": "-3.39870", "2015-09-30": "0.08380", "2015-06-30": "0.82120", "2015-03-31": "-1.15030", "2014-12-31": "1.58660", "2014-09-30": "1.02260", "2014-06-30": "1.91130", "2014-03-31": "1.90540", "2013-12-31": "2.53860", "2013-09-30": "1.55150", "2013-06-30": "2.75190", "2013-03-31": "3.10700", "2012-12-31": "2.44630", "2012-09-30": "2.60210", "2012-06-30": "3.03000", "2012-03-31": "3.42710", "2011-12-31": "2.58050", "2011-09-30": "2.86760", "2011-06-30": "3.49370", "2011-03-31": "3.08530", "2010-12-31": "-1.26510", "2010-09-30": "2.53250", "2010-06-30": "2.73990", "2010-03-31": "2.66320", "2009-12-31": "2.20970", "2009-09-30": "1.16570", "2009-06-30": "2.53920", "2009-03-31": "2.49340", "2008-12-31": "1.89390", "2008-09-30": "3.09170", "2008-06-30": "3.22290", "2008-03-31": "3.55560", "2007-12-31": "2.03040", "2007-09-30": "1.51190", "2007-06-30": "0.52380", "2007-03-31": "1.99310", "2006-12-31": "1.16390", "2006-09-30": "1.38540", "2006-06-30": "1.26920", "2006-03-31": "1.37840", "2005-12-31": "1.55470", "2005-09-30": "-0.11180", "2005-06-30": "1.14590", "2005-03-31": "1.19520"}, "ROI - Return On Investment": {"2020-09-30": "2.17620", "2020-06-30": "3.33080", "2020-03-31": "3.42770", "2019-12-31": "0.54890", "2019-09-30": "1.93990", "2019-06-30": "3.93590", "2019-03-31": "4.20520", "2018-12-31": "2.92600", "2018-09-30": "0.89750", "2018-06-30": "1.68620", "2018-03-31": "3.83160", "2017-12-31": "-5.22270", "2017-09-30": "1.95420", "2017-06-30": "1.34570", "2017-03-31": "1.22220", "2016-12-31": "0.24790", "2016-09-30": "1.20230", "2016-06-30": "1.16110", "2016-03-31": "0.65170", "2015-12-31": "-5.45050", "2015-09-30": "0.12850", "2015-06-30": "1.36410", "2015-03-31": "-2.33180", "2014-12-31": "3.12630", "2014-09-30": "1.82890", "2014-06-30": "3.35380", "2014-03-31": "3.41380", "2013-12-31": "4.87490", "2013-09-30": "3.56580", "2013-06-30": "5.06990", "2013-03-31": "5.08630", "2012-12-31": "4.34320", "2012-09-30": "4.60800", "2012-06-30": "5.39040", "2012-03-31": "5.97290", "2011-12-31": "4.63710", "2011-09-30": "5.19260", "2011-06-30": "6.35100", "2011-03-31": "5.69330", "2010-12-31": "-2.48200", "2010-09-30": "4.55510", "2010-06-30": "4.96760", "2010-03-31": "4.79160", "2009-12-31": "4.02650", "2009-09-30": "2.13390", "2009-06-30": "4.62580", "2009-03-31": "4.63240", "2008-12-31": "3.63620", "2008-09-30": "5.35560", "2008-06-30": "5.62320", "2008-03-31": "6.31970", "2007-12-31": "3.74010", "2007-09-30": "2.81350", "2007-06-30": "0.96940", "2007-03-31": "3.49800", "2006-12-31": "2.07990", "2006-09-30": "2.41020", "2006-06-30": "2.18180", "2006-03-31": "2.37680", "2005-12-31": "2.66400", "2005-09-30": "-0.18950", "2005-06-30": "1.91140", "2005-03-31": "2.01460"}, "Book Value Per Share": {"2020-09-30": "22.87660", "2020-06-30": "22.00350", "2020-03-31": "20.87880", "2019-12-31": "19.83680", "2019-09-30": "20.67120", "2019-06-30": "21.42790", "2019-03-31": "21.20490", "2018-12-31": "24.26940", "2018-09-30": "22.86010", "2018-06-30": "22.47420", "2018-03-31": "22.41180", "2017-12-31": "20.15250", "2017-09-30": "15.90320", "2017-06-30": "15.11020", "2017-03-31": "14.11470", "2016-12-31": "14.90760", "2016-09-30": "15.84520", "2016-06-30": "15.25980", "2016-03-31": "14.97770", "2015-12-31": "14.27770", "2015-09-30": "16.12450", "2015-06-30": "16.52730", "2015-03-31": "11.00390", "2014-12-31": "11.73140", "2014-09-30": "13.38890", "2014-06-30": "13.27220", "2014-03-31": "12.67170", "2013-12-31": "12.01120", "2013-09-30": "10.30660", "2013-06-30": "11.72330", "2013-03-31": "10.89550", "2012-12-31": "11.29370", "2012-09-30": "10.83090", "2012-06-30": "10.09700", "2012-03-31": "9.47690", "2011-12-31": "9.33670", "2011-09-30": "9.78590", "2011-06-30": "9.91720", "2011-03-31": "9.18180", "2010-12-31": "8.31770", "2010-09-30": "9.35490", "2010-06-30": "8.36480", "2010-03-31": "8.16370", "2009-12-31": "7.81240", "2009-09-30": "7.75730", "2009-06-30": "7.59520", "2009-03-31": "6.93290", "2008-12-31": "6.66390", "2008-09-30": "7.76540", "2008-06-30": "8.12500", "2008-03-31": "7.68550", "2007-12-31": "7.08320", "2007-09-30": "6.97720", "2007-06-30": "6.80130", "2007-03-31": "6.91890", "2006-12-31": "6.59100", "2006-09-30": "6.66980", "2006-06-30": "6.67960", "2006-03-31": "6.44340", "2005-12-31": "6.22660", "2005-09-30": "6.35060", "2005-06-30": "6.21620", "2005-03-31": "6.28940"}, "Operating Cash Flow Per Share": {"2020-09-30": 2.6076, "2020-06-30": 1.7987, "2020-03-31": "-2.51640", "2019-12-31": 3.4758, "2019-09-30": 1.9298, "2019-06-30": 0.376, "2019-03-31": "-2.08090", "2018-12-31": -0.3249, "2018-09-30": 1.6166, "2018-06-30": 1.9953, "2018-03-31": "-0.57580", "2017-12-31": 0.1488, "2017-09-30": 0.4321, "2017-06-30": 2.1765, "2017-03-31": "-0.25840", "2016-12-31": 0.8188, "2016-09-30": 1.2131, "2016-06-30": 0.9236, "2016-03-31": "0.74460", "2015-12-31": -0.3678, "2015-09-30": -1.0269, "2015-06-30": 0.9411, "2015-03-31": "-2.22490", "2014-12-31": 1.2812, "2014-09-30": 0.6484, "2014-06-30": 1.574, "2014-03-31": "-0.72100", "2013-12-31": -0.1399, "2013-09-30": 0.8877, "2013-06-30": 2.022, "2013-03-31": "-0.32230", "2012-12-31": 0.1879, "2012-09-30": 0.6168, "2012-06-30": 1.6977, "2012-03-31": "0.08890", "2011-12-31": 0.5778, "2011-09-30": 1.0868, "2011-06-30": 1.4094, "2011-03-31": "-0.41330", "2010-12-31": 0.4762, "2010-09-30": 0.6733, "2010-06-30": 1.3284, "2010-03-31": "-0.05250", "2009-12-31": 0.3941, "2009-09-30": 0.6144, "2009-06-30": 0.9445, "2009-03-31": "0.10360", "2008-12-31": 0.1913, "2008-09-30": 1.1075, "2008-06-30": 1.1639, "2008-03-31": "-0.43360", "2007-12-31": 0.4407, "2007-09-30": 1.0668, "2007-06-30": 0.6018, "2007-03-31": "-0.37220", "2006-12-31": -1.702, "2006-09-30": 0.9898, "2006-06-30": 0.6979, "2006-03-31": "-0.16080", "2005-12-31": 0.3115, "2005-09-30": 0.3555, "2005-06-30": 0.5508, "2005-03-31": "0.16660"}, "Free Cash Flow Per Share": {"2020-09-30": 2.5162, "2020-06-30": 1.7482, "2020-03-31": "-2.63520", "2019-12-31": 2.9969, "2019-09-30": 1.7676, "2019-06-30": 0.2524, "2019-03-31": "-2.02760", "2018-12-31": -0.5984, "2018-09-30": 1.5017, "2018-06-30": 1.8816, "2018-03-31": "-0.68450", "2017-12-31": 0.1261, "2017-09-30": 0.3177, "2017-06-30": 2.0867, "2017-03-31": "-0.31680", "2016-12-31": 0.6992, "2016-09-30": 0.9617, "2016-06-30": 0.8907, "2016-03-31": "0.48470", "2015-12-31": -0.1123, "2015-09-30": -1.1945, "2015-06-30": 0.742, "2015-03-31": "-2.49890", "2014-12-31": 0.9905, "2014-09-30": 0.3372, "2014-06-30": 1.2922, "2014-03-31": "-1.19250", "2013-12-31": -0.1858, "2013-09-30": 0.3281, "2013-06-30": 1.6876, "2013-03-31": "-0.59530", "2012-12-31": -0.2873, "2012-09-30": 0.4215, "2012-06-30": 1.3893, "2012-03-31": "-0.18930", "2011-12-31": 0.3196, "2011-09-30": 0.7503, "2011-06-30": 1.1277, "2011-03-31": "-0.62270", "2010-12-31": 0.1542, "2010-09-30": 0.425, "2010-06-30": 1.1461, "2010-03-31": "-0.25570", "2009-12-31": 0.0034, "2009-09-30": 0.4105, "2009-06-30": 0.6712, "2009-03-31": "-0.10150", "2008-12-31": -0.1177, "2008-09-30": 0.7232, "2008-06-30": 0.9492, "2008-03-31": "-0.13910", "2007-12-31": 0.2195, "2007-09-30": 0.8623, "2007-06-30": 0.4422, "2007-03-31": "-0.49430", "2006-12-31": -1.9192, "2006-09-30": 0.7777, "2006-06-30": 0.5274, "2006-03-31": "-0.25850", "2005-12-31": 0.1162, "2005-09-30": 0.2045, "2005-06-30": 0.3965, "2005-03-31": "0.09560"}}, "revenue": {"FMC Annual Revenue (Millions of US $)": {"2019": "$4,610", "2018": "$4,285", "2017": "$2,531", "2016": "$2,539", "2015": "$2,491", "2014": "$3,259", "2013": "$3,131", "2012": "$3,410", "2011": "$3,036", "2010": "$3,116", "2009": "$2,826", "2008": "$3,115", "2007": "$2,633", "2006": "$2,346", "2005": "$2,146"}, "FMC Quarterly Revenue (Millions of US $)": {"2020-09-30": "$1,085", "2020-06-30": "$1,155", "2020-03-31": "$1,250", "2019-12-31": "$1,197", "2019-09-30": "$1,014", "2019-06-30": "$1,206", "2019-03-31": "$1,192", "2018-12-31": "$1,099", "2018-09-30": "$924", "2018-06-30": "$1,154", "2018-03-31": "$1,108", "2017-12-31": "$632", "2017-09-30": "$646", "2017-06-30": "$657", "2017-03-31": "$596", "2016-12-31": "$688", "2016-09-30": "$629", "2016-06-30": "$615", "2016-03-31": "$606", "2015-12-31": "$114", "2015-09-30": "$831", "2015-06-30": "$887", "2015-03-31": "$659", "2014-12-31": "$1,092", "2014-09-30": "$819", "2014-06-30": "$795", "2014-03-31": "$757", "2013-12-31": "$1,131", "2013-09-30": "$957", "2013-06-30": "$876", "2013-03-31": "$911", "2012-12-31": "$742", "2012-09-30": "$822", "2012-06-30": "$905", "2012-03-31": "$941", "2011-12-31": "$567", "2011-09-30": "$862", "2011-06-30": "$812", "2011-03-31": "$795", "2010-12-31": "$811", "2010-09-30": "$773", "2010-06-30": "$777", "2010-03-31": "$757", "2009-12-31": "$722", "2009-09-30": "$713", "2009-06-30": "$700", "2009-03-31": "$691", "2008-12-31": "$738", "2008-09-30": "$821", "2008-06-30": "$807", "2008-03-31": "$750", "2007-12-31": "$674", "2007-09-30": "$627", "2007-06-30": "$658", "2007-03-31": "$674", "2006-12-31": "$587", "2006-09-30": "$572", "2006-06-30": "$592", "2006-03-31": "$594", "2005-12-31": "$518", "2005-09-30": "$510", "2005-06-30": "$566", "2005-03-31": "$552"}}, "gross-profit": {"FMC Annual Gross Profit (Millions of US $)": {"2019": "$2,084", "2018": "$1,880", "2017": "$952", "2016": "$931", "2015": "$800", "2014": "$1,211", "2013": "$1,201", "2012": "$1,268", "2011": "$1,101", "2010": "$1,051", "2009": "$883", "2008": "$981", "2007": "$803", "2006": "$709", "2005": "$641"}, "FMC Quarterly Gross Profit (Millions of US $)": {"2020-09-30": "$466", "2020-06-30": "$523", "2020-03-31": "$562", "2019-12-31": "$556", "2019-09-30": "$432", "2019-06-30": "$551", "2019-03-31": "$545", "2018-12-31": "$492", "2018-09-30": "$395", "2018-06-30": "$490", "2018-03-31": "$503", "2017-12-31": "$235", "2017-09-30": "$266", "2017-06-30": "$234", "2017-03-31": "$216", "2016-12-31": "$265", "2016-09-30": "$215", "2016-06-30": "$235", "2016-03-31": "$216", "2015-12-31": "$24", "2015-09-30": "$220", "2015-06-30": "$306", "2015-03-31": "$251", "2014-12-31": "$365", "2014-09-30": "$284", "2014-06-30": "$316", "2014-03-31": "$293", "2013-12-31": "$355", "2013-09-30": "$304", "2013-06-30": "$328", "2013-03-31": "$354", "2012-12-31": "$285", "2012-09-30": "$298", "2012-06-30": "$338", "2012-03-31": "$347", "2011-12-31": "$226", "2011-09-30": "$287", "2011-06-30": "$299", "2011-03-31": "$288", "2010-12-31": "$264", "2010-09-30": "$255", "2010-06-30": "$265", "2010-03-31": "$267", "2009-12-31": "$220", "2009-09-30": "$203", "2009-06-30": "$223", "2009-03-31": "$237", "2008-12-31": "$220", "2008-09-30": "$240", "2008-06-30": "$270", "2008-03-31": "$251", "2007-12-31": "$196", "2007-09-30": "$186", "2007-06-30": "$210", "2007-03-31": "$211", "2006-12-31": "$172", "2006-09-30": "$160", "2006-06-30": "$184", "2006-03-31": "$194", "2005-12-31": "$158", "2005-09-30": "$142", "2005-06-30": "$178", "2005-03-31": "$162"}}, "operating-income": {"FMC Annual Operating Income (Millions of US $)": {"2019": "$822", "2018": "$741", "2017": "$159", "2016": "$267", "2015": "$-147", "2014": "$415", "2013": "$589", "2012": "$667", "2011": "$587", "2010": "$539", "2009": "$468", "2008": "$501", "2007": "$228", "2006": "$251", "2005": "$276"}, "FMC Quarterly Operating Income (Millions of US $)": {"2020-09-30": "$196", "2020-06-30": "$268", "2020-03-31": "$291", "2019-12-31": "$112", "2019-09-30": "$160", "2019-06-30": "$268", "2019-03-31": "$282", "2018-12-31": "$178", "2018-09-30": "$105", "2018-06-30": "$133", "2018-03-31": "$325", "2017-12-31": "$-46", "2017-09-30": "$74", "2017-06-30": "$65", "2017-03-31": "$65", "2016-12-31": "$52", "2016-09-30": "$70", "2016-06-30": "$83", "2016-03-31": "$62", "2015-12-31": "$-151", "2015-09-30": "$1", "2015-06-30": "$101", "2015-03-31": "$-96", "2014-12-31": "$86", "2014-09-30": "$106", "2014-06-30": "$150", "2014-03-31": "$150", "2013-12-31": "$180", "2013-09-30": "$151", "2013-06-30": "$173", "2013-03-31": "$204", "2012-12-31": "$145", "2012-09-30": "$151", "2012-06-30": "$181", "2012-03-31": "$190", "2011-12-31": "$114", "2011-09-30": "$149", "2011-06-30": "$165", "2011-03-31": "$160", "2010-12-31": "$109", "2010-09-30": "$131", "2010-06-30": "$147", "2010-03-31": "$153", "2009-12-31": "$103", "2009-09-30": "$100", "2009-06-30": "$127", "2009-03-31": "$137", "2008-12-31": "$63", "2008-09-30": "$135", "2008-06-30": "$157", "2008-03-31": "$146", "2007-12-31": "$-81", "2007-09-30": "$91", "2007-06-30": "$108", "2007-03-31": "$109", "2006-12-31": "$-7", "2006-09-30": "$65", "2006-06-30": "$89", "2006-03-31": "$104", "2005-12-31": "$61", "2005-09-30": "$56", "2005-06-30": "$86", "2005-03-31": "$72"}}, "ebitda": {"FMC Annual EBITDA (Millions of US $)": {"2019": "$972", "2018": "$891", "2017": "$256", "2016": "$367", "2015": "$-70", "2014": "$508", "2013": "$677", "2012": "$783", "2011": "$687", "2010": "$673", "2009": "$595", "2008": "$625", "2007": "$362", "2006": "$383", "2005": "$412"}, "FMC Quarterly EBITDA (Millions of US $)": {"2020-09-30": "$238", "2020-06-30": "$308", "2020-03-31": "$331", "2019-12-31": "$151", "2019-09-30": "$197", "2019-06-30": "$305", "2019-03-31": "$319", "2018-12-31": "$216", "2018-09-30": "$143", "2018-06-30": "$172", "2018-03-31": "$360", "2017-12-31": "$-19", "2017-09-30": "$99", "2017-06-30": "$88", "2017-03-31": "$89", "2016-12-31": "$77", "2016-09-30": "$96", "2016-06-30": "$107", "2016-03-31": "$87", "2015-12-31": "$-167", "2015-09-30": "$39", "2015-06-30": "$132", "2015-03-31": "$-73", "2014-12-31": "$109", "2014-09-30": "$129", "2014-06-30": "$174", "2014-03-31": "$174", "2013-12-31": "$176", "2013-09-30": "$185", "2013-06-30": "$201", "2013-03-31": "$232", "2012-12-31": "$176", "2012-09-30": "$169", "2012-06-30": "$216", "2012-03-31": "$222", "2011-12-31": "$119", "2011-09-30": "$181", "2011-06-30": "$197", "2011-03-31": "$190", "2010-12-31": "$144", "2010-09-30": "$163", "2010-06-30": "$179", "2010-03-31": "$187", "2009-12-31": "$137", "2009-09-30": "$133", "2009-06-30": "$158", "2009-03-31": "$167", "2008-12-31": "$93", "2008-09-30": "$167", "2008-06-30": "$188", "2008-03-31": "$177", "2007-12-31": "$-48", "2007-09-30": "$123", "2007-06-30": "$142", "2007-03-31": "$144", "2006-12-31": "$27", "2006-09-30": "$97", "2006-06-30": "$123", "2006-03-31": "$136", "2005-12-31": "$94", "2005-09-30": "$90", "2005-06-30": "$122", "2005-03-31": "$107"}}, "net-income": {"FMC Annual Net Income (Millions of US $)": {"2019": "$477", "2018": "$502", "2017": "$536", "2016": "$209", "2015": "$489", "2014": "$308", "2013": "$292", "2012": "$414", "2011": "$366", "2010": "$173", "2009": "$227", "2008": "$303", "2007": "$132", "2006": "$131", "2005": "$114"}, "FMC Quarterly Net Income (Millions of US $)": {"2020-09-30": "$111", "2020-06-30": "$184", "2020-03-31": "$206", "2019-12-31": "$-3", "2019-09-30": "$90", "2019-06-30": "$175", "2019-03-31": "$216", "2018-12-31": "$32", "2018-09-30": "$73", "2018-06-30": "$130", "2018-03-31": "$267", "2017-12-31": "$530", "2017-09-30": "$55", "2017-06-30": "$75", "2017-03-31": "$-124", "2016-12-31": "$16", "2016-09-30": "$80", "2016-06-30": "$65", "2016-03-31": "$48", "2015-12-31": "$-204", "2015-09-30": "$-2", "2015-06-30": "$742", "2015-03-31": "$-47", "2014-12-31": "$77", "2014-09-30": "$56", "2014-06-30": "$109", "2014-03-31": "$65", "2013-12-31": "$27", "2013-09-30": "$18", "2013-06-30": "$118", "2013-03-31": "$130", "2012-12-31": "$102", "2012-09-30": "$90", "2012-06-30": "$104", "2012-03-31": "$119", "2011-12-31": "$79", "2011-09-30": "$86", "2011-06-30": "$107", "2011-03-31": "$94", "2010-12-31": "$-52", "2010-09-30": "$82", "2010-06-30": "$65", "2010-03-31": "$77", "2009-12-31": "$62", "2009-09-30": "$28", "2009-06-30": "$69", "2009-03-31": "$69", "2008-12-31": "$46", "2008-09-30": "$80", "2008-06-30": "$84", "2008-03-31": "$93", "2007-12-31": "$40", "2007-09-30": "$37", "2007-06-30": "$9", "2007-03-31": "$46", "2006-12-31": "$12", "2006-09-30": "$35", "2006-06-30": "$46", "2006-03-31": "$38", "2005-12-31": "$23", "2005-09-30": "$-4", "2005-06-30": "$31", "2005-03-31": "$65"}}, "eps-earnings-per-share-diluted": {"FMC Annual EPS": {"2019": "$3.62", "2018": "$3.69", "2017": "$3.99", "2016": "$1.56", "2015": "$3.66", "2014": "$2.29", "2013": "$2.16", "2012": "$3.00", "2011": "$2.55", "2010": "$1.18", "2009": "$1.56", "2008": "$2.01", "2007": "$0.86", "2006": "$0.83", "2005": "$0.73"}, "FMC Quarterly EPS": {"2020-09-30": "$0.85", "2020-06-30": "$1.41", "2020-03-31": "$1.58", "2019-12-31": "$-0.01", "2019-09-30": "$0.69", "2019-06-30": "$1.32", "2019-03-31": "$1.62", "2018-12-31": "$0.23", "2018-09-30": "$0.54", "2018-06-30": "$0.96", "2018-03-31": "$1.96", "2017-12-31": "$3.94", "2017-09-30": "$0.41", "2017-06-30": "$0.56", "2017-03-31": "$-0.92", "2016-12-31": "$0.12", "2016-09-30": "$0.59", "2016-06-30": "$0.49", "2016-03-31": "$0.36", "2015-12-31": "$-1.49", "2015-09-30": "$-0.02", "2015-06-30": "$5.52", "2015-03-31": "$-0.35", "2014-12-31": "$0.57", "2014-09-30": "$0.42", "2014-06-30": "$0.81", "2014-03-31": "$0.49", "2013-12-31": "$0.20", "2013-09-30": "$0.13", "2013-06-30": "$0.86", "2013-03-31": "$0.94", "2012-12-31": "$0.74", "2012-09-30": "$0.65", "2012-06-30": "$0.76", "2012-03-31": "$0.85", "2011-12-31": "$0.55", "2011-09-30": "$0.61", "2011-06-30": "$0.74", "2011-03-31": "$0.65", "2010-12-31": "$-0.37", "2010-09-30": "$0.57", "2010-06-30": "$0.45", "2010-03-31": "$0.53", "2009-12-31": "$0.43", "2009-09-30": "$0.19", "2009-06-30": "$0.47", "2009-03-31": "$0.47", "2008-12-31": "$0.32", "2008-09-30": "$0.53", "2008-06-30": "$0.55", "2008-03-31": "$0.62", "2007-12-31": "$0.27", "2007-09-30": "$0.24", "2007-06-30": "$0.06", "2007-03-31": "$0.30", "2006-12-31": "$0.08", "2006-09-30": "$0.22", "2006-06-30": "$0.29", "2006-03-31": "$0.24", "2005-12-31": "$0.14", "2005-09-30": "$-0.03", "2005-06-30": "$0.20", "2005-03-31": "$0.42"}}, "shares-outstanding": {"FMC Annual Shares Outstanding (Millions of Shares)": {"2019": "132", "2018": "136", "2017": "134", "2016": "135", "2015": "134", "2014": "134", "2013": "136", "2012": "139", "2011": "143", "2010": "146", "2009": "147", "2008": "152", "2007": "155", "2006": "158", "2005": "157"}, "FMC Quarterly Shares Outstanding (Millions of Shares)": {"2020-09-30": "131", "2020-06-30": "131", "2020-03-31": "130", "2019-12-31": "132", "2019-09-30": "132", "2019-06-30": "132", "2019-03-31": "133", "2018-12-31": "136", "2018-09-30": "136", "2018-06-30": "136", "2018-03-31": "136", "2017-12-31": "134", "2017-09-30": "136", "2017-06-30": "136", "2017-03-31": "135", "2016-12-31": "135", "2016-09-30": "135", "2016-06-30": "135", "2016-03-31": "134", "2015-12-31": "134", "2015-09-30": "134", "2015-06-30": "134", "2015-03-31": "134", "2014-12-31": "134", "2014-09-30": "134", "2014-06-30": "134", "2014-03-31": "134", "2013-12-31": "134", "2013-09-30": "135", "2013-06-30": "137", "2013-03-31": "138", "2012-12-31": "139", "2012-09-30": "138", "2012-06-30": "138", "2012-03-31": "139", "2011-12-31": "143", "2011-09-30": "143", "2011-06-30": "144", "2011-03-31": "144", "2010-12-31": "146", "2010-09-30": "146", "2010-06-30": "147", "2010-03-31": "147", "2009-12-31": "147", "2009-09-30": "146", "2009-06-30": "147", "2009-03-31": "147", "2008-12-31": "152", "2008-09-30": "152", "2008-06-30": "153", "2008-03-31": "153", "2007-12-31": "155", "2007-09-30": "155", "2007-06-30": "156", "2007-03-31": "156", "2006-12-31": "158", "2006-09-30": "158", "2006-06-30": "160", "2006-03-31": "159", "2005-12-31": "157", "2005-09-30": "151", "2005-06-30": "157", "2005-03-31": "155"}}, "total-assets": {"FMC Annual Total Assets (Millions of US $)": {"2019": "$9,873", "2018": "$9,974", "2017": "$9,206", "2016": "$6,139", "2015": "$6,326", "2014": "$5,326", "2013": "$5,235", "2012": "$4,374", "2011": "$3,744", "2010": "$3,320", "2009": "$3,136", "2008": "$2,994", "2007": "$2,733", "2006": "$2,741", "2005": "$2,740"}, "FMC Quarterly Total Assets (Millions of US $)": {"2020-09-30": "$9,772", "2020-06-30": "$9,994", "2020-03-31": "$10,189", "2019-12-31": "$9,873", "2019-09-30": "$9,804", "2019-06-30": "$9,825", "2019-03-31": "$9,946", "2018-12-31": "$9,974", "2018-09-30": "$9,407", "2018-06-30": "$9,718", "2018-03-31": "$10,149", "2017-12-31": "$9,206", "2017-09-30": "$6,057", "2017-06-30": "$5,984", "2017-03-31": "$6,036", "2016-12-31": "$6,139", "2016-09-30": "$6,210", "2016-06-30": "$6,282", "2016-03-31": "$6,390", "2015-12-31": "$6,326", "2015-09-30": "$6,447", "2015-06-30": "$7,075", "2015-03-31": "$5,312", "2014-12-31": "$5,326", "2014-09-30": "$5,251", "2014-06-30": "$5,127", "2014-03-31": "$5,091", "2013-12-31": "$5,235", "2013-09-30": "$4,931", "2013-06-30": "$4,350", "2013-03-31": "$4,448", "2012-12-31": "$4,374", "2012-09-30": "$4,066", "2012-06-30": "$3,908", "2012-03-31": "$3,852", "2011-12-31": "$3,744", "2011-09-30": "$3,390", "2011-06-30": "$3,466", "2011-03-31": "$3,416", "2010-12-31": "$3,320", "2010-09-30": "$3,404", "2010-06-30": "$3,219", "2010-03-31": "$3,233", "2009-12-31": "$3,136", "2009-09-30": "$3,046", "2009-06-30": "$3,029", "2009-03-31": "$3,020", "2008-12-31": "$2,994", "2008-09-30": "$2,930", "2008-06-30": "$2,979", "2008-03-31": "$2,903", "2007-12-31": "$2,733", "2007-09-30": "$2,738", "2007-06-30": "$2,730", "2007-03-31": "$2,765", "2006-12-31": "$2,741", "2006-09-30": "$2,786", "2006-06-30": "$2,781", "2006-03-31": "$2,779", "2005-12-31": "$2,740", "2005-09-30": "$2,684", "2005-06-30": "$2,906", "2005-03-31": "$2,970"}}, "cash-on-hand": {"FMC Annual Cash on Hand (Millions of US $)": {"2019": "$339", "2018": "$134", "2017": "$283", "2016": "$64", "2015": "$79", "2014": "$110", "2013": "$123", "2012": "$77", "2011": "$159", "2010": "$162", "2009": "$77", "2008": "$52", "2007": "$76", "2006": "$166", "2005": "$206"}, "FMC Quarterly Cash on Hand (Millions of US $)": {"2020-09-30": "$297", "2020-06-30": "$343", "2020-03-31": "$436", "2019-12-31": "$339", "2019-09-30": "$420", "2019-06-30": "$83", "2019-03-31": "$110", "2018-12-31": "$134", "2018-09-30": "$177", "2018-06-30": "$326", "2018-03-31": "$360", "2017-12-31": "$283", "2017-09-30": "$94", "2017-06-30": "$113", "2017-03-31": "$96", "2016-12-31": "$64", "2016-09-30": "$131", "2016-06-30": "$94", "2016-03-31": "$64", "2015-12-31": "$79", "2015-09-30": "$174", "2015-06-30": "$478", "2015-03-31": "$105", "2014-12-31": "$110", "2014-09-30": "$124", "2014-06-30": "$114", "2014-03-31": "$93", "2013-12-31": "$123", "2013-09-30": "$110", "2013-06-30": "$77", "2013-03-31": "$83", "2012-12-31": "$77", "2012-09-30": "$84", "2012-06-30": "$76", "2012-03-31": "$71", "2011-12-31": "$159", "2011-09-30": "$109", "2011-06-30": "$187", "2011-03-31": "$86", "2010-12-31": "$162", "2010-09-30": "$267", "2010-06-30": "$162", "2010-03-31": "$87", "2009-12-31": "$77", "2009-09-30": "$60", "2009-06-30": "$67", "2009-03-31": "$55", "2008-12-31": "$52", "2008-09-30": "$95", "2008-06-30": "$123", "2008-03-31": "$70", "2007-12-31": "$76", "2007-09-30": "$116", "2007-06-30": "$63", "2007-03-31": "$49", "2006-12-31": "$166", "2006-09-30": "$283", "2006-06-30": "$204", "2006-03-31": "$184", "2005-12-31": "$206", "2005-09-30": "$94", "2005-06-30": "$269", "2005-03-31": "$229"}}, "long-term-debt": {"FMC Annual Long Term Debt (Millions of US $)": {"2019": "$3,031", "2018": "$2,145", "2017": "$2,993", "2016": "$1,799", "2015": "$2,036", "2014": "$1,139", "2013": "$1,154", "2012": "$909", "2011": "$779", "2010": "$503", "2009": "$588", "2008": "$593", "2007": "$420", "2006": "$524", "2005": "$640"}, "FMC Quarterly Long Term Debt (Millions of US $)": {"2020-09-30": "$3,028", "2020-06-30": "$3,028", "2020-03-31": "$3,532", "2019-12-31": "$3,031", "2019-09-30": "$3,032", "2019-06-30": "$2,144", "2019-03-31": "$2,145", "2018-12-31": "$2,145", "2018-09-30": "$2,593", "2018-06-30": "$2,893", "2018-03-31": "$2,993", "2017-12-31": "$2,993", "2017-09-30": "$1,493", "2017-06-30": "$1,592", "2017-03-31": "$1,790", "2016-12-31": "$1,799", "2016-09-30": "$1,913", "2016-06-30": "$1,989", "2016-03-31": "$1,986", "2015-12-31": "$2,036", "2015-09-30": "$2,049", "2015-06-30": "$2,051", "2015-03-31": "$1,151", "2014-12-31": "$1,139", "2014-09-30": "$1,152", "2014-06-30": "$1,154", "2014-03-31": "$1,154", "2013-12-31": "$1,154", "2013-09-30": "$772", "2013-06-30": "$762", "2013-03-31": "$1,234", "2012-12-31": "$909", "2012-09-30": "$808", "2012-06-30": "$810", "2012-03-31": "$910", "2011-12-31": "$779", "2011-09-30": "$494", "2011-06-30": "$486", "2011-03-31": "$534", "2010-12-31": "$503", "2010-09-30": "$535", "2010-06-30": "$563", "2010-03-31": "$610", "2009-12-31": "$588", "2009-09-30": "$542", "2009-06-30": "$561", "2009-03-31": "$618", "2008-12-31": "$593", "2008-09-30": "$542", "2008-06-30": "$492", "2008-03-31": "$483", "2007-12-31": "$420", "2007-09-30": "$416", "2007-06-30": "$440", "2007-03-31": "$516", "2006-12-31": "$524", "2006-09-30": "$578", "2006-06-30": "$575", "2006-03-31": "$604", "2005-12-31": "$640", "2005-09-30": "$619", "2005-06-30": "$804", "2005-03-31": "$819"}}, "total-liabilities": {"FMC Annual Total Liabilities (Millions of US $)": {"2019": "$7,311", "2018": "$6,764", "2017": "$6,499", "2016": "$4,146", "2015": "$4,418", "2014": "$3,762", "2013": "$3,663", "2012": "$2,819", "2011": "$2,439", "2010": "$2,131", "2009": "$2,003", "2008": "$2,028", "2007": "$1,669", "2006": "$1,731", "2005": "$1,781"}, "FMC Quarterly Total Liabilities (Millions of US $)": {"2020-09-30": "$6,804", "2020-06-30": "$7,143", "2020-03-31": "$7,487", "2019-12-31": "$7,311", "2019-09-30": "$7,125", "2019-06-30": "$7,030", "2019-03-31": "$7,154", "2018-12-31": "$6,764", "2018-09-30": "$6,329", "2018-06-30": "$6,693", "2018-03-31": "$7,134", "2017-12-31": "$6,499", "2017-09-30": "$3,922", "2017-06-30": "$3,958", "2017-03-31": "$4,145", "2016-12-31": "$4,146", "2016-09-30": "$4,089", "2016-06-30": "$4,240", "2016-03-31": "$4,387", "2015-12-31": "$4,418", "2015-09-30": "$4,292", "2015-06-30": "$4,867", "2015-03-31": "$3,842", "2014-12-31": "$3,762", "2014-09-30": "$3,467", "2014-06-30": "$3,359", "2014-03-31": "$3,403", "2013-12-31": "$3,663", "2013-09-30": "$3,557", "2013-06-30": "$2,751", "2013-03-31": "$2,965", "2012-12-31": "$2,819", "2012-09-30": "$2,578", "2012-06-30": "$2,521", "2012-03-31": "$2,552", "2011-12-31": "$2,439", "2011-09-30": "$2,011", "2011-06-30": "$2,045", "2011-03-31": "$2,099", "2010-12-31": "$2,131", "2010-09-30": "$2,047", "2010-06-30": "$2,007", "2010-03-31": "$2,046", "2009-12-31": "$2,003", "2009-09-30": "$1,924", "2009-06-30": "$1,927", "2009-03-31": "$2,012", "2008-12-31": "$2,028", "2008-09-30": "$1,781", "2008-06-30": "$1,763", "2008-03-31": "$1,752", "2007-12-31": "$1,669", "2007-09-30": "$1,683", "2007-06-30": "$1,695", "2007-03-31": "$1,705", "2006-12-31": "$1,731", "2006-09-30": "$1,763", "2006-06-30": "$1,738", "2006-03-31": "$1,771", "2005-12-31": "$1,781", "2005-09-30": "$1,720", "2005-06-30": "$1,968", "2005-03-31": "$2,027"}}, "total-share-holder-equity": {"FMC Annual Share Holder Equity (Millions of US $)": {"2019": "$2,561", "2018": "$3,210", "2017": "$2,707", "2016": "$1,993", "2015": "$1,908", "2014": "$1,564", "2013": "$1,572", "2012": "$1,555", "2011": "$1,304", "2010": "$1,189", "2009": "$1,133", "2008": "$966", "2007": "$1,064", "2006": "$1,010", "2005": "$959"}, "FMC Quarterly Share Holder Equity (Millions of US $)": {"2020-09-30": "$2,968", "2020-06-30": "$2,851", "2020-03-31": "$2,703", "2019-12-31": "$2,561", "2019-09-30": "$2,679", "2019-06-30": "$2,795", "2019-03-31": "$2,792", "2018-12-31": "$3,210", "2018-09-30": "$3,078", "2018-06-30": "$3,026", "2018-03-31": "$3,015", "2017-12-31": "$2,707", "2017-09-30": "$2,135", "2017-06-30": "$2,027", "2017-03-31": "$1,891", "2016-12-31": "$1,993", "2016-09-30": "$2,121", "2016-06-30": "$2,042", "2016-03-31": "$2,003", "2015-12-31": "$1,908", "2015-09-30": "$2,155", "2015-06-30": "$2,208", "2015-03-31": "$1,469", "2014-12-31": "$1,564", "2014-09-30": "$1,784", "2014-06-30": "$1,768", "2014-03-31": "$1,687", "2013-12-31": "$1,572", "2013-09-30": "$1,374", "2013-06-30": "$1,599", "2013-03-31": "$1,483", "2012-12-31": "$1,555", "2012-09-30": "$1,488", "2012-06-30": "$1,387", "2012-03-31": "$1,300", "2011-12-31": "$1,304", "2011-09-30": "$1,378", "2011-06-30": "$1,421", "2011-03-31": "$1,317", "2010-12-31": "$1,189", "2010-09-30": "$1,357", "2010-06-30": "$1,213", "2010-03-31": "$1,187", "2009-12-31": "$1,133", "2009-09-30": "$1,122", "2009-06-30": "$1,101", "2009-03-31": "$1,008", "2008-12-31": "$966", "2008-09-30": "$1,150", "2008-06-30": "$1,216", "2008-03-31": "$1,150", "2007-12-31": "$1,064", "2007-09-30": "$1,055", "2007-06-30": "$1,035", "2007-03-31": "$1,060", "2006-12-31": "$1,010", "2006-09-30": "$1,024", "2006-06-30": "$1,043", "2006-03-31": "$1,008", "2005-12-31": "$959", "2005-09-30": "$964", "2005-06-30": "$938", "2005-03-31": "$943"}}, "profit-margins": {"current": "11.88%"}, "gross margin": {"2020-09-30": "44.95%", "2020-06-30": "44.91%", "2020-03-31": "45.02%", "2019-12-31": "45.22%", "2019-09-30": "44.78%", "2019-06-30": "44.85%", "2019-03-31": "43.99%", "2018-12-31": "43.87%", "2018-09-30": "42.51%", "2018-06-30": "42.20%", "2018-03-31": "40.68%", "2017-12-31": "37.57%", "2017-09-30": "37.92%", "2017-06-30": "36.19%", "2017-03-31": "36.83%", "2016-12-31": "36.68%", "2016-09-30": "35.13%", "2016-06-30": "32.09%", "2016-03-31": "31.42%", "2015-12-31": "32.16%", "2015-09-30": "32.92%", "2015-06-30": "34.89%", "2015-03-31": "36.14%", "2014-12-31": "36.33%", "2014-09-30": "35.64%", "2014-06-30": "34.84%", "2014-03-31": "34.40%", "2013-12-31": "34.61%", "2013-09-30": "36.46%", "2013-06-30": "37.75%", "2013-03-31": "37.72%", "2012-12-31": "37.18%", "2012-09-30": "37.37%", "2012-06-30": "36.58%", "2012-03-31": "36.42%", "2011-12-31": "36.23%", "2011-09-30": "34.70%", "2011-06-30": "34.66%", "2011-03-31": "33.97%", "2010-12-31": "33.71%", "2010-09-30": "33.25%", "2010-06-30": "32.17%", "2010-03-31": "31.57%", "2009-12-31": "31.25%", "2009-09-30": "31.07%", "2009-06-30": "31.19%", "2009-03-31": "31.63%", "2008-12-31": "31.48%", "2008-09-30": "31.36%", "2008-06-30": "31.60%", "2008-03-31": "31.12%", "2007-12-31": "30.50%", "2007-09-30": "30.60%", "2007-06-30": "30.23%", "2007-03-31": "29.98%", "2006-12-31": "30.28%", "2006-09-30": "30.58%", "2006-06-30": "30.62%", "2006-03-31": "30.71%", "2005-12-31": "29.82%"}, "operating margin": {"2020-09-30": "18.50%", "2020-06-30": "18.00%", "2020-03-31": "17.81%", "2019-12-31": "17.83%", "2019-09-30": "19.69%", "2019-06-30": "18.84%", "2019-03-31": "15.98%", "2018-12-31": "17.29%", "2018-09-30": "13.54%", "2018-06-30": "13.73%", "2018-03-31": "13.74%", "2017-12-31": "6.24%", "2017-09-30": "9.90%", "2017-06-30": "9.81%", "2017-03-31": "10.68%", "2016-12-31": "10.52%", "2016-09-30": "3.26%", "2016-06-30": "-0.23%", "2016-03-31": "0.53%", "2015-12-31": "-5.82%", "2015-09-30": "2.65%", "2015-06-30": "5.70%", "2015-03-31": "7.31%", "2014-12-31": "14.21%", "2014-09-30": "16.73%", "2014-06-30": "17.34%", "2014-03-31": "17.58%", "2013-12-31": "18.27%", "2013-09-30": "19.31%", "2013-06-30": "20.08%", "2013-03-31": "20.15%", "2012-12-31": "19.56%", "2012-09-30": "19.66%", "2012-06-30": "19.36%", "2012-03-31": "19.42%", "2011-12-31": "19.37%", "2011-09-30": "17.77%", "2011-06-30": "17.71%", "2011-03-31": "17.33%", "2010-12-31": "17.32%", "2010-09-30": "17.63%", "2010-06-30": "16.94%", "2010-03-31": "16.70%", "2009-12-31": "16.53%", "2009-09-30": "15.02%", "2009-06-30": "15.66%", "2009-03-31": "16.09%", "2008-12-31": "16.08%", "2008-09-30": "11.70%", "2008-06-30": "10.95%", "2008-03-31": "9.75%", "2007-12-31": "8.62%", "2007-09-30": "11.82%", "2007-06-30": "11.04%", "2007-03-31": "10.56%", "2006-12-31": "10.70%", "2006-09-30": "14.02%", "2006-06-30": "14.00%", "2006-03-31": "14.03%", "2005-12-31": "12.81%"}, "ebitda margin": {"2020-09-30": "21.91%", "2020-06-30": "21.38%", "2020-03-31": "21.08%", "2019-12-31": "21.09%", "2019-09-30": "22.99%", "2019-06-30": "22.23%", "2019-03-31": "19.46%", "2018-12-31": "20.79%", "2018-09-30": "17.18%", "2018-06-30": "17.29%", "2018-03-31": "17.32%", "2017-12-31": "10.11%", "2017-09-30": "13.61%", "2017-06-30": "13.58%", "2017-03-31": "14.60%", "2016-12-31": "14.46%", "2016-09-30": "6.26%", "2016-06-30": "3.05%", "2016-03-31": "3.73%", "2015-12-31": "-2.77%", "2015-09-30": "5.94%", "2015-06-30": "8.56%", "2015-03-31": "10.04%", "2014-12-31": "16.89%", "2014-09-30": "18.65%", "2014-06-30": "19.48%", "2014-03-31": "19.78%", "2013-12-31": "20.49%", "2013-09-30": "22.78%", "2013-06-30": "23.22%", "2013-03-31": "23.46%", "2012-12-31": "22.96%", "2012-09-30": "22.44%", "2012-06-30": "22.53%", "2012-03-31": "22.60%", "2011-12-31": "22.63%", "2011-09-30": "21.68%", "2011-06-30": "21.72%", "2011-03-31": "21.39%", "2010-12-31": "21.55%", "2010-09-30": "21.99%", "2010-06-30": "21.42%", "2010-03-31": "21.27%", "2009-12-31": "21.05%", "2009-09-30": "19.39%", "2009-06-30": "19.83%", "2009-03-31": "20.12%", "2008-12-31": "20.06%", "2008-09-30": "15.86%", "2008-06-30": "15.40%", "2008-03-31": "14.54%", "2007-12-31": "13.71%", "2007-09-30": "17.12%", "2007-06-30": "16.46%", "2007-03-31": "16.12%", "2006-12-31": "16.33%", "2006-09-30": "19.77%", "2006-06-30": "20.01%", "2006-03-31": "20.20%", "2005-12-31": "19.25%"}, "pre tax profit margin": {"2020-09-30": "14.70%", "2020-06-30": "14.30%", "2020-03-31": "14.14%", "2019-12-31": "14.23%", "2019-09-30": "16.29%", "2019-06-30": "15.56%", "2019-03-31": "12.86%", "2018-12-31": "14.21%", "2018-09-30": "10.29%", "2018-06-30": "10.71%", "2018-03-31": "10.91%", "2017-12-31": "3.75%", "2017-09-30": "6.84%", "2017-06-30": "6.73%", "2017-03-31": "7.44%", "2016-12-31": "7.09%", "2016-09-30": "0.76%", "2016-06-30": "-2.77%", "2016-03-31": "-2.09%", "2015-12-31": "-8.31%", "2015-09-30": "0.46%", "2015-06-30": "2.69%", "2015-03-31": "4.49%", "2014-12-31": "11.35%", "2014-09-30": "14.02%", "2014-06-30": "14.92%", "2014-03-31": "15.16%", "2013-12-31": "15.90%", "2013-09-30": "16.35%", "2013-06-30": "17.82%", "2013-03-31": "17.93%", "2012-12-31": "17.57%", "2012-09-30": "18.86%", "2012-06-30": "18.35%", "2012-03-31": "18.35%", "2011-12-31": "18.21%", "2011-09-30": "12.29%", "2011-06-30": "12.38%", "2011-03-31": "11.72%", "2010-12-31": "11.26%", "2010-09-30": "13.73%", "2010-06-30": "12.13%", "2010-03-31": "11.38%", "2009-12-31": "11.00%", "2009-09-30": "11.86%", "2009-06-30": "13.15%", "2009-03-31": "14.26%", "2008-12-31": "15.15%", "2008-09-30": "14.94%", "2008-06-30": "13.93%", "2008-03-31": "9.78%", "2007-12-31": "7.41%", "2007-09-30": "7.42%", "2007-06-30": "7.55%", "2007-03-31": "9.28%", "2006-12-31": "9.08%", "2006-09-30": "11.03%", "2006-06-30": "8.49%", "2006-03-31": "9.05%", "2005-12-31": "8.85%"}, "net profit margin": {"2020-09-30": "10.63%", "2020-06-30": "10.33%", "2020-03-31": "10.03%", "2019-12-31": "10.37%", "2019-09-30": "11.37%", "2019-06-30": "11.22%", "2019-03-31": "10.32%", "2018-12-31": "11.72%", "2018-09-30": "26.19%", "2018-06-30": "27.74%", "2018-03-31": "30.46%", "2017-12-31": "21.18%", "2017-09-30": "0.85%", "2017-06-30": "1.83%", "2017-03-31": "1.46%", "2016-12-31": "8.23%", "2016-09-30": "-0.56%", "2016-06-30": "-4.29%", "2016-03-31": "23.95%", "2015-12-31": "19.63%", "2015-09-30": "22.20%", "2015-06-30": "23.95%", "2015-03-31": "5.79%", "2014-12-31": "8.87%", "2014-09-30": "7.34%", "2014-06-30": "6.02%", "2014-03-31": "6.13%", "2013-12-31": "7.56%", "2013-09-30": "10.56%", "2013-06-30": "13.13%", "2013-03-31": "12.60%", "2012-12-31": "12.17%", "2012-09-30": "12.12%", "2012-06-30": "11.85%", "2012-03-31": "12.29%", "2011-12-31": "12.06%", "2011-09-30": "7.16%", "2011-06-30": "7.24%", "2011-03-31": "5.99%", "2010-12-31": "5.52%", "2010-09-30": "9.44%", "2010-06-30": "7.81%", "2010-03-31": "8.16%", "2009-12-31": "8.07%", "2009-09-30": "7.46%", "2009-06-30": "8.95%", "2009-03-31": "9.13%", "2008-12-31": "9.72%", "2008-09-30": "9.73%", "2008-06-30": "8.89%", "2008-03-31": "6.61%", "2007-12-31": "5.01%", "2007-09-30": "4.08%", "2007-06-30": "4.09%", "2007-03-31": "5.73%", "2006-12-31": "5.59%", "2006-09-30": "6.24%", "2006-06-30": "4.65%", "2006-03-31": "4.02%", "2005-12-31": "5.36%"}, "pe ratio": {"current": "18.77", "2021-02-11": "28.86", "2020-09-30": "27.61", "2020-06-30": "26.99", "2020-03-31": "22.59", "2019-12-31": "27.15", "2019-09-30": "22.15", "2019-06-30": "21.70", "2019-03-31": "22.14", "2018-12-31": "19.36", "2018-09-30": "11.35", "2018-06-30": "11.80", "2018-03-31": "10.70", "2017-12-31": "22.72", "2017-09-30": "502.14", "2017-06-30": "199.12", "2017-03-31": "236.59", "2016-12-31": "34.42", "2016-09-30": "0.00", "2016-06-30": "0.00", "2016-03-31": "8.76", "2015-12-31": "10.12", "2015-09-30": "5.53", "2015-06-30": "7.91", "2015-03-31": "36.51", "2014-12-31": "22.96", "2014-09-30": "27.40", "2014-06-30": "40.07", "2014-03-31": "41.72", "2013-12-31": "32.37", "2013-09-30": "24.50", "2013-06-30": "17.42", "2013-03-31": "16.76", "2012-12-31": "17.65", "2012-09-30": "17.79", "2012-06-30": "17.43", "2012-03-31": "17.31", "2011-12-31": "15.18", "2011-09-30": "19.05", "2011-06-30": "24.24", "2011-03-31": "29.33", "2010-12-31": "30.35", "2010-09-30": "15.48", "2010-06-30": "16.02", "2010-03-31": "16.64", "2009-12-31": "15.89", "2009-09-30": "17.21", "2009-06-30": "11.72", "2009-03-31": "10.20", "2008-12-31": "9.79", "2008-09-30": "11.50", "2008-06-30": "20.24", "2008-03-31": "20.58", "2007-12-31": "27.83", "2007-09-30": "33.70", "2007-06-30": "29.67", "2007-03-31": "18.37", "2006-12-31": "16.14"}, "price sales": {"2021-02-11": "3.08", "2020-09-30": "2.95", "2020-06-30": "2.81", "2020-03-31": "2.27", "2019-12-31": "2.81", "2019-09-30": "2.53", "2019-06-30": "2.45", "2019-03-31": "2.30", "2018-12-31": "2.28", "2018-09-30": "2.99", "2018-06-30": "3.29", "2018-03-31": "3.27", "2017-12-31": "4.84", "2017-09-30": "4.46", "2017-06-30": "3.66", "2017-03-31": "3.53", "2016-12-31": "2.85", "2016-09-30": "3.13", "2016-06-30": "2.71", "2016-03-31": "2.09", "2015-12-31": "1.97", "2015-09-30": "1.22", "2015-06-30": "1.89", "2015-03-31": "2.11", "2014-12-31": "2.04", "2014-09-30": "2.02", "2014-06-30": "2.41", "2014-03-31": "2.55", "2013-12-31": "2.42", "2013-09-30": "2.57", "2013-06-30": "2.29", "2013-03-31": "2.12", "2012-12-31": "2.16", "2012-09-30": "2.16", "2012-06-30": "2.07", "2012-03-31": "2.13", "2011-12-31": "1.83", "2011-09-30": "1.37", "2011-06-30": "1.75", "2011-03-31": "1.76", "2010-12-31": "1.68", "2010-09-30": "1.48", "2010-06-30": "1.26", "2010-03-31": "1.36", "2009-12-31": "1.28", "2009-09-30": "1.29", "2009-06-30": "1.06", "2009-03-31": "0.94", "2008-12-31": "0.96", "2008-09-30": "1.13", "2008-06-30": "1.82", "2008-03-31": "1.38", "2007-12-31": "1.40", "2007-09-30": "1.38", "2007-06-30": "1.22", "2007-03-31": "1.06", "2006-12-31": "1.12"}, "price book": {"current": "5.09", "2021-02-11": "4.82", "2020-09-30": "4.61", "2020-06-30": "4.49", "2020-03-31": "3.86", "2019-12-31": "4.94", "2019-09-30": "4.15", "2019-06-30": "3.77", "2019-03-31": "3.51", "2018-12-31": "2.95", "2018-09-30": "3.67", "2018-06-30": "3.82", "2018-03-31": "3.28", "2017-12-31": "4.50", "2017-09-30": "5.37", "2017-06-30": "4.61", "2017-03-31": "4.69", "2016-12-31": "3.60", "2016-09-30": "2.89", "2016-06-30": "2.86", "2016-03-31": "2.53", "2015-12-31": "2.57", "2015-09-30": "1.96", "2015-06-30": "2.95", "2015-03-31": "4.81", "2014-12-31": "4.48", "2014-09-30": "3.93", "2014-06-30": "4.92", "2014-03-31": "5.53", "2013-12-31": "5.74", "2013-09-30": "6.35", "2013-06-30": "4.74", "2013-03-31": "4.75", "2012-12-31": "4.70", "2012-09-30": "4.62", "2012-06-30": "4.78", "2012-03-31": "5.03", "2011-12-31": "4.14", "2011-09-30": "3.17", "2011-06-30": "3.89", "2011-03-31": "4.14", "2010-12-31": "4.29", "2010-09-30": "3.26", "2010-06-30": "3.05", "2010-03-31": "3.29", "2009-12-31": "3.16", "2009-09-30": "3.21", "2009-06-30": "2.75", "2009-03-31": "2.74", "2008-12-31": "2.94", "2008-09-30": "2.89", "2008-06-30": "4.16", "2008-03-31": "3.15", "2007-12-31": "3.35", "2007-09-30": "3.24", "2007-06-30": "2.85", "2007-03-31": "2.36", "2006-12-31": "2.50", "2006-09-30": "2.07", "2006-06-30": "2.07", "2006-03-31": "2.06"}, "price fcf": {"2021-02-11": "", "2020-09-30": "$4.63", "2020-06-30": "$3.88", "2020-03-31": "$2.38", "2019-12-31": "$2.99", "2019-09-30": "$-0.61", "2019-06-30": "$-0.87", "2019-03-31": "$0.76", "2018-12-31": "$2.10", "2018-09-30": "$2.82", "2018-06-30": "$1.64", "2018-03-31": "$1.85", "2017-12-31": "$2.21", "2017-09-30": "$2.79", "2017-06-30": "$3.43", "2017-03-31": "$2.23", "2016-12-31": "$3.04", "2016-09-30": "$2.22", "2016-06-30": "$0.07", "2016-03-31": "$-0.08", "2015-12-31": "$-3.06", "2015-09-30": "$-1.96", "2015-06-30": "$-0.43", "2015-03-31": "$0.12", "2014-12-31": "$1.43", "2014-09-30": "$0.25", "2014-06-30": "$0.24", "2014-03-31": "$0.64", "2013-12-31": "$1.23", "2013-09-30": "$1.13", "2013-06-30": "$1.23", "2013-03-31": "$0.93", "2012-12-31": "$1.33", "2012-09-30": "$1.94", "2012-06-30": "$2.27", "2012-03-31": "$2.01", "2011-12-31": "$1.57", "2011-09-30": "$1.41", "2011-06-30": "$1.08", "2011-03-31": "$1.10", "2010-12-31": "$1.47", "2010-09-30": "$1.32", "2010-06-30": "$1.30", "2010-03-31": "$0.83", "2009-12-31": "$0.98", "2009-09-30": "$0.86", "2009-06-30": "$1.18", "2009-03-31": "$1.45", "2008-12-31": "$1.42", "2008-09-30": "$1.75", "2008-06-30": "$1.89", "2008-03-31": "$1.38", "2007-12-31": "$1.03", "2007-09-30": "$-1.11", "2007-06-30": "$-1.19", "2007-03-31": "$-1.11", "2006-12-31": "$-0.87"}, "net worth": {"value": "$15.1B"}, "current ratio": {"current": "1.70", "2020-09-30": "1.70", "2020-06-30": "1.60", "2020-03-31": "1.82", "2019-12-31": "1.50", "2019-09-30": "1.62", "2019-06-30": "1.27", "2019-03-31": "1.26", "2018-12-31": "1.35", "2018-09-30": "1.54", "2018-06-30": "1.63", "2018-03-31": "1.61", "2017-12-31": "1.65", "2017-09-30": "2.19", "2017-06-30": "2.26", "2017-03-31": "2.39", "2016-12-31": "1.98", "2016-09-30": "2.14", "2016-06-30": "2.14", "2016-03-31": "2.04", "2015-12-31": "2.05", "2015-09-30": "2.23", "2015-06-30": "1.92", "2015-03-31": "1.65", "2014-12-31": "1.54", "2014-09-30": "1.64", "2014-06-30": "1.63", "2014-03-31": "1.59", "2013-12-31": "1.48", "2013-09-30": "1.26", "2013-06-30": "1.72", "2013-03-31": "2.31", "2012-12-31": "1.92", "2012-09-30": "1.86", "2012-06-30": "1.96", "2012-03-31": "2.12", "2011-12-31": "2.03", "2011-09-30": "1.86", "2011-06-30": "1.90", "2011-03-31": "1.90", "2010-12-31": "1.71", "2010-09-30": "2.11", "2010-06-30": "2.25", "2010-03-31": "2.23", "2009-12-31": "2.10", "2009-09-30": "1.88", "2009-06-30": "1.99", "2009-03-31": "2.05", "2008-12-31": "1.89", "2008-09-30": "1.88", "2008-06-30": "1.95", "2008-03-31": "1.81", "2007-12-31": "1.59", "2007-09-30": "1.52", "2007-06-30": "1.57", "2007-03-31": "1.68", "2006-12-31": "1.49", "2006-09-30": "1.60", "2006-06-30": "1.67", "2006-03-31": "1.65", "2005-12-31": "1.61", "2005-09-30": "1.41", "2005-06-30": "1.58", "2005-03-31": "1.49"}, "quick ratio": {"2020-09-30": "1.21", "2020-06-30": "1.17", "2020-03-31": "1.39", "2019-12-31": "1.12", "2019-09-30": "1.15", "2019-06-30": "0.91", "2019-03-31": "0.92", "2018-12-31": "1.00", "2018-09-30": "1.10", "2018-06-30": "1.24", "2018-03-31": "1.23", "2017-12-31": "1.20", "2017-09-30": "1.82", "2017-06-30": "1.91", "2017-03-31": "2.03", "2016-12-31": "1.65", "2016-09-30": "1.52", "2016-06-30": "1.49", "2016-03-31": "1.45", "2015-12-31": "1.49", "2015-09-30": "1.60", "2015-06-30": "1.40", "2015-03-31": "1.33", "2014-12-31": "1.22", "2014-09-30": "1.21", "2014-06-30": "1.19", "2014-03-31": "1.19", "2013-12-31": "1.14", "2013-09-30": "0.92", "2013-06-30": "1.20", "2013-03-31": "1.63", "2012-12-31": "1.36", "2012-09-30": "1.29", "2012-06-30": "1.40", "2012-03-31": "1.56", "2011-12-31": "1.52", "2011-09-30": "1.37", "2011-06-30": "1.44", "2011-03-31": "1.48", "2010-12-31": "1.35", "2010-09-30": "1.67", "2010-06-30": "1.78", "2010-03-31": "1.76", "2009-12-31": "1.60", "2009-09-30": "1.38", "2009-06-30": "1.44", "2009-03-31": "1.48", "2008-12-31": "1.39", "2008-09-30": "1.41", "2008-06-30": "1.54", "2008-03-31": "1.42", "2007-12-31": "1.22", "2007-09-30": "1.19", "2007-06-30": "1.26", "2007-03-31": "1.35", "2006-12-31": "1.18", "2006-09-30": "1.32", "2006-06-30": "1.38", "2006-03-31": "1.34", "2005-12-31": "1.29", "2005-09-30": "1.10", "2005-06-30": "1.30", "2005-03-31": "1.22"}, "debt equity ratio": {"current": "1.02", "2020-09-30": "2.29", "2020-06-30": "2.51", "2020-03-31": "2.77", "2019-12-31": "2.85", "2019-09-30": "2.66", "2019-06-30": "2.52", "2019-03-31": "2.56", "2018-12-31": "2.11", "2018-09-30": "2.06", "2018-06-30": "2.21", "2018-03-31": "2.37", "2017-12-31": "2.40", "2017-09-30": "1.84", "2017-06-30": "1.95", "2017-03-31": "2.19", "2016-12-31": "2.08", "2016-09-30": "1.93", "2016-06-30": "2.08", "2016-03-31": "2.19", "2015-12-31": "2.32", "2015-09-30": "1.99", "2015-06-30": "2.20", "2015-03-31": "2.62", "2014-12-31": "2.41", "2014-09-30": "1.94", "2014-06-30": "1.90", "2014-03-31": "2.02", "2013-12-31": "2.33", "2013-09-30": "2.59", "2013-06-30": "1.72", "2013-03-31": "2.00", "2012-12-31": "1.81", "2012-09-30": "1.73", "2012-06-30": "1.82", "2012-03-31": "1.96", "2011-12-31": "1.87", "2011-09-30": "1.46", "2011-06-30": "1.44", "2011-03-31": "1.59", "2010-12-31": "1.79", "2010-09-30": "1.51", "2010-06-30": "1.66", "2010-03-31": "1.72", "2009-12-31": "1.77", "2009-09-30": "1.72", "2009-06-30": "1.75", "2009-03-31": "2.00", "2008-12-31": "2.10", "2008-09-30": "1.55", "2008-06-30": "1.45", "2008-03-31": "1.52", "2007-12-31": "1.57", "2007-09-30": "1.60", "2007-06-30": "1.64", "2007-03-31": "1.61", "2006-12-31": "1.71", "2006-09-30": "1.72", "2006-06-30": "1.67", "2006-03-31": "1.76", "2005-12-31": "1.86", "2005-09-30": "1.79", "2005-06-30": "2.10", "2005-03-31": "2.15"}, "return on equity": {"2020-09-30": "17.97%", "2020-06-30": "17.68%", "2020-03-31": "17.43%", "2019-12-31": "17.66%", "2019-09-30": "17.88%", "2019-06-30": "16.71%", "2019-03-31": "14.90%", "2018-12-31": "16.29%", "2018-09-30": "33.82%", "2018-06-30": "36.09%", "2018-03-31": "37.52%", "2017-12-31": "24.47%", "2017-09-30": "1.09%", "2017-06-30": "2.34%", "2017-03-31": "1.84%", "2016-12-31": "10.25%", "2016-09-30": "-0.54%", "2016-06-30": "-4.59%", "2016-03-31": "28.23%", "2015-12-31": "25.27%", "2015-09-30": "41.64%", "2015-06-30": "47.15%", "2015-03-31": "11.85%", "2014-12-31": "18.05%", "2014-09-30": "15.09%", "2014-06-30": "13.69%", "2014-03-31": "14.63%", "2013-12-31": "19.44%", "2013-09-30": "24.49%", "2013-06-30": "28.73%", "2013-03-31": "28.82%", "2012-12-31": "28.97%", "2012-09-30": "28.62%", "2012-06-30": "28.91%", "2012-03-31": "28.95%", "2011-12-31": "27.01%", "2011-09-30": "17.72%", "2011-06-30": "17.49%", "2011-03-31": "14.89%", "2010-12-31": "13.91%", "2010-09-30": "23.39%", "2010-06-30": "19.94%", "2010-03-31": "20.78%", "2009-12-31": "20.90%", "2009-09-30": "20.20%", "2009-06-30": "24.99%", "2009-03-31": "25.71%", "2008-12-31": "27.04%", "2008-09-30": "25.94%", "2008-06-30": "22.65%", "2008-03-31": "16.64%", "2007-12-31": "12.53%", "2007-09-30": "10.00%", "2007-06-30": "9.88%", "2007-03-31": "13.44%", "2006-12-31": "12.83%", "2006-09-30": "14.08%", "2006-06-30": "10.37%", "2006-03-31": "9.10%", "2005-12-31": "12.09%"}, "return on assets": {"2020-09-30": "5.00%", "2020-06-30": "4.79%", "2020-03-31": "4.72%", "2019-12-31": "4.85%", "2019-09-30": "5.19%", "2019-06-30": "5.07%", "2019-03-31": "4.62%", "2018-12-31": "5.12%", "2018-09-30": "10.40%", "2018-06-30": "11.18%", "2018-03-31": "11.81%", "2017-12-31": "7.86%", "2017-09-30": "0.36%", "2017-06-30": "0.77%", "2017-03-31": "0.60%", "2016-12-31": "3.34%", "2016-09-30": "-0.17%", "2016-06-30": "-1.46%", "2016-03-31": "8.90%", "2015-12-31": "7.77%", "2015-09-30": "12.75%", "2015-06-30": "14.42%", "2015-03-31": "3.71%", "2014-12-31": "5.91%", "2014-09-30": "4.97%", "2014-06-30": "4.30%", "2014-03-31": "4.65%", "2013-12-31": "6.18%", "2013-09-30": "8.13%", "2013-06-30": "10.21%", "2013-03-31": "10.15%", "2012-12-31": "10.25%", "2012-09-30": "10.07%", "2012-06-30": "10.42%", "2012-03-31": "10.82%", "2011-12-31": "10.45%", "2011-09-30": "6.92%", "2011-06-30": "6.79%", "2011-03-31": "5.66%", "2010-12-31": "5.22%", "2010-09-30": "8.81%", "2010-06-30": "7.35%", "2010-03-31": "7.59%", "2009-12-31": "7.46%", "2009-09-30": "7.01%", "2009-06-30": "8.82%", "2009-03-31": "9.36%", "2008-12-31": "10.27%", "2008-09-30": "10.29%", "2008-06-30": "8.95%", "2008-03-31": "6.45%", "2007-12-31": "4.81%", "2007-09-30": "3.79%", "2007-06-30": "3.70%", "2007-03-31": "5.02%", "2006-12-31": "4.73%", "2006-09-30": "5.12%", "2006-06-30": "3.75%", "2006-03-31": "3.17%", "2005-12-31": "4.07%"}, "return on investments": {"2020-09-30": "14.63%", "2020-06-30": "14.19%", "2020-03-31": "14.79%", "2019-12-31": "15.52%", "2019-09-30": "16.96%", "2019-06-30": "15.94%", "2019-03-31": "12.76%", "2018-12-31": "12.91%", "2018-09-30": "8.88%", "2018-06-30": "9.15%", "2018-03-31": "8.82%", "2017-12-31": "3.80%", "2017-09-30": "6.96%", "2017-06-30": "6.66%", "2017-03-31": "6.95%", "2016-12-31": "6.74%", "2016-09-30": "1.60%", "2016-06-30": "-0.12%", "2016-03-31": "0.32%", "2015-12-31": "-3.86%", "2015-09-30": "2.67%", "2015-06-30": "6.29%", "2015-03-31": "8.80%", "2014-12-31": "17.26%", "2014-09-30": "20.52%", "2014-06-30": "23.74%", "2014-03-31": "25.97%", "2013-12-31": "28.47%", "2013-09-30": "27.79%", "2013-06-30": "27.36%", "2013-03-31": "28.16%", "2012-12-31": "29.10%", "2012-09-30": "28.96%", "2012-06-30": "30.33%", "2012-03-31": "30.62%", "2011-12-31": "30.49%", "2011-09-30": "31.85%", "2011-06-30": "30.78%", "2011-03-31": "30.34%", "2010-12-31": "30.18%", "2010-09-30": "29.72%", "2010-06-30": "28.92%", "2010-03-31": "28.23%", "2009-12-31": "27.99%", "2009-09-30": "26.23%", "2009-06-30": "28.26%", "2009-03-31": "29.89%", "2008-12-31": "30.41%", "2008-09-30": "21.92%", "2008-06-30": "19.89%", "2008-03-31": "17.41%", "2007-12-31": "15.12%", "2007-09-30": "19.88%", "2007-06-30": "17.78%", "2007-03-31": "16.18%", "2006-12-31": "15.77%", "2006-09-30": "19.84%", "2006-06-30": "19.34%", "2006-03-31": "18.79%", "2005-12-31": "16.45%"}, "return on tangible equity": {"2020-09-30": "-38.13%", "2020-06-30": "-34.46%", "2020-03-31": "-33.01%", "2019-12-31": "-33.77%", "2019-09-30": "-40.34%", "2019-06-30": "-41.37%", "2019-03-31": "-41.04%", "2018-12-31": "-49.34%", "2018-09-30": "-94.50%", "2018-06-30": "-174.81%", "2018-03-31": "-690.50%", "2017-12-31": "186.11%", "2017-09-30": "2.89%", "2017-06-30": "7.05%", "2017-03-31": "6.44%", "2016-12-31": "42.33%", "2016-09-30": "-2.94%", "2016-06-30": "-23.31%", "2016-03-31": "127.16%", "2015-12-31": "80.96%", "2015-09-30": "99.81%", "2015-06-30": "90.20%", "2015-03-31": "18.79%", "2014-12-31": "28.78%", "2014-09-30": "24.41%", "2014-06-30": "23.31%", "2014-03-31": "24.35%", "2013-12-31": "31.65%", "2013-09-30": "38.09%", "2013-06-30": "42.24%", "2013-03-31": "42.85%", "2012-12-31": "42.84%", "2012-09-30": "42.45%", "2012-06-30": "40.20%", "2012-03-31": "37.60%", "2011-12-31": "33.37%", "2011-09-30": "21.19%", "2011-06-30": "20.90%", "2011-03-31": "17.83%", "2010-12-31": "16.71%", "2010-09-30": "27.90%", "2010-06-30": "24.10%", "2010-03-31": "25.37%", "2009-12-31": "25.73%", "2009-09-30": "25.01%", "2009-06-30": "30.72%", "2009-03-31": "31.33%", "2008-12-31": "32.70%", "2008-09-30": "31.09%", "2008-06-30": "27.14%", "2008-03-31": "19.96%", "2007-12-31": "14.98%", "2007-09-30": "11.93%", "2007-06-30": "11.75%", "2007-03-31": "15.93%", "2006-12-31": "15.17%", "2006-09-30": "16.62%", "2006-06-30": "12.24%", "2006-03-31": "10.77%", "2005-12-31": "14.42%"}, "dividend yield history": {"last payout": "$1.92", "last yield": "1.65%"}}